<?xml version="1.0" encoding="UTF-8"?>
<!DOCTYPE html PUBLIC "-//W3C//DTD XHTML 1.0 Transitional//EN"
    "http://www.w3.org/TR/xhtml1/DTD/xhtml1-transitional.dtd">
<html xmlns="http://www.w3.org/1999/xhtml" xml:lang="en" lang="en">
 <head>
  <title>
</title>
<meta http-equiv="Content-Type" content="text/html;charset=utf-8" />
  <meta name='ocr-system' content='tesseract 3.04.00' />
  <meta name='ocr-capabilities' content='ocr_page ocr_carea ocr_par ocr_line ocrx_word'/>
</head>
<body>
  <div class='ocr_page' id='page_1' title='image "./operaomniaiussui12thom/operaomniaiussui12thom_0466.png"; bbox 0 0 2878 4088; ppageno 0'>
   <div class='ocr_carea' id='block_1_1' title="bbox 158 617 372 699">
    <p class='ocr_par' dir='ltr' id='par_1_1' title="bbox 158 617 372 699">
     <span class='ocr_line' id='line_1_1' title="bbox 158 617 371 643; baseline 0.005 -4"><span class='ocrx_word' id='word_1_1' title='bbox 158 619 170 629; x_wconf 83' lang='grc'>·</span> <span class='ocrx_word' id='word_1_2' title='bbox 175 617 371 643; x_wconf 82' lang='lat' dir='ltr'>Bemard.‚serm.</span> 
     </span>
     <span class='ocr_line' id='line_1_2' title="bbox 159 644 372 699; baseline 0 -33"><span class='ocrx_word' id='word_1_3' title='bbox 159 644 233 699; x_wconf 52' lang='lat' dir='ltr'>r{ALSIX</span> <span class='ocrx_word' id='word_1_4' title='bbox 241 644 265 666; x_wconf 82' lang='lat' dir='ltr'>in</span> <span class='ocrx_word' id='word_1_5' title='bbox 272 644 372 672; x_wconf 65' lang='lat' dir='ltr'>Cantic„</span> 
     </span>
    </p>
   </div>
   <div class='ocr_carea' id='block_1_2' title="bbox 154 2470 365 2528">
    <p class='ocr_par' dir='ltr' id='par_1_2' title="bbox 154 2470 365 2528">
     <span class='ocr_line' id='line_1_3' title="bbox 154 2470 365 2502; baseline 0 -6"><span class='ocrx_word' id='word_1_6' title='bbox 154 2477 163 2486; x_wconf 87' lang='lat'>¹</span> <span class='ocrx_word' id='word_1_7' title='bbox 178 2475 215 2497; x_wconf 78' lang='lat' dir='ltr'>Ps.</span> <span class='ocrx_word' id='word_1_8' title='bbox 231 2470 295 2502; x_wconf 79' lang='lat' dir='ltr'>xviii,</span> <span class='ocrx_word' id='word_1_9' title='bbox 306 2480 365 2496; x_wconf 80' lang='lat' dir='ltr'>vers.</span> 
     </span>
     <span class='ocr_line' id='line_1_4' title="bbox 154 2508 188 2528; baseline 0 -5"><span class='ocrx_word' id='word_1_10' title='bbox 154 2508 188 2528; x_wconf 75' lang='grc'>14.</span> 
     </span>
    </p>
   </div>
   <div class='ocr_carea' id='block_1_3' title="bbox 153 2650 366 2706">
    <p class='ocr_par' dir='ltr' id='par_1_3' title="bbox 153 2650 366 2706">
     <span class='ocr_line' id='line_1_5' title="bbox 153 2650 366 2679; baseline 0 -7"><span class='ocrx_word' id='word_1_11' title='bbox 153 2652 163 2662; x_wconf 88' lang='grc'>·</span> <span class='ocrx_word' id='word_1_12' title='bbox 168 2650 248 2673; x_wconf 82' lang='lat' dir='ltr'>Matth.</span> <span class='ocrx_word' id='word_1_13' title='bbox 256 2656 306 2679; x_wconf 80' lang='lat' dir='ltr'>cap.</span> <span class='ocrx_word' id='word_1_14' title='bbox 312 2656 366 2678; x_wconf 80' lang='lat' dir='ltr'>m,</span> 
     </span>
     <span class='ocr_line' id='line_1_6' title="bbox 153 2683 263 2706; baseline 0.018 -8"><span class='ocrx_word' id='word_1_15' title='bbox 153 2683 212 2699; x_wconf 77' lang='lat' dir='ltr'>vers.</span> <span class='ocrx_word' id='word_1_16' title='bbox 226 2683 263 2706; x_wconf 85' lang='lat'>39.</span> 
     </span>
    </p>
   </div>
   <div class='ocr_carea' id='block_1_4' title="bbox 154 3351 365 3377">
    <p class='ocr_par' dir='ltr' id='par_1_4' title="bbox 154 3351 365 3377">
     <span class='ocr_line' id='line_1_7' title="bbox 154 3351 365 3377; baseline 0.005 -6"><span class='ocrx_word' id='word_1_17' title='bbox 154 3352 164 3361; x_wconf 87' lang='lat'>¹</span> <span class='ocrx_word' id='word_1_18' title='bbox 170 3351 325 3375; x_wconf 77' lang='lat' dir='ltr'>P=.xvn‚vers.</span> <span class='ocrx_word' id='word_1_19' title='bbox 330 3356 365 3377; x_wconf 84' lang='lat'>27.</span> 
     </span>
    </p>
   </div>
   <div class='ocr_carea' id='block_1_5' title="bbox 152 3481 366 3562">
    <p class='ocr_par' dir='ltr' id='par_1_5' title="bbox 152 3481 366 3562">
     <span class='ocr_line' id='line_1_8' title="bbox 154 3481 366 3509; baseline 0.005 -7"><span class='ocrx_word' id='word_1_20' title='bbox 154 3483 164 3493; x_wconf 88' lang='grc'><em>·</em></span> <span class='ocrx_word' id='word_1_21' title='bbox 179 3481 212 3502; x_wconf 90' lang='lat' dir='ltr'>lv</span> <span class='ocrx_word' id='word_1_22' title='bbox 222 3481 296 3509; x_wconf 66' lang='lat' dir='ltr'>Sene„</span> <span class='ocrx_word' id='word_1_23' title='bbox 311 3481 366 3503; x_wconf 75' lang='lat' dir='ltr'>dist.</span> 
     </span>
     <span class='ocr_line' id='line_1_9' title="bbox 152 3511 366 3562; baseline 0.005 -33"><span class='ocrx_word' id='word_1_24' title='bbox 152 3514 242 3562; x_wconf 47' lang='lat' dir='ltr'>:quzm</span> <span class='ocrx_word' id='word_1_25' title='bbox 254 3514 279 3535; x_wconf 84' lang='lat' dir='ltr'>n,</span> <span class='ocrx_word' id='word_1_26' title='bbox 294 3511 336 3530; x_wconf 77' lang='lat' dir='ltr'>art.</span> <span class='ocrx_word' id='word_1_27' title='bbox 346 3514 366 3534; x_wconf 83' lang='lat'>2,</span> 
     </span>
    </p>
   </div>
   <div class='ocr_carea' id='block_1_6' title="bbox 398 184 2108 234">
    <p class='ocr_par' dir='ltr' id='par_1_6' title="bbox 398 184 2108 234">
     <span class='ocr_line' id='line_1_10' title="bbox 398 184 2108 234; baseline -0.003 -9"><span class='ocrx_word' id='word_1_28' title='bbox 398 190 421 225; x_wconf 83' lang='lat'>6</span> <span class='ocrx_word' id='word_1_29' title='bbox 870 188 1133 234; x_wconf 89' lang='lat' dir='ltr'>QUAESTIO</span> <span class='ocrx_word' id='word_1_30' title='bbox 1163 188 1210 234; x_wconf 92' lang='lat' dir='ltr'>II,</span> <span class='ocrx_word' id='word_1_31' title='bbox 1241 185 1534 224; x_wconf 87' lang='lat' dir='ltr'>ARTICULUS</span> <span class='ocrx_word' id='word_1_32' title='bbox 1563 185 1616 231; x_wconf 90' lang='lat' dir='ltr'>V,</span> <span class='ocrx_word' id='word_1_33' title='bbox 1638 185 1687 220; x_wconf 95' lang='lat' dir='ltr'>VI</span> <span class='ocrx_word' id='word_1_34' title='bbox 1716 206 1740 210; x_wconf 94' lang='lat'><em>-</em></span> <span class='ocrx_word' id='word_1_35' title='bbox 1770 184 2034 230; x_wconf 91' lang='lat' dir='ltr'>QUAESTIO</span> <span class='ocrx_word' id='word_1_36' title='bbox 2063 185 2108 221; x_wconf 95' lang='lat' dir='ltr'>llI</span> 
     </span>
    </p>
   </div>
   <div class='ocr_carea' id='block_1_7' title="bbox 455 265 1462 307">
    <p class='ocr_par' dir='ltr' id='par_1_7' title="bbox 455 265 1462 307">
     <span class='ocr_line' id='line_1_11' title="bbox 455 265 1462 307; baseline -0.003 -10"><span class='ocrx_word' id='word_1_37' title='bbox 455 267 516 298; x_wconf 73' lang='lat' dir='ltr'>San</span> <span class='ocrx_word' id='word_1_38' title='bbox 541 277 673 303; x_wconf 75' lang='lat' dir='ltr'>CONTRA,</span> <span class='ocrx_word' id='word_1_39' title='bbox 691 267 840 297; x_wconf 90' lang='lat' dir='ltr'>contritio</span> <span class='ocrx_word' id='word_1_40' title='bbox 858 272 904 297; x_wconf 89' lang='lat' dir='ltr'>est</span> <span class='ocrx_word' id='word_1_41' title='bbox 926 269 997 307; x_wconf 86' lang='lat' dir='ltr'>pars</span> <span class='ocrx_word' id='word_1_42' title='bbox 1012 266 1238 306; x_wconf 87' lang='lat' dir='ltr'>poenitentiae.</span> <span class='ocrx_word' id='word_1_43' title='bbox 1264 265 1326 296; x_wconf 86' lang='lat' dir='ltr'>Sed</span> <span class='ocrx_word' id='word_1_44' title='bbox 1349 265 1462 305; x_wconf 91' lang='lat' dir='ltr'>poeni-</span> 
     </span>
    </p>
   </div>
   <div class='ocr_carea' id='block_1_8' title="bbox 398 307 2512 484">
    <p class='ocr_par' dir='ltr' id='par_1_8' title="bbox 398 307 2435 395">
     <span class='ocr_line' id='line_1_12' title="bbox 398 307 2307 351; baseline -0.002 -9"><span class='ocrx_word' id='word_1_45' title='bbox 398 313 496 342; x_wconf 86' lang='lat' dir='ltr'>tentia</span> <span class='ocrx_word' id='word_1_46' title='bbox 520 321 645 351; x_wconf 86' lang='lat' dir='ltr'>semper</span> <span class='ocrx_word' id='word_1_47' title='bbox 667 311 795 351; x_wconf 88' lang='lat' dir='ltr'>respicit</span> <span class='ocrx_word' id='word_1_48' title='bbox 818 311 992 350; x_wconf 87' lang='lat' dir='ltr'>praeterita.</span> <span class='ocrx_word' id='word_1_49' title='bbox 1017 311 1102 350; x_wconf 90' lang='lat' dir='ltr'>Ergo</span> <span class='ocrx_word' id='word_1_50' title='bbox 1127 315 1158 340; x_wconf 88' lang='lat' dir='ltr'>et</span> <span class='ocrx_word' id='word_1_51' title='bbox 1181 310 1339 340; x_wconf 88' lang='lat' dir='ltr'>contritio.</span> <span class='ocrx_word' id='word_1_52' title='bbox 1671 314 1673 316; x_wconf 85' lang='grc'><strong>’</strong></span> <span class='ocrx_word' id='word_1_53' title='bbox 1782 307 1881 337; x_wconf 87' lang='lat' dir='ltr'>ART.</span> <span class='ocrx_word' id='word_1_54' title='bbox 1906 307 1958 337; x_wconf 92' lang='lat' dir='ltr'>VI.</span> <span class='ocrx_word' id='word_1_55' title='bbox 1983 317 2087 337; x_wconf 78' lang='lat' dir='ltr'>unum</span> <span class='ocrx_word' id='word_1_56' title='bbox 2110 317 2307 339; x_wconf 64' lang='lat' dir='ltr'>anamma-ua</span> 
     </span>
     <span class='ocr_line' id='line_1_13' title="bbox 453 354 2435 395; baseline -0.002 -9"><span class='ocrx_word' id='word_1_57' title='bbox 453 357 642 386; x_wconf 64' lang='lat' dir='ltr'>Ruspoxnsso</span> <span class='ocrx_word' id='word_1_58' title='bbox 666 365 826 385; x_wconf 69' lang='grc' dir='ltr'><strong>1110111111οΜ</strong></span> <span class='ocrx_word' id='word_1_59' title='bbox 856 354 946 395; x_wconf 93' lang='lat' dir='ltr'>quod</span> <span class='ocrx_word' id='word_1_60' title='bbox 978 355 1010 384; x_wconf 90' lang='lat' dir='ltr'>in</span> <span class='ocrx_word' id='word_1_61' title='bbox 1039 355 1189 384; x_wconf 89' lang='lat' dir='ltr'>omnibus</span> <span class='ocrx_word' id='word_1_62' title='bbox 1219 354 1398 383; x_wconf 91' lang='lat' dir='ltr'>motoribus</span> <span class='ocrx_word' id='word_1_63' title='bbox 1432 358 1461 382; x_wconf 91' lang='lat' dir='ltr'>et</span> <span class='ocrx_word' id='word_1_64' title='bbox 1661 361 1701 380; x_wconf 76' lang='lat' dir='ltr'>DE</span> <span class='ocrx_word' id='word_1_65' title='bbox 1725 361 1862 382; x_wconf 75' lang='lat' dir='ltr'>smoums</span> <span class='ocrx_word' id='word_1_66' title='bbox 1886 361 2030 382; x_wconf 71' lang='grc' dir='ltr'><strong>1110οΑ115</strong></span> <span class='ocrx_word' id='word_1_67' title='bbox 2052 361 2245 382; x_wconf 63' lang='grc'><strong>110111111111115</strong></span> <span class='ocrx_word' id='word_1_68' title='bbox 2269 362 2435 383; x_wconf 68' lang='grc'><strong>0011131110</strong></span> 
     </span>
    </p>

    <p class='ocr_par' dir='ltr' id='par_1_9' title="bbox 398 397 2428 447">
     <span class='ocr_line' id='line_1_14' title="bbox 398 397 2428 447; baseline -0.003 -17"><span class='ocrx_word' id='word_1_69' title='bbox 398 400 571 430; x_wconf 86' lang='lat' dir='ltr'>mobilibus</span> <span class='ocrx_word' id='word_1_70' title='bbox 595 399 804 430; x_wconf 86' lang='lat' dir='ltr'>ordinatisita</span> <span class='ocrx_word' id='word_1_71' title='bbox 828 405 875 429; x_wconf 88' lang='lat' dir='ltr'>est</span> <span class='ocrx_word' id='word_1_72' title='bbox 891 399 979 439; x_wconf 92' lang='lat' dir='ltr'>quod</span> <span class='ocrx_word' id='word_1_73' title='bbox 1002 404 1109 428; x_wconf 90' lang='lat' dir='ltr'>motor</span> <span class='ocrx_word' id='word_1_74' title='bbox 1124 397 1254 428; x_wconf 88' lang='lat' dir='ltr'>inferior</span> <span class='ocrx_word' id='word_1_75' title='bbox 1277 398 1372 427; x_wconf 88' lang='lat' dir='ltr'>habet</span> <span class='ocrx_word' id='word_1_76' title='bbox 1390 406 1459 426; x_wconf 90' lang='lat' dir='ltr'>mo·</span> <span class='ocrx_word' id='word_1_77' title='bbox 1667 419 1691 441; x_wconf 68' lang='lat'>1⁹-</span> <span class='ocrx_word' id='word_1_78' title='bbox 1706 419 1758 445; x_wconf 72' lang='lat'>11⁸⁶,</span> <span class='ocrx_word' id='word_1_79' title='bbox 1774 425 1812 447; x_wconf 82' lang='lat' dir='ltr'>qu.</span> <span class='ocrx_word' id='word_1_80' title='bbox 1829 425 1891 444; x_wconf 52' lang='lat' dir='ltr'>mm</span> <span class='ocrx_word' id='word_1_81' title='bbox 1907 422 1947 441; x_wconf 48' lang='lat' dir='ltr'>m·</span> <span class='ocrx_word' id='word_1_82' title='bbox 1963 425 1982 447; x_wconf 74' lang='lat'>5·</span> <span class='ocrx_word' id='word_1_83' title='bbox 1998 419 2026 440; x_wconf 75' lang='lat' dir='ltr'>nd</span> <span class='ocrx_word' id='word_1_84' title='bbox 2040 425 2065 447; x_wconf 85' lang='lat'>3:</span> <span class='ocrx_word' id='word_1_85' title='bbox 2082 419 2105 441; x_wconf 72' lang='lat'>1³.</span> <span class='ocrx_word' id='word_1_86' title='bbox 2122 419 2162 444; x_wconf 82' lang='lat'>111.</span> <span class='ocrx_word' id='word_1_87' title='bbox 2177 425 2214 447; x_wconf 79' lang='lat' dir='ltr'>qu.</span> <span class='ocrx_word' id='word_1_88' title='bbox 2229 425 2332 446; x_wconf 66' lang='lat' dir='ltr'>Lxxxvu,</span> <span class='ocrx_word' id='word_1_89' title='bbox 2347 424 2389 442; x_wconf 42' lang='lat' dir='ltr'>m·</span> <span class='ocrx_word' id='word_1_90' title='bbox 2406 428 2428 447; x_wconf 56' lang='grc' dir='ltr'><strong>Η</strong></span> 
     </span>
    </p>

    <p class='ocr_par' dir='ltr' id='par_1_10' title="bbox 398 442 2512 484">
     <span class='ocr_line' id='line_1_15' title="bbox 398 442 2512 484; baseline -0.001 -11"><span class='ocrx_word' id='word_1_91' title='bbox 398 450 468 474; x_wconf 86' lang='grc'><strong>111111</strong></span> <span class='ocrx_word' id='word_1_92' title='bbox 491 444 668 484; x_wconf 90' lang='lat' dir='ltr'>proprium,</span> <span class='ocrx_word' id='word_1_93' title='bbox 686 449 726 479; x_wconf 91' lang='lat' dir='ltr'>et,</span> <span class='ocrx_word' id='word_1_94' title='bbox 743 449 865 483; x_wconf 89' lang='lat' dir='ltr'>praeter</span> <span class='ocrx_word' id='word_1_95' title='bbox 888 444 961 478; x_wconf 92' lang='lat' dir='ltr'>hoc,</span> <span class='ocrx_word' id='word_1_96' title='bbox 981 443 1125 482; x_wconf 89' lang='lat' dir='ltr'>sequitur</span> <span class='ocrx_word' id='word_1_97' title='bbox 1147 443 1180 472; x_wconf 92' lang='lat' dir='ltr'>in</span> <span class='ocrx_word' id='word_1_98' title='bbox 1203 442 1311 481; x_wconf 89' lang='lat' dir='ltr'>aliquo</span> <span class='ocrx_word' id='word_1_99' title='bbox 1335 446 1461 471; x_wconf 91' lang='lat' dir='ltr'>motum</span> <span class='ocrx_word' id='word_1_100' title='bbox 1486 443 1494 463; x_wconf 86' lang='lat'><em>⁵</em></span> <span class='ocrx_word' id='word_1_101' title='bbox 1593 446 1624 467; x_wconf 93' lang='lat' dir='ltr'>1v</span> <span class='ocrx_word' id='word_1_102' title='bbox 1639 446 1712 472; x_wconf 71' lang='lat' dir='ltr'>Sem„</span> <span class='ocrx_word' id='word_1_103' title='bbox 1729 446 1781 468; x_wconf 75' lang='lat' dir='ltr'>dist.</span> <span class='ocrx_word' id='word_1_104' title='bbox 1797 452 1844 472; x_wconf 71' lang='lat' dir='ltr'>xvi,</span> <span class='ocrx_word' id='word_1_105' title='bbox 1860 451 1899 473; x_wconf 87' lang='lat' dir='ltr'>qu.</span> <span class='ocrx_word' id='word_1_106' title='bbox 1916 451 1948 472; x_wconf 82' lang='lat' dir='ltr'>m,</span> <span class='ocrx_word' id='word_1_107' title='bbox 1962 450 2003 468; x_wconf 77' lang='lat' dir='ltr'>art.</span> <span class='ocrx_word' id='word_1_108' title='bbox 2019 451 2040 472; x_wconf 82' lang='lat'>2,</span> <span class='ocrx_word' id='word_1_109' title='bbox 2056 447 2100 473; x_wconf 70' lang='lat' dir='ltr'>qu⁸</span> <span class='ocrx_word' id='word_1_110' title='bbox 2114 452 2134 473; x_wconf 81' lang='lat'>5,</span> <span class='ocrx_word' id='word_1_111' title='bbox 2149 446 2177 467; x_wconf 75' lang='lat' dir='ltr'>aa</span> <span class='ocrx_word' id='word_1_112' title='bbox 2191 452 2216 474; x_wconf 81' lang='lat'>3:</span> <span class='ocrx_word' id='word_1_113' title='bbox 2233 446 2285 468; x_wconf 75' lang='lat' dir='ltr'>dist.</span> <span class='ocrx_word' id='word_1_114' title='bbox 2301 453 2353 474; x_wconf 71' lang='lat' dir='ltr'>xxi,</span> <span class='ocrx_word' id='word_1_115' title='bbox 2367 447 2455 476; x_wconf 72' lang='lat' dir='ltr'>Expos.</span> <span class='ocrx_word' id='word_1_116' title='bbox 2470 448 2512 470; x_wconf 79' lang='lat' dir='ltr'>lin.</span> 
     </span>
    </p>
   </div>
   <div class='ocr_carea' id='block_1_9' title="bbox 398 485 2582 970">
    <p class='ocr_par' dir='ltr' id='par_1_11' title="bbox 398 485 2582 970">
     <span class='ocr_line' id='line_1_16' title="bbox 399 485 2111 534; baseline -0.004 -16"><span class='ocrx_word' id='word_1_117' title='bbox 399 489 571 528; x_wconf 89' lang='lat' dir='ltr'>superioris</span> <span class='ocrx_word' id='word_1_118' title='bbox 594 488 744 518; x_wconf 90' lang='lat' dir='ltr'>motoris:</span> <span class='ocrx_word' id='word_1_119' title='bbox 770 488 852 518; x_wconf 90' lang='lat' dir='ltr'>sicut</span> <span class='ocrx_word' id='word_1_120' title='bbox 874 493 961 527; x_wconf 91' lang='lat' dir='ltr'>patet</span> <span class='ocrx_word' id='word_1_121' title='bbox 984 488 1017 517; x_wconf 92' lang='lat' dir='ltr'>in</span> <span class='ocrx_word' id='word_1_122' title='bbox 1039 492 1132 516; x_wconf 89' lang='lat' dir='ltr'>motu</span> <span class='ocrx_word' id='word_1_123' title='bbox 1155 486 1369 526; x_wconf 88' lang='lat' dir='ltr'>planetarum,</span> <span class='ocrx_word' id='word_1_124' title='bbox 1395 485 1460 524; x_wconf 87' lang='lat' dir='ltr'>qui,</span> <span class='ocrx_word' id='word_1_125' title='bbox 2105 528 2111 534; x_wconf 21' lang='grc' dir='ltr'><strong><em>ἢ</em></strong></span> 
     </span>
     <span class='ocr_line' id='line_1_17' title="bbox 398 527 2580 601; baseline -0.001 -38"><span class='ocrx_word' id='word_1_126' title='bbox 398 538 522 573; x_wconf 88' lang='lat' dir='ltr'>praeter</span> <span class='ocrx_word' id='word_1_127' title='bbox 544 538 653 563; x_wconf 88' lang='lat' dir='ltr'>motus</span> <span class='ocrx_word' id='word_1_128' title='bbox 676 533 834 572; x_wconf 90' lang='lat' dir='ltr'>proprios,</span> <span class='ocrx_word' id='word_1_129' title='bbox 851 536 1029 571; x_wconf 90' lang='lat' dir='ltr'>sequuntur</span> <span class='ocrx_word' id='word_1_130' title='bbox 1043 536 1170 560; x_wconf 88' lang='lat' dir='ltr'>motum</span> <span class='ocrx_word' id='word_1_131' title='bbox 1193 530 1287 570; x_wconf 90' lang='lat' dir='ltr'>primi</span> <span class='ocrx_word' id='word_1_132' title='bbox 1307 529 1401 559; x_wconf 90' lang='lat' dir='ltr'>orbis.</span> <span class='ocrx_word' id='word_1_133' title='bbox 1427 529 1462 558; x_wconf 92' lang='lat' dir='ltr'>In</span> <span class='ocrx_word' id='word_1_134' title='bbox 1517 538 1601 601; x_wconf 81' lang='lat' dir='ltr'>AD</span> <span class='ocrx_word' id='word_1_135' title='bbox 1625 538 1743 558; x_wconf 75' lang='grc'><strong>5111111111</strong></span> <span class='ocrx_word' id='word_1_136' title='bbox 1767 538 1812 558; x_wconf 82' lang='grc'>510</span> <span class='ocrx_word' id='word_1_137' title='bbox 1837 537 2041 557; x_wconf 78' lang='lat' dir='ltr'>PROCEDITUR.</span> <span class='ocrx_word' id='word_1_138' title='bbox 2073 527 2206 558; x_wconf 81' lang='lat' dir='ltr'>Videtur</span> <span class='ocrx_word' id='word_1_139' title='bbox 2234 529 2323 568; x_wconf 93' lang='lat' dir='ltr'>quod</span> <span class='ocrx_word' id='word_1_140' title='bbox 2349 538 2415 560; x_wconf 91' lang='lat' dir='ltr'>non</span> <span class='ocrx_word' id='word_1_141' title='bbox 2440 532 2580 570; x_wconf 91' lang='lat' dir='ltr'>requira-</span> 
     </span>
     <span class='ocr_line' id='line_1_18' title="bbox 400 572 2580 613; baseline -0.001 -6"><span class='ocrx_word' id='word_1_142' title='bbox 400 577 550 608; x_wconf 89' lang='lat' dir='ltr'>omnibus</span> <span class='ocrx_word' id='word_1_143' title='bbox 573 582 680 607; x_wconf 91' lang='lat' dir='ltr'>autem</span> <span class='ocrx_word' id='word_1_144' title='bbox 702 577 871 606; x_wconf 88' lang='lat' dir='ltr'>virtutibus</span> <span class='ocrx_word' id='word_1_145' title='bbox 901 575 1074 605; x_wconf 87' lang='lat' dir='ltr'>moralibus</span> <span class='ocrx_word' id='word_1_146' title='bbox 1097 579 1204 604; x_wconf 90' lang='lat' dir='ltr'>motor</span> <span class='ocrx_word' id='word_1_147' title='bbox 1228 579 1274 604; x_wconf 87' lang='lat' dir='ltr'>est</span> <span class='ocrx_word' id='word_1_148' title='bbox 1296 574 1364 613; x_wconf 90' lang='lat' dir='ltr'>ipsa</span> <span class='ocrx_word' id='word_1_149' title='bbox 1387 582 1462 612; x_wconf 89' lang='lat' dir='ltr'>pru·</span> <span class='ocrx_word' id='word_1_150' title='bbox 1581 578 1631 603; x_wconf 90' lang='lat' dir='ltr'>tur</span> <span class='ocrx_word' id='word_1_151' title='bbox 1647 572 1686 603; x_wconf 91' lang='lat' dir='ltr'>de</span> <span class='ocrx_word' id='word_1_152' title='bbox 1710 572 1841 612; x_wconf 88' lang='lat' dir='ltr'>singulis</span> <span class='ocrx_word' id='word_1_153' title='bbox 1860 572 1999 612; x_wconf 89' lang='lat' dir='ltr'>peccatis</span> <span class='ocrx_word' id='word_1_154' title='bbox 2021 572 2208 602; x_wconf 81' lang='lat' dir='ltr'>mortalibus</span> <span class='ocrx_word' id='word_1_155' title='bbox 2232 573 2391 603; x_wconf 89' lang='lat' dir='ltr'>contritio.</span> <span class='ocrx_word' id='word_1_156' title='bbox 2415 574 2472 604; x_wconf 90' lang='lat' dir='ltr'>Est</span> <span class='ocrx_word' id='word_1_157' title='bbox 2494 576 2580 605; x_wconf 91' lang='lat' dir='ltr'>enim</span> 
     </span>
     <span class='ocr_line' id='line_1_19' title="bbox 400 615 2580 661; baseline -0.001 -9"><span class='ocrx_word' id='word_1_158' title='bbox 400 621 515 657; x_wconf 86' lang='lat' dir='ltr'>dentia,</span> <span class='ocrx_word' id='word_1_159' title='bbox 535 631 618 661; x_wconf 92' lang='lat' dir='ltr'>quae</span> <span class='ocrx_word' id='word_1_160' title='bbox 641 620 755 651; x_wconf 90' lang='lat' dir='ltr'>dicitur</span> <span class='ocrx_word' id='word_1_161' title='bbox 778 620 898 661; x_wconf 87' lang='lat' dir='ltr'>auriga</span> <span class='ocrx_word' id='word_1_162' title='bbox 922 619 1074 650; x_wconf 77' lang='lat' dir='ltr'>virtutum</span> <span class='ocrx_word' id='word_1_163' title='bbox 1091 620 1117 648; x_wconf 69' lang='lat'>*.</span> <span class='ocrx_word' id='word_1_164' title='bbox 1142 619 1182 648; x_wconf 90' lang='lat' dir='ltr'>Et</span> <span class='ocrx_word' id='word_1_165' title='bbox 1204 617 1278 648; x_wconf 93' lang='lat' dir='ltr'>ideo</span> <span class='ocrx_word' id='word_1_166' title='bbox 1303 617 1462 657; x_wconf 76' lang='lat' dir='ltr'>quaelibet</span> <span class='ocrx_word' id='word_1_167' title='bbox 1515 623 1624 648; x_wconf 89' lang='lat' dir='ltr'>motus</span> <span class='ocrx_word' id='word_1_168' title='bbox 1647 617 1847 647; x_wconf 81' lang='lat' dir='ltr'>contritionis</span> <span class='ocrx_word' id='word_1_169' title='bbox 1870 617 1903 646; x_wconf 92' lang='lat' dir='ltr'>in</span> <span class='ocrx_word' id='word_1_170' title='bbox 1926 615 2151 646; x_wconf 89' lang='lat' dir='ltr'>iustificatione</span> <span class='ocrx_word' id='word_1_171' title='bbox 2174 617 2208 646; x_wconf 90' lang='lat' dir='ltr'>in</span> <span class='ocrx_word' id='word_1_172' title='bbox 2228 617 2366 647; x_wconf 91' lang='lat' dir='ltr'>instanti.</span> <span class='ocrx_word' id='word_1_173' title='bbox 2391 617 2454 648; x_wconf 91' lang='lat' dir='ltr'>Sed</span> <span class='ocrx_word' id='word_1_174' title='bbox 2476 619 2509 648; x_wconf 92' lang='lat' dir='ltr'>in</span> <span class='ocrx_word' id='word_1_175' title='bbox 2532 619 2580 649; x_wconf 90' lang='lat' dir='ltr'>in-</span> 
     </span>
     <span class='ocr_line' id='line_1_20' title="bbox 399 661 2579 703; baseline -0.001 -8"><span class='ocrx_word' id='word_1_176' title='bbox 399 666 497 695; x_wconf 90' lang='lat' dir='ltr'>virtus</span> <span class='ocrx_word' id='word_1_177' title='bbox 519 665 648 696; x_wconf 90' lang='lat' dir='ltr'>moralis</span> <span class='ocrx_word' id='word_1_178' title='bbox 672 674 748 695; x_wconf 91' lang='lat' dir='ltr'>cum</span> <span class='ocrx_word' id='word_1_179' title='bbox 770 670 863 694; x_wconf 92' lang='lat' dir='ltr'>motu</span> <span class='ocrx_word' id='word_1_180' title='bbox 885 664 1017 703; x_wconf 90' lang='lat' dir='ltr'>proprio</span> <span class='ocrx_word' id='word_1_181' title='bbox 1040 663 1135 693; x_wconf 90' lang='lat' dir='ltr'>habet</span> <span class='ocrx_word' id='word_1_182' title='bbox 1163 661 1283 702; x_wconf 90' lang='lat' dir='ltr'>aliquid</span> <span class='ocrx_word' id='word_1_183' title='bbox 1306 661 1345 692; x_wconf 90' lang='lat' dir='ltr'>de</span> <span class='ocrx_word' id='word_1_184' title='bbox 1369 666 1462 691; x_wconf 90' lang='lat' dir='ltr'>motu</span> <span class='ocrx_word' id='word_1_185' title='bbox 1478 669 1502 683; x_wconf 89' lang='lat'>¹0</span> <span class='ocrx_word' id='word_1_186' title='bbox 1516 662 1609 692; x_wconf 87' lang='lat' dir='ltr'>stanti</span> <span class='ocrx_word' id='word_1_187' title='bbox 1632 671 1699 691; x_wconf 92' lang='lat' dir='ltr'>non</span> <span class='ocrx_word' id='word_1_188' title='bbox 1722 666 1828 701; x_wconf 90' lang='lat' dir='ltr'>potest</span> <span class='ocrx_word' id='word_1_189' title='bbox 1850 661 1951 690; x_wconf 90' lang='lat' dir='ltr'>homo</span> <span class='ocrx_word' id='word_1_190' title='bbox 1974 661 2148 700; x_wconf 87' lang='lat' dir='ltr'>recogitare</span> <span class='ocrx_word' id='word_1_191' title='bbox 2178 661 2302 701; x_wconf 86' lang='lat' dir='ltr'>singula</span> <span class='ocrx_word' id='word_1_192' title='bbox 2323 667 2463 701; x_wconf 89' lang='lat' dir='ltr'>peccata.</span> <span class='ocrx_word' id='word_1_193' title='bbox 2494 663 2579 702; x_wconf 88' lang='lat' dir='ltr'>Ergo</span> 
     </span>
     <span class='ocr_line' id='line_1_21' title="bbox 398 704 2308 749; baseline -0.003 -9"><span class='ocrx_word' id='word_1_194' title='bbox 398 709 595 749; x_wconf 84' lang='lat' dir='ltr'>prudentiae.</span> <span class='ocrx_word' id='word_1_195' title='bbox 620 709 661 739; x_wconf 90' lang='lat' dir='ltr'>Et</span> <span class='ocrx_word' id='word_1_196' title='bbox 683 708 767 744; x_wconf 86' lang='lat' dir='ltr'>ideo,</span> <span class='ocrx_word' id='word_1_197' title='bbox 791 718 866 739; x_wconf 91' lang='lat' dir='ltr'>cum</span> <span class='ocrx_word' id='word_1_198' title='bbox 897 708 1093 748; x_wconf 89' lang='lat' dir='ltr'>poenitentia</span> <span class='ocrx_word' id='word_1_199' title='bbox 1116 707 1155 736; x_wconf 90' lang='lat' dir='ltr'>sit</span> <span class='ocrx_word' id='word_1_200' title='bbox 1179 706 1335 746; x_wconf 85' lang='lat' dir='ltr'>quaedam</span> <span class='ocrx_word' id='word_1_201' title='bbox 1363 707 1462 736; x_wconf 89' lang='lat' dir='ltr'>virtus</span> <span class='ocrx_word' id='word_1_202' title='bbox 1515 715 1582 736; x_wconf 92' lang='lat' dir='ltr'>non</span> <span class='ocrx_word' id='word_1_203' title='bbox 1607 710 1734 745; x_wconf 89' lang='lat' dir='ltr'>oportet</span> <span class='ocrx_word' id='word_1_204' title='bbox 1758 704 1847 745; x_wconf 92' lang='lat' dir='ltr'>quod</span> <span class='ocrx_word' id='word_1_205' title='bbox 1870 705 1909 734; x_wconf 91' lang='lat' dir='ltr'>sit</span> <span class='ocrx_word' id='word_1_206' title='bbox 1932 705 2080 734; x_wconf 88' lang='lat' dir='ltr'>contritio</span> <span class='ocrx_word' id='word_1_207' title='bbox 2105 704 2144 735; x_wconf 94' lang='lat' dir='ltr'>de</span> <span class='ocrx_word' id='word_1_208' title='bbox 2167 705 2308 744; x_wconf 89' lang='lat' dir='ltr'>singulis.</span> 
     </span>
     <span class='ocr_line' id='line_1_22' title="bbox 398 748 2581 793; baseline -0.001 -9"><span class='ocrx_word' id='word_1_209' title='bbox 398 754 537 790; x_wconf 88' lang='lat' dir='ltr'>moralis,</span> <span class='ocrx_word' id='word_1_210' title='bbox 554 755 629 793; x_wconf 90' lang='lat' dir='ltr'>quia</span> <span class='ocrx_word' id='word_1_211' title='bbox 653 758 699 783; x_wconf 89' lang='lat' dir='ltr'>est</span> <span class='ocrx_word' id='word_1_212' title='bbox 721 762 792 793; x_wconf 88' lang='lat' dir='ltr'>pars</span> <span class='ocrx_word' id='word_1_213' title='bbox 816 753 968 788; x_wconf 89' lang='lat' dir='ltr'>iustitiae,</span> <span class='ocrx_word' id='word_1_214' title='bbox 994 761 1069 782; x_wconf 88' lang='lat' dir='ltr'>cum</span> <span class='ocrx_word' id='word_1_215' title='bbox 1093 756 1165 781; x_wconf 89' lang='lat' dir='ltr'>actu</span> <span class='ocrx_word' id='word_1_216' title='bbox 1188 751 1320 791; x_wconf 92' lang='lat' dir='ltr'>proprio</span> <span class='ocrx_word' id='word_1_217' title='bbox 1349 760 1461 781; x_wconf 87' lang='lat' dir='ltr'>conse·</span> <span class='ocrx_word' id='word_1_218' title='bbox 1572 760 1601 780; x_wconf 87' lang='lat'>2.</span> <span class='ocrx_word' id='word_1_219' title='bbox 1625 750 1820 786; x_wconf 59' lang='lat' dir='ltr'>Pamisum,</span> <span class='ocrx_word' id='word_1_220' title='bbox 1834 749 1983 780; x_wconf 89' lang='lat' dir='ltr'>contritio</span> <span class='ocrx_word' id='word_1_221' title='bbox 2000 748 2094 779; x_wconf 83' lang='lat' dir='ltr'>debet</span> <span class='ocrx_word' id='word_1_222' title='bbox 2110 758 2177 779; x_wconf 91' lang='lat' dir='ltr'>esse</span> <span class='ocrx_word' id='word_1_223' title='bbox 2194 749 2233 780; x_wconf 91' lang='lat' dir='ltr'>de</span> <span class='ocrx_word' id='word_1_224' title='bbox 2248 750 2387 790; x_wconf 77' lang='lat' dir='ltr'>peccatis</span> <span class='ocrx_word' id='word_1_225' title='bbox 2402 750 2581 782; x_wconf 86' lang='lat' dir='ltr'>secundum</span> 
     </span>
     <span class='ocr_line' id='line_1_23' title="bbox 399 793 2581 838; baseline -0.001 -10"><span class='ocrx_word' id='word_1_226' title='bbox 399 799 507 838; x_wconf 89' lang='lat' dir='ltr'>quitur</span> <span class='ocrx_word' id='word_1_227' title='bbox 529 797 715 838; x_wconf 82' lang='lat' dir='ltr'>prudentiae</span> <span class='ocrx_word' id='word_1_228' title='bbox 738 802 875 826; x_wconf 89' lang='lat' dir='ltr'>motum.</span> <span class='ocrx_word' id='word_1_229' title='bbox 1516 794 1606 835; x_wconf 93' lang='lat' dir='ltr'>quod</span> <span class='ocrx_word' id='word_1_230' title='bbox 1629 799 1774 824; x_wconf 90' lang='lat' dir='ltr'>avertunt</span> <span class='ocrx_word' id='word_1_231' title='bbox 1797 804 1815 823; x_wconf 89' lang='lat' dir='ltr'>a</span> <span class='ocrx_word' id='word_1_232' title='bbox 1838 794 1925 823; x_wconf 86' lang='lat' dir='ltr'>Deo:</span> <span class='ocrx_word' id='word_1_233' title='bbox 1958 794 2032 833; x_wconf 86' lang='lat' dir='ltr'>quia</span> <span class='ocrx_word' id='word_1_234' title='bbox 2056 794 2223 824; x_wconf 88' lang='lat' dir='ltr'>conversio</span> <span class='ocrx_word' id='word_1_235' title='bbox 2247 793 2286 824; x_wconf 89' lang='lat' dir='ltr'>ad</span> <span class='ocrx_word' id='word_1_236' title='bbox 2310 800 2485 825; x_wconf 88' lang='lat' dir='ltr'>creaturam</span> <span class='ocrx_word' id='word_1_237' title='bbox 2513 795 2581 826; x_wconf 89' lang='lat' dir='ltr'>sine</span> 
     </span>
     <span class='ocr_line' id='line_1_24' title="bbox 452 838 2580 881; baseline -0.001 -9"><span class='ocrx_word' id='word_1_238' title='bbox 452 842 604 881; x_wconf 90' lang='lat' dir='ltr'>Proprius</span> <span class='ocrx_word' id='word_1_239' title='bbox 627 846 734 871; x_wconf 87' lang='lat' dir='ltr'>autem</span> <span class='ocrx_word' id='word_1_240' title='bbox 758 846 846 870; x_wconf 92' lang='lat' dir='ltr'>actus</span> <span class='ocrx_word' id='word_1_241' title='bbox 870 841 938 870; x_wconf 91' lang='lat' dir='ltr'>eius</span> <span class='ocrx_word' id='word_1_242' title='bbox 962 845 1008 870; x_wconf 86' lang='lat' dir='ltr'>est</span> <span class='ocrx_word' id='word_1_243' title='bbox 1029 840 1063 869; x_wconf 91' lang='lat' dir='ltr'>in</span> <span class='ocrx_word' id='word_1_244' title='bbox 1087 840 1251 869; x_wconf 90' lang='lat' dir='ltr'>obiectum</span> <span class='ocrx_word' id='word_1_245' title='bbox 1274 839 1441 879; x_wconf 90' lang='lat' dir='ltr'>proprium</span> <span class='ocrx_word' id='word_1_246' title='bbox 1453 862 1460 874; x_wconf 89' lang='lat'>‚</span> <span class='ocrx_word' id='word_1_247' title='bbox 1516 839 1680 869; x_wconf 87' lang='lat' dir='ltr'>aversione</span> <span class='ocrx_word' id='word_1_248' title='bbox 1697 849 1715 868; x_wconf 93' lang='lat' dir='ltr'>a</span> <span class='ocrx_word' id='word_1_249' title='bbox 1731 839 1801 868; x_wconf 90' lang='lat' dir='ltr'>Deo</span> <span class='ocrx_word' id='word_1_250' title='bbox 1819 838 2045 868; x_wconf 89' lang='lat' dir='ltr'>contritionem</span> <span class='ocrx_word' id='word_1_251' title='bbox 2061 847 2127 868; x_wconf 93' lang='lat' dir='ltr'>non</span> <span class='ocrx_word' id='word_1_252' title='bbox 2144 839 2285 878; x_wconf 90' lang='lat' dir='ltr'>requirit.</span> <span class='ocrx_word' id='word_1_253' title='bbox 2306 838 2369 869; x_wconf 89' lang='lat' dir='ltr'>Sed</span> <span class='ocrx_word' id='word_1_254' title='bbox 2381 839 2490 869; x_wconf 89' lang='lat' dir='ltr'>omnia</span> <span class='ocrx_word' id='word_1_255' title='bbox 2505 849 2580 879; x_wconf 91' lang='lat' dir='ltr'>pec-</span> 
     </span>
     <span class='ocr_line' id='line_1_25' title="bbox 398 880 2582 926; baseline -0.001 -10"><span class='ocrx_word' id='word_1_256' title='bbox 398 886 488 926; x_wconf 92' lang='lat' dir='ltr'>quod</span> <span class='ocrx_word' id='word_1_257' title='bbox 511 891 557 916; x_wconf 91' lang='lat' dir='ltr'>est</span> <span class='ocrx_word' id='word_1_258' title='bbox 580 890 749 925; x_wconf 88' lang='lat' dir='ltr'>peccatum</span> <span class='ocrx_word' id='word_1_259' title='bbox 773 885 992 914; x_wconf 90' lang='lat' dir='ltr'>commissum.</span> <span class='ocrx_word' id='word_1_260' title='bbox 1016 884 1057 914; x_wconf 91' lang='lat' dir='ltr'>Et</span> <span class='ocrx_word' id='word_1_261' title='bbox 1079 883 1153 913; x_wconf 91' lang='lat' dir='ltr'>ideo</span> <span class='ocrx_word' id='word_1_262' title='bbox 1173 889 1261 913; x_wconf 89' lang='lat' dir='ltr'>actus</span> <span class='ocrx_word' id='word_1_263' title='bbox 1285 884 1352 913; x_wconf 89' lang='lat' dir='ltr'>eius</span> <span class='ocrx_word' id='word_1_264' title='bbox 1375 884 1460 923; x_wconf 89' lang='lat' dir='ltr'>prin·</span> <span class='ocrx_word' id='word_1_265' title='bbox 1477 893 1499 914; x_wconf 77' lang='grc' dir='ltr'>ις</span> <span class='ocrx_word' id='word_1_266' title='bbox 1516 889 1584 913; x_wconf 86' lang='grc'><strong>0313</strong></span> <span class='ocrx_word' id='word_1_267' title='bbox 1606 883 1752 913; x_wconf 86' lang='lat' dir='ltr'>mortalia</span> <span class='ocrx_word' id='word_1_268' title='bbox 1767 883 1800 912; x_wconf 91' lang='lat' dir='ltr'>in</span> <span class='ocrx_word' id='word_1_269' title='bbox 1816 882 1980 912; x_wconf 86' lang='lat' dir='ltr'>aversione</span> <span class='ocrx_word' id='word_1_270' title='bbox 2005 880 2211 913; x_wconf 79' lang='lat' dir='ltr'>conveniunt.</span> <span class='ocrx_word' id='word_1_271' title='bbox 2235 883 2321 923; x_wconf 85' lang='lat' dir='ltr'>Ergo</span> <span class='ocrx_word' id='word_1_272' title='bbox 2338 888 2449 913; x_wconf 89' lang='lat' dir='ltr'>contra</span> <span class='ocrx_word' id='word_1_273' title='bbox 2472 884 2582 914; x_wconf 91' lang='lat' dir='ltr'>omnia</span> 
     </span>
     <span class='ocr_line' id='line_1_26' title="bbox 398 927 1899 970; baseline -0.003 -10"><span class='ocrx_word' id='word_1_274' title='bbox 398 931 516 970; x_wconf 84' lang='lat' dir='ltr'>cipalis,</span> <span class='ocrx_word' id='word_1_275' title='bbox 534 930 652 959; x_wconf 90' lang='lat' dir='ltr'>scilicet</span> <span class='ocrx_word' id='word_1_276' title='bbox 676 929 835 963; x_wconf 91' lang='lat' dir='ltr'>contritio,</span> <span class='ocrx_word' id='word_1_277' title='bbox 852 927 1030 958; x_wconf 88' lang='lat' dir='ltr'>secundum</span> <span class='ocrx_word' id='word_1_278' title='bbox 1054 937 1144 957; x_wconf 89' lang='lat' dir='ltr'>suam</span> <span class='ocrx_word' id='word_1_279' title='bbox 1171 928 1311 966; x_wconf 90' lang='lat' dir='ltr'>speciem</span> <span class='ocrx_word' id='word_1_280' title='bbox 1334 928 1461 967; x_wconf 89' lang='lat' dir='ltr'>respicit</span> <span class='ocrx_word' id='word_1_281' title='bbox 1515 927 1630 957; x_wconf 85' lang='lat' dir='ltr'>sufficit</span> <span class='ocrx_word' id='word_1_282' title='bbox 1652 937 1717 957; x_wconf 90' lang='lat' dir='ltr'>una</span> <span class='ocrx_word' id='word_1_283' title='bbox 1741 927 1899 957; x_wconf 92' lang='lat' dir='ltr'>contritio.</span> 
     </span>
    </p>
   </div>
   <div class='ocr_carea' id='block_1_10' title="bbox 395 971 2580 1189">
    <p class='ocr_par' dir='ltr' id='par_1_12' title="bbox 396 971 2580 1013">
     <span class='ocr_line' id='line_1_27' title="bbox 396 971 2580 1013; baseline -0 -9"><span class='ocrx_word' id='word_1_284' title='bbox 396 980 521 1004; x_wconf 90' lang='lat' dir='ltr'>tantum</span> <span class='ocrx_word' id='word_1_285' title='bbox 545 978 713 1013; x_wconf 88' lang='lat' dir='ltr'>peccatum</span> <span class='ocrx_word' id='word_1_286' title='bbox 736 973 951 1012; x_wconf 90' lang='lat' dir='ltr'>praeteritum.</span> <span class='ocrx_word' id='word_1_287' title='bbox 980 971 1043 1001; x_wconf 90' lang='lat' dir='ltr'>Sed</span> <span class='ocrx_word' id='word_1_288' title='bbox 1067 981 1104 1001; x_wconf 88' lang='lat' dir='ltr'>ex</span> <span class='ocrx_word' id='word_1_289' title='bbox 1128 972 1339 1010; x_wconf 87' lang='lat' dir='ltr'>consequenti</span> <span class='ocrx_word' id='word_1_290' title='bbox 1363 972 1460 1011; x_wconf 93' lang='lat' dir='ltr'>respi-</span> <span class='ocrx_word' id='word_1_291' title='bbox 1571 972 1600 1001; x_wconf 87' lang='lat'>3.</span> <span class='ocrx_word' id='word_1_292' title='bbox 1625 971 1820 1006; x_wconf 49' lang='lat' dir='ltr'>Pallanum,</span> <span class='ocrx_word' id='word_1_293' title='bbox 1837 971 1910 1010; x_wconf 90' lang='lat' dir='ltr'>plus</span> <span class='ocrx_word' id='word_1_294' title='bbox 1933 971 2131 1001; x_wconf 87' lang='lat' dir='ltr'>conveniunt</span> <span class='ocrx_word' id='word_1_295' title='bbox 2154 977 2284 1011; x_wconf 90' lang='lat' dir='ltr'>peccata</span> <span class='ocrx_word' id='word_1_296' title='bbox 2303 972 2450 1002; x_wconf 87' lang='lat' dir='ltr'>mortalia</span> <span class='ocrx_word' id='word_1_297' title='bbox 2473 978 2580 1003; x_wconf 87' lang='lat' dir='ltr'>actua-</span> 
     </span>
    </p>

    <p class='ocr_par' dir='ltr' id='par_1_13' title="bbox 397 1015 2580 1057">
     <span class='ocr_line' id='line_1_28' title="bbox 397 1015 2580 1057; baseline -0 -9"><span class='ocrx_word' id='word_1_298' title='bbox 397 1019 439 1048; x_wconf 92' lang='lat' dir='ltr'>cit</span> <span class='ocrx_word' id='word_1_299' title='bbox 462 1023 631 1057; x_wconf 89' lang='lat' dir='ltr'>peccatum</span> <span class='ocrx_word' id='word_1_300' title='bbox 655 1016 815 1051; x_wconf 80' lang='lat' dir='ltr'>futurum,</span> <span class='ocrx_word' id='word_1_301' title='bbox 840 1015 1018 1045; x_wconf 89' lang='lat' dir='ltr'>secundum</span> <span class='ocrx_word' id='word_1_302' title='bbox 1042 1015 1131 1054; x_wconf 93' lang='lat' dir='ltr'>quod</span> <span class='ocrx_word' id='word_1_303' title='bbox 1154 1016 1249 1045; x_wconf 88' lang='lat' dir='ltr'>habet</span> <span class='ocrx_word' id='word_1_304' title='bbox 1277 1015 1398 1055; x_wconf 86' lang='lat' dir='ltr'>aliquid</span> <span class='ocrx_word' id='word_1_305' title='bbox 1421 1015 1460 1045; x_wconf 92' lang='lat' dir='ltr'>de</span> <span class='ocrx_word' id='word_1_306' title='bbox 1514 1015 1556 1045; x_wconf 91' lang='lat' dir='ltr'>lia</span> <span class='ocrx_word' id='word_1_307' title='bbox 1579 1015 1619 1045; x_wconf 94' lang='lat' dir='ltr'>ad</span> <span class='ocrx_word' id='word_1_308' title='bbox 1634 1016 1772 1045; x_wconf 90' lang='lat' dir='ltr'>invicem</span> <span class='ocrx_word' id='word_1_309' title='bbox 1796 1024 1894 1054; x_wconf 90' lang='lat' dir='ltr'>quam</span> <span class='ocrx_word' id='word_1_310' title='bbox 1910 1015 2032 1045; x_wconf 80' lang='lat' dir='ltr'>actuale</span> <span class='ocrx_word' id='word_1_311' title='bbox 2056 1021 2087 1045; x_wconf 91' lang='lat' dir='ltr'>et</span> <span class='ocrx_word' id='word_1_312' title='bbox 2106 1016 2268 1055; x_wconf 88' lang='lat' dir='ltr'>originale.</span> <span class='ocrx_word' id='word_1_313' title='bbox 2293 1016 2356 1047; x_wconf 90' lang='lat' dir='ltr'>Sed</span> <span class='ocrx_word' id='word_1_314' title='bbox 2371 1026 2456 1047; x_wconf 91' lang='lat' dir='ltr'>unus</span> <span class='ocrx_word' id='word_1_315' title='bbox 2479 1017 2580 1057; x_wconf 89' lang='lat' dir='ltr'>bapti-</span> 
     </span>
    </p>

    <p class='ocr_par' dir='ltr' id='par_1_14' title="bbox 397 1058 2580 1142">
     <span class='ocr_line' id='line_1_29' title="bbox 397 1058 2580 1101; baseline 0 -10"><span class='ocrx_word' id='word_1_316' title='bbox 397 1067 469 1092; x_wconf 91' lang='lat' dir='ltr'>actu</span> <span class='ocrx_word' id='word_1_317' title='bbox 492 1061 678 1101; x_wconf 86' lang='lat' dir='ltr'>prudentiae</span> <span class='ocrx_word' id='word_1_318' title='bbox 703 1059 898 1089; x_wconf 89' lang='lat' dir='ltr'>adiunctum.</span> <span class='ocrx_word' id='word_1_319' title='bbox 1515 1069 1602 1089; x_wconf 90' lang='lat' dir='ltr'>smus</span> <span class='ocrx_word' id='word_1_320' title='bbox 1626 1058 1709 1089; x_wconf 88' lang='lat' dir='ltr'>delet</span> <span class='ocrx_word' id='word_1_321' title='bbox 1732 1060 1841 1089; x_wconf 90' lang='lat' dir='ltr'>omnia</span> <span class='ocrx_word' id='word_1_322' title='bbox 1864 1059 1999 1089; x_wconf 87' lang='lat' dir='ltr'>actualia</span> <span class='ocrx_word' id='word_1_323' title='bbox 2021 1064 2052 1089; x_wconf 93' lang='lat' dir='ltr'>et</span> <span class='ocrx_word' id='word_1_324' title='bbox 2075 1060 2237 1100; x_wconf 89' lang='lat' dir='ltr'>originale.</span> <span class='ocrx_word' id='word_1_325' title='bbox 2265 1061 2351 1101; x_wconf 89' lang='lat' dir='ltr'>Ergo</span> <span class='ocrx_word' id='word_1_326' title='bbox 2374 1070 2439 1091; x_wconf 90' lang='lat' dir='ltr'>una</span> <span class='ocrx_word' id='word_1_327' title='bbox 2462 1062 2580 1091; x_wconf 92' lang='lat' dir='ltr'>contri-</span> 
     </span>
     <span class='ocr_line' id='line_1_30' title="bbox 451 1102 2306 1142; baseline 0 -8"><span class='ocrx_word' id='word_1_328' title='bbox 451 1106 491 1135; x_wconf 86' lang='lat' dir='ltr'>Et</span> <span class='ocrx_word' id='word_1_329' title='bbox 514 1111 621 1135; x_wconf 92' lang='lat' dir='ltr'>tamen</span> <span class='ocrx_word' id='word_1_330' title='bbox 642 1105 675 1134; x_wconf 91' lang='lat' dir='ltr'>in</span> <span class='ocrx_word' id='word_1_331' title='bbox 691 1103 769 1133; x_wconf 92' lang='lat' dir='ltr'>illud</span> <span class='ocrx_word' id='word_1_332' title='bbox 785 1103 929 1133; x_wconf 84' lang='lat' dir='ltr'>futurum</span> <span class='ocrx_word' id='word_1_333' title='bbox 945 1102 1124 1132; x_wconf 89' lang='lat' dir='ltr'>secundum</span> <span class='ocrx_word' id='word_1_334' title='bbox 1139 1103 1296 1132; x_wconf 88' lang='lat' dir='ltr'>rationem</span> <span class='ocrx_word' id='word_1_335' title='bbox 1311 1103 1460 1142; x_wconf 88' lang='lat' dir='ltr'>propriae</span> <span class='ocrx_word' id='word_1_336' title='bbox 1474 1111 1500 1125; x_wconf 83' lang='lat'>²⁰</span> <span class='ocrx_word' id='word_1_337' title='bbox 1514 1104 1559 1133; x_wconf 91' lang='lat' dir='ltr'>tio</span> <span class='ocrx_word' id='word_1_338' title='bbox 1583 1103 1737 1142; x_wconf 86' lang='lat' dir='ltr'>generalis</span> <span class='ocrx_word' id='word_1_339' title='bbox 1761 1102 1844 1133; x_wconf 92' lang='lat' dir='ltr'>delet</span> <span class='ocrx_word' id='word_1_340' title='bbox 1867 1103 1977 1133; x_wconf 90' lang='lat' dir='ltr'>omnia</span> <span class='ocrx_word' id='word_1_341' title='bbox 1998 1109 2129 1142; x_wconf 90' lang='lat' dir='ltr'>peccata</span> <span class='ocrx_word' id='word_1_342' title='bbox 2150 1104 2306 1135; x_wconf 88' lang='lat' dir='ltr'>mortalia.</span> 
     </span>
    </p>

    <p class='ocr_par' dir='ltr' id='par_1_15' title="bbox 395 1146 2580 1189">
     <span class='ocr_line' id='line_1_31' title="bbox 395 1146 2580 1189; baseline 0 -10"><span class='ocrx_word' id='word_1_343' title='bbox 395 1149 513 1189; x_wconf 90' lang='lat' dir='ltr'>speciei</span> <span class='ocrx_word' id='word_1_344' title='bbox 536 1158 604 1178; x_wconf 91' lang='lat' dir='ltr'>non</span> <span class='ocrx_word' id='word_1_345' title='bbox 626 1153 784 1178; x_wconf 91' lang='lat' dir='ltr'>movetur.</span> <span class='ocrx_word' id='word_1_346' title='bbox 816 1148 857 1177; x_wconf 90' lang='lat' dir='ltr'>Et</span> <span class='ocrx_word' id='word_1_347' title='bbox 867 1152 1010 1187; x_wconf 79' lang='lat' dir='ltr'>-propter</span> <span class='ocrx_word' id='word_1_348' title='bbox 1032 1147 1106 1182; x_wconf 86' lang='lat' dir='ltr'>hoc,</span> <span class='ocrx_word' id='word_1_349' title='bbox 1129 1146 1182 1176; x_wconf 91' lang='lat' dir='ltr'>ille</span> <span class='ocrx_word' id='word_1_350' title='bbox 1207 1147 1263 1186; x_wconf 94' lang='lat' dir='ltr'>qui</span> <span class='ocrx_word' id='word_1_351' title='bbox 1286 1147 1461 1176; x_wconf 90' lang='lat' dir='ltr'>conteritur</span> <span class='ocrx_word' id='word_1_352' title='bbox 1569 1147 1631 1177; x_wconf 71' lang='lat' dir='ltr'>San</span> <span class='ocrx_word' id='word_1_353' title='bbox 1656 1157 1794 1182; x_wconf 80' lang='lat' dir='ltr'>CONTRA,</span> <span class='ocrx_word' id='word_1_354' title='bbox 1820 1146 2018 1177; x_wconf 88' lang='lat' dir='ltr'>diversorum</span> <span class='ocrx_word' id='word_1_355' title='bbox 2041 1148 2230 1178; x_wconf 89' lang='lat' dir='ltr'>morborum</span> <span class='ocrx_word' id='word_1_356' title='bbox 2253 1148 2394 1179; x_wconf 90' lang='lat' dir='ltr'>diversae</span> <span class='ocrx_word' id='word_1_357' title='bbox 2417 1155 2491 1180; x_wconf 88' lang='lat' dir='ltr'>sunt</span> <span class='ocrx_word' id='word_1_358' title='bbox 2513 1159 2580 1180; x_wconf 92' lang='grc'><strong>1110-</strong></span> 
     </span>
    </p>
   </div>
   <div class='ocr_carea' id='block_1_11' title="bbox 389 1189 2582 3004">
    <p class='ocr_par' dir='ltr' id='par_1_16' title="bbox 395 1189 2579 1232">
     <span class='ocr_line' id='line_1_32' title="bbox 395 1189 2579 1232; baseline 0 -8"><span class='ocrx_word' id='word_1_359' title='bbox 395 1193 483 1224; x_wconf 93' lang='lat' dir='ltr'>dolet</span> <span class='ocrx_word' id='word_1_360' title='bbox 506 1193 545 1223; x_wconf 90' lang='lat' dir='ltr'>de</span> <span class='ocrx_word' id='word_1_361' title='bbox 576 1197 709 1232; x_wconf 87' lang='lat' dir='ltr'>peccato</span> <span class='ocrx_word' id='word_1_362' title='bbox 739 1192 926 1231; x_wconf 87' lang='lat' dir='ltr'>praeterito,</span> <span class='ocrx_word' id='word_1_363' title='bbox 954 1196 985 1220; x_wconf 89' lang='lat' dir='ltr'>et</span> <span class='ocrx_word' id='word_1_364' title='bbox 1008 1196 1099 1221; x_wconf 90' lang='lat' dir='ltr'>cavet</span> <span class='ocrx_word' id='word_1_365' title='bbox 1128 1189 1288 1220; x_wconf 88' lang='lat' dir='ltr'>futurum:</span> <span class='ocrx_word' id='word_1_366' title='bbox 1314 1190 1370 1220; x_wconf 92' lang='lat' dir='ltr'>sed</span> <span class='ocrx_word' id='word_1_367' title='bbox 1391 1199 1459 1220; x_wconf 90' lang='lat' dir='ltr'>non</span> <span class='ocrx_word' id='word_1_368' title='bbox 1514 1190 1653 1221; x_wconf 90' lang='lat' dir='ltr'>dicinae:</span> <span class='ocrx_word' id='word_1_369' title='bbox 1679 1191 1754 1230; x_wconf 92' lang='lat' dir='ltr'>quia</span> <span class='ocrx_word' id='word_1_370' title='bbox 1778 1200 1843 1221; x_wconf 84' lang='lat' dir='ltr'>non</span> <span class='ocrx_word' id='word_1_371' title='bbox 1866 1196 1963 1221; x_wconf 87' lang='lat' dir='ltr'>sanat</span> <span class='ocrx_word' id='word_1_372' title='bbox 1986 1192 2114 1222; x_wconf 89' lang='lat' dir='ltr'>oculum</span> <span class='ocrx_word' id='word_1_373' title='bbox 2137 1192 2224 1232; x_wconf 86' lang='lat' dir='ltr'>quod</span> <span class='ocrx_word' id='word_1_374' title='bbox 2245 1198 2342 1223; x_wconf 86' lang='lat' dir='ltr'>sanat</span> <span class='ocrx_word' id='word_1_375' title='bbox 2372 1194 2579 1229; x_wconf 83' lang='lat' dir='ltr'>calcaneum,</span> 
     </span>
    </p>

    <p class='ocr_par' dir='ltr' id='par_1_17' title="bbox 395 1234 2580 1278">
     <span class='ocr_line' id='line_1_33' title="bbox 395 1234 2580 1278; baseline 0 -11"><span class='ocrx_word' id='word_1_376' title='bbox 395 1237 509 1268; x_wconf 92' lang='lat' dir='ltr'>dicitur</span> <span class='ocrx_word' id='word_1_377' title='bbox 533 1246 600 1267; x_wconf 88' lang='lat' dir='ltr'>esse</span> <span class='ocrx_word' id='word_1_378' title='bbox 623 1237 772 1266; x_wconf 88' lang='lat' dir='ltr'>contritio</span> <span class='ocrx_word' id='word_1_379' title='bbox 789 1235 829 1266; x_wconf 89' lang='lat' dir='ltr'>de</span> <span class='ocrx_word' id='word_1_380' title='bbox 851 1240 985 1275; x_wconf 84' lang='lat' dir='ltr'>peccato</span> <span class='ocrx_word' id='word_1_381' title='bbox 1010 1234 1128 1270; x_wconf 89' lang='lat' dir='ltr'>futuro,</span> <span class='ocrx_word' id='word_1_382' title='bbox 1146 1234 1201 1264; x_wconf 92' lang='lat' dir='ltr'>sed</span> <span class='ocrx_word' id='word_1_383' title='bbox 1224 1235 1324 1274; x_wconf 87' lang='lat' dir='ltr'>magis</span> <span class='ocrx_word' id='word_1_384' title='bbox 1340 1234 1458 1270; x_wconf 87' lang='lat' dir='ltr'>cautio,</span> <span class='ocrx_word' id='word_1_385' title='bbox 1513 1240 1549 1264; x_wconf 94' lang='lat' dir='ltr'>ut</span> <span class='ocrx_word' id='word_1_386' title='bbox 1573 1234 1648 1265; x_wconf 91' lang='lat' dir='ltr'>dicit</span> <span class='ocrx_word' id='word_1_387' title='bbox 1670 1235 1889 1275; x_wconf 91' lang='lat' dir='ltr'>Hieronymus</span> <span class='ocrx_word' id='word_1_388' title='bbox 1905 1235 1931 1264; x_wconf 53' lang='grc' dir='ltr'>’ἱ</span> <span class='ocrx_word' id='word_1_389' title='bbox 1963 1234 2026 1265; x_wconf 88' lang='lat' dir='ltr'>Sed</span> <span class='ocrx_word' id='word_1_390' title='bbox 2049 1236 2198 1266; x_wconf 91' lang='lat' dir='ltr'>contritio</span> <span class='ocrx_word' id='word_1_391' title='bbox 2223 1242 2269 1266; x_wconf 90' lang='lat' dir='ltr'>est</span> <span class='ocrx_word' id='word_1_392' title='bbox 2291 1236 2451 1267; x_wconf 88' lang='lat' dir='ltr'>medicina</span> <span class='ocrx_word' id='word_1_393' title='bbox 2473 1238 2580 1278; x_wconf 82' lang='lat' dir='ltr'>singu-</span> 
     </span>
    </p>

    <p class='ocr_par' dir='ltr' id='par_1_18' title="bbox 395 1278 2580 1363">
     <span class='ocr_line' id='line_1_34' title="bbox 395 1278 2580 1322; baseline 0 -11"><span class='ocrx_word' id='word_1_394' title='bbox 395 1291 477 1322; x_wconf 89' lang='lat' dir='ltr'>quae</span> <span class='ocrx_word' id='word_1_395' title='bbox 502 1287 547 1311; x_wconf 92' lang='lat' dir='ltr'>est</span> <span class='ocrx_word' id='word_1_396' title='bbox 570 1291 642 1321; x_wconf 89' lang='lat' dir='ltr'>pars</span> <span class='ocrx_word' id='word_1_397' title='bbox 664 1280 851 1320; x_wconf 90' lang='lat' dir='ltr'>prudentiae</span> <span class='ocrx_word' id='word_1_398' title='bbox 875 1279 1058 1310; x_wconf 84' lang='lat' dir='ltr'>contritioni</span> <span class='ocrx_word' id='word_1_399' title='bbox 1082 1278 1240 1309; x_wconf 88' lang='lat' dir='ltr'>adiuncta.</span> <span class='ocrx_word' id='word_1_400' title='bbox 1513 1279 1584 1309; x_wconf 87' lang='lat' dir='ltr'>laris</span> <span class='ocrx_word' id='word_1_401' title='bbox 1608 1284 1719 1309; x_wconf 92' lang='lat' dir='ltr'>contra</span> <span class='ocrx_word' id='word_1_402' title='bbox 1742 1289 1845 1309; x_wconf 91' lang='lat' dir='ltr'>unum</span> <span class='ocrx_word' id='word_1_403' title='bbox 1868 1284 1993 1309; x_wconf 91' lang='lat' dir='ltr'>tantum</span> <span class='ocrx_word' id='word_1_404' title='bbox 2008 1280 2152 1310; x_wconf 88' lang='lat' dir='ltr'>mortale.</span> <span class='ocrx_word' id='word_1_405' title='bbox 2177 1280 2263 1320; x_wconf 89' lang='lat' dir='ltr'>Ergo</span> <span class='ocrx_word' id='word_1_406' title='bbox 2286 1290 2353 1311; x_wconf 90' lang='lat' dir='ltr'>non</span> <span class='ocrx_word' id='word_1_407' title='bbox 2377 1280 2493 1312; x_wconf 87' lang='lat' dir='ltr'>sufficit</span> <span class='ocrx_word' id='word_1_408' title='bbox 2516 1291 2580 1312; x_wconf 91' lang='lat' dir='ltr'>una</span> 
     </span>
     <span class='ocr_line' id='line_1_35' title="bbox 449 1322 1944 1363; baseline -0.001 -8"><span class='ocrx_word' id='word_1_409' title='bbox 449 1327 499 1355; x_wconf 85' lang='lat' dir='ltr'>An</span> <span class='ocrx_word' id='word_1_410' title='bbox 523 1335 639 1355; x_wconf 64' lang='lat' dir='ltr'>ramum</span> <span class='ocrx_word' id='word_1_411' title='bbox 662 1334 745 1354; x_wconf 80' lang='lat' dir='ltr'>ERGO</span> <span class='ocrx_word' id='word_1_412' title='bbox 769 1333 928 1353; x_wconf 69' lang='lat' dir='ltr'>DicENDUM</span> <span class='ocrx_word' id='word_1_413' title='bbox 953 1323 1042 1363; x_wconf 92' lang='lat' dir='ltr'>quod</span> <span class='ocrx_word' id='word_1_414' title='bbox 1064 1323 1201 1353; x_wconf 91' lang='lat' dir='ltr'>liberum</span> <span class='ocrx_word' id='word_1_415' title='bbox 1224 1323 1389 1353; x_wconf 91' lang='lat' dir='ltr'>arbitrium</span> <span class='ocrx_word' id='word_1_416' title='bbox 1413 1322 1459 1353; x_wconf 91' lang='lat' dir='ltr'>di-</span> <span class='ocrx_word' id='word_1_417' title='bbox 1473 1330 1497 1350; x_wconf 83' lang='lat'>²5</span> <span class='ocrx_word' id='word_1_418' title='bbox 1513 1324 1696 1353; x_wconf 90' lang='lat' dir='ltr'>communis</span> <span class='ocrx_word' id='word_1_419' title='bbox 1720 1323 1759 1353; x_wconf 94' lang='lat' dir='ltr'>de</span> <span class='ocrx_word' id='word_1_420' title='bbox 1783 1323 1944 1353; x_wconf 89' lang='lat' dir='ltr'>omnibus.</span> 
     </span>
    </p>

    <p class='ocr_par' dir='ltr' id='par_1_19' title="bbox 395 1367 2579 1408">
     <span class='ocr_line' id='line_1_36' title="bbox 395 1367 2579 1408; baseline 0.001 -8"><span class='ocrx_word' id='word_1_421' title='bbox 395 1371 475 1400; x_wconf 91' lang='lat' dir='ltr'>citur</span> <span class='ocrx_word' id='word_1_422' title='bbox 507 1380 574 1400; x_wconf 92' lang='lat' dir='ltr'>esse</span> <span class='ocrx_word' id='word_1_423' title='bbox 599 1369 637 1399; x_wconf 89' lang='lat' dir='ltr'>de</span> <span class='ocrx_word' id='word_1_424' title='bbox 662 1369 920 1408; x_wconf 84' lang='lat' dir='ltr'>contingentibus</span> <span class='ocrx_word' id='word_1_425' title='bbox 951 1367 1064 1398; x_wconf 80' lang='lat' dir='ltr'>futuris</span> <span class='ocrx_word' id='word_1_426' title='bbox 1091 1367 1269 1398; x_wconf 88' lang='lat' dir='ltr'>secundum</span> <span class='ocrx_word' id='word_1_427' title='bbox 1300 1367 1390 1407; x_wconf 88' lang='lat' dir='ltr'>quod</span> <span class='ocrx_word' id='word_1_428' title='bbox 1414 1373 1460 1397; x_wconf 92' lang='lat' dir='ltr'>est</span> <span class='ocrx_word' id='word_1_429' title='bbox 1569 1377 1598 1397; x_wconf 91' lang='lat'>2.</span> <span class='ocrx_word' id='word_1_430' title='bbox 1623 1368 1828 1403; x_wconf 78' lang='lat' dir='ltr'>PRAETEREA,</span> <span class='ocrx_word' id='word_1_431' title='bbox 1856 1368 2006 1398; x_wconf 88' lang='lat' dir='ltr'>contritio</span> <span class='ocrx_word' id='word_1_432' title='bbox 2038 1368 2212 1408; x_wconf 88' lang='lat' dir='ltr'>explicatur</span> <span class='ocrx_word' id='word_1_433' title='bbox 2241 1378 2298 1408; x_wconf 90' lang='lat' dir='ltr'>per</span> <span class='ocrx_word' id='word_1_434' title='bbox 2331 1369 2579 1402; x_wconf 89' lang='lat' dir='ltr'>confessionem.</span> 
     </span>
    </p>

    <p class='ocr_par' dir='ltr' id='par_1_20' title="bbox 394 1411 2581 1454">
     <span class='ocr_line' id='line_1_37' title="bbox 394 1411 2581 1454; baseline 0.001 -10"><span class='ocrx_word' id='word_1_435' title='bbox 394 1414 434 1444; x_wconf 93' lang='lat' dir='ltr'>de</span> <span class='ocrx_word' id='word_1_436' title='bbox 450 1415 587 1444; x_wconf 91' lang='lat' dir='ltr'>actibus:</span> <span class='ocrx_word' id='word_1_437' title='bbox 608 1413 664 1443; x_wconf 90' lang='lat' dir='ltr'>sed</span> <span class='ocrx_word' id='word_1_438' title='bbox 675 1423 742 1443; x_wconf 92' lang='lat' dir='ltr'>non</span> <span class='ocrx_word' id='word_1_439' title='bbox 759 1412 937 1443; x_wconf 90' lang='lat' dir='ltr'>secundum</span> <span class='ocrx_word' id='word_1_440' title='bbox 954 1411 1043 1452; x_wconf 94' lang='lat' dir='ltr'>quod</span> <span class='ocrx_word' id='word_1_441' title='bbox 1056 1417 1102 1442; x_wconf 92' lang='lat' dir='ltr'>est</span> <span class='ocrx_word' id='word_1_442' title='bbox 1115 1411 1154 1442; x_wconf 90' lang='lat' dir='ltr'>de</span> <span class='ocrx_word' id='word_1_443' title='bbox 1170 1412 1303 1442; x_wconf 90' lang='lat' dir='ltr'>obiectis</span> <span class='ocrx_word' id='word_1_444' title='bbox 1316 1417 1457 1442; x_wconf 87' lang='lat' dir='ltr'>actuum.</span> <span class='ocrx_word' id='word_1_445' title='bbox 1513 1411 1576 1442; x_wconf 88' lang='lat' dir='ltr'>Sed</span> <span class='ocrx_word' id='word_1_446' title='bbox 1599 1417 1727 1452; x_wconf 87' lang='lat' dir='ltr'>oportet</span> <span class='ocrx_word' id='word_1_447' title='bbox 1749 1412 1873 1452; x_wconf 87' lang='lat' dir='ltr'>singula</span> <span class='ocrx_word' id='word_1_448' title='bbox 1895 1418 2026 1452; x_wconf 90' lang='lat' dir='ltr'>peccata</span> <span class='ocrx_word' id='word_1_449' title='bbox 2049 1412 2195 1443; x_wconf 87' lang='lat' dir='ltr'>mortalia</span> <span class='ocrx_word' id='word_1_450' title='bbox 2211 1412 2366 1444; x_wconf 87' lang='lat' dir='ltr'>confiteri.</span> <span class='ocrx_word' id='word_1_451' title='bbox 2391 1414 2477 1454; x_wconf 89' lang='lat' dir='ltr'>Ergo</span> <span class='ocrx_word' id='word_1_452' title='bbox 2494 1420 2526 1445; x_wconf 92' lang='lat' dir='ltr'>et</span> <span class='ocrx_word' id='word_1_453' title='bbox 2541 1415 2581 1446; x_wconf 92' lang='lat' dir='ltr'>de</span> 
     </span>
    </p>

    <p class='ocr_par' dir='ltr' id='par_1_21' title="bbox 394 1455 1800 1497">
     <span class='ocr_line' id='line_1_38' title="bbox 394 1455 1800 1497; baseline -0.001 -9"><span class='ocrx_word' id='word_1_454' title='bbox 394 1459 479 1496; x_wconf 89' lang='lat' dir='ltr'>Quia</span> <span class='ocrx_word' id='word_1_455' title='bbox 494 1459 594 1488; x_wconf 89' lang='lat' dir='ltr'>homo</span> <span class='ocrx_word' id='word_1_456' title='bbox 611 1463 717 1497; x_wconf 89' lang='lat' dir='ltr'>potest</span> <span class='ocrx_word' id='word_1_457' title='bbox 732 1458 870 1497; x_wconf 86' lang='lat' dir='ltr'>cogitare</span> <span class='ocrx_word' id='word_1_458' title='bbox 887 1466 925 1486; x_wconf 89' lang='lat' dir='ltr'>ex</span> <span class='ocrx_word' id='word_1_459' title='bbox 940 1456 1041 1486; x_wconf 91' lang='lat' dir='ltr'>libero</span> <span class='ocrx_word' id='word_1_460' title='bbox 1058 1457 1185 1486; x_wconf 80' lang='lat' dir='ltr'>arbitrio</span> <span class='ocrx_word' id='word_1_461' title='bbox 1202 1455 1242 1486; x_wconf 92' lang='lat' dir='ltr'>de</span> <span class='ocrx_word' id='word_1_462' title='bbox 1258 1457 1352 1486; x_wconf 91' lang='lat' dir='ltr'>rebus</span> <span class='ocrx_word' id='word_1_463' title='bbox 1368 1466 1458 1496; x_wconf 88' lang='lat' dir='ltr'>prae·</span> <span class='ocrx_word' id='word_1_464' title='bbox 1512 1456 1644 1496; x_wconf 90' lang='lat' dir='ltr'>singulis</span> <span class='ocrx_word' id='word_1_465' title='bbox 1669 1457 1800 1486; x_wconf 90' lang='lat' dir='ltr'>conteri.</span> 
     </span>
    </p>

    <p class='ocr_par' dir='ltr' id='par_1_22' title="bbox 393 1500 2582 1542">
     <span class='ocr_line' id='line_1_39' title="bbox 393 1500 2582 1542; baseline 0 -9"><span class='ocrx_word' id='word_1_466' title='bbox 393 1504 491 1533; x_wconf 92' lang='lat' dir='ltr'>teritis</span> <span class='ocrx_word' id='word_1_467' title='bbox 515 1508 545 1533; x_wconf 87' lang='lat' dir='ltr'>et</span> <span class='ocrx_word' id='word_1_468' title='bbox 574 1502 774 1532; x_wconf 85' lang='lat' dir='ltr'>necessariis:</span> <span class='ocrx_word' id='word_1_469' title='bbox 807 1500 862 1531; x_wconf 91' lang='lat' dir='ltr'>sed</span> <span class='ocrx_word' id='word_1_470' title='bbox 885 1506 992 1531; x_wconf 84' lang='lat' dir='ltr'>tamen</span> <span class='ocrx_word' id='word_1_471' title='bbox 1016 1501 1084 1540; x_wconf 91' lang='lat' dir='ltr'>ipse</span> <span class='ocrx_word' id='word_1_472' title='bbox 1117 1506 1206 1530; x_wconf 90' lang='lat' dir='ltr'>actus</span> <span class='ocrx_word' id='word_1_473' title='bbox 1236 1501 1457 1540; x_wconf 85' lang='lat' dir='ltr'>cogitationis,</span> <span class='ocrx_word' id='word_1_474' title='bbox 1567 1501 1757 1531; x_wconf 66' lang='lat' dir='ltr'>Rnsponzo</span> <span class='ocrx_word' id='word_1_475' title='bbox 1781 1510 1941 1530; x_wconf 72' lang='lat' dir='ltr'>DICENDUM</span> <span class='ocrx_word' id='word_1_476' title='bbox 1965 1500 2055 1540; x_wconf 93' lang='lat' dir='ltr'>quod</span> <span class='ocrx_word' id='word_1_477' title='bbox 2078 1501 2227 1532; x_wconf 89' lang='lat' dir='ltr'>contritio</span> <span class='ocrx_word' id='word_1_478' title='bbox 2260 1507 2366 1542; x_wconf 88' lang='lat' dir='ltr'>potest</span> <span class='ocrx_word' id='word_1_479' title='bbox 2389 1503 2582 1534; x_wconf 89' lang='lat' dir='ltr'>considerari</span> 
     </span>
    </p>

    <p class='ocr_par' dir='ltr' id='par_1_23' title="bbox 394 1544 2581 1588">
     <span class='ocr_line' id='line_1_40' title="bbox 394 1544 2581 1588; baseline 0.001 -11"><span class='ocrx_word' id='word_1_480' title='bbox 394 1547 572 1577; x_wconf 88' lang='lat' dir='ltr'>secundum</span> <span class='ocrx_word' id='word_1_481' title='bbox 597 1546 686 1586; x_wconf 92' lang='lat' dir='ltr'>quod</span> <span class='ocrx_word' id='word_1_482' title='bbox 709 1546 767 1576; x_wconf 92' lang='lat' dir='ltr'>sub</span> <span class='ocrx_word' id='word_1_483' title='bbox 790 1546 891 1575; x_wconf 89' lang='lat' dir='ltr'>libero</span> <span class='ocrx_word' id='word_1_484' title='bbox 915 1545 1044 1575; x_wconf 89' lang='lat' dir='ltr'>arbitrio</span> <span class='ocrx_word' id='word_1_485' title='bbox 1069 1544 1169 1581; x_wconf 89' lang='lat' dir='ltr'>cadit,</span> <span class='ocrx_word' id='word_1_486' title='bbox 1195 1546 1384 1585; x_wconf 88' lang='lat' dir='ltr'>contingens</span> <span class='ocrx_word' id='word_1_487' title='bbox 1408 1544 1458 1575; x_wconf 87' lang='lat' dir='ltr'>fu·</span> <span class='ocrx_word' id='word_1_488' title='bbox 1474 1551 1499 1571; x_wconf 82' lang='lat'>³0</span> <span class='ocrx_word' id='word_1_489' title='bbox 1513 1545 1696 1585; x_wconf 89' lang='lat' dir='ltr'>dupliciter:</span> <span class='ocrx_word' id='word_1_490' title='bbox 1722 1545 1841 1575; x_wconf 89' lang='lat' dir='ltr'>scilicet</span> <span class='ocrx_word' id='word_1_491' title='bbox 1864 1550 2022 1585; x_wconf 91' lang='lat' dir='ltr'>quantum</span> <span class='ocrx_word' id='word_1_492' title='bbox 2046 1545 2085 1575; x_wconf 87' lang='lat' dir='ltr'>ad</span> <span class='ocrx_word' id='word_1_493' title='bbox 2109 1546 2158 1576; x_wconf 91' lang='lat' dir='ltr'>sui</span> <span class='ocrx_word' id='word_1_494' title='bbox 2181 1546 2393 1586; x_wconf 89' lang='lat' dir='ltr'>principium;</span> <span class='ocrx_word' id='word_1_495' title='bbox 2425 1553 2456 1578; x_wconf 87' lang='lat' dir='ltr'>et</span> <span class='ocrx_word' id='word_1_496' title='bbox 2479 1557 2581 1588; x_wconf 87' lang='lat' dir='ltr'>quan-</span> 
     </span>
    </p>

    <p class='ocr_par' dir='ltr' id='par_1_24' title="bbox 393 1588 2581 1719">
     <span class='ocr_line' id='line_1_41' title="bbox 393 1588 2581 1632; baseline 0.001 -11"><span class='ocrx_word' id='word_1_497' title='bbox 393 1597 501 1622; x_wconf 88' lang='lat' dir='ltr'>turum</span> <span class='ocrx_word' id='word_1_498' title='bbox 526 1597 581 1621; x_wconf 89' lang='lat' dir='ltr'>est.</span> <span class='ocrx_word' id='word_1_499' title='bbox 607 1591 647 1620; x_wconf 93' lang='lat' dir='ltr'>Et</span> <span class='ocrx_word' id='word_1_500' title='bbox 671 1591 715 1620; x_wconf 90' lang='lat' dir='ltr'>sic</span> <span class='ocrx_word' id='word_1_501' title='bbox 740 1591 834 1620; x_wconf 87' lang='lat' dir='ltr'>etiarn</span> <span class='ocrx_word' id='word_1_502' title='bbox 858 1595 946 1620; x_wconf 88' lang='lat' dir='ltr'>actus</span> <span class='ocrx_word' id='word_1_503' title='bbox 972 1589 1173 1619; x_wconf 89' lang='lat' dir='ltr'>contritionis</span> <span class='ocrx_word' id='word_1_504' title='bbox 1197 1590 1386 1629; x_wconf 92' lang='lat' dir='ltr'>contingens</span> <span class='ocrx_word' id='word_1_505' title='bbox 1408 1589 1458 1619; x_wconf 82' lang='lat' dir='ltr'>fu·</span> <span class='ocrx_word' id='word_1_506' title='bbox 1512 1595 1582 1620; x_wconf 90' lang='lat' dir='ltr'>tum</span> <span class='ocrx_word' id='word_1_507' title='bbox 1606 1589 1645 1620; x_wconf 92' lang='lat' dir='ltr'>ad</span> <span class='ocrx_word' id='word_1_508' title='bbox 1668 1590 1851 1619; x_wconf 87' lang='lat' dir='ltr'>terminum.</span> <span class='ocrx_word' id='word_1_509' title='bbox 1877 1589 1917 1619; x_wconf 92' lang='lat' dir='ltr'>Et</span> <span class='ocrx_word' id='word_1_510' title='bbox 1941 1588 2013 1619; x_wconf 92' lang='lat' dir='ltr'>dico</span> <span class='ocrx_word' id='word_1_511' title='bbox 2030 1590 2224 1630; x_wconf 88' lang='lat' dir='ltr'>principium</span> <span class='ocrx_word' id='word_1_512' title='bbox 2241 1591 2442 1622; x_wconf 90' lang='lat' dir='ltr'>contritionis</span> <span class='ocrx_word' id='word_1_513' title='bbox 2461 1593 2581 1632; x_wconf 90' lang='lat' dir='ltr'>cogita-</span> 
     </span>
     <span class='ocr_line' id='line_1_42' title="bbox 394 1633 2580 1674; baseline 0 -8"><span class='ocrx_word' id='word_1_514' title='bbox 394 1641 502 1666; x_wconf 91' lang='lat' dir='ltr'>turum</span> <span class='ocrx_word' id='word_1_515' title='bbox 526 1641 572 1665; x_wconf 90' lang='lat' dir='ltr'>est</span> <span class='ocrx_word' id='word_1_516' title='bbox 595 1634 773 1665; x_wconf 89' lang='lat' dir='ltr'>secundum</span> <span class='ocrx_word' id='word_1_517' title='bbox 797 1633 886 1674; x_wconf 92' lang='lat' dir='ltr'>quod</span> <span class='ocrx_word' id='word_1_518' title='bbox 909 1634 968 1664; x_wconf 88' lang='lat' dir='ltr'>sub</span> <span class='ocrx_word' id='word_1_519' title='bbox 992 1634 1093 1664; x_wconf 88' lang='lat' dir='ltr'>libero</span> <span class='ocrx_word' id='word_1_520' title='bbox 1126 1634 1254 1664; x_wconf 90' lang='lat' dir='ltr'>arbitrio</span> <span class='ocrx_word' id='word_1_521' title='bbox 1279 1633 1378 1664; x_wconf 92' lang='lat' dir='ltr'>cadit:</span> <span class='ocrx_word' id='word_1_522' title='bbox 1403 1633 1458 1664; x_wconf 89' lang='lat' dir='ltr'>sed</span> <span class='ocrx_word' id='word_1_523' title='bbox 1512 1634 1635 1664; x_wconf 92' lang='lat' dir='ltr'>tionem</span> <span class='ocrx_word' id='word_1_524' title='bbox 1659 1643 1723 1673; x_wconf 92' lang='lat' dir='ltr'>qua</span> <span class='ocrx_word' id='word_1_525' title='bbox 1739 1634 1810 1673; x_wconf 88' lang='lat' dir='ltr'>quis</span> <span class='ocrx_word' id='word_1_526' title='bbox 1835 1634 1952 1673; x_wconf 84' lang='lat' dir='ltr'>cogitat</span> <span class='ocrx_word' id='word_1_527' title='bbox 1975 1633 2014 1664; x_wconf 93' lang='lat' dir='ltr'>de</span> <span class='ocrx_word' id='word_1_528' title='bbox 2030 1640 2164 1674; x_wconf 92' lang='lat' dir='ltr'>peccato</span> <span class='ocrx_word' id='word_1_529' title='bbox 2188 1640 2219 1665; x_wconf 92' lang='lat' dir='ltr'>et</span> <span class='ocrx_word' id='word_1_530' title='bbox 2242 1635 2339 1671; x_wconf 89' lang='lat' dir='ltr'>dolet,</span> <span class='ocrx_word' id='word_1_531' title='bbox 2357 1636 2415 1666; x_wconf 92' lang='lat' dir='ltr'>etsi</span> <span class='ocrx_word' id='word_1_532' title='bbox 2437 1645 2506 1667; x_wconf 90' lang='lat' dir='ltr'>non</span> <span class='ocrx_word' id='word_1_533' title='bbox 2522 1636 2580 1667; x_wconf 93' lang='lat' dir='ltr'>do-</span> 
     </span>
     <span class='ocr_line' id='line_1_43' title="bbox 394 1674 2580 1719; baseline 0.001 -9"><span class='ocrx_word' id='word_1_534' title='bbox 394 1674 557 1710; x_wconf 87' lang='lat' dir='ltr'>obiectum</span> <span class='ocrx_word' id='word_1_535' title='bbox 582 1680 649 1709; x_wconf 87' lang='lat' dir='ltr'>eius</span> <span class='ocrx_word' id='word_1_536' title='bbox 672 1684 779 1719; x_wconf 88' lang='lat' dir='ltr'>potest</span> <span class='ocrx_word' id='word_1_537' title='bbox 802 1688 869 1708; x_wconf 90' lang='lat' dir='ltr'>esse</span> <span class='ocrx_word' id='word_1_538' title='bbox 893 1678 1108 1718; x_wconf 87' lang='lat' dir='ltr'>praeteritum.</span> <span class='ocrx_word' id='word_1_539' title='bbox 1512 1678 1580 1708; x_wconf 89' lang='lat' dir='ltr'>lore</span> <span class='ocrx_word' id='word_1_540' title='bbox 1597 1678 1807 1714; x_wconf 81' lang='lat' dir='ltr'>contritionis,</span> <span class='ocrx_word' id='word_1_541' title='bbox 1823 1678 1935 1708; x_wconf 91' lang='lat' dir='ltr'>saltem</span> <span class='ocrx_word' id='word_1_542' title='bbox 1951 1677 2063 1708; x_wconf 94' lang='lat' dir='ltr'>dolore</span> <span class='ocrx_word' id='word_1_543' title='bbox 2082 1679 2260 1709; x_wconf 87' lang='lat' dir='ltr'>attritionis.</span> <span class='ocrx_word' id='word_1_544' title='bbox 2283 1679 2456 1710; x_wconf 87' lang='lat' dir='ltr'>Terminus</span> <span class='ocrx_word' id='word_1_545' title='bbox 2472 1686 2580 1712; x_wconf 89' lang='lat' dir='ltr'>autem</span> 
     </span>
    </p>

    <p class='ocr_par' dir='ltr' id='par_1_25' title="bbox 392 1721 2580 1985">
     <span class='ocr_line' id='line_1_44' title="bbox 448 1721 2579 1764; baseline 0.001 -11"><span class='ocrx_word' id='word_1_546' title='bbox 448 1725 499 1754; x_wconf 83' lang='lat' dir='ltr'>An</span> <span class='ocrx_word' id='word_1_547' title='bbox 524 1733 686 1754; x_wconf 73' lang='lat' dir='ltr'>SECUNDUM</span> <span class='ocrx_word' id='word_1_548' title='bbox 708 1732 868 1752; x_wconf 67' lang='lat' dir='ltr'>mensuum</span> <span class='ocrx_word' id='word_1_549' title='bbox 900 1722 990 1762; x_wconf 93' lang='lat' dir='ltr'>quod</span> <span class='ocrx_word' id='word_1_550' title='bbox 1012 1722 1065 1752; x_wconf 92' lang='lat' dir='ltr'>ille</span> <span class='ocrx_word' id='word_1_551' title='bbox 1097 1721 1229 1752; x_wconf 88' lang='lat' dir='ltr'>effectus</span> <span class='ocrx_word' id='word_1_552' title='bbox 1256 1731 1458 1762; x_wconf 88' lang='lat' dir='ltr'>consequens</span> <span class='ocrx_word' id='word_1_553' title='bbox 1513 1723 1714 1753; x_wconf 91' lang='lat' dir='ltr'>contritionis</span> <span class='ocrx_word' id='word_1_554' title='bbox 1738 1727 1785 1752; x_wconf 91' lang='lat' dir='ltr'>est</span> <span class='ocrx_word' id='word_1_555' title='bbox 1807 1721 1937 1762; x_wconf 89' lang='lat' dir='ltr'>quando</span> <span class='ocrx_word' id='word_1_556' title='bbox 1962 1722 2055 1752; x_wconf 92' lang='lat' dir='ltr'>dolor</span> <span class='ocrx_word' id='word_1_557' title='bbox 2086 1723 2140 1753; x_wconf 91' lang='lat' dir='ltr'>ille</span> <span class='ocrx_word' id='word_1_558' title='bbox 2163 1724 2228 1754; x_wconf 91' lang='lat' dir='ltr'>iam</span> <span class='ocrx_word' id='word_1_559' title='bbox 2250 1725 2349 1764; x_wconf 85' lang='lat' dir='ltr'>gratia</span> <span class='ocrx_word' id='word_1_560' title='bbox 2378 1723 2579 1756; x_wconf 89' lang='lat' dir='ltr'>informatur.</span> 
     </span>
     <span class='ocr_line' id='line_1_45' title="bbox 395 1766 2580 1810; baseline 0.001 -12"><span class='ocrx_word' id='word_1_561' title='bbox 395 1769 451 1808; x_wconf 92' lang='lat' dir='ltr'>qui</span> <span class='ocrx_word' id='word_1_562' title='bbox 473 1773 642 1808; x_wconf 88' lang='lat' dir='ltr'>peccatum</span> <span class='ocrx_word' id='word_1_563' title='bbox 666 1772 830 1807; x_wconf 86' lang='lat' dir='ltr'>aggravat,</span> <span class='ocrx_word' id='word_1_564' title='bbox 856 1767 920 1796; x_wconf 89' lang='lat' dir='ltr'>iam</span> <span class='ocrx_word' id='word_1_565' title='bbox 952 1767 985 1796; x_wconf 92' lang='lat' dir='ltr'>in</span> <span class='ocrx_word' id='word_1_566' title='bbox 1018 1771 1091 1796; x_wconf 91' lang='lat' dir='ltr'>actu</span> <span class='ocrx_word' id='word_1_567' title='bbox 1123 1767 1293 1806; x_wconf 90' lang='lat' dir='ltr'>praecessit</span> <span class='ocrx_word' id='word_1_568' title='bbox 1315 1767 1403 1797; x_wconf 93' lang='lat' dir='ltr'>velut</span> <span class='ocrx_word' id='word_1_569' title='bbox 1425 1767 1458 1797; x_wconf 92' lang='lat' dir='ltr'>in</span> <span class='ocrx_word' id='word_1_570' title='bbox 1474 1772 1496 1793; x_wconf 83' lang='lat'>³⁵</span> <span class='ocrx_word' id='word_1_571' title='bbox 1513 1767 1680 1805; x_wconf 89' lang='lat' dir='ltr'>Quantum</span> <span class='ocrx_word' id='word_1_572' title='bbox 1707 1776 1783 1806; x_wconf 89' lang='lat' dir='ltr'>ergo</span> <span class='ocrx_word' id='word_1_573' title='bbox 1807 1766 1847 1796; x_wconf 90' lang='lat' dir='ltr'>ad</span> <span class='ocrx_word' id='word_1_574' title='bbox 1872 1766 2066 1807; x_wconf 90' lang='lat' dir='ltr'>principium</span> <span class='ocrx_word' id='word_1_575' title='bbox 2097 1768 2313 1804; x_wconf 90' lang='lat' dir='ltr'>contritionis,</span> <span class='ocrx_word' id='word_1_576' title='bbox 2339 1774 2468 1809; x_wconf 90' lang='lat' dir='ltr'>oportet</span> <span class='ocrx_word' id='word_1_577' title='bbox 2490 1769 2580 1810; x_wconf 90' lang='lat' dir='ltr'>quod</span> 
     </span>
     <span class='ocr_line' id='line_1_46' title="bbox 395 1811 2580 1851; baseline 0.001 -9"><span class='ocrx_word' id='word_1_578' title='bbox 395 1822 498 1842; x_wconf 90' lang='lat' dir='ltr'>causa.</span> <span class='ocrx_word' id='word_1_579' title='bbox 523 1812 565 1842; x_wconf 92' lang='lat' dir='ltr'>Et</span> <span class='ocrx_word' id='word_1_580' title='bbox 579 1811 663 1847; x_wconf 92' lang='lat' dir='ltr'>ideo,</span> <span class='ocrx_word' id='word_1_581' title='bbox 681 1811 811 1851; x_wconf 87' lang='lat' dir='ltr'>quando</span> <span class='ocrx_word' id='word_1_582' title='bbox 828 1811 1036 1841; x_wconf 89' lang='lat' dir='ltr'>commissum</span> <span class='ocrx_word' id='word_1_583' title='bbox 1053 1816 1108 1846; x_wconf 88' lang='lat' dir='ltr'>est,</span> <span class='ocrx_word' id='word_1_584' title='bbox 1125 1816 1226 1840; x_wconf 91' lang='lat' dir='ltr'>totam</span> <span class='ocrx_word' id='word_1_585' title='bbox 1242 1820 1333 1840; x_wconf 89' lang='lat' dir='ltr'>suam</span> <span class='ocrx_word' id='word_1_586' title='bbox 1357 1821 1458 1851; x_wconf 86' lang='lat' dir='ltr'>quan·</span> <span class='ocrx_word' id='word_1_587' title='bbox 1513 1812 1552 1841; x_wconf 91' lang='lat' dir='ltr'>sit</span> <span class='ocrx_word' id='word_1_588' title='bbox 1575 1811 1614 1842; x_wconf 90' lang='lat' dir='ltr'>de</span> <span class='ocrx_word' id='word_1_589' title='bbox 1637 1811 1769 1851; x_wconf 91' lang='lat' dir='ltr'>singulis</span> <span class='ocrx_word' id='word_1_590' title='bbox 1791 1811 1930 1851; x_wconf 90' lang='lat' dir='ltr'>peccatis</span> <span class='ocrx_word' id='word_1_591' title='bbox 1955 1820 2038 1850; x_wconf 90' lang='lat' dir='ltr'>quae</span> <span class='ocrx_word' id='word_1_592' title='bbox 2061 1812 2132 1851; x_wconf 93' lang='lat' dir='ltr'>quis</span> <span class='ocrx_word' id='word_1_593' title='bbox 2155 1812 2189 1842; x_wconf 92' lang='lat' dir='ltr'>in</span> <span class='ocrx_word' id='word_1_594' title='bbox 2211 1813 2368 1843; x_wconf 89' lang='lat' dir='ltr'>memoria</span> <span class='ocrx_word' id='word_1_595' title='bbox 2387 1813 2492 1844; x_wconf 90' lang='lat' dir='ltr'>habet.</span> <span class='ocrx_word' id='word_1_596' title='bbox 2517 1813 2580 1845; x_wconf 90' lang='lat' dir='ltr'>Sed</span> 
     </span>
     <span class='ocr_line' id='line_1_47' title="bbox 393 1854 2580 1896; baseline 0.001 -10"><span class='ocrx_word' id='word_1_597' title='bbox 393 1857 516 1887; x_wconf 89' lang='lat' dir='ltr'>titatem</span> <span class='ocrx_word' id='word_1_598' title='bbox 539 1856 658 1892; x_wconf 90' lang='lat' dir='ltr'>habuit,</span> <span class='ocrx_word' id='word_1_599' title='bbox 677 1861 708 1886; x_wconf 91' lang='lat' dir='ltr'>et</span> <span class='ocrx_word' id='word_1_600' title='bbox 731 1865 769 1886; x_wconf 84' lang='lat' dir='ltr'>ex</span> <span class='ocrx_word' id='word_1_601' title='bbox 793 1855 909 1885; x_wconf 90' lang='lat' dir='ltr'>effectu</span> <span class='ocrx_word' id='word_1_602' title='bbox 942 1859 1160 1895; x_wconf 91' lang='lat' dir='ltr'>consequente</span> <span class='ocrx_word' id='word_1_603' title='bbox 1182 1864 1250 1885; x_wconf 93' lang='lat' dir='ltr'>non</span> <span class='ocrx_word' id='word_1_604' title='bbox 1274 1856 1405 1885; x_wconf 89' lang='lat' dir='ltr'>accessit</span> <span class='ocrx_word' id='word_1_605' title='bbox 1429 1856 1458 1885; x_wconf 90' lang='lat' dir='ltr'>ei</span> <span class='ocrx_word' id='word_1_606' title='bbox 1513 1861 1670 1895; x_wconf 90' lang='lat' dir='ltr'>quantum</span> <span class='ocrx_word' id='word_1_607' title='bbox 1694 1855 1733 1885; x_wconf 93' lang='lat' dir='ltr'>ad</span> <span class='ocrx_word' id='word_1_608' title='bbox 1756 1856 1929 1885; x_wconf 87' lang='lat' dir='ltr'>terminum</span> <span class='ocrx_word' id='word_1_609' title='bbox 1952 1854 2068 1885; x_wconf 89' lang='lat' dir='ltr'>sufficit</span> <span class='ocrx_word' id='word_1_610' title='bbox 2083 1855 2173 1896; x_wconf 90' lang='lat' dir='ltr'>quod</span> <span class='ocrx_word' id='word_1_611' title='bbox 2196 1857 2236 1887; x_wconf 89' lang='lat' dir='ltr'>sit</span> <span class='ocrx_word' id='word_1_612' title='bbox 2258 1867 2323 1887; x_wconf 88' lang='lat' dir='ltr'>una</span> <span class='ocrx_word' id='word_1_613' title='bbox 2342 1858 2524 1888; x_wconf 87' lang='lat' dir='ltr'>communis</span> <span class='ocrx_word' id='word_1_614' title='bbox 2540 1858 2580 1889; x_wconf 90' lang='lat' dir='ltr'>de</span> 
     </span>
     <span class='ocr_line' id='line_1_48' title="bbox 393 1899 2580 1943; baseline 0.001 -12"><span class='ocrx_word' id='word_1_615' title='bbox 393 1900 514 1940; x_wconf 90' lang='lat' dir='ltr'>aliquid</span> <span class='ocrx_word' id='word_1_616' title='bbox 537 1900 645 1940; x_wconf 92' lang='lat' dir='ltr'>quoad</span> <span class='ocrx_word' id='word_1_617' title='bbox 668 1900 781 1939; x_wconf 89' lang='lat' dir='ltr'>culpae</span> <span class='ocrx_word' id='word_1_618' title='bbox 800 1900 967 1930; x_wconf 90' lang='lat' dir='ltr'>rationem.</span> <span class='ocrx_word' id='word_1_619' title='bbox 992 1899 1146 1937; x_wconf 90' lang='lat' dir='ltr'>Quamvis</span> <span class='ocrx_word' id='word_1_620' title='bbox 1170 1905 1326 1929; x_wconf 89' lang='lat' dir='ltr'>accrescat</span> <span class='ocrx_word' id='word_1_621' title='bbox 1350 1899 1458 1939; x_wconf 93' lang='lat' dir='ltr'>quoad</span> <span class='ocrx_word' id='word_1_622' title='bbox 1513 1900 1679 1930; x_wconf 89' lang='lat' dir='ltr'>omnibus:</span> <span class='ocrx_word' id='word_1_623' title='bbox 1704 1905 1782 1930; x_wconf 92' lang='lat' dir='ltr'>tunc</span> <span class='ocrx_word' id='word_1_624' title='bbox 1798 1900 1884 1929; x_wconf 90' lang='lat' dir='ltr'>enim</span> <span class='ocrx_word' id='word_1_625' title='bbox 1908 1899 1961 1939; x_wconf 86' lang='lat' dir='ltr'>ille</span> <span class='ocrx_word' id='word_1_626' title='bbox 1983 1904 2092 1930; x_wconf 89' lang='lat' dir='ltr'>motus</span> <span class='ocrx_word' id='word_1_627' title='bbox 2115 1900 2179 1940; x_wconf 90' lang='lat' dir='ltr'>agit</span> <span class='ocrx_word' id='word_1_628' title='bbox 2201 1901 2234 1931; x_wconf 91' lang='lat' dir='ltr'>in</span> <span class='ocrx_word' id='word_1_629' title='bbox 2257 1901 2289 1937; x_wconf 89' lang='lat' dir='ltr'>vi</span> <span class='ocrx_word' id='word_1_630' title='bbox 2305 1902 2452 1932; x_wconf 91' lang='lat' dir='ltr'>omnium</span> <span class='ocrx_word' id='word_1_631' title='bbox 2472 1902 2580 1943; x_wconf 90' lang='lat' dir='ltr'>dispo-</span> 
     </span>
     <span class='ocr_line' id='line_1_49' title="bbox 392 1942 1960 1985; baseline -0.001 -10"><span class='ocrx_word' id='word_1_632' title='bbox 392 1954 533 1985; x_wconf 88' lang='lat' dir='ltr'>poenam</span> <span class='ocrx_word' id='word_1_633' title='bbox 557 1944 802 1974; x_wconf 90' lang='lat' dir='ltr'>accidentalem:</span> <span class='ocrx_word' id='word_1_634' title='bbox 828 1943 1007 1974; x_wconf 91' lang='lat' dir='ltr'>secundum</span> <span class='ocrx_word' id='word_1_635' title='bbox 1023 1943 1112 1983; x_wconf 93' lang='lat' dir='ltr'>quod</span> <span class='ocrx_word' id='word_1_636' title='bbox 1135 1943 1242 1983; x_wconf 93' lang='lat' dir='ltr'>plures</span> <span class='ocrx_word' id='word_1_637' title='bbox 1266 1944 1394 1974; x_wconf 91' lang='lat' dir='ltr'>habebit</span> <span class='ocrx_word' id='word_1_638' title='bbox 1409 1954 1456 1974; x_wconf 90' lang='lat' dir='ltr'>ra-</span> <span class='ocrx_word' id='word_1_639' title='bbox 1512 1945 1666 1974; x_wconf 89' lang='lat' dir='ltr'>sitionum</span> <span class='ocrx_word' id='word_1_640' title='bbox 1690 1942 1960 1984; x_wconf 89' lang='lat' dir='ltr'>praecedentium.</span> 
     </span>
    </p>

    <p class='ocr_par' dir='ltr' id='par_1_26' title="bbox 392 1987 2311 2029">
     <span class='ocr_line' id='line_1_50' title="bbox 392 1987 2311 2029; baseline 0.001 -10"><span class='ocrx_word' id='word_1_641' title='bbox 392 1990 496 2019; x_wconf 82' lang='lat' dir='ltr'>tiones</span> <span class='ocrx_word' id='word_1_642' title='bbox 521 1988 651 2018; x_wconf 89' lang='lat' dir='ltr'>dolendi</span> <span class='ocrx_word' id='word_1_643' title='bbox 673 1988 706 2018; x_wconf 91' lang='lat' dir='ltr'>in</span> <span class='ocrx_word' id='word_1_644' title='bbox 736 1987 862 2018; x_wconf 88' lang='lat' dir='ltr'>inferno</span> <span class='ocrx_word' id='word_1_645' title='bbox 887 1987 926 2018; x_wconf 90' lang='lat' dir='ltr'>de</span> <span class='ocrx_word' id='word_1_646' title='bbox 949 1988 1094 2027; x_wconf 89' lang='lat' dir='ltr'>pluribus</span> <span class='ocrx_word' id='word_1_647' title='bbox 1123 1988 1213 2017; x_wconf 91' lang='lat' dir='ltr'>malis</span> <span class='ocrx_word' id='word_1_648' title='bbox 1238 1997 1275 2018; x_wconf 85' lang='lat' dir='ltr'>ex</span> <span class='ocrx_word' id='word_1_649' title='bbox 1299 1997 1358 2018; x_wconf 93' lang='lat' dir='ltr'>suo</span> <span class='ocrx_word' id='word_1_650' title='bbox 1382 1997 1457 2028; x_wconf 91' lang='lat' dir='ltr'>pec·</span> <span class='ocrx_word' id='word_1_651' title='bbox 1471 2000 1498 2019; x_wconf 74' lang='lat'>40</span> <span class='ocrx_word' id='word_1_652' title='bbox 1567 1989 1608 2018; x_wconf 91' lang='lat' dir='ltr'>Et</span> <span class='ocrx_word' id='word_1_653' title='bbox 1631 1998 1688 2028; x_wconf 91' lang='lat' dir='ltr'>per</span> <span class='ocrx_word' id='word_1_654' title='bbox 1710 1989 1773 2018; x_wconf 91' lang='lat' dir='ltr'>hoc</span> <span class='ocrx_word' id='word_1_655' title='bbox 1796 1993 1883 2028; x_wconf 91' lang='lat' dir='ltr'>patet</span> <span class='ocrx_word' id='word_1_656' title='bbox 1906 1989 2074 2028; x_wconf 87' lang='lat' dir='ltr'>responsio</span> <span class='ocrx_word' id='word_1_657' title='bbox 2098 1988 2137 2019; x_wconf 94' lang='lat' dir='ltr'>ad</span> <span class='ocrx_word' id='word_1_658' title='bbox 2160 1989 2311 2029; x_wconf 90' lang='lat' dir='ltr'>primum.</span> 
     </span>
    </p>

    <p class='ocr_par' dir='ltr' id='par_1_27' title="bbox 393 2032 2580 2072">
     <span class='ocr_line' id='line_1_51' title="bbox 393 2032 2580 2072; baseline 0.001 -9"><span class='ocrx_word' id='word_1_659' title='bbox 393 2038 464 2063; x_wconf 89' lang='lat' dir='ltr'>cato</span> <span class='ocrx_word' id='word_1_660' title='bbox 489 2033 678 2063; x_wconf 89' lang='lat' dir='ltr'>consecutis.</span> <span class='ocrx_word' id='word_1_661' title='bbox 703 2032 744 2062; x_wconf 92' lang='lat' dir='ltr'>Et</span> <span class='ocrx_word' id='word_1_662' title='bbox 766 2033 810 2062; x_wconf 89' lang='lat' dir='ltr'>sic</span> <span class='ocrx_word' id='word_1_663' title='bbox 841 2032 984 2071; x_wconf 93' lang='lat' dir='ltr'>loquitur</span> <span class='ocrx_word' id='word_1_664' title='bbox 1011 2032 1241 2072; x_wconf 89' lang='lat' dir='ltr'>Hieronymus.</span> <span class='ocrx_word' id='word_1_665' title='bbox 1273 2032 1366 2062; x_wconf 93' lang='lat' dir='ltr'>Unde</span> <span class='ocrx_word' id='word_1_666' title='bbox 1390 2042 1457 2062; x_wconf 92' lang='lat' dir='ltr'>non</span> <span class='ocrx_word' id='word_1_667' title='bbox 1565 2033 1617 2062; x_wconf 82' lang='lat' dir='ltr'>AD</span> <span class='ocrx_word' id='word_1_668' title='bbox 1641 2042 1803 2062; x_wconf 71' lang='grc' dir='ltr'><strong>5110111111οΜ</strong></span> <span class='ocrx_word' id='word_1_669' title='bbox 1826 2042 1986 2062; x_wconf 69' lang='lat' dir='ltr'>mmmmm</span> <span class='ocrx_word' id='word_1_670' title='bbox 2010 2032 2109 2072; x_wconf 92' lang='lat' dir='ltr'>quod,</span> <span class='ocrx_word' id='word_1_671' title='bbox 2133 2034 2279 2072; x_wconf 91' lang='lat' dir='ltr'>quamvis</span> <span class='ocrx_word' id='word_1_672' title='bbox 2303 2035 2412 2065; x_wconf 88' lang='lat' dir='ltr'>omnia</span> <span class='ocrx_word' id='word_1_673' title='bbox 2433 2036 2580 2066; x_wconf 87' lang='lat' dir='ltr'>mortalia</span> 
     </span>
    </p>

    <p class='ocr_par' dir='ltr' id='par_1_28' title="bbox 393 2075 2580 2196">
     <span class='ocr_line' id='line_1_52' title="bbox 393 2075 2578 2117; baseline 0.001 -10"><span class='ocrx_word' id='word_1_674' title='bbox 393 2082 520 2117; x_wconf 86' lang='lat' dir='ltr'>oportet</span> <span class='ocrx_word' id='word_1_675' title='bbox 544 2076 633 2116; x_wconf 93' lang='lat' dir='ltr'>quod</span> <span class='ocrx_word' id='word_1_676' title='bbox 657 2077 805 2106; x_wconf 91' lang='lat' dir='ltr'>contritio</span> <span class='ocrx_word' id='word_1_677' title='bbox 830 2076 869 2106; x_wconf 90' lang='lat' dir='ltr'>sit</span> <span class='ocrx_word' id='word_1_678' title='bbox 891 2076 952 2106; x_wconf 90' lang='lat' dir='ltr'>nisi</span> <span class='ocrx_word' id='word_1_679' title='bbox 976 2075 1015 2106; x_wconf 94' lang='lat' dir='ltr'>de</span> <span class='ocrx_word' id='word_1_680' title='bbox 1039 2076 1177 2116; x_wconf 87' lang='lat' dir='ltr'>peccatis</span> <span class='ocrx_word' id='word_1_681' title='bbox 1204 2077 1389 2115; x_wconf 88' lang='lat' dir='ltr'>praeteritis.</span> <span class='ocrx_word' id='word_1_682' title='bbox 1512 2077 1704 2107; x_wconf 90' lang='lat' dir='ltr'>conveniant</span> <span class='ocrx_word' id='word_1_683' title='bbox 1719 2077 1753 2106; x_wconf 90' lang='lat' dir='ltr'>in</span> <span class='ocrx_word' id='word_1_684' title='bbox 1771 2076 1946 2112; x_wconf 89' lang='lat' dir='ltr'>aversione,</span> <span class='ocrx_word' id='word_1_685' title='bbox 1962 2082 2070 2107; x_wconf 89' lang='lat' dir='ltr'>tamen</span> <span class='ocrx_word' id='word_1_686' title='bbox 2094 2076 2244 2108; x_wconf 87' lang='lat' dir='ltr'>differunt</span> <span class='ocrx_word' id='word_1_687' title='bbox 2258 2079 2291 2108; x_wconf 92' lang='lat' dir='ltr'>in</span> <span class='ocrx_word' id='word_1_688' title='bbox 2315 2087 2409 2110; x_wconf 88' lang='lat' dir='ltr'>causa</span> <span class='ocrx_word' id='word_1_689' title='bbox 2433 2085 2464 2110; x_wconf 92' lang='lat' dir='ltr'>et</span> <span class='ocrx_word' id='word_1_690' title='bbox 2478 2079 2578 2110; x_wconf 90' lang='lat' dir='ltr'>modo</span> 
     </span>
     <span class='ocr_line' id='line_1_53' title="bbox 1512 2121 2580 2161; baseline 0.005 -11"><span class='ocrx_word' id='word_1_691' title='bbox 1512 2121 1699 2156; x_wconf 91' lang='lat' dir='ltr'>aversionis,</span> <span class='ocrx_word' id='word_1_692' title='bbox 1726 2125 1757 2150; x_wconf 89' lang='lat' dir='ltr'>et</span> <span class='ocrx_word' id='word_1_693' title='bbox 1780 2121 1956 2160; x_wconf 91' lang='lat' dir='ltr'>quantitate</span> <span class='ocrx_word' id='word_1_694' title='bbox 1990 2121 2201 2161; x_wconf 88' lang='lat' dir='ltr'>elongationis</span> <span class='ocrx_word' id='word_1_695' title='bbox 2225 2132 2243 2152; x_wconf 93' lang='lat' dir='ltr'>a</span> <span class='ocrx_word' id='word_1_696' title='bbox 2266 2122 2348 2153; x_wconf 88' lang='lat' dir='ltr'>Deo.</span> <span class='ocrx_word' id='word_1_697' title='bbox 2382 2123 2423 2154; x_wconf 92' lang='lat' dir='ltr'>Et</span> <span class='ocrx_word' id='word_1_698' title='bbox 2445 2124 2509 2154; x_wconf 91' lang='grc' dir='ltr'>11οο</span> <span class='ocrx_word' id='word_1_699' title='bbox 2533 2129 2580 2154; x_wconf 88' lang='grc'>051</span> 
     </span>
     <span class='ocr_line' id='line_1_54' title="bbox 1511 2164 2177 2196; baseline 0.002 -1"><span class='ocrx_word' id='word_1_700' title='bbox 1511 2164 1690 2195; x_wconf 84' lang='grc'><strong>50011110111111</strong></span> <span class='ocrx_word' id='word_1_701' title='bbox 1714 2164 1926 2195; x_wconf 88' lang='lat' dir='ltr'>diversitatem</span> <span class='ocrx_word' id='word_1_702' title='bbox 1950 2166 2177 2196; x_wconf 88' lang='lat' dir='ltr'>conversionis.</span> 
     </span>
    </p>

    <p class='ocr_par' dir='ltr' id='par_1_29' title="bbox 1471 2209 2580 2338">
     <span class='ocr_line' id='line_1_55' title="bbox 1471 2209 2580 2251; baseline 0.005 -14"><span class='ocrx_word' id='word_1_703' title='bbox 1471 2221 1495 2241; x_wconf 47' lang='grc' dir='ltr'>,ις</span> <span class='ocrx_word' id='word_1_704' title='bbox 1566 2209 1617 2239; x_wconf 85' lang='lat' dir='ltr'>An</span> <span class='ocrx_word' id='word_1_705' title='bbox 1641 2219 1776 2239; x_wconf 70' lang='lat' dir='ltr'>Taurum</span> <span class='ocrx_word' id='word_1_706' title='bbox 1799 2219 1959 2239; x_wconf 69' lang='grc' dir='ltr'><strong>1110οΝ11011</strong></span> <span class='ocrx_word' id='word_1_707' title='bbox 1989 2209 2078 2249; x_wconf 91' lang='lat' dir='ltr'>quod</span> <span class='ocrx_word' id='word_1_708' title='bbox 2108 2210 2284 2250; x_wconf 83' lang='lat' dir='ltr'>baptismus</span> <span class='ocrx_word' id='word_1_709' title='bbox 2315 2211 2379 2251; x_wconf 85' lang='lat' dir='ltr'>agit</span> <span class='ocrx_word' id='word_1_710' title='bbox 2401 2212 2435 2242; x_wconf 92' lang='lat' dir='ltr'>in</span> <span class='ocrx_word' id='word_1_711' title='bbox 2463 2212 2580 2243; x_wconf 84' lang='lat' dir='ltr'>virtute</span> 
     </span>
     <span class='ocr_line' id='line_1_56' title="bbox 1511 2253 2580 2293; baseline 0.004 -10"><span class='ocrx_word' id='word_1_712' title='bbox 1511 2254 1616 2284; x_wconf 90' lang='lat' dir='ltr'>meriti</span> <span class='ocrx_word' id='word_1_713' title='bbox 1641 2253 1776 2289; x_wconf 87' lang='lat' dir='ltr'>Christi,</span> <span class='ocrx_word' id='word_1_714' title='bbox 1802 2253 1892 2293; x_wconf 93' lang='lat' dir='ltr'>quod</span> <span class='ocrx_word' id='word_1_715' title='bbox 1915 2254 2025 2284; x_wconf 92' lang='lat' dir='ltr'>habuit</span> <span class='ocrx_word' id='word_1_716' title='bbox 2048 2253 2205 2284; x_wconf 86' lang='lat' dir='ltr'>infinitam</span> <span class='ocrx_word' id='word_1_717' title='bbox 2235 2255 2385 2286; x_wconf 77' lang='lat' dir='ltr'>virtutem</span> <span class='ocrx_word' id='word_1_718' title='bbox 2408 2255 2447 2286; x_wconf 88' lang='lat' dir='ltr'>ad</span> <span class='ocrx_word' id='word_1_719' title='bbox 2471 2255 2580 2288; x_wconf 87' lang='lat' dir='ltr'>delen-</span> 
     </span>
     <span class='ocr_line' id='line_1_57' title="bbox 1512 2297 2580 2338; baseline 0.004 -11"><span class='ocrx_word' id='word_1_720' title='bbox 1512 2297 1590 2328; x_wconf 93' lang='lat' dir='ltr'>dum</span> <span class='ocrx_word' id='word_1_721' title='bbox 1623 2298 1733 2328; x_wconf 89' lang='lat' dir='ltr'>omnia</span> <span class='ocrx_word' id='word_1_722' title='bbox 1764 2303 1910 2337; x_wconf 90' lang='lat' dir='ltr'>peccata:</span> <span class='ocrx_word' id='word_1_723' title='bbox 1945 2304 1976 2328; x_wconf 92' lang='lat' dir='ltr'>et</span> <span class='ocrx_word' id='word_1_724' title='bbox 2004 2304 2172 2338; x_wconf 87' lang='lat' dir='ltr'>propterea</span> <span class='ocrx_word' id='word_1_725' title='bbox 2205 2309 2289 2330; x_wconf 91' lang='lat' dir='ltr'>unus</span> <span class='ocrx_word' id='word_1_726' title='bbox 2321 2299 2437 2330; x_wconf 88' lang='lat' dir='ltr'>sufficit</span> <span class='ocrx_word' id='word_1_727' title='bbox 2469 2306 2580 2331; x_wconf 87' lang='lat' dir='ltr'>contra</span> 
     </span>
    </p>

    <p class='ocr_par' dir='ltr' id='par_1_30' title="bbox 457 2338 2582 2384">
     <span class='ocr_line' id='line_1_58' title="bbox 457 2338 2582 2384; baseline 0.002 -14"><span class='ocrx_word' id='word_1_728' title='bbox 457 2351 476 2370; x_wconf 84' lang='lat' dir='ltr'>n</span> <span class='ocrx_word' id='word_1_729' title='bbox 502 2351 641 2371; x_wconf 75' lang='lat' dir='ltr'>oumrmvr</span> <span class='ocrx_word' id='word_1_730' title='bbox 657 2350 701 2370; x_wconf 90' lang='lat' dir='ltr'>s1c</span> <span class='ocrx_word' id='word_1_731' title='bbox 724 2349 928 2370; x_wconf 74' lang='lat' dir='ltr'>paocamrua.</span> <span class='ocrx_word' id='word_1_732' title='bbox 950 2338 1084 2370; x_wconf 90' lang='lat' dir='ltr'>Videtur</span> <span class='ocrx_word' id='word_1_733' title='bbox 1108 2339 1197 2379; x_wconf 92' lang='lat' dir='ltr'>quod</span> <span class='ocrx_word' id='word_1_734' title='bbox 1220 2340 1321 2370; x_wconf 87' lang='lat' dir='ltr'>homo</span> <span class='ocrx_word' id='word_1_735' title='bbox 1345 2339 1458 2370; x_wconf 87' lang='lat' dir='ltr'>debeat</span> <span class='ocrx_word' id='word_1_736' title='bbox 1513 2342 1631 2372; x_wconf 89' lang='lat' dir='ltr'>omnia.</span> <span class='ocrx_word' id='word_1_737' title='bbox 1657 2341 1720 2373; x_wconf 89' lang='lat' dir='ltr'>Sed</span> <span class='ocrx_word' id='word_1_738' title='bbox 1742 2342 1775 2372; x_wconf 93' lang='lat' dir='ltr'>in</span> <span class='ocrx_word' id='word_1_739' title='bbox 1800 2343 1992 2373; x_wconf 88' lang='lat' dir='ltr'>contritione</span> <span class='ocrx_word' id='word_1_740' title='bbox 2024 2352 2099 2373; x_wconf 89' lang='lat' dir='ltr'>cum</span> <span class='ocrx_word' id='word_1_741' title='bbox 2122 2343 2237 2374; x_wconf 88' lang='lat' dir='ltr'>merito</span> <span class='ocrx_word' id='word_1_742' title='bbox 2259 2343 2379 2374; x_wconf 83' lang='lat' dir='ltr'>Christi</span> <span class='ocrx_word' id='word_1_743' title='bbox 2409 2345 2582 2384; x_wconf 87' lang='lat' dir='ltr'>requiritur</span> 
     </span>
    </p>

    <p class='ocr_par' dir='ltr' id='par_1_31' title="bbox 392 2354 2579 2429">
     <span class='ocr_line' id='line_1_59' title="bbox 392 2354 2579 2429; baseline 0.003 -15"><span class='ocrx_word' id='word_1_744' title='bbox 392 2354 579 2416; x_wconf 81' lang='lat' dir='ltr'>Aconteri</span> <span class='ocrx_word' id='word_1_745' title='bbox 603 2384 642 2415; x_wconf 94' lang='lat' dir='ltr'>de</span> <span class='ocrx_word' id='word_1_746' title='bbox 665 2389 798 2424; x_wconf 90' lang='lat' dir='ltr'>peccato</span> <span class='ocrx_word' id='word_1_747' title='bbox 825 2384 939 2414; x_wconf 90' lang='lat' dir='ltr'>alieno.</span> <span class='ocrx_word' id='word_1_748' title='bbox 964 2384 1040 2413; x_wconf 95' lang='lat' dir='ltr'>Non</span> <span class='ocrx_word' id='word_1_749' title='bbox 1061 2384 1147 2413; x_wconf 89' lang='lat' dir='ltr'>enim</span> <span class='ocrx_word' id='word_1_750' title='bbox 1170 2384 1250 2423; x_wconf 91' lang='lat' dir='ltr'>petit</span> <span class='ocrx_word' id='word_1_751' title='bbox 1273 2384 1386 2424; x_wconf 88' lang='lat' dir='ltr'>aliquis</span> <span class='ocrx_word' id='word_1_752' title='bbox 1409 2385 1458 2415; x_wconf 93' lang='lat' dir='ltr'>in-</span> <span class='ocrx_word' id='word_1_753' title='bbox 1513 2392 1601 2416; x_wconf 89' lang='lat' dir='ltr'>actus</span> <span class='ocrx_word' id='word_1_754' title='bbox 1624 2392 1742 2416; x_wconf 88' lang='lat' dir='ltr'>noster.</span> <span class='ocrx_word' id='word_1_755' title='bbox 1776 2386 1816 2416; x_wconf 90' lang='lat' dir='ltr'>Et</span> <span class='ocrx_word' id='word_1_756' title='bbox 1839 2386 1912 2417; x_wconf 93' lang='lat' dir='ltr'>ideo</span> <span class='ocrx_word' id='word_1_757' title='bbox 1938 2392 2066 2426; x_wconf 90' lang='lat' dir='ltr'>oportet</span> <span class='ocrx_word' id='word_1_758' title='bbox 2096 2387 2185 2427; x_wconf 93' lang='lat' dir='ltr'>quod</span> <span class='ocrx_word' id='word_1_759' title='bbox 2209 2388 2340 2428; x_wconf 88' lang='lat' dir='ltr'>singulis</span> <span class='ocrx_word' id='word_1_760' title='bbox 2369 2390 2508 2429; x_wconf 90' lang='lat' dir='ltr'>peccatis</span> <span class='ocrx_word' id='word_1_761' title='bbox 2530 2399 2579 2420; x_wconf 89' lang='lat' dir='ltr'>re-</span> 
     </span>
    </p>

    <p class='ocr_par' dir='ltr' id='par_1_32' title="bbox 392 2428 2580 2471">
     <span class='ocr_line' id='line_1_60' title="bbox 392 2428 2580 2471; baseline 0.002 -11"><span class='ocrx_word' id='word_1_762' title='bbox 392 2429 588 2469; x_wconf 90' lang='lat' dir='ltr'>dulgentiam</span> <span class='ocrx_word' id='word_1_763' title='bbox 610 2429 671 2459; x_wconf 91' lang='lat' dir='ltr'>nisi</span> <span class='ocrx_word' id='word_1_764' title='bbox 695 2428 734 2459; x_wconf 91' lang='lat' dir='ltr'>de</span> <span class='ocrx_word' id='word_1_765' title='bbox 758 2434 891 2468; x_wconf 91' lang='lat' dir='ltr'>peccato</span> <span class='ocrx_word' id='word_1_766' title='bbox 915 2428 954 2458; x_wconf 93' lang='lat' dir='ltr'>de</span> <span class='ocrx_word' id='word_1_767' title='bbox 978 2437 1045 2468; x_wconf 90' lang='lat' dir='ltr'>quo</span> <span class='ocrx_word' id='word_1_768' title='bbox 1070 2428 1224 2458; x_wconf 86' lang='lat' dir='ltr'>contritus</span> <span class='ocrx_word' id='word_1_769' title='bbox 1249 2434 1304 2458; x_wconf 90' lang='lat' dir='ltr'>est.</span> <span class='ocrx_word' id='word_1_770' title='bbox 1333 2428 1395 2459; x_wconf 89' lang='lat' dir='ltr'>Sed</span> <span class='ocrx_word' id='word_1_771' title='bbox 1419 2429 1458 2459; x_wconf 91' lang='lat' dir='ltr'>de</span> <span class='ocrx_word' id='word_1_772' title='bbox 1473 2441 1499 2462; x_wconf 85' lang='grc' dir='ltr'>ςο</span> <span class='ocrx_word' id='word_1_773' title='bbox 1513 2430 1669 2471; x_wconf 88' lang='lat' dir='ltr'>spondeat</span> <span class='ocrx_word' id='word_1_774' title='bbox 1692 2431 1889 2470; x_wconf 88' lang='lat' dir='ltr'>singillatim:</span> <span class='ocrx_word' id='word_1_775' title='bbox 1917 2441 1992 2461; x_wconf 89' lang='lat' dir='ltr'>cum</span> <span class='ocrx_word' id='word_1_776' title='bbox 2015 2441 2083 2462; x_wconf 92' lang='lat' dir='ltr'>non</span> <span class='ocrx_word' id='word_1_777' title='bbox 2106 2432 2220 2462; x_wconf 89' lang='lat' dir='ltr'>habeat</span> <span class='ocrx_word' id='word_1_778' title='bbox 2242 2431 2400 2463; x_wconf 91' lang='lat' dir='ltr'>infinitam</span> <span class='ocrx_word' id='word_1_779' title='bbox 2429 2433 2580 2465; x_wconf 88' lang='lat' dir='ltr'>virtutem</span> 
     </span>
    </p>

    <p class='ocr_par' dir='ltr' id='par_1_33' title="bbox 391 2472 1812 2514">
     <span class='ocr_line' id='line_1_61' title="bbox 391 2472 1812 2514; baseline 0.001 -10"><span class='ocrx_word' id='word_1_780' title='bbox 391 2474 530 2514; x_wconf 89' lang='lat' dir='ltr'>peccatis</span> <span class='ocrx_word' id='word_1_781' title='bbox 554 2474 662 2503; x_wconf 89' lang='lat' dir='ltr'>alienis</span> <span class='ocrx_word' id='word_1_782' title='bbox 686 2472 883 2512; x_wconf 89' lang='lat' dir='ltr'>indulgentia</span> <span class='ocrx_word' id='word_1_783' title='bbox 904 2472 1022 2512; x_wconf 90' lang='lat' dir='ltr'>petitur</span> <span class='ocrx_word' id='word_1_784' title='bbox 1044 2472 1078 2502; x_wconf 92' lang='lat' dir='ltr'>in</span> <span class='ocrx_word' id='word_1_785' title='bbox 1102 2472 1228 2502; x_wconf 90' lang='lat' dir='ltr'>Psalmo</span> <span class='ocrx_word' id='word_1_786' title='bbox 1245 2473 1278 2502; x_wconf 68' lang='lat'>*2</span> <span class='ocrx_word' id='word_1_787' title='bbox 1309 2473 1356 2503; x_wconf 87' lang='lat' dir='ltr'>Ab</span> <span class='ocrx_word' id='word_1_788' title='bbox 1380 2473 1458 2504; x_wconf 87' lang='lat' dir='ltr'>alie·</span> <span class='ocrx_word' id='word_1_789' title='bbox 1512 2475 1551 2506; x_wconf 89' lang='lat' dir='ltr'>ad</span> <span class='ocrx_word' id='word_1_790' title='bbox 1575 2475 1812 2505; x_wconf 89' lang='lat' dir='ltr'>contritionem.</span> 
     </span>
    </p>

    <p class='ocr_par' dir='ltr' id='par_1_34' title="bbox 393 2516 2578 2562">
     <span class='ocr_line' id='line_1_62' title="bbox 393 2516 2578 2562; baseline 0.002 -14"><span class='ocrx_word' id='word_1_791' title='bbox 393 2518 442 2548; x_wconf 87' lang='lat' dir='ltr'>nis</span> <span class='ocrx_word' id='word_1_792' title='bbox 459 2527 562 2558; x_wconf 81' lang='lat' dir='ltr'>parce</span> <span class='ocrx_word' id='word_1_793' title='bbox 584 2527 678 2548; x_wconf 82' lang='lat' dir='ltr'>servo</span> <span class='ocrx_word' id='word_1_794' title='bbox 702 2522 768 2547; x_wconf 86' lang='lat' dir='ltr'>tuo.</span> <span class='ocrx_word' id='word_1_795' title='bbox 793 2517 878 2556; x_wconf 89' lang='lat' dir='ltr'>Ergo</span> <span class='ocrx_word' id='word_1_796' title='bbox 903 2516 996 2547; x_wconf 87' lang='lat' dir='ltr'>debet</span> <span class='ocrx_word' id='word_1_797' title='bbox 1018 2516 1119 2546; x_wconf 90' lang='lat' dir='ltr'>homo</span> <span class='ocrx_word' id='word_1_798' title='bbox 1136 2517 1259 2547; x_wconf 90' lang='lat' dir='ltr'>conteri</span> <span class='ocrx_word' id='word_1_799' title='bbox 1282 2516 1321 2547; x_wconf 93' lang='lat' dir='ltr'>de</span> <span class='ocrx_word' id='word_1_800' title='bbox 1345 2527 1458 2557; x_wconf 89' lang='lat' dir='ltr'>pecca·</span> <span class='ocrx_word' id='word_1_801' title='bbox 1567 2519 1626 2550; x_wconf 92' lang='lat' dir='ltr'>Vel</span> <span class='ocrx_word' id='word_1_802' title='bbox 1651 2519 1824 2550; x_wconf 90' lang='lat' dir='ltr'>dicendum</span> <span class='ocrx_word' id='word_1_803' title='bbox 1839 2519 1929 2560; x_wconf 92' lang='lat' dir='ltr'>quod</span> <span class='ocrx_word' id='word_1_804' title='bbox 1949 2521 2125 2560; x_wconf 88' lang='lat' dir='ltr'>baptismus</span> <span class='ocrx_word' id='word_1_805' title='bbox 2144 2526 2191 2551; x_wconf 90' lang='lat' dir='ltr'>est</span> <span class='ocrx_word' id='word_1_806' title='bbox 2213 2521 2383 2561; x_wconf 87' lang='lat' dir='ltr'>spiritualis</span> <span class='ocrx_word' id='word_1_807' title='bbox 2398 2523 2578 2562; x_wconf 90' lang='lat' dir='ltr'>generatio:</span> 
     </span>
    </p>

    <p class='ocr_par' dir='ltr' id='par_1_35' title="bbox 392 2562 2580 2649">
     <span class='ocr_line' id='line_1_63' title="bbox 392 2562 2580 2607; baseline 0.003 -16"><span class='ocrx_word' id='word_1_808' title='bbox 392 2563 433 2592; x_wconf 92' lang='lat' dir='ltr'>tis</span> <span class='ocrx_word' id='word_1_809' title='bbox 456 2562 575 2592; x_wconf 83' lang='lat' dir='ltr'>alienis.</span> <span class='ocrx_word' id='word_1_810' title='bbox 914 2565 917 2567; x_wconf 83' lang='lat'>&#39;</span> <span class='ocrx_word' id='word_1_811' title='bbox 1512 2563 1567 2594; x_wconf 89' lang='lat' dir='ltr'>sed</span> <span class='ocrx_word' id='word_1_812' title='bbox 1590 2564 1797 2604; x_wconf 88' lang='lat' dir='ltr'>poenitentia,</span> <span class='ocrx_word' id='word_1_813' title='bbox 1815 2570 1972 2604; x_wconf 87' lang='lat' dir='ltr'>quantum</span> <span class='ocrx_word' id='word_1_814' title='bbox 1996 2564 2035 2595; x_wconf 89' lang='lat' dir='ltr'>ad</span> <span class='ocrx_word' id='word_1_815' title='bbox 2052 2565 2279 2596; x_wconf 89' lang='lat' dir='ltr'>contritionem</span> <span class='ocrx_word' id='word_1_816' title='bbox 2299 2571 2330 2596; x_wconf 91' lang='lat' dir='ltr'>et</span> <span class='ocrx_word' id='word_1_817' title='bbox 2345 2566 2420 2596; x_wconf 90' lang='lat' dir='ltr'>alias</span> <span class='ocrx_word' id='word_1_818' title='bbox 2443 2567 2493 2596; x_wconf 92' lang='lat' dir='ltr'>sui</span> <span class='ocrx_word' id='word_1_819' title='bbox 2508 2576 2580 2607; x_wconf 87' lang='lat' dir='ltr'>par·</span> 
     </span>
     <span class='ocr_line' id='line_1_64' title="bbox 449 2604 2580 2649; baseline 0.003 -14"><span class='ocrx_word' id='word_1_820' title='bbox 449 2615 478 2636; x_wconf 90' lang='lat'>2.</span> <span class='ocrx_word' id='word_1_821' title='bbox 502 2606 704 2641; x_wconf 76' lang='lat' dir='ltr'><strong>PRAETEREA‚</strong></span> <span class='ocrx_word' id='word_1_822' title='bbox 729 2605 829 2635; x_wconf 90' lang='lat' dir='ltr'>homo</span> <span class='ocrx_word' id='word_1_823' title='bbox 859 2614 897 2635; x_wconf 90' lang='lat' dir='ltr'>ex</span> <span class='ocrx_word' id='word_1_824' title='bbox 921 2605 1048 2635; x_wconf 85' lang='lat' dir='ltr'>caritate</span> <span class='ocrx_word' id='word_1_825' title='bbox 1078 2604 1172 2635; x_wconf 89' lang='lat' dir='ltr'>debet</span> <span class='ocrx_word' id='word_1_826' title='bbox 1199 2604 1328 2645; x_wconf 87' lang='lat' dir='ltr'>diligere</span> <span class='ocrx_word' id='word_1_827' title='bbox 1351 2608 1458 2646; x_wconf 88' lang='lat' dir='ltr'>proxi·</span> <span class='ocrx_word' id='word_1_828' title='bbox 1511 2614 1568 2644; x_wconf 89' lang='lat' dir='ltr'>tes,</span> <span class='ocrx_word' id='word_1_829' title='bbox 1586 2614 1633 2638; x_wconf 87' lang='lat' dir='ltr'>est</span> <span class='ocrx_word' id='word_1_830' title='bbox 1655 2608 1825 2649; x_wconf 88' lang='lat' dir='ltr'>spiritualis</span> <span class='ocrx_word' id='word_1_831' title='bbox 1849 2609 2006 2648; x_wconf 86' lang='lat' dir='ltr'>quaedam</span> <span class='ocrx_word' id='word_1_832' title='bbox 2029 2610 2150 2639; x_wconf 90' lang='lat' dir='ltr'>sanatio</span> <span class='ocrx_word' id='word_1_833' title='bbox 2174 2619 2231 2649; x_wconf 91' lang='lat' dir='ltr'>per</span> <span class='ocrx_word' id='word_1_834' title='bbox 2253 2609 2389 2640; x_wconf 90' lang='lat' dir='ltr'>modum</span> <span class='ocrx_word' id='word_1_835' title='bbox 2412 2610 2580 2643; x_wconf 86' lang='lat' dir='ltr'>cuiusdam</span> 
     </span>
    </p>

    <p class='ocr_par' dir='ltr' id='par_1_36' title="bbox 391 2648 2580 2826">
     <span class='ocr_line' id='line_1_65' title="bbox 391 2648 2579 2694; baseline 0.002 -14"><span class='ocrx_word' id='word_1_836' title='bbox 391 2659 483 2680; x_wconf 90' lang='lat' dir='ltr'>mum</span> <span class='ocrx_word' id='word_1_837' title='bbox 505 2650 588 2680; x_wconf 85' lang='lat' dir='ltr'>sicut</span> <span class='ocrx_word' id='word_1_838' title='bbox 608 2650 746 2690; x_wconf 83' lang='lat' dir='ltr'>seipsum</span> <span class='ocrx_word' id='word_1_839' title='bbox 762 2650 788 2679; x_wconf 44' lang='grc' dir='ltr'>ἥ.</span> <span class='ocrx_word' id='word_1_840' title='bbox 813 2649 876 2680; x_wconf 88' lang='lat' dir='ltr'>Sed</span> <span class='ocrx_word' id='word_1_841' title='bbox 903 2654 1034 2689; x_wconf 92' lang='lat' dir='ltr'>propter</span> <span class='ocrx_word' id='word_1_842' title='bbox 1058 2648 1262 2680; x_wconf 87' lang='lat' dir='ltr'>dilectionem</span> <span class='ocrx_word' id='word_1_843' title='bbox 1291 2651 1340 2680; x_wconf 89' lang='lat' dir='ltr'>sui</span> <span class='ocrx_word' id='word_1_844' title='bbox 1364 2656 1395 2681; x_wconf 87' lang='lat' dir='ltr'>et</span> <span class='ocrx_word' id='word_1_845' title='bbox 1418 2651 1457 2682; x_wconf 90' lang='lat' dir='ltr'>de</span> <span class='ocrx_word' id='word_1_846' title='bbox 1473 2663 1495 2683; x_wconf 83' lang='lat'>55</span> <span class='ocrx_word' id='word_1_847' title='bbox 1512 2653 1714 2683; x_wconf 84' lang='lat' dir='ltr'>alterationis.</span> <span class='ocrx_word' id='word_1_848' title='bbox 1739 2653 1828 2683; x_wconf 88' lang='lat' dir='ltr'>Patet</span> <span class='ocrx_word' id='word_1_849' title='bbox 1843 2658 1951 2683; x_wconf 91' lang='lat' dir='ltr'>autem</span> <span class='ocrx_word' id='word_1_850' title='bbox 1974 2654 2007 2683; x_wconf 90' lang='lat' dir='ltr'>in</span> <span class='ocrx_word' id='word_1_851' title='bbox 2026 2655 2231 2693; x_wconf 89' lang='lat' dir='ltr'>generatione</span> <span class='ocrx_word' id='word_1_852' title='bbox 2253 2655 2411 2694; x_wconf 87' lang='lat' dir='ltr'>corporali</span> <span class='ocrx_word' id='word_1_853' title='bbox 2434 2655 2579 2692; x_wconf 71' lang='lat' dir='ltr'>alicuius,</span> 
     </span>
     <span class='ocr_line' id='line_1_66' title="bbox 391 2693 2580 2738; baseline 0.003 -14"><span class='ocrx_word' id='word_1_854' title='bbox 391 2694 482 2724; x_wconf 87' lang='lat' dir='ltr'>malis</span> <span class='ocrx_word' id='word_1_855' title='bbox 506 2695 570 2724; x_wconf 91' lang='lat' dir='ltr'>suis</span> <span class='ocrx_word' id='word_1_856' title='bbox 594 2693 681 2724; x_wconf 91' lang='lat' dir='ltr'>dolet</span> <span class='ocrx_word' id='word_1_857' title='bbox 705 2699 735 2723; x_wconf 91' lang='lat' dir='ltr'>et</span> <span class='ocrx_word' id='word_1_858' title='bbox 758 2694 843 2723; x_wconf 88' lang='lat' dir='ltr'>bona</span> <span class='ocrx_word' id='word_1_859' title='bbox 867 2693 1031 2724; x_wconf 88' lang='lat' dir='ltr'>desiderat.</span> <span class='ocrx_word' id='word_1_860' title='bbox 1056 2693 1159 2733; x_wconf 83' lang='lat' dir='ltr'>Ergo,</span> <span class='ocrx_word' id='word_1_861' title='bbox 1185 2703 1260 2724; x_wconf 90' lang='grc'><strong>011111</strong></span> <span class='ocrx_word' id='word_1_862' title='bbox 1291 2700 1458 2726; x_wconf 88' lang='lat' dir='ltr'>teneamur</span> <span class='ocrx_word' id='word_1_863' title='bbox 1512 2700 1594 2737; x_wconf 69' lang='lat' dir='ltr'>xquae</span> <span class='ocrx_word' id='word_1_864' title='bbox 1611 2702 1657 2727; x_wconf 93' lang='lat' dir='ltr'>est</span> <span class='ocrx_word' id='word_1_865' title='bbox 1673 2707 1748 2727; x_wconf 90' lang='grc'><strong>011111</strong></span> <span class='ocrx_word' id='word_1_866' title='bbox 1765 2698 1981 2737; x_wconf 89' lang='lat' dir='ltr'>corruptione,</span> <span class='ocrx_word' id='word_1_867' title='bbox 1999 2697 2088 2738; x_wconf 92' lang='lat' dir='ltr'>quod</span> <span class='ocrx_word' id='word_1_868' title='bbox 2104 2708 2168 2728; x_wconf 91' lang='lat' dir='ltr'>una</span> <span class='ocrx_word' id='word_1_869' title='bbox 2183 2699 2388 2738; x_wconf 81' lang='lat' dir='ltr'>generatione</span> <span class='ocrx_word' id='word_1_870' title='bbox 2410 2708 2580 2730; x_wconf 87' lang='lat' dir='ltr'>removen—</span> 
     </span>
     <span class='ocr_line' id='line_1_67' title="bbox 391 2737 2580 2784; baseline 0.003 -17"><span class='ocrx_word' id='word_1_871' title='bbox 391 2739 539 2778; x_wconf 83' lang='lat' dir='ltr'>proximo</span> <span class='ocrx_word' id='word_1_872' title='bbox 571 2737 747 2768; x_wconf 87' lang='lat' dir='ltr'>desiderare</span> <span class='ocrx_word' id='word_1_873' title='bbox 777 2738 863 2768; x_wconf 89' lang='lat' dir='ltr'>bona</span> <span class='ocrx_word' id='word_1_874' title='bbox 890 2738 1007 2778; x_wconf 89' lang='lat' dir='ltr'>gratiae</span> <span class='ocrx_word' id='word_1_875' title='bbox 1031 2738 1113 2768; x_wconf 90' lang='lat' dir='ltr'>sicut</span> <span class='ocrx_word' id='word_1_876' title='bbox 1137 2743 1167 2768; x_wconf 90' lang='lat' dir='ltr'>et</span> <span class='ocrx_word' id='word_1_877' title='bbox 1198 2739 1308 2775; x_wconf 91' lang='lat' dir='ltr'>nobis,</span> <span class='ocrx_word' id='word_1_878' title='bbox 1333 2739 1458 2770; x_wconf 88' lang='lat' dir='ltr'>videtur</span> <span class='ocrx_word' id='word_1_879' title='bbox 1511 2747 1562 2772; x_wconf 91' lang='lat' dir='ltr'>tur</span> <span class='ocrx_word' id='word_1_880' title='bbox 1586 2742 1695 2772; x_wconf 91' lang='lat' dir='ltr'>omnia</span> <span class='ocrx_word' id='word_1_881' title='bbox 1718 2741 1893 2772; x_wconf 89' lang='lat' dir='ltr'>accidentia</span> <span class='ocrx_word' id='word_1_882' title='bbox 1926 2743 2082 2772; x_wconf 89' lang='lat' dir='ltr'>contraria</span> <span class='ocrx_word' id='word_1_883' title='bbox 2105 2743 2150 2773; x_wconf 93' lang='lat' dir='ltr'>rei</span> <span class='ocrx_word' id='word_1_884' title='bbox 2172 2748 2356 2783; x_wconf 83' lang='lat' dir='ltr'>generatae,</span> <span class='ocrx_word' id='word_1_885' title='bbox 2383 2753 2466 2784; x_wconf 88' lang='lat' dir='ltr'>quae</span> <span class='ocrx_word' id='word_1_886' title='bbox 2489 2748 2580 2774; x_wconf 84' lang='lat' dir='ltr'>erant</span> 
     </span>
     <span class='ocr_line' id='line_1_68' title="bbox 391 2781 2579 2826; baseline 0.003 -14"><span class='ocrx_word' id='word_1_887' title='bbox 391 2782 480 2822; x_wconf 94' lang='lat' dir='ltr'>quod</span> <span class='ocrx_word' id='word_1_888' title='bbox 504 2782 677 2812; x_wconf 90' lang='lat' dir='ltr'>debeamus</span> <span class='ocrx_word' id='word_1_889' title='bbox 694 2781 732 2812; x_wconf 94' lang='lat' dir='ltr'>de</span> <span class='ocrx_word' id='word_1_890' title='bbox 757 2782 859 2822; x_wconf 91' lang='lat' dir='ltr'>culpis</span> <span class='ocrx_word' id='word_1_891' title='bbox 883 2783 950 2812; x_wconf 89' lang='lat' dir='ltr'>eius</span> <span class='ocrx_word' id='word_1_892' title='bbox 974 2781 1082 2812; x_wconf 91' lang='lat' dir='ltr'>dolere</span> <span class='ocrx_word' id='word_1_893' title='bbox 1113 2783 1194 2812; x_wconf 90' lang='lat' dir='ltr'>sicut</span> <span class='ocrx_word' id='word_1_894' title='bbox 1218 2788 1249 2813; x_wconf 91' lang='lat' dir='ltr'>et</span> <span class='ocrx_word' id='word_1_895' title='bbox 1272 2783 1311 2813; x_wconf 91' lang='lat' dir='ltr'>de</span> <span class='ocrx_word' id='word_1_896' title='bbox 1330 2785 1455 2814; x_wconf 89' lang='lat' dir='ltr'>nostris.</span> <span class='ocrx_word' id='word_1_897' title='bbox 1511 2785 1686 2816; x_wconf 88' lang='lat' dir='ltr'>accidentia</span> <span class='ocrx_word' id='word_1_898' title='bbox 1701 2786 1746 2816; x_wconf 92' lang='lat' dir='ltr'>rei</span> <span class='ocrx_word' id='word_1_899' title='bbox 1770 2791 1948 2826; x_wconf 90' lang='lat' dir='ltr'>corruptae.</span> <span class='ocrx_word' id='word_1_900' title='bbox 1973 2786 2036 2817; x_wconf 92' lang='lat' dir='ltr'>Sed</span> <span class='ocrx_word' id='word_1_901' title='bbox 2058 2787 2092 2817; x_wconf 88' lang='lat' dir='ltr'>in</span> <span class='ocrx_word' id='word_1_902' title='bbox 2108 2787 2294 2818; x_wconf 85' lang='lat' dir='ltr'>alteratione</span> <span class='ocrx_word' id='word_1_903' title='bbox 2312 2793 2494 2818; x_wconf 87' lang='lat' dir='ltr'>removetur</span> <span class='ocrx_word' id='word_1_904' title='bbox 2509 2793 2579 2818; x_wconf 83' lang='lat' dir='ltr'>tan-</span> 
     </span>
    </p>

    <p class='ocr_par' dir='ltr' id='par_1_37' title="bbox 391 2825 2578 2872">
     <span class='ocr_line' id='line_1_69' title="bbox 391 2825 2578 2872; baseline 0.003 -16"><span class='ocrx_word' id='word_1_905' title='bbox 391 2826 453 2857; x_wconf 91' lang='lat' dir='ltr'>Sed</span> <span class='ocrx_word' id='word_1_906' title='bbox 470 2827 618 2856; x_wconf 90' lang='lat' dir='ltr'>contritio</span> <span class='ocrx_word' id='word_1_907' title='bbox 634 2826 713 2856; x_wconf 90' lang='lat' dir='ltr'>nihil</span> <span class='ocrx_word' id='word_1_908' title='bbox 729 2832 776 2856; x_wconf 88' lang='lat' dir='ltr'>est</span> <span class='ocrx_word' id='word_1_909' title='bbox 799 2836 896 2866; x_wconf 90' lang='lat' dir='ltr'>quam</span> <span class='ocrx_word' id='word_1_910' title='bbox 916 2826 1009 2856; x_wconf 92' lang='lat' dir='ltr'>dolor</span> <span class='ocrx_word' id='word_1_911' title='bbox 1025 2825 1064 2856; x_wconf 90' lang='lat' dir='ltr'>de</span> <span class='ocrx_word' id='word_1_912' title='bbox 1080 2827 1228 2866; x_wconf 88' lang='lat' dir='ltr'>peccatis.</span> <span class='ocrx_word' id='word_1_913' title='bbox 1253 2827 1338 2867; x_wconf 88' lang='lat' dir='ltr'>Ergo</span> <span class='ocrx_word' id='word_1_914' title='bbox 1355 2828 1456 2859; x_wconf 90' lang='lat' dir='ltr'>homo</span> <span class='ocrx_word' id='word_1_915' title='bbox 1511 2835 1581 2860; x_wconf 90' lang='lat' dir='ltr'>tum</span> <span class='ocrx_word' id='word_1_916' title='bbox 1604 2839 1707 2860; x_wconf 89' lang='lat' dir='ltr'>unum</span> <span class='ocrx_word' id='word_1_917' title='bbox 1731 2829 1887 2866; x_wconf 85' lang='lat' dir='ltr'>accidens,</span> <span class='ocrx_word' id='word_1_918' title='bbox 1905 2831 2100 2861; x_wconf 89' lang='lat' dir='ltr'>contrarium</span> <span class='ocrx_word' id='word_1_919' title='bbox 2116 2831 2272 2862; x_wconf 90' lang='lat' dir='ltr'>accidenti</span> <span class='ocrx_word' id='word_1_920' title='bbox 2295 2831 2335 2862; x_wconf 87' lang='lat' dir='ltr'>ad</span> <span class='ocrx_word' id='word_1_921' title='bbox 2358 2831 2447 2872; x_wconf 92' lang='lat' dir='ltr'>quod</span> <span class='ocrx_word' id='word_1_922' title='bbox 2470 2832 2578 2862; x_wconf 89' lang='lat' dir='ltr'>termi-</span> 
     </span>
    </p>

    <p class='ocr_par' dir='ltr' id='par_1_38' title="bbox 391 2870 2578 2959">
     <span class='ocr_line' id='line_1_70' title="bbox 391 2870 2578 2916; baseline 0.003 -16"><span class='ocrx_word' id='word_1_923' title='bbox 391 2870 485 2901; x_wconf 89' lang='lat' dir='ltr'>debet</span> <span class='ocrx_word' id='word_1_924' title='bbox 508 2871 630 2901; x_wconf 91' lang='lat' dir='ltr'>conteri</span> <span class='ocrx_word' id='word_1_925' title='bbox 654 2870 693 2901; x_wconf 95' lang='lat' dir='ltr'>de</span> <span class='ocrx_word' id='word_1_926' title='bbox 717 2871 855 2910; x_wconf 88' lang='lat' dir='ltr'>peccatis</span> <span class='ocrx_word' id='word_1_927' title='bbox 879 2870 998 2901; x_wconf 79' lang='lat' dir='ltr'>alienis.</span> <span class='ocrx_word' id='word_1_928' title='bbox 1470 2883 1497 2903; x_wconf 76' lang='lat'>⁶0</span> <span class='ocrx_word' id='word_1_929' title='bbox 1511 2880 1604 2904; x_wconf 92' lang='lat' dir='ltr'>natur</span> <span class='ocrx_word' id='word_1_930' title='bbox 1634 2874 1786 2905; x_wconf 90' lang='lat' dir='ltr'>alteratio.</span> <span class='ocrx_word' id='word_1_931' title='bbox 1822 2875 1864 2905; x_wconf 92' lang='lat' dir='ltr'>Et</span> <span class='ocrx_word' id='word_1_932' title='bbox 1895 2875 2037 2906; x_wconf 87' lang='lat' dir='ltr'>similiter</span> <span class='ocrx_word' id='word_1_933' title='bbox 2060 2885 2144 2906; x_wconf 91' lang='lat' dir='ltr'>unus</span> <span class='ocrx_word' id='word_1_934' title='bbox 2168 2876 2343 2916; x_wconf 86' lang='lat' dir='ltr'>baptismus</span> <span class='ocrx_word' id='word_1_935' title='bbox 2375 2875 2470 2906; x_wconf 89' lang='lat' dir='ltr'>simul</span> <span class='ocrx_word' id='word_1_936' title='bbox 2494 2875 2578 2906; x_wconf 91' lang='lat' dir='ltr'>delet</span> 
     </span>
     <span class='ocr_line' id='line_1_71' title="bbox 446 2915 2578 2959; baseline 0.003 -15"><span class='ocrx_word' id='word_1_937' title='bbox 446 2915 508 2945; x_wconf 75' lang='lat' dir='ltr'>San</span> <span class='ocrx_word' id='word_1_938' title='bbox 525 2924 658 2951; x_wconf 79' lang='lat' dir='ltr'>CONTRA,</span> <span class='ocrx_word' id='word_1_939' title='bbox 671 2915 821 2945; x_wconf 89' lang='lat' dir='ltr'>contritio</span> <span class='ocrx_word' id='word_1_940' title='bbox 838 2920 884 2945; x_wconf 90' lang='lat' dir='ltr'>est</span> <span class='ocrx_word' id='word_1_941' title='bbox 900 2921 988 2945; x_wconf 88' lang='lat' dir='ltr'>actus</span> <span class='ocrx_word' id='word_1_942' title='bbox 1004 2915 1220 2955; x_wconf 85' lang='lat' dir='ltr'>poenitentiae</span> <span class='ocrx_word' id='word_1_943' title='bbox 1236 2916 1368 2946; x_wconf 90' lang='lat' dir='ltr'>virtutis.</span> <span class='ocrx_word' id='word_1_944' title='bbox 1394 2917 1456 2948; x_wconf 91' lang='lat' dir='ltr'>Sed</span> <span class='ocrx_word' id='word_1_945' title='bbox 1511 2919 1620 2949; x_wconf 92' lang='lat' dir='ltr'>omnia</span> <span class='ocrx_word' id='word_1_946' title='bbox 1643 2924 1783 2959; x_wconf 88' lang='lat' dir='ltr'>peccata,</span> <span class='ocrx_word' id='word_1_947' title='bbox 1806 2928 1925 2949; x_wconf 89' lang='lat' dir='ltr'>novam</span> <span class='ocrx_word' id='word_1_948' title='bbox 1947 2920 2045 2949; x_wconf 88' lang='lat' dir='ltr'>vitam</span> <span class='ocrx_word' id='word_1_949' title='bbox 2067 2919 2263 2950; x_wconf 92' lang='lat' dir='ltr'>inducendo.</span> <span class='ocrx_word' id='word_1_950' title='bbox 2295 2919 2357 2950; x_wconf 90' lang='lat' dir='ltr'>Sed</span> <span class='ocrx_word' id='word_1_951' title='bbox 2379 2920 2578 2959; x_wconf 90' lang='lat' dir='ltr'>poenitentia</span> 
     </span>
    </p>

    <p class='ocr_par' dir='ltr' id='par_1_39' title="bbox 389 2959 2576 3004">
     <span class='ocr_line' id='line_1_72' title="bbox 389 2959 2576 3004; baseline 0.003 -16"><span class='ocrx_word' id='word_1_952' title='bbox 389 2959 497 2989; x_wconf 88' lang='lat' dir='ltr'>nullus</span> <span class='ocrx_word' id='word_1_953' title='bbox 520 2959 664 2999; x_wconf 88' lang='lat' dir='ltr'>poenitet</span> <span class='ocrx_word' id='word_1_954' title='bbox 693 2959 753 2989; x_wconf 90' lang='lat' dir='ltr'>nisi</span> <span class='ocrx_word' id='word_1_955' title='bbox 783 2959 822 2989; x_wconf 89' lang='lat' dir='ltr'>de</span> <span class='ocrx_word' id='word_1_956' title='bbox 845 2960 893 2989; x_wconf 89' lang='lat' dir='ltr'>his</span> <span class='ocrx_word' id='word_1_957' title='bbox 917 2969 1000 2999; x_wconf 88' lang='lat' dir='ltr'>quae</span> <span class='ocrx_word' id='word_1_958' title='bbox 1023 2960 1091 3000; x_wconf 91' lang='lat' dir='ltr'>ipse</span> <span class='ocrx_word' id='word_1_959' title='bbox 1115 2959 1198 2990; x_wconf 87' lang='lat' dir='ltr'>fecit.</span> <span class='ocrx_word' id='word_1_960' title='bbox 1234 2960 1319 3000; x_wconf 89' lang='lat' dir='ltr'>Ergo</span> <span class='ocrx_word' id='word_1_961' title='bbox 1348 2961 1456 2992; x_wconf 88' lang='lat' dir='ltr'>nullus</span> <span class='ocrx_word' id='word_1_962' title='bbox 1509 2972 1577 2993; x_wconf 91' lang='lat' dir='ltr'>non</span> <span class='ocrx_word' id='word_1_963' title='bbox 1602 2963 1685 2993; x_wconf 90' lang='lat' dir='ltr'>delet</span> <span class='ocrx_word' id='word_1_964' title='bbox 1709 2963 1818 2993; x_wconf 90' lang='lat' dir='ltr'>omnia</span> <span class='ocrx_word' id='word_1_965' title='bbox 1841 2969 1971 3003; x_wconf 91' lang='lat' dir='ltr'>peccata</span> <span class='ocrx_word' id='word_1_966' title='bbox 1993 2964 2054 2994; x_wconf 92' lang='lat' dir='ltr'>nisi</span> <span class='ocrx_word' id='word_1_967' title='bbox 2078 2963 2118 2994; x_wconf 89' lang='lat' dir='ltr'>ad</span> <span class='ocrx_word' id='word_1_968' title='bbox 2141 2963 2264 3004; x_wconf 86' lang='lat' dir='ltr'>singula</span> <span class='ocrx_word' id='word_1_969' title='bbox 2287 2963 2413 2994; x_wconf 86' lang='lat' dir='ltr'>feratur.</span> <span class='ocrx_word' id='word_1_970' title='bbox 2438 2964 2479 2994; x_wconf 90' lang='lat' dir='ltr'>Et</span> <span class='ocrx_word' id='word_1_971' title='bbox 2501 2964 2576 2995; x_wconf 90' lang='lat' dir='ltr'>ideo</span> 
     </span>
    </p>
   </div>
   <div class='ocr_carea' id='block_1_12' title="bbox 567 2186 1273 2260">
    <p class='ocr_par' dir='ltr' id='par_1_40' title="bbox 567 2186 1273 2260">
     <span class='ocr_line' id='line_1_73' title="bbox 567 2186 1273 2216; baseline -0.001 0"><span class='ocrx_word' id='word_1_972' title='bbox 567 2186 666 2216; x_wconf 89' lang='lat' dir='ltr'>ART.</span> <span class='ocrx_word' id='word_1_973' title='bbox 691 2186 730 2216; x_wconf 90' lang='lat' dir='ltr'>V.</span> <span class='ocrx_word' id='word_1_974' title='bbox 754 2195 859 2215; x_wconf 85' lang='lat' dir='ltr'><strong>UTRUM</strong></span> <span class='ocrx_word' id='word_1_975' title='bbox 882 2195 971 2215; x_wconf 82' lang='grc' dir='ltr'><strong>110Μο</strong></span> <span class='ocrx_word' id='word_1_976' title='bbox 995 2195 1116 2215; x_wconf 72' lang='grc' dir='ltr'><strong>111111οΑ1</strong></span> <span class='ocrx_word' id='word_1_977' title='bbox 1140 2195 1273 2216; x_wconf 67' lang='lat' dir='ltr'>com-am</span> 
     </span>
     <span class='ocr_line' id='line_1_74' title="bbox 754 2239 1093 2260; baseline 0 -1"><span class='ocrx_word' id='word_1_978' title='bbox 754 2240 794 2259; x_wconf 74' lang='lat' dir='ltr'>nr.</span> <span class='ocrx_word' id='word_1_979' title='bbox 818 2239 955 2260; x_wconf 60' lang='lat' dir='ltr'>paccaro</span> <span class='ocrx_word' id='word_1_980' title='bbox 980 2239 1093 2260; x_wconf 68' lang='lat' dir='ltr'>Ammo</span> 
     </span>
    </p>
   </div>
   <div class='ocr_carea' id='block_1_13' title="bbox 389 3002 2322 3220">
    <p class='ocr_par' dir='ltr' id='par_1_41' title="bbox 391 3002 2234 3090">
     <span class='ocr_line' id='line_1_75' title="bbox 391 3002 2234 3047; baseline 0.003 -14"><span class='ocrx_word' id='word_1_981' title='bbox 391 3004 564 3033; x_wconf 87' lang='lat' dir='ltr'>conteritur</span> <span class='ocrx_word' id='word_1_982' title='bbox 587 3002 627 3033; x_wconf 91' lang='lat' dir='ltr'>de</span> <span class='ocrx_word' id='word_1_983' title='bbox 650 3003 788 3043; x_wconf 89' lang='lat' dir='ltr'>peccatis</span> <span class='ocrx_word' id='word_1_984' title='bbox 812 3003 931 3034; x_wconf 90' lang='lat' dir='ltr'>alienis.</span> <span class='ocrx_word' id='word_1_985' title='bbox 1510 3013 1638 3047; x_wconf 92' lang='lat' dir='ltr'>oportet</span> <span class='ocrx_word' id='word_1_986' title='bbox 1662 3007 1701 3037; x_wconf 92' lang='lat' dir='ltr'>de</span> <span class='ocrx_word' id='word_1_987' title='bbox 1725 3007 1856 3047; x_wconf 88' lang='lat' dir='ltr'>singulis</span> <span class='ocrx_word' id='word_1_988' title='bbox 1879 3008 2002 3038; x_wconf 87' lang='lat' dir='ltr'>conteri</span> <span class='ocrx_word' id='word_1_989' title='bbox 2016 3013 2056 3046; x_wconf 76' lang='lat' dir='ltr'>vet</span> <span class='ocrx_word' id='word_1_990' title='bbox 2079 3007 2234 3038; x_wconf 90' lang='lat' dir='ltr'>confiteri.</span> 
     </span>
     <span class='ocr_line' id='line_1_76' title="bbox 444 3047 1455 3090; baseline 0.003 -13"><span class='ocrx_word' id='word_1_991' title='bbox 444 3048 633 3077; x_wconf 65' lang='lat' dir='ltr'>Rnsponmzo</span> <span class='ocrx_word' id='word_1_992' title='bbox 657 3057 816 3077; x_wconf 67' lang='lat' dir='ltr'>mmmmm</span> <span class='ocrx_word' id='word_1_993' title='bbox 840 3047 929 3087; x_wconf 89' lang='lat' dir='ltr'>quod</span> <span class='ocrx_word' id='word_1_994' title='bbox 952 3048 1030 3078; x_wconf 92' lang='lat' dir='ltr'>illud</span> <span class='ocrx_word' id='word_1_995' title='bbox 1053 3048 1139 3078; x_wconf 90' lang='lat' dir='ltr'>idem</span> <span class='ocrx_word' id='word_1_996' title='bbox 1169 3049 1343 3079; x_wconf 89' lang='lat' dir='ltr'>conteritur</span> <span class='ocrx_word' id='word_1_997' title='bbox 1366 3050 1455 3090; x_wconf 88' lang='lat' dir='ltr'>quod</span> 
     </span>
    </p>

    <p class='ocr_par' dir='ltr' id='par_1_42' title="bbox 389 3091 2275 3147">
     <span class='ocr_line' id='line_1_77' title="bbox 389 3091 2275 3147; baseline 0.002 -26"><span class='ocrx_word' id='word_1_998' title='bbox 389 3092 477 3131; x_wconf 90' lang='lat' dir='ltr'>prius</span> <span class='ocrx_word' id='word_1_999' title='bbox 494 3091 609 3121; x_wconf 90' lang='lat' dir='ltr'>durum</span> <span class='ocrx_word' id='word_1_1000' title='bbox 627 3097 657 3121; x_wconf 88' lang='lat' dir='ltr'>et</span> <span class='ocrx_word' id='word_1_1001' title='bbox 675 3093 834 3131; x_wconf 89' lang='lat' dir='ltr'>integrum</span> <span class='ocrx_word' id='word_1_1002' title='bbox 850 3091 920 3122; x_wconf 90' lang='lat' dir='ltr'>fuit.</span> <span class='ocrx_word' id='word_1_1003' title='bbox 945 3092 1038 3123; x_wconf 89' lang='lat' dir='ltr'>Unde</span> <span class='ocrx_word' id='word_1_1004' title='bbox 1055 3098 1183 3132; x_wconf 89' lang='lat' dir='ltr'>oportet</span> <span class='ocrx_word' id='word_1_1005' title='bbox 1200 3092 1289 3132; x_wconf 93' lang='lat' dir='ltr'>quod</span> <span class='ocrx_word' id='word_1_1006' title='bbox 1305 3095 1454 3125; x_wconf 89' lang='lat' dir='ltr'>contritio</span> <span class='ocrx_word' id='word_1_1007' title='bbox 1468 3104 1493 3130; x_wconf 70' lang='grc' dir='ltr'>ες</span> <span class='ocrx_word' id='word_1_1008' title='bbox 1810 3101 2062 3147; x_wconf 75' lang='lat' dir='ltr'><strong>QUAESTIO</strong></span> <span class='ocrx_word' id='word_1_1009' title='bbox 2087 3102 2275 3136; x_wconf 75' lang='lat' dir='ltr'>TERTIA</span> 
     </span>
    </p>

    <p class='ocr_par' dir='ltr' id='par_1_43' title="bbox 390 3135 1455 3178">
     <span class='ocr_line' id='line_1_78' title="bbox 390 3135 1455 3178; baseline 0.004 -14"><span class='ocrx_word' id='word_1_1010' title='bbox 390 3145 449 3174; x_wconf 92' lang='lat' dir='ltr'>pro</span> <span class='ocrx_word' id='word_1_1011' title='bbox 474 3141 606 3175; x_wconf 90' lang='lat' dir='ltr'>peccato</span> <span class='ocrx_word' id='word_1_1012' title='bbox 631 3136 669 3165; x_wconf 91' lang='lat' dir='ltr'>sit</span> <span class='ocrx_word' id='word_1_1013' title='bbox 691 3136 724 3165; x_wconf 91' lang='lat' dir='ltr'>in</span> <span class='ocrx_word' id='word_1_1014' title='bbox 749 3135 865 3166; x_wconf 89' lang='lat' dir='ltr'>eodem</span> <span class='ocrx_word' id='word_1_1015' title='bbox 887 3137 920 3166; x_wconf 92' lang='lat' dir='ltr'>in</span> <span class='ocrx_word' id='word_1_1016' title='bbox 945 3146 1010 3176; x_wconf 90' lang='lat' dir='ltr'>quo</span> <span class='ocrx_word' id='word_1_1017' title='bbox 1034 3138 1157 3177; x_wconf 88' lang='lat' dir='ltr'>peccati</span> <span class='ocrx_word' id='word_1_1018' title='bbox 1174 3137 1288 3167; x_wconf 89' lang='lat' dir='ltr'>duritia</span> <span class='ocrx_word' id='word_1_1019' title='bbox 1311 3148 1455 3178; x_wconf 87' lang='lat' dir='ltr'>praeces-</span> 
     </span>
    </p>

    <p class='ocr_par' dir='ltr' id='par_1_44' title="bbox 390 3179 2322 3220">
     <span class='ocr_line' id='line_1_79' title="bbox 390 3179 2322 3220; baseline 0.003 -11"><span class='ocrx_word' id='word_1_1020' title='bbox 390 3180 439 3209; x_wconf 91' lang='lat' dir='ltr'>sit.</span> <span class='ocrx_word' id='word_1_1021' title='bbox 463 3179 504 3209; x_wconf 93' lang='lat' dir='ltr'>Et</span> <span class='ocrx_word' id='word_1_1022' title='bbox 527 3180 571 3209; x_wconf 91' lang='lat' dir='ltr'>sic</span> <span class='ocrx_word' id='word_1_1023' title='bbox 595 3179 634 3210; x_wconf 93' lang='lat' dir='ltr'>de</span> <span class='ocrx_word' id='word_1_1024' title='bbox 657 3180 767 3210; x_wconf 88' lang='lat' dir='ltr'>alienis</span> <span class='ocrx_word' id='word_1_1025' title='bbox 789 3181 928 3220; x_wconf 86' lang='lat' dir='ltr'>peccatis</span> <span class='ocrx_word' id='word_1_1026' title='bbox 950 3190 1017 3211; x_wconf 92' lang='lat' dir='ltr'>non</span> <span class='ocrx_word' id='word_1_1027' title='bbox 1042 3187 1088 3211; x_wconf 91' lang='lat' dir='ltr'>est</span> <span class='ocrx_word' id='word_1_1028' title='bbox 1112 3182 1272 3212; x_wconf 91' lang='lat' dir='ltr'>contritio.</span> <span class='ocrx_word' id='word_1_1029' title='bbox 1766 3183 1811 3207; x_wconf 76' lang='lat' dir='ltr'>DE</span> <span class='ocrx_word' id='word_1_1030' title='bbox 1831 3181 2056 3213; x_wconf 75' lang='lat' dir='ltr'>QUANTITATE</span> <span class='ocrx_word' id='word_1_1031' title='bbox 2075 3181 2322 3207; x_wconf 72' lang='lat' dir='ltr'>CONTRITlONlS</span> 
     </span>
    </p>
   </div>
   <div class='ocr_carea' id='block_1_14' title="bbox 445 3223 1455 3265">
    <p class='ocr_par' dir='ltr' id='par_1_45' title="bbox 445 3223 1455 3265">
     <span class='ocr_line' id='line_1_80' title="bbox 445 3223 1455 3265; baseline 0.004 -13"><span class='ocrx_word' id='word_1_1032' title='bbox 445 3223 495 3253; x_wconf 84' lang='lat' dir='ltr'>An</span> <span class='ocrx_word' id='word_1_1033' title='bbox 519 3234 636 3253; x_wconf 68' lang='lat' dir='ltr'>pamma</span> <span class='ocrx_word' id='word_1_1034' title='bbox 659 3234 742 3254; x_wconf 75' lang='grc'><strong>111100</strong></span> <span class='ocrx_word' id='word_1_1035' title='bbox 759 3234 918 3254; x_wconf 62' lang='lat' dir='ltr'>memnon</span> <span class='ocrx_word' id='word_1_1036' title='bbox 942 3225 1031 3264; x_wconf 91' lang='lat' dir='ltr'>quod</span> <span class='ocrx_word' id='word_1_1037' title='bbox 1047 3226 1085 3255; x_wconf 92' lang='lat' dir='ltr'>ab</span> <span class='ocrx_word' id='word_1_1038' title='bbox 1110 3226 1219 3256; x_wconf 91' lang='lat' dir='ltr'>alienis</span> <span class='ocrx_word' id='word_1_1039' title='bbox 1235 3227 1373 3265; x_wconf 89' lang='lat' dir='ltr'>peccatis</span> <span class='ocrx_word' id='word_1_1040' title='bbox 1396 3227 1455 3256; x_wconf 91' lang='lat' dir='ltr'>sibi</span> 
     </span>
    </p>
   </div>
   <div class='ocr_carea' id='block_1_15' title="bbox 390 3267 2577 3534">
    <p class='ocr_par' dir='ltr' id='par_1_46' title="bbox 390 3267 2553 3310">
     <span class='ocr_line' id='line_1_81' title="bbox 390 3267 2553 3310; baseline 0.002 -13"><span class='ocrx_word' id='word_1_1041' title='bbox 390 3267 476 3306; x_wconf 89' lang='lat' dir='ltr'>parci</span> <span class='ocrx_word' id='word_1_1042' title='bbox 499 3267 657 3307; x_wconf 90' lang='lat' dir='ltr'>Propheta</span> <span class='ocrx_word' id='word_1_1043' title='bbox 676 3273 831 3308; x_wconf 87' lang='lat' dir='ltr'>precatur,</span> <span class='ocrx_word' id='word_1_1044' title='bbox 848 3269 1040 3308; x_wconf 87' lang='lat' dir='ltr'>inquantum</span> <span class='ocrx_word' id='word_1_1045' title='bbox 1065 3279 1102 3300; x_wconf 87' lang='lat' dir='ltr'>ex</span> <span class='ocrx_word' id='word_1_1046' title='bbox 1127 3270 1289 3300; x_wconf 90' lang='lat' dir='ltr'>consortio</span> <span class='ocrx_word' id='word_1_1047' title='bbox 1306 3276 1454 3310; x_wconf 88' lang='lat' dir='ltr'>peccato·</span> <span class='ocrx_word' id='word_1_1048' title='bbox 1571 3280 1664 3300; x_wconf 73' lang='lat' dir='ltr'>amna</span> <span class='ocrx_word' id='word_1_1049' title='bbox 1685 3269 1952 3301; x_wconf 90' lang='lat' dir='ltr'>considerandum</span> <span class='ocrx_word' id='word_1_1050' title='bbox 1979 3275 2026 3300; x_wconf 90' lang='lat' dir='ltr'>est</span> <span class='ocrx_word' id='word_1_1051' title='bbox 2049 3269 2088 3300; x_wconf 91' lang='lat' dir='ltr'>de</span> <span class='ocrx_word' id='word_1_1052' title='bbox 2111 3270 2286 3310; x_wconf 85' lang='lat' dir='ltr'>quantitate</span> <span class='ocrx_word' id='word_1_1053' title='bbox 2311 3272 2511 3302; x_wconf 88' lang='lat' dir='ltr'>contritionis</span> <span class='ocrx_word' id='word_1_1054' title='bbox 2527 3273 2553 3302; x_wconf 68' lang='lat'>*.</span> 
     </span>
    </p>

    <p class='ocr_par' dir='ltr' id='par_1_47' title="bbox 390 3281 2087 3354">
     <span class='ocr_line' id='line_1_82' title="bbox 390 3281 2087 3354; baseline 0.002 -14"><span class='ocrx_word' id='word_1_1055' title='bbox 390 3320 462 3340; x_wconf 90' lang='lat' dir='ltr'>rum</span> <span class='ocrx_word' id='word_1_1056' title='bbox 486 3311 599 3351; x_wconf 88' lang='lat' dir='ltr'>aliquis</span> <span class='ocrx_word' id='word_1_1057' title='bbox 614 3321 671 3351; x_wconf 91' lang='lat' dir='ltr'>per</span> <span class='ocrx_word' id='word_1_1058' title='bbox 694 3321 888 3342; x_wconf 89' lang='lat' dir='ltr'>consensum</span> <span class='ocrx_word' id='word_1_1059' title='bbox 912 3313 1052 3353; x_wconf 89' lang='lat' dir='ltr'>aliquam</span> <span class='ocrx_word' id='word_1_1060' title='bbox 1069 3313 1306 3344; x_wconf 88' lang='lat' dir='ltr'>immunditiam</span> <span class='ocrx_word' id='word_1_1061' title='bbox 1330 3320 1455 3344; x_wconf 91' lang='lat' dir='ltr'>contra·</span> <span class='ocrx_word' id='word_1_1062' title='bbox 1469 3328 1495 3349; x_wconf 83' lang='lat'>70</span> <span class='ocrx_word' id='word_1_1063' title='bbox 1513 3281 1665 3345; x_wconf 87' lang='lat' dir='ltr'>DCirca</span> <span class='ocrx_word' id='word_1_1064' title='bbox 1688 3314 1777 3354; x_wconf 92' lang='lat' dir='ltr'>quod</span> <span class='ocrx_word' id='word_1_1065' title='bbox 1801 3319 1997 3354; x_wconf 84' lang='lat' dir='ltr'>quaeruntur</span> <span class='ocrx_word' id='word_1_1066' title='bbox 2019 3315 2087 3344; x_wconf 89' lang='lat' dir='ltr'>tria.</span> 
     </span>
    </p>

    <p class='ocr_par' dir='ltr' id='par_1_48' title="bbox 391 3355 2577 3441">
     <span class='ocr_line' id='line_1_83' title="bbox 391 3355 2577 3401; baseline 0.003 -17"><span class='ocrx_word' id='word_1_1067' title='bbox 391 3355 452 3384; x_wconf 90' lang='lat' dir='ltr'>hit:</span> <span class='ocrx_word' id='word_1_1068' title='bbox 478 3364 553 3385; x_wconf 91' lang='lat' dir='ltr'>curn</span> <span class='ocrx_word' id='word_1_1069' title='bbox 576 3356 729 3395; x_wconf 90' lang='lat' dir='ltr'>scriptum</span> <span class='ocrx_word' id='word_1_1070' title='bbox 753 3357 791 3386; x_wconf 90' lang='lat' dir='ltr'>sit</span> <span class='ocrx_word' id='word_1_1071' title='bbox 807 3357 840 3386; x_wconf 51' lang='grc' dir='ltr'>ἰ</span> <span class='ocrx_word' id='word_1_1072' title='bbox 867 3356 948 3386; x_wconf 91' lang='lat' dir='ltr'>Cum</span> <span class='ocrx_word' id='word_1_1073' title='bbox 967 3367 1121 3396; x_wconf 79' lang='lat' dir='ltr'>perverso</span> <span class='ocrx_word' id='word_1_1074' title='bbox 1140 3358 1348 3398; x_wconf 78' lang='lat' dir='ltr'>perverteris.</span> <span class='ocrx_word' id='word_1_1075' title='bbox 1564 3359 1688 3389; x_wconf 90' lang='lat' dir='ltr'>Primo:</span> <span class='ocrx_word' id='word_1_1076' title='bbox 1714 3364 1823 3388; x_wconf 90' lang='lat' dir='ltr'>utrum</span> <span class='ocrx_word' id='word_1_1077' title='bbox 1846 3359 1996 3388; x_wconf 90' lang='lat' dir='ltr'>contritio</span> <span class='ocrx_word' id='word_1_1078' title='bbox 2020 3358 2059 3388; x_wconf 93' lang='lat' dir='ltr'>sit</span> <span class='ocrx_word' id='word_1_1079' title='bbox 2081 3358 2184 3389; x_wconf 85' lang='lat' dir='ltr'>maior</span> <span class='ocrx_word' id='word_1_1080' title='bbox 2209 3358 2303 3389; x_wconf 92' lang='lat' dir='ltr'>dolor</span> <span class='ocrx_word' id='word_1_1081' title='bbox 2330 3360 2386 3400; x_wconf 91' lang='lat' dir='ltr'>qui</span> <span class='ocrx_word' id='word_1_1082' title='bbox 2411 3369 2479 3390; x_wconf 91' lang='lat' dir='ltr'>esse</span> <span class='ocrx_word' id='word_1_1083' title='bbox 2501 3370 2577 3401; x_wconf 87' lang='lat' dir='ltr'>pos-</span> 
     </span>
     <span class='ocr_line' id='line_1_84' title="bbox 446 3398 1838 3441; baseline 0.003 -13"><span class='ocrx_word' id='word_1_1084' title='bbox 446 3398 496 3428; x_wconf 83' lang='lat' dir='ltr'>An</span> <span class='ocrx_word' id='word_1_1085' title='bbox 521 3409 682 3429; x_wconf 71' lang='grc' dir='ltr'><strong>5110οΝ1)οΜ</strong></span> <span class='ocrx_word' id='word_1_1086' title='bbox 705 3409 864 3429; x_wconf 76' lang='grc' dir='ltr'><strong>111011ΝοοΜ</strong></span> <span class='ocrx_word' id='word_1_1087' title='bbox 894 3400 983 3439; x_wconf 91' lang='lat' dir='ltr'>quod</span> <span class='ocrx_word' id='word_1_1088' title='bbox 1007 3400 1046 3431; x_wconf 91' lang='lat' dir='ltr'>de</span> <span class='ocrx_word' id='word_1_1089' title='bbox 1070 3403 1207 3441; x_wconf 89' lang='lat' dir='ltr'>peccatis</span> <span class='ocrx_word' id='word_1_1090' title='bbox 1238 3402 1374 3432; x_wconf 90' lang='lat' dir='ltr'>aliorum</span> <span class='ocrx_word' id='word_1_1091' title='bbox 1398 3402 1455 3432; x_wconf 92' lang='lat' dir='ltr'>do-</span> <span class='ocrx_word' id='word_1_1092' title='bbox 1599 3404 1638 3433; x_wconf 91' lang='lat' dir='ltr'>sit</span> <span class='ocrx_word' id='word_1_1093' title='bbox 1659 3403 1693 3432; x_wconf 91' lang='lat' dir='ltr'>in</span> <span class='ocrx_word' id='word_1_1094' title='bbox 1716 3408 1838 3432; x_wconf 88' lang='lat' dir='ltr'>natura.</span> 
     </span>
    </p>

    <p class='ocr_par' dir='ltr' id='par_1_49' title="bbox 391 3442 2482 3487">
     <span class='ocr_line' id='line_1_85' title="bbox 391 3442 2482 3487; baseline 0.003 -16"><span class='ocrx_word' id='word_1_1095' title='bbox 391 3442 456 3472; x_wconf 88' lang='lat' dir='ltr'>lere</span> <span class='ocrx_word' id='word_1_1096' title='bbox 472 3442 635 3478; x_wconf 88' lang='lat' dir='ltr'>debemus,</span> <span class='ocrx_word' id='word_1_1097' title='bbox 659 3452 726 3473; x_wconf 90' lang='lat' dir='ltr'>non</span> <span class='ocrx_word' id='word_1_1098' title='bbox 742 3448 849 3473; x_wconf 90' lang='lat' dir='ltr'>tamen</span> <span class='ocrx_word' id='word_1_1099' title='bbox 869 3450 997 3483; x_wconf 86' lang='lat' dir='ltr'>oportet</span> <span class='ocrx_word' id='word_1_1100' title='bbox 1013 3445 1101 3484; x_wconf 92' lang='lat' dir='ltr'>quod</span> <span class='ocrx_word' id='word_1_1101' title='bbox 1117 3445 1156 3476; x_wconf 92' lang='lat' dir='ltr'>de</span> <span class='ocrx_word' id='word_1_1102' title='bbox 1173 3447 1217 3476; x_wconf 89' lang='lat' dir='ltr'>eis</span> <span class='ocrx_word' id='word_1_1103' title='bbox 1234 3451 1453 3476; x_wconf 86' lang='lat' dir='ltr'>conteramur:</span> <span class='ocrx_word' id='word_1_1104' title='bbox 1564 3446 1730 3477; x_wconf 89' lang='lat' dir='ltr'>Secundo:</span> <span class='ocrx_word' id='word_1_1105' title='bbox 1755 3451 1864 3476; x_wconf 91' lang='lat' dir='ltr'>utrum</span> <span class='ocrx_word' id='word_1_1106' title='bbox 1886 3447 1987 3486; x_wconf 91' lang='lat' dir='ltr'>possit</span> <span class='ocrx_word' id='word_1_1107' title='bbox 2010 3456 2078 3477; x_wconf 88' lang='lat' dir='ltr'>esse</span> <span class='ocrx_word' id='word_1_1108' title='bbox 2100 3447 2195 3477; x_wconf 91' lang='lat' dir='ltr'>nimis</span> <span class='ocrx_word' id='word_1_1109' title='bbox 2218 3456 2354 3487; x_wconf 89' lang='lat' dir='ltr'>magnus</span> <span class='ocrx_word' id='word_1_1110' title='bbox 2378 3447 2482 3479; x_wconf 88' lang='lat' dir='ltr'>dolor.</span> 
     </span>
    </p>

    <p class='ocr_par' dir='ltr' id='par_1_50' title="bbox 393 3486 2575 3534">
     <span class='ocr_line' id='line_1_86' title="bbox 393 3486 2575 3534; baseline 0.004 -19"><span class='ocrx_word' id='word_1_1111' title='bbox 393 3486 467 3525; x_wconf 89' lang='lat' dir='ltr'>quia</span> <span class='ocrx_word' id='word_1_1112' title='bbox 490 3495 558 3516; x_wconf 92' lang='lat' dir='ltr'>non</span> <span class='ocrx_word' id='word_1_1113' title='bbox 582 3487 687 3516; x_wconf 89' lang='lat' dir='ltr'>omnis</span> <span class='ocrx_word' id='word_1_1114' title='bbox 706 3487 798 3517; x_wconf 92' lang='lat' dir='ltr'>dolor</span> <span class='ocrx_word' id='word_1_1115' title='bbox 822 3487 861 3518; x_wconf 89' lang='lat' dir='ltr'>de</span> <span class='ocrx_word' id='word_1_1116' title='bbox 884 3494 1016 3527; x_wconf 88' lang='lat' dir='ltr'>peccato</span> <span class='ocrx_word' id='word_1_1117' title='bbox 1033 3490 1202 3528; x_wconf 88' lang='lat' dir='ltr'>praeterito</span> <span class='ocrx_word' id='word_1_1118' title='bbox 1224 3495 1270 3520; x_wconf 90' lang='lat' dir='ltr'>est</span> <span class='ocrx_word' id='word_1_1119' title='bbox 1293 3490 1453 3525; x_wconf 91' lang='lat' dir='ltr'>contritio,</span> <span class='ocrx_word' id='word_1_1120' title='bbox 1565 3490 1692 3520; x_wconf 88' lang='lat' dir='ltr'>Tertio:</span> <span class='ocrx_word' id='word_1_1121' title='bbox 1726 3496 1835 3520; x_wconf 90' lang='lat' dir='ltr'>utrum</span> <span class='ocrx_word' id='word_1_1122' title='bbox 1859 3489 1971 3521; x_wconf 93' lang='lat' dir='ltr'>debeat</span> <span class='ocrx_word' id='word_1_1123' title='bbox 2001 3500 2068 3521; x_wconf 87' lang='lat' dir='ltr'>esse</span> <span class='ocrx_word' id='word_1_1124' title='bbox 2091 3492 2194 3522; x_wconf 89' lang='lat' dir='ltr'>maior</span> <span class='ocrx_word' id='word_1_1125' title='bbox 2217 3491 2310 3522; x_wconf 88' lang='lat' dir='ltr'>dolor</span> <span class='ocrx_word' id='word_1_1126' title='bbox 2341 3491 2380 3523; x_wconf 87' lang='lat' dir='ltr'>de</span> <span class='ocrx_word' id='word_1_1127' title='bbox 2408 3502 2476 3523; x_wconf 92' lang='lat' dir='ltr'>uno</span> <span class='ocrx_word' id='word_1_1128' title='bbox 2499 3501 2575 3534; x_wconf 84' lang='lat' dir='ltr'>pec-</span> 
     </span>
    </p>
   </div>
   <div class='ocr_carea' id='block_1_16' title="bbox 393 3529 1973 3574">
    <p class='ocr_par' dir='ltr' id='par_1_51' title="bbox 393 3529 1973 3574">
     <span class='ocr_line' id='line_1_87' title="bbox 393 3529 1973 3574; baseline 0.003 -14"><span class='ocrx_word' id='word_1_1129' title='bbox 393 3535 428 3560; x_wconf 93' lang='lat' dir='ltr'>ut</span> <span class='ocrx_word' id='word_1_1130' title='bbox 452 3539 489 3560; x_wconf 86' lang='lat' dir='ltr'>ex</span> <span class='ocrx_word' id='word_1_1131' title='bbox 513 3529 603 3560; x_wconf 91' lang='lat' dir='ltr'>dictis</span> <span class='ocrx_word' id='word_1_1132' title='bbox 619 3531 635 3547; x_wconf 44' lang='grc' dir='ltr'>θ’</span> <span class='ocrx_word' id='word_1_1133' title='bbox 658 3536 754 3571; x_wconf 92' lang='lat' dir='ltr'>patet.</span> <span class='ocrx_word' id='word_1_1134' title='bbox 1469 3547 1492 3568; x_wconf 78' lang='lat'>75</span> <span class='ocrx_word' id='word_1_1135' title='bbox 1621 3540 1691 3564; x_wconf 88' lang='lat' dir='ltr'>cato</span> <span class='ocrx_word' id='word_1_1136' title='bbox 1716 3543 1813 3574; x_wconf 89' lang='lat' dir='ltr'>quam</span> <span class='ocrx_word' id='word_1_1137' title='bbox 1837 3533 1876 3564; x_wconf 94' lang='lat' dir='ltr'>de</span> <span class='ocrx_word' id='word_1_1138' title='bbox 1900 3535 1973 3565; x_wconf 87' lang='lat' dir='ltr'>alio.</span> 
     </span>
    </p>
   </div>
   <div class='ocr_carea' id='block_1_17' title="bbox 2606 1243 2820 1352">
    <p class='ocr_par' dir='ltr' id='par_1_52' title="bbox 2606 1243 2820 1352">
     <span class='ocr_line' id='line_1_88' title="bbox 2607 1243 2820 1267; baseline 0.005 -1"><span class='ocrx_word' id='word_1_1139' title='bbox 2607 1246 2618 1256; x_wconf 85' lang='grc'><em>·</em></span> <span class='ocrx_word' id='word_1_1140' title='bbox 2641 1243 2767 1267; x_wconf 61' lang='grc' dir='ltr'>ΟΜ.</span> <span class='ocrx_word' id='word_1_1141' title='bbox 2795 1245 2820 1267; x_wconf 72' lang='lat' dir='ltr'>{n</span> 
     </span>
     <span class='ocr_line' id='line_1_89' title="bbox 2606 1270 2820 1299; baseline 0 -6"><span class='ocrx_word' id='word_1_1142' title='bbox 2606 1270 2698 1298; x_wconf 72' lang='lat' dir='ltr'>Mam,</span> <span class='ocrx_word' id='word_1_1143' title='bbox 2716 1271 2746 1293; x_wconf 75' lang='lat' dir='ltr'>ad</span> <span class='ocrx_word' id='word_1_1144' title='bbox 2767 1276 2820 1299; x_wconf 69' lang='lat' dir='ltr'>up.</span> 
     </span>
     <span class='ocr_line' id='line_1_90' title="bbox 2606 1297 2820 1352; baseline 0.005 -6"><span class='ocrx_word' id='word_1_1145' title='bbox 2606 1297 2820 1352; x_wconf 50' lang='lat' dir='ltr'>ffltevrerssbss&#39;l-iie&#39;r:</span> 
     </span>
    </p>
   </div>
   <div class='ocr_carea' id='block_1_18' title="bbox 2604 3299 2657 3324">
    <p class='ocr_par' dir='ltr' id='par_1_53' title="bbox 2604 3299 2657 3324">
     <span class='ocr_line' id='line_1_91' title="bbox 2604 3299 2657 3324; baseline 0 0"><span class='ocrx_word' id='word_1_1146' title='bbox 2604 3299 2657 3324; x_wconf 57' lang='lat' dir='ltr'>‘md</span> 
     </span>
    </p>
   </div>
   <div class='ocr_carea' id='block_1_19' title="bbox 2659 3272 2812 3302">
    <p class='ocr_par' dir='ltr' id='par_1_54' title="bbox 2659 3272 2812 3302">
     <span class='ocr_line' id='line_1_92' title="bbox 2659 3272 2812 3302; baseline 0 -7"><span class='ocrx_word' id='word_1_1147' title='bbox 2659 3287 2666 3295; x_wconf 92' lang='lat'>.</span> <span class='ocrx_word' id='word_1_1148' title='bbox 2681 3278 2721 3302; x_wconf 79' lang='lat' dir='ltr'>qu.</span> <span class='ocrx_word' id='word_1_1149' title='bbox 2737 3278 2754 3301; x_wconf 91' lang='grc' dir='ltr'>ι,</span> <span class='ocrx_word' id='word_1_1150' title='bbox 2768 3272 2812 3295; x_wconf 81' lang='grc'><strong>111·-</strong></span> 
     </span>
    </p>
   </div>
  </div>
 </body>
</html>
