2878 4088
79 1148 90 1160 ⁸
104 1146 164 1170 Vide
178 1153 255 1176 supra.

70 3404 171 3452 &Aul-ltro⁴
170 3409 227 3452 2ιιιε
236 3402 285 3425 sed

952 183 1215 230 QUAESTIO
1245 182 1414 229 LXXIV,
1436 181 1729 220 ARTICULUS
1756 184 1904 230 V1,V11

330 262 448 292 nostris
481 261 718 303 congruebant,
750 261 894 292 ardendo
917 263 1048 302 penitus
1081 263 1271 298 interibunt,
1302 266 1398 302 atque

329 308 398 347 ipsa
419 306 598 336 substantia
618 315 672 336 eas
695 307 866 347 qualitates
881 306 1006 337 habebit
1026 316 1110 347 quae
1132 306 1323 347 corporibus
1339 306 1396 335 im-

329 350 518 381 mortalibus
541 350 683 381 mirabili
706 351 884 381 mutatione
906 351 1109 381 conveniant.

383 394 446 425 Sed
461 394 540 425 illud
555 404 623 425 non
640 394 764 425 videtur
779 395 954 435 probabile,
969 404 1045 425 cum
1061 395 1228 435 qualitates
1246 394 1395 434 propriae

2450 185 2518 231 167

1509 270 1538 291 2.
1562 261 1757 297 PRAnranA,
1774 263 1872 302 Apoc.
1890 273 1951 298 xxr,
1975 263 2051 294 dicit
2075 263 2189 294 Glossa
2204 266 2230 301 ³³,
2254 275 2349 305 super
2378 264 2458 295 illud
2473 265 2518 301 ’ἦ

1457 304 1526 335 Vidi
1549 306 1673 336 caelum
1693 315 1811 336 novum
1828 312 1904 336 etc.:
1931 307 2115 338 Immutatio
2140 309 2226 339 aeris
2249 315 2279 339 et
2299 314 2407 340 terrae
2429 309 2519 339 dubi-

1451 349 1547 379 tabile
1570 359 1635 380 non
1660 354 1708 380 est
1729 350 1806 390 quin
1824 360 1888 390 per
1911 350 2018 391 ignem
2031 353 2103 392 fiet.
2138 352 2201 382 Sed
2223 353 2263 384 de
2285 362 2370 394 aqua
2393 353 2518 384 dubita-

1450 397 1524 423 tur:
1547 403 1622 424 nam
1631 394 1865 435 purgationem
1890 395 1922 424 in
1946 395 2050 434 seipsa
2068 396 2185 426 habere
2200 397 2351 427 creditur.
2376 398 2461 437 Ergo
2479 397 2518 427 ad

327 439 563 469 elementorum
579 439 641 469 sint
660 438 792 469 effectus
815 438 991 470 formarum
1012 438 1276 474 substantialium,
1294 437 1393 477 quod,
1415 446 1424 466 5
1449 438 1556 468 minus
1579 447 1647 468 non
1677 443 1724 468 est
1755 444 1877 468 certum
1900 438 1990 489 quod
2013 440 2122 469 omnia
2151 441 2308 471 elementa
2331 447 2515 482 purgentur.

327 483 438 513 formis
450 483 707 514 substantialibus
722 484 935 519 manentibus,
949 483 1115 523 qualitates
1128 482 1307 523 praedictae
1319 491 1394 521 pos-

326 533 400 558 sunt
415 529 547 564 mutari‚
572 528 632 558 nisi
649 537 706 568 per
721 528 882 558 actionem
898 527 1072 558 violentam
1088 526 1128 557 ad
1142 532 1286 566 tempus:
1312 526 1394 555 sicut

325 573 358 602 in
382 581 465 612 aqua
489 571 640 603 calefacta
663 571 808 602 videmus
832 571 922 611 quod
945 580 983 602 ex
1007 571 1038 601 vi
1061 580 1138 602 suae
1165 571 1284 610 speciei
1307 569 1392 609 frigi-

326 616 456 647 ditatem
479 621 655 656 recuperat,
673 625 772 656 quam
794 625 851 656 per
874 616 1035 646 actionem
1057 615 1139 655 ignis
1162 615 1276 650 amisit,
1299 613 1392 644 dum-

324 660 425 691 modo
449 662 571 701 species
595 669 698 700 aquae
721 665 892 690 remaneat.
908 677 931 681 —
953 659 995 689 Et
1017 664 1180 699 praeterea
1201 659 1290 698 ipsae
1314 666 1392 697 qua·
1408 669 1434 684 ιο

324 705 425 735 litates
450 705 656 736 elementares
679 710 754 734 sunt
776 703 816 734 de
839 703 1036 743 perfectione
1053 702 1192 733 secunda
1216 702 1391 732 elemento-

323 759 405 785 rum,
430 750 511 780 sicut
534 749 682 789 propriae
714 749 878 788 passiones
901 756 1031 778 eorum:
1055 756 1116 777 nec
1149 752 1196 776 est
1227 745 1391 785 probabile

324 793 413 833 quod
445 794 479 824 in
510 793 564 823 illa
595 792 683 823 finali
716 792 995 822 consummatione
1027 790 1149 831 aliquid
1186 789 1391 830 perfectionis

323 838 474 868 naturalis
498 838 536 868 ab
561 837 726 868 elementis
749 836 887 866 tollatur.

377 882 419 912 Et
446 881 519 911 ideo
549 880 674 911 videtur
704 879 877 910 dicendum
907 878 997 919 quod
1026 879 1203 909 manebunt
1233 878 1391 908 elementa
1406 889 1428 909 ις

322 931 480 966 quantum
496 925 535 955 ad
550 925 759 955 substantiam
783 929 814 954 et
837 923 1003 964 qualitates
1027 932 1140 953 eorum
1163 923 1318 962 proprias,
1335 920 1391 951 sed

321 969 542 1010 purgabuntur
571 969 610 999 ab
640 967 814 998 infectione
849 977 947 1008 quam
979 977 1017 997 ex
1046 967 1186 1007 peccatis
1218 967 1390 997 hominum

321 1018 556 1048 contraxerunt,
573 1018 604 1043 et
627 1012 666 1042 ab
690 1013 872 1052 impuritate
896 1021 979 1052 quae
1002 1021 1059 1052 per
1080 1012 1241 1042 actionem
1265 1016 1296 1041 et
1318 1020 1390 1050 pas-

319 1058 444 1088 sionem
467 1063 615 1088 mutuam
638 1057 672 1087 in
695 1057 740 1087 eis
764 1056 894 1087 accidit:
924 1057 1000 1097 quia
1021 1057 1105 1091 iam,
1131 1061 1273 1086 cessante
1297 1060 1389 1085 motu

318 1102 414 1142 primi
436 1102 584 1137 mobilis,
610 1098 644 1131 in
675 1100 880 1131 inferioribus
910 1101 1075 1131 elementis
1105 1106 1219 1131 mutua
1251 1100 1334 1129 actio
1359 1105 1390 1129 et
1403 1110 1430 1124 ιο

318 1146 424 1186 passio
442 1155 510 1177 esse
528 1155 596 1176 non
612 1146 739 1186 poterit.
764 1145 805 1176 Et
820 1145 884 1176 hoc
900 1145 1100 1185 Augustinus
1123 1144 1262 1185 appellat
1277 1145 1294 1161 ’ἓ
1310 1153 1389 1184 qua-

318 1191 426 1221 litates
459 1190 717 1231 corruptibilium
751 1190 982 1220 elementorum
993 1212 1004 1225 ,
1038 1189 1158 1220 scilicet
1196 1188 1388 1219 innaturales

318 1234 568 1287 dispositiones
576 1244 710 1271 eorum,
734 1233 913 1265 secundum
937 1243 1017 1274 quas
1040 1234 1240 1274 corruptioni
1272 1242 1388 1273 appro-

317 1280 485 1320 pinquant.

372 1324 424 1354 An
447 1333 565 1354 ramum
588 1333 671 1354 aneo
695 1310 855 1354 mmmmm
879 1323 969 1363 quod
991 1323 1072 1363 ignis
1095 1322 1148 1353 ille
1172 1321 1287 1352 dicitur
1309 1330 1388 1362 qua·
1402 1330 1426 1350 ες

316 1374 391 1399 tuor
415 1369 573 1399 elementa
588 1368 764 1403 absumere,
781 1368 974 1408 inquantum
998 1377 1035 1397 ea
1053 1367 1162 1407 aliquo
1187 1365 1287 1396 modo
1311 1374 1387 1405 pur-

316 1413 411 1452 gabit.
436 1412 536 1451 Quod
559 1418 668 1443 autem
691 1413 844 1452 sequitur,
865 1412 931 1442 duo
955 1421 997 1442 ex
1020 1417 1088 1442 toto
1112 1415 1296 1446 consumet,
1319 1419 1399 1440 non

317 1462 364 1487 est
386 1456 631 1497 intelligendum
654 1456 744 1497 quod
767 1456 834 1487 duo
857 1457 1015 1487 elementa
1038 1455 1218 1486 secundum
1241 1455 1386 1485 substan-

266 1494 290 1514 ’·
315 1502 393 1532 tiam
413 1500 630 1532 destruantur:
662 1501 719 1531 sed
749 1501 826 1541 quia
852 1500 919 1532 duo
952 1501 1053 1540 magis
1084 1500 1337 1530 removebuntur
1369 1508 1386 1528 a

315 1546 509 1586 proprietate
533 1555 631 1586 quam
654 1555 741 1576 nunc
764 1546 894 1575 habent.
919 1545 1011 1583 Quae
1036 1543 1167 1585 quidem
1184 1543 1250 1574 duo
1273 1553 1291 1573 a
1315 1543 1386 1583 qui·
1401 1550 1427 1568 ιο

315 1589 451 1621 busdam
474 1589 624 1621 dicuntur
648 1599 716 1625 esse
738 1590 820 1630 ignis
844 1595 875 1619 et
898 1599 1000 1629 aqua,
1026 1598 1109 1629 quae
1132 1589 1271 1619 maxime
1294 1596 1386 1617 exce-

315 1633 396 1665 dunt
418 1635 452 1665 in
475 1634 679 1675 qualitatibus
704 1634 823 1669 activis,
839 1633 960 1664 seilicet
975 1633 1080 1664 calore
1104 1638 1136 1663 et
1158 1632 1285 1672 frigore,
1303 1640 1385 1671 quae

315 1684 390 1709 sunt
412 1679 550 1709 maxime
566 1678 781 1718 corruptionis
797 1678 952 1718 principia
975 1678 1008 1707 in
1032 1677 1100 1707 aliis
1119 1677 1321 1716 corporibus.
1344 1675 1385 1706 Et

314 1723 391 1763 quia
405 1728 483 1754 tunc
498 1732 567 1753 non
582 1723 640 1753 erit
663 1722 746 1752 actio
762 1722 843 1761 ignis
868 1727 899 1752 et
922 1731 1035 1761 aquae,
1052 1731 1135 1761 quae
1154 1726 1229 1751 sunt
1246 1721 1385 1750 maxime

313 1767 424 1803 activa,
441 1767 579 1798 maxime
601 1767 764 1797 immutari
781 1765 976 1796 videbuntur
999 1776 1016 1795 a
1039 1766 1154 1795 virtute
1175 1774 1274 1804 quam
1297 1773 1385 1794 nunc
1400 1770 1422 1790 ¹5

312 1811 440 1842 habent.
455 1829 479 1833 —
501 1811 565 1841 Alii
586 1820 662 1841 vero
687 1810 798 1841 dicunt
813 1811 891 1841 haec
911 1810 977 1841 duo
994 1819 1062 1840 esse
1078 1819 1184 1840 aerem
1208 1814 1239 1839 et
1255 1818 1383 1848 aquam,

311 1861 445 1896 propter
466 1856 570 1886 varios
593 1860 702 1886 motus
721 1855 857 1885 istorum
880 1854 1021 1885 duorum
1037 1854 1282 1888 elementorum,
1299 1862 1384 1897 quos

313 1905 556 1940 consequuntur
580 1909 618 1930 ex
641 1905 734 1930 motu
758 1908 934 1939 corporum
957 1899 1152 1930 caelestium.
1177 1898 1218 1928 Et
1234 1898 1309 1938 quia
1332 1897 1382 1927 isti

311 1949 420 1975 motus
442 1954 510 1974 non
534 1950 637 1980 erunt,
663 1945 744 1974 sicut
768 1943 872 1974 fluxus
897 1949 927 1974 et
950 1942 1090 1974 refluxus
1120 1943 1214 1972 maris
1239 1947 1270 1972 et
1293 1951 1383 1972 com-

311 1990 473 2020 motiones
495 1994 667 2019 ventorum
690 1994 722 2019 et
744 1987 941 2024 huiusmodi,
957 1987 1032 2018 ideo
1055 1988 1114 2018 ista
1134 1987 1292 2017 elementa
1315 1995 1382 2016 ma-
1397 1995 1424 2015 4⁰

310 2034 395 2064 xime
418 2033 628 2064 mutabuntur
651 2043 669 2063 a
692 2033 885 2073 proprietate
910 2041 1007 2072 quam
1031 2041 1118 2062 nunc
1142 2031 1270 2074 habent.

365 2078 417 2108 An
447 2087 611 2108 sneunnuu
640 2086 802 2108 nicnnnmi
825 2076 932 2117 quod,
956 2078 1038 2107 sicut
1067 2076 1143 2106 dicit
1170 2075 1380 2115 Augustinus,

310 2122 370 2152 XX
385 2122 424 2153 de
442 2122 510 2152 Ciu.
528 2122 590 2153 Dei
605 2123 632 2158 *‚
650 2131 725 2152 cum
749 2121 880 2157 dicitur,
904 2127 935 2152 et
957 2130 1047 2151 marc
1069 2121 1134 2151 iam
1159 2130 1223 2150 non
1248 2125 1303 2156 est,
1324 2129 1382 2160 per

310 2176 402 2197 mare
433 2171 540 2207 potest
571 2166 704 2206 intelligi
737 2175 886 2206 praesens
909 2165 1092 2202 saeculum,
1118 2164 1157 2195 de
1188 2174 1255 2205 quo
1285 2173 1381 2204 supra

223 2227 230 2235 ·
277 2229 284 2240 ›
311 2220 426 2252 parum
449 2216 522 2241 ante
537 2212 554 2227 ’
577 2210 706 2246 dixerat,
733 2211 829 2240 Mare
852 2210 939 2240 dedit
960 2215 1108 2240 mortuos
1129 2219 1216 2240 suos.
1232 2227 1255 2231 —
1279 2208 1311 2239 Si
1335 2214 1380 2239 ta-
1394 2217 1418 2237 ⁴5

310 2265 387 2286 men
410 2255 450 2286 ad
472 2265 559 2286 mare
583 2254 623 2286 ad
645 2255 781 2285 litteram
814 2254 1006 2290 referamus,
1030 2260 1107 2284 tunc
1131 2260 1178 2284 est
1207 2253 1380 2284 dicendum

311 2299 400 2340 quod
423 2301 456 2330 in
480 2300 558 2330 mari
583 2299 649 2330 duo
672 2299 908 2339 intelliguntur:
938 2299 1058 2330 scilicet
1086 2298 1259 2328 substantia
1282 2307 1379 2338 aqua-

309 2353 399 2380 rum;
424 2349 455 2374 et
472 2341 581 2374 e'arum
605 2343 773 2384 dispositio
790 2349 948 2383 quantum
972 2343 1012 2374 ad
1027 2342 1217 2373 salsedinem
1234 2348 1264 2373 et
1288 2352 1378 2372 com-

310 2389 471 2419 motiones
494 2387 663 2419 fluctuum.
695 2388 736 2418 Et
760 2394 917 2428 quantum
941 2387 981 2418 ad
1003 2388 1066 2418 hoc
1091 2386 1269 2418 secundum
1293 2396 1380 2417 mare

309 2443 378 2463 non
400 2433 586 2469 remanebit,
602 2433 778 2463 remanebit
801 2438 909 2463 autem
932 2438 1090 2473 quantum
1113 2431 1154 2462 ad
1176 2432 1327 2471 primum.

365 2477 416 2508 An
440 2487 575 2507 τιιιιτιιιιι
598 2487 758 2508 mannum
774 2477 864 2517 quod
887 2477 968 2516 ignis
991 2477 1045 2507 ille
1067 2486 1136 2507 non
1166 2481 1237 2516 aget
1261 2477 1320 2506 nisi
1344 2482 1380 2505 ut

311 2521 559 2551 instrumentum
582 2521 801 2561 providentiae
825 2527 856 2551 et
878 2522 1002 2551 virtutis
1026 2520 1160 2551 divinae.
1194 2520 1288 2551 Unde
1311 2529 1381 2550 non

311 2570 383 2605 aget
405 2566 439 2595 in
462 2565 522 2595 alia
545 2565 703 2596 elementa
730 2575 834 2605 usque
865 2565 905 2596 ad
928 2575 1041 2596 eorum
1075 2565 1378 2605 consumptionem,

311 2609 368 2640 sed
383 2609 490 2639 solum
505 2618 609 2649 usque
633 2609 673 2640 ad
688 2610 923 2650 purgationem.
947 2609 1016 2640 Nec
1040 2615 1167 2650 oportet
1188 2608 1278 2649 quod
1300 2608 1380 2639 illud

312 2653 402 2693 quod
426 2653 561 2684 efficitur
582 2654 714 2684 materia
728 2654 820 2694 ignis,
836 2654 974 2684 totaliter
997 2664 1016 2684 a
1039 2654 1146 2694 specie
1161 2654 1290 2694 propria
1309 2663 1380 2683 cor·
1395 2663 1417 2683 55

311 2703 494 2738 rumpatur:
519 2698 601 2728 sicut
624 2703 711 2738 patet
733 2699 767 2728 in
790 2697 873 2728 ferro
897 2699 1009 2737 ignito,
1026 2698 1134 2738 quod,
1159 2708 1177 2728 a
1199 2698 1274 2728 loco
1299 2698 1380 2737 igni-

310 2743 407 2772 tionis
422 2747 595 2777 remotum,
612 2751 650 2772 ex
673 2742 788 2772 virtute
804 2743 922 2781 speciei
945 2743 1137 2772 remanentis
1157 2742 1196 2773 ad
1211 2742 1380 2782 proprium

310 2792 429 2817 statum
452 2792 483 2817 et
506 2787 675 2826 pristinum
698 2786 788 2817 redit.
812 2786 853 2816 Et
876 2787 919 2816 ita
950 2787 1045 2817 etiam
1069 2787 1127 2816 erit
1150 2786 1190 2817 de
1214 2786 1380 2816 elementis

309 2841 367 2872 per
388 2831 497 2871 ignem
520 2831 671 2871 purgatis.

365 2875 416 2906 An
442 2885 591 2905 (ιιιΑιιτιιΜ
614 2885 774 2905 mensuum
805 2874 895 2915 quod
916 2875 950 2904 in
973 2875 1115 2914 partibus
1146 2875 1380 2905 elementorum
1393 2878 1420 2897 ⁶⁰

310 2929 377 2950 non
401 2924 530 2960 oportet
554 2919 746 2950 considerari
771 2919 879 2950 solum
903 2919 981 2959 quid
1001 2924 1157 2959 congruat
1179 2919 1274 2949 alicui
1298 2919 1379 2959 parti

310 2963 489 2995 secundum
505 2973 538 2995 se
555 2969 720 3004 acceptae:
745 2963 801 2994 sed
817 2964 912 2994 etiam
929 2962 1008 3003 quid
1030 2968 1185 3003 congruat
1199 2963 1379 2994 secundum

310 3007 457 3039 ordinem
481 3008 520 3039 ad
543 3013 658 3038 totum.
691 3008 772 3039 Dico
797 3017 873 3048 ergo
898 3006 997 3047 quod,
1022 3008 1167 3047 quamvis
1191 3016 1274 3047 aqua
1298 3013 1379 3037 esset

310 3052 450 3083 nobilior
473 3053 499 3083 si
522 3053 651 3083 haberet
667 3052 804 3083 formam
819 3052 910 3092 ignis,
928 3051 1070 3082 similiter
1085 3057 1165 3082 terra
1182 3057 1213 3082 et
1228 3061 1290 3087 aer,
1307 3052 1377 3081 uni-

310 3105 438 3127 versum
453 3102 560 3127 tamen
585 3102 666 3127 esset
681 3095 898 3137 imperfectius
922 3097 947 3126 si
971 3101 1038 3126 tota
1054 3095 1287 3126 elementorum
1311 3105 1378 3126 ma·
1391 3100 1416 3126 65

310 3141 387 3171 teria
410 3140 547 3171 formam
569 3142 652 3182 ignis
674 3147 857 3172 assumeret.

442 3206 543 3237 ART.
558 3207 612 3237 VI.
637 3217 741 3238 u‘rmm
764 3217 862 3237 mmm
887 3216 1048 3237 anamma
1072 3216 1129 3236 Ριιιι
1153 3216 1246 3236 mmm

657 3261 754 3282 terum
777 3261 944 3282 PURGANDA
967 3261 1034 3281 sm‘r

376 3325 397 3345 n
413 3324 532 3346 snx’rtm
547 3326 593 3346 stc
614 3326 818 3347 rnocxm‘rua.
838 3316 972 3348 Videtur
992 3316 1082 3357 quod
1101 3326 1161 3347 nec
1182 3317 1292 3346 omnia
1315 3316 1378 3346 ele·
1391 3326 1418 3347 70

314 3327 484 3390 Amenta
510 3369 568 3400 per
593 3359 686 3391 illum
711 3362 820 3402 ignem
843 3361 1073 3402 purgabuntur.
1102 3361 1187 3398 Quia
1210 3361 1291 3400 ignis
1313 3361 1377 3396 ille,

311 3409 348 3434 ut
370 3403 434 3434 iam
457 3402 580 3434 dictum
603 3409 649 3434 est
663 3405 690 3440 ',
706 3414 773 3436 non
796 3405 946 3437 ascendet
967 3406 1028 3436 nisi
1057 3410 1214 3446 quantum
1238 3404 1379 3435 ascendit

312 3457 395 3488 aqua
411 3446 530 3478 diluvii.
548 3447 611 3478 Sed
625 3457 708 3488 aqua
723 3449 834 3480 diluvii
849 3459 917 3480 non
931 3450 1076 3491 pervenit
1091 3459 1195 3490 usque
1211 3449 1250 3480 ad
1265 3449 1378 3489 sphae-

311 3501 379 3522 ram
403 3491 494 3532 ignis.
518 3491 604 3532 Ergo
622 3501 683 3523 nec
698 3493 916 3536 penultimam
934 3495 1159 3535 purgationem
1183 3494 1378 3525 elementum

311 3536 392 3576 ignis
415 3536 611 3576 purgabitur.

1506 481 1536 512 3.
1560 482 1864 518 Pnurann,1ocus
1889 483 1944 522 qui
1969 488 2015 512 est
2038 490 2210 523 perpetuae
2226 485 2417 522 infectionis,
2433 495 2517 516 nun-

1449 535 1547 565 quam
1562 531 1724 566 purgatur.
1749 526 1835 557 Sed·
1827 536 1860 556 m
1876 525 2002 557 inferno
2019 528 2076 557 erit
2091 534 2245 568 perpetua
2264 529 2405 559 infectio.
2431 529 2516 560 Cum

1449 578 1524 609 ergo
1549 569 1691 600 infernus
1714 571 1795 601 inter
1819 570 1976 601 elementa
2000 571 2186 607 collocetur,
2203 572 2326 603 videtur
2349 573 2438 613 quod
2454 574 2516 604 ele-

1447 619 1556 644 menta
1578 624 1646 644 non
1670 615 1808 645 totaliter
1830 620 2016 654 purgentur.

1506 667 1538 696 4.
1563 658 1767 694 Parmam,
1792 658 1955 698 paradisus
1986 660 2138 689 terrestris
2162 660 2195 689 in
2219 665 2299 690 terra
2323 661 2515 691 continetur.

1447 700 1511 731 Sed
1534 701 1586 732 ille
1609 711 1678 732 non
1693 703 1880 742 purgabitur
1902 712 1959 742 per
1978 703 2103 743 ignem:
2129 704 2204 744 quia
2220 705 2315 734 etiam
2338 714 2398 734 nec
2415 715 2515 745 aquae

1447 744 1557 775 diluvii
1580 745 1656 776 illuc
1673 746 1892 781 ascenderunt,
1911 753 1945 777 ut
1960 746 2047 777 Beda
2063 747 2138 778 dicit
2153 749 2180 784 *‚
2197 754 2228 778 et
2251 749 2384 778 habetur
2405 749 2438 778 in
2461 749 2516 779 Se-

1447 789 1555 819 cundo
1579 789 1819 820 Sententiarum
1835 792 1861 821 *.
1886 791 1971 831 Ergo
1995 790 2121 822 videtur
2136 791 2226 832 quod
2241 801 2308 822 non
2328 793 2437 823 omnia
2453 793 2515 823 ele-

1446 838 1554 863 menta
1577 834 1716 864 totaliter
1738 840 1924 875 purgentur.

1501 877 1564 908 Snn
1589 887 1712 908 CONTRA
1736 889 1790 909 nsr
1812 879 1918 919 glossa
1941 881 2068 920 supra*
2091 880 2238 917 inducta,
2270 890 2353 921 quae
2382 881 2553 911 habetur·

1446 920 1473 951 11
1496 921 1563 952 Pet.
1588 922 1644 952 ult.
1662 923 1688 958 *‚
1714 923 1804 963 quod
1829 929 1972 964 quatuor
1994 924 2149 955 elementa
2173 925 2260 966 ignis
2283 926 2338 955 ille
2360 925 2512 956 absumet.

1499 966 1690 997 Rnsponmzo
1718 977 1878 998 mmmmm
1904 968 1993 1008 quod
2024 968 2155 1008 quidam
2171 970 2187 986 ὕ
2211 969 2323 1000 dicunt
2350 969 2439 1010 quod
2462 970 2515 1000 ille

1445 1010 1526 1050 ignis
1559 1011 1708 1042 ascendet
1741 1022 1844 1052 usque
1877 1012 1916 1043 ad
1946 1014 2163 1044 summitatem
2197 1015 2289 1054 spatii
2321 1015 2514 1044 continentis

1445 1060 1585 1094 quatuor
1608 1056 1782 1092 elementa,
1807 1062 1843 1087 ut
1866 1058 1911 1087 sic
1935 1058 2093 1088 elementa
2120 1058 2258 1089 totaliter
2284 1064 2460 1099 purgentur
2483 1064 2514 1089 et

1445 1099 1483 1128 ab
1499 1099 1674 1130 infectione
1698 1102 1830 1140 peccati,
1848 1111 1915 1141 quo
1932 1103 2027 1132 etiam
2051 1103 2230 1142 superiores
2253 1109 2357 1143 partes
2373 1103 2513 1134 elemen-

1444 1148 1552 1174 torum
1575 1150 1651 1175 sunt
1672 1145 1819 1181 infectae,
1841 1151 1876 1176 ut
1899 1151 1986 1186 patet
2008 1155 2065 1186 per
2089 1146 2215 1177 fumum
2238 1147 2436 1178 idololatriae
2459 1157 2512 1178 su-

1443 1189 1569 1227 periora
1592 1188 1779 1226 inficientis;
1804 1196 1835 1220 et
1858 1190 1953 1220 etiam
1977 1200 1994 1220 a
2018 1192 2235 1230 corruptione,
2257 1192 2332 1231 quia
2355 1192 2512 1222 elementa

1443 1232 1623 1263 secundum
1647 1243 1760 1264 omnes
1783 1240 1887 1274 partes
1910 1236 1959 1265 sui
1984 1235 2201 1275 corruptibilia
2224 1242 2308 1266 sunt.

1499 1277 1562 1307 Sed
1586 1278 1664 1308 haec
1688 1279 1801 1318 opinio
1826 1284 1982 1319 repugnat
2005 1280 2184 1310 auctoritati
2209 1279 2412 1331 Scripturae:
2437 1281 2512 1321 quia

1443 1321 1470 1351 11
1493 1321 1559 1352 Pet.
1585 1332 1619 1352 m
1634 1323 1651 1338 ⁴*
1676 1322 1790 1353 dicitur
1814 1323 1903 1363 quod
1932 1323 1978 1353 illi
2006 1324 2084 1354 caeli
2109 1324 2241 1364 repositi
2263 1329 2340 1355 sunt
2361 1325 2432 1366 igni
2455 1325 2511 1364 qui

1442 1365 1572 1396 fuerunt
1587 1375 1645 1406 per
1660 1376 1778 1406 aquam
1793 1368 1928 1407 purgati.
1946 1367 1986 1397 Et
2001 1368 2200 1408 Augustinus
2217 1368 2302 1405 dicit,
2315 1369 2375 1399 XX
2390 1369 2429 1399 de
2441 1369 2510 1399 Ciu.

1441 1410 1533 1440 Dei
1535 1410 1651 1450 ,quod
1666 1411 1722 1442 ille
1737 1411 1876 1442 mundus
1890 1412 1946 1452 qui
1961 1411 2083 1442 diluuio
2101 1413 2211 1453 periit,
2229 1413 2299 1454 igni
2315 1418 2510 1444 reservatur.

1442 1454 1578 1485 Constat
1602 1460 1710 1485 autern
1733 1455 1824 1496 quod
1847 1466 1930 1496 aqua
1954 1456 2064 1486 diluvii
2088 1467 2155 1487 non
2180 1456 2321 1488 ascendit
2344 1467 2448 1498 usque
2472 1456 2512 1488 ad

1441 1500 1658 1530 summitatem
1692 1501 1785 1540 spatii
1820 1501 2073 1536 elementorum,
2107 1501 2163 1532 sed
2194 1502 2301 1532 solum
2335 1511 2439 1543 usque
2471 1501 2511 1552 ad

1440 1543 1621 1584 quindecim
1644 1544 1767 1575 cubitos
1789 1554 1887 1585 super
1908 1544 2110 1575 altitudinem
2134 1546 2290 1576 montium
2306 1547 2332 1576 ’ἢ

1496 1588 1537 1618 Ει
1552 1594 1715 1628 praeterea
1737 1594 1854 1619 notum
1879 1595 1925 1620 est
1949 1589 2038 1629 quod
2058 1599 2192 1630 vapores
2217 1590 2339 1626 elevati,
2355 1591 2406 1620 vel
2429 1589 2511 1620 fumi

1440 1633 1650 1672 quicumque,
1664 1642 1732 1663 non
1747 1639 1884 1673 possunt
1898 1635 2029 1664 transire
2044 1643 2102 1673 per
2116 1639 2218 1664 totam
2235 1635 2402 1675 sphaeram
2418 1635 2509 1675 ignis,

1440 1681 1476 1706 ut
1498 1678 1685 1716 perveniant
1709 1677 1748 1708 ad
1771 1679 1988 1708 summitatem
2012 1679 2091 1708 eius.
2116 1678 2157 1708 Et
2171 1678 2215 1708 ita
2232 1678 2364 1709 infectio
2388 1680 2511 1719 peccati

1439 1730 1507 1751 non
1530 1722 1617 1751 venit
1640 1731 1743 1761 usque
1767 1722 1807 1752 ad
1830 1723 1970 1762 spatium
1992 1722 2202 1762 praedictum.

1493 1765 1524 1795 A
1548 1766 1812 1805 corruptibilitate
1835 1767 1930 1796 etiam
1955 1766 2113 1797 elementa
2133 1777 2200 1797 non
2223 1772 2360 1807 possunt
2383 1767 2511 1807 purgari

1438 1818 1496 1848 per
1511 1810 1762 1840 subtractionem
1778 1811 1912 1841 alicuius
1929 1810 2023 1861 quod
2034 1820 2091 1861 per
2105 1811 2214 1850 ignem
2229 1812 2331 1851 possit
2346 1812 2510 1842 consumi:

1439 1852 1495 1884 sed
1510 1863 1568 1893 per
1582 1855 1691 1894 ignem
1707 1860 1860 1895 poterunt
1877 1855 2026 1885 consumi
2041 1855 2240 1895 impuritates
2263 1856 2509 1892 elementorum,

1439 1906 1522 1937 quae
1539 1908 1576 1928 ex
1593 1908 1707 1929 eorum
1722 1900 1936 1939 permixtione
1951 1900 2156 1939 proveniunt.
2181 1899 2379 1930 Huiusmodi
2401 1906 2510 1930 autem

1438 1943 1636 1982 impuritates
1661 1944 1833 1984 praecipue
1857 1949 1931 1974 sunt
1955 1945 2037 1974 circa
2057 1949 2171 1974 terram
2191 1954 2294 1984 usque
2311 1944 2351 1975 ad
2365 1944 2510 1975 medium

1439 1987 1517 2017 aeris
1533 1988 1747 2018 interstitium.
1778 1987 1872 2019 Unde
1889 1998 1992 2028 usque
2015 1988 2055 2018 ad
2070 1988 2150 2019 illud
2173 1990 2310 2029 spatium
2334 1989 2416 2029 ignis
2436 1989 2509 2019 ulti-

1437 2041 1509 2062 mae
1526 2031 1784 2072 conflagrationis
1800 2033 1958 2063 elementa
1973 2033 2131 2073 purgabit.
2153 2033 2294 2064 Tantum
2311 2034 2397 2063 enim
2413 2034 2509 2064 etiam

1437 2085 1540 2116 aquae
1575 2076 1685 2107 diluvii
1721 2077 1951 2107 ascenderunt:
1988 2077 2077 2117 quod
2112 2078 2318 2117 probabiliter
2351 2078 2509 2108 aestimari

1436 2126 1543 2160 potest
1566 2130 1603 2151 ex
1627 2122 1789 2152 montium
1814 2121 1997 2157 altitudine,
2022 2131 2105 2161 quos
2129 2121 2336 2152 determinata
2359 2131 2508 2153 mensura

1435 2165 1703 2196 transcenderant.

1490 2210 1634 2240 Primum
1658 2220 1735 2250 ergo
1758 2209 1976 2240 concedimus.

1489 2254 1541 2284 An
1559 2264 1721 2285 ssscunnuu
1740 2264 1900 2284 nrcnunun
1917 2254 2006 2294 quod
2022 2255 2102 2284 ratio
2119 2254 2326 2285 dubitationis
2342 2256 2375 2285 in
2393 2254 2508 2287 Glossa

1436 2299 1640 2338 exprimitur:
1666 2300 1741 2339 quia
1764 2299 1885 2329 scilicet
1907 2309 1992 2340 aqua
2017 2299 2165 2329 virtutem
2183 2299 2394 2340 purgationis
2417 2300 2450 2330 in
2474 2310 2508 2331 se

1434 2343 1551 2373 habere
1581 2343 1733 2374 creditur.
1764 2344 1839 2374 Non
1863 2349 1970 2374 tamen
2000 2344 2095 2374 habet
2117 2344 2183 2373 vim
2210 2344 2408 2384 purgationis
2438 2345 2507 2375 talis

1435 2388 1537 2427 qualis
1561 2387 1671 2418 futuro
1695 2389 1789 2418 statui
1814 2389 1978 2428 competit,
2003 2393 2038 2418 ut
2062 2397 2100 2418 ex
2123 2387 2215 2418 dictis
2230 2389 2246 2404 ἕ
2270 2393 2366 2428 patet.

1489 2433 1540 2462 An
1565 2442 1699 2463 Tem-mn
1725 2442 1886 2463 memnon
1910 2432 1999 2473 quod
2022 2432 2074 2462 illa
2098 2433 2244 2472 purgatio
2268 2433 2441 2472 praecipue
2465 2432 2504 2463 ad

1434 2477 1498 2507 hoc
1522 2477 1580 2507 erit
1602 2483 1638 2507 ut
1657 2476 1816 2517 quidquid
1839 2482 1886 2507 est
1909 2476 2160 2517 imperfectionis
2176 2487 2193 2506 a
2209 2482 2393 2507 sanctorum
2416 2477 2505 2507 habi-

1434 2522 1554 2551 tatione
1570 2527 1773 2552 removeatur
1782 2523 1808 2551 *.
1830 2522 1871 2552 Et
1885 2521 1959 2552 ideo
1975 2522 2008 2552 in
2024 2521 2077 2551 illa
2091 2521 2281 2561 purgatione
2297 2526 2403 2551 totum
2415 2521 2506 2561 quod

1435 2571 1482 2597 est
1504 2565 1639 2596 foedum
1666 2565 1706 2596 ad
1728 2566 1838 2596 locum
1869 2565 2094 2596 damnatorum
2125 2566 2378 2606 congregabitur.
2411 2565 2504 2596 Unde

1434 2610 1577 2641 infernus
1596 2620 1668 2641 ιιοιι
1690 2611 1893 2650 purgabitur:
1919 2610 1975 2641 sed
1998 2610 2037 2641 ad
2058 2611 2164 2651 ipsum
2188 2609 2388 2641 deducentur
2406 2611 2504 2641 totius

1434 2653 1548 2686 mundi
1571 2660 1791 2695 purgamenta.

1489 2699 1540 2729 An
1566 2709 1714 2729 omarum
1737 2709 1898 2729 mmmmm
1922 2698 2021 2739 quod,
2047 2700 2193 2738 quamvis
2216 2704 2386 2739 peccatum
2409 2699 2503 2739 primi

1434 2744 1575 2774 hominis
1598 2744 1631 2774 in
1654 2744 1791 2774 terrestri
1818 2743 1964 2783 paradiso
1993 2744 2031 2773 sit
2055 2743 2280 2778 commissum,
2305 2753 2372 2775 non
2396 2748 2502 2773 tamen

1434 2788 1525 2818 locus
1549 2788 1602 2818 ille
1625 2793 1672 2818 est
1695 2788 1787 2818 locus
1810 2787 2028 2827 peccantium,
2053 2787 2135 2817 sicut
2157 2797 2217 2817 nec
2242 2787 2367 2817 caelum
2391 2796 2502 2827 empy-

1434 2841 1541 2862 reum:
1568 2841 1605 2862 ex
1621 2837 1760 2872 utroque
1784 2832 1870 2861 enim
1885 2831 1960 2861 loco
1976 2831 2076 2861 homo
2093 2836 2124 2861 et
2139 2830 2285 2861 diabolus
2308 2831 2413 2861 statim
2429 2836 2503 2871 post

1433 2881 1603 2916 peccatum
1630 2881 1704 2906 sunt
1728 2876 1820 2907 eiecti
1835 2876 1861 2905 *.
1894 2874 1987 2906 Unde
2017 2875 2109 2905 locus
2138 2875 2192 2905 ille
2221 2875 2411 2915 purgatione
2434 2885 2500 2905 non

1433 2919 1562 2960 indiget.

1521 2985 1620 3015 ART.
1643 2985 1708 3015 VII.
1733 2994 1838 3014 urium
1860 2994 1942 3014 roms
1966 2994 2101 3014 uni-inan
2125 2993 2412 3014 CONFLAGRATIONIS

1767 3038 1908 3058 mmcnm
1932 3038 2051 3058 nusum
2075 3038 2165 3058 strom

1498 3104 1517 3124 ι)
1534 3104 1686 3124 sarmium
1709 3104 1754 3124 sm
1778 3103 1981 3124 Pnocnnrrtm.
2001 3093 2135 3124 Videtur
2158 3093 2247 3134 quod
2267 3094 2349 3134 ignis
2370 3094 2500 3125 ultimae

1437 3107 1755 3178 Aconflagrationis
1770 3137 1926 3169 iudicium
1942 3138 2037 3168 debet
2057 3138 2157 3178 sequi.
2181 3138 2380 3178 Augustinus
2402 3139 2498 3175 enim,

1433 3183 1492 3213 XX
1515 3182 1554 3213 de
1579 3183 1647 3213 Ciu.
1671 3182 1735 3213 Dei
1750 3183 1776 3218 *,
1801 3183 1888 3213 hunc
1918 3181 2065 3213 ordinem
2094 3183 2187 3222 ponit
2217 3192 2331 3213 eorum
2361 3192 2443 3223 quae
2466 3184 2500 3214 in

1432 3226 1553 3257 iudicio
1577 3233 1652 3257 sunt
1674 3226 1790 3263 futura,
1814 3226 1939 3257 dicens:
1965 3226 2004 3256 In
2025 3227 2081 3256 illo
2103 3226 2232 3263 iudicio,
2249 3227 2300 3257 vel
2314 3227 2402 3257 circa
2419 3227 2501 3258 illud

1433 3271 1596 3307 iudicium,
1608 3272 1667 3302 has
1679 3281 1731 3302 res
1746 3271 1915 3302 didicimus
1931 3280 1998 3301 esse
2020 3275 2189 3301 venturas:
2199 3270 2308 3301 Eliam
2324 3271 2499 3308 Tnesbiten,

1432 3315 1631 3346 Iudaeorum
1651 3315 1772 3357 fidem,
1797 3315 2028 3346 Antii-hristum
2045 3320 2310 3356 persecuturum,
2337 3315 2499 3346 Christum

1433 3360 1664 3395 iudicaturum,
1689 3365 1894 3390 mortuorum
1917 3360 2195 3396 resurrectionem,
2215 3359 2374 3390 bonorum
2397 3360 2499 3390 malo-

1433 3414 1567 3445 rumque
1599 3404 1802 3440 diuisionem,
1827 3404 1939 3435 mundi
1966 3404 2274 3446 conflagrationem,
2298 3403 2500 3445 eiusdemque

1433 3449 1685 3479 renovationem.
1709 3449 1796 3489 Ergo
1820 3447 2027 3488 conflagratio
2051 3447 2206 3479 iudicium
2230 3454 2390 3488 sequetur.

1490 3503 1519 3523 2.
1544 3494 1740 3529 Proxumum,
1756 3493 1955 3533 Augustinus
1971 3492 2056 3529 dicit,
2073 3493 2106 3523 in
2123 3492 2239 3523 eodem
2262 3492 2343 3523 libro
2359 3494 2392 3523 *2
2409 3492 2498 3523 Iudi-

1392 3547 1416 3567 75
1433 3538 1513 3568 catis
1537 3538 1641 3578 impiis
1667 3543 1698 3568 et
1720 3538 1752 3568 in
1782 3538 1890 3579 ignem
1917 3542 2084 3568 aeternum
2114 3537 2233 3574 missis,
2254 3537 2374 3578 figura
2402 3537 2499 3568 huius

2548 270 2558 279 ‘
2572 268 2629 290 Ord.

2548 295 2568 306 '¹‘
2583 295 2649 317 Vera.
2666 302 2684 317 ι.

2544 754 2678 778 '.Hexaem
2689 757 2728 778 lib.
2736 757 2754 784 1,

2543 781 2571 801 ad
2589 780 2645 803 Gen.
2663 788 2712 810 cap.
2729 789 2754 809 ιι,

2543 813 2602 829 vers.
2632 808 2651 830 8.
2717 809 2752 832 Cf.

2544 833 2622 856 Gloss.
2629 835 2686 857 Ord.
2692 835 2755 857 Stra-

2544 860 2566 880 bi
2591 860 2647 883 ibid.

2567 877 2691 913 b18101Vss,
2703 894 2753 916 ΟΙΡ.

2542 912 2665 935 Hominem
2669 917 2752 936 autem.

2543 940 2617 962 ·.Art
2633 941 2740 967 praeced.
2748 959 2754 968 ‚

2542 971 2633 1030 ῗτῧθΐβ.
2651 1000 2659 1015 t
2663 1000 2686 1015 0·

2542 1018 2595 1041 ·S.
2612 1019 2699 1041 Bonav.
2721 1020 2753 1042 lv

2541 1045 2614 1072 Seni„
2620 1046 2674 1068 dist.
2682 1053 2751 1074 uvir,

2541 1076 2584 1094 art.
2599 1078 2619 1100 2,
2635 1079 2673 1101 qu.
2688 1080 2708 1102 3.

2540 1331 2631 1353 ‘Vers.
2645 1338 2657 1359 5
2671 1338 2723 1360 sqq.

2539 1419 2621 1447 'Cap.
2636 1426 2701 1442 xviii.

2539 1554 2622 1576 ·Gen.
2641 1560 2692 1582 cap.
2711 1561 2750 1583 vu,

2538 1587 2597 1602 vers.
2613 1587 2650 1602 2ο.

2533 2400 2543 2410 ·
2557 2399 2608 2421 Art.
2623 2405 2643 2426 ²,
2658 2400 2687 2421 ad
2702 2405 2721 2421 2.

2533 2523 2542 2532 '¹
2557 2522 2606 2543 Art.
2624 2529 2642 2544 ι.

2530 2809 2615 2831 ·.Gen
2634 2815 2687 2837 cap.
2706 2815 2741 2836 ιιι,

2530 2841 2589 2858 vers.
2616 2841 2657 2862 24;
2684 2825 2741 2858 Luc.

2529 2868 2580 2890 cap.
2594 2867 2618 2889 x,
2629 2868 2687 2884 vers.
2700 2863 2740 2888 ι8ς

2528 2888 2599 2916 Apoc.
2622 2894 2673 2917 cap.
2694 2895 2740 2916 xii,

2529 2921 2587 2937 vers.
2602 2921 2616 2942 7
2629 2921 2682 2943 sqq.

2527 3186 2536 3196 ·
2547 3185 2604 3212 Cap.
2616 3190 2671 3210 xxx.
2685 3190 2708 3205 ιι.
2718 3189 2739 3212 5.

2527 3498 2536 3508 ”
2549 3495 2606 3524 Cap.
2621 3502 2665 3518 xvi.
