2918 4088
207 2504 215 2564 ἶ
239 2531 273 2564 ‚¹
300 2523 369 2562 est,
387 2517 420 2553 si
445 2517 524 2565 quis
551 2516 770 2565 confugeret
788 2514 803 2545 β
830 2516 882 2553 ad
903 2516 1109 2553 Ecclesiam
1135 2515 1364 2552 Catholicam
1418 2527 1489 2564 per
1516 2527 1635 2564 quam
1663 2514 1854 2551 morimur
1871 2522 2028 2564 peccato
2049 2523 2085 2552 et
2103 2516 2336 2565 resurgimus
2355 2518 2395 2555 in
2413 2531 2479 2556 no-

981 205 1243 252 QUAESTIO
1272 204 1412 251 LXVI,
1441 203 1733 242 ARTICULUS
1761 206 1812 242 IX
2428 212 2476 258 75

303 282 403 314 illam.
436 282 573 314 Constat
599 288 708 314 autem
736 284 825 324 quod
847 284 990 315 Ecclesia
1012 285 1148 315 instituit
1169 284 1285 314 trinam
1307 283 1368 314 im·
1423 283 1586 322 quaelibet
1609 283 1730 313 ablutio
1754 293 1812 324 per
1834 285 2074 316 immersionem
2097 287 2129 316 in
2148 292 2293 327 tempore
2316 288 2360 325 fit,
2379 295 2409 320 et
2423 299 2481 330 per

304 327 511 363 mersionem,
535 337 603 358 non
626 333 662 358 ut
685 328 889 359 substantiale
905 329 1102 364 sacramenti,
1126 327 1182 358 sed
1204 333 1240 358 ut
1263 336 1368 357 caere-
1422 332 1527 366 partes
1558 328 1752 357 successivas
1780 338 1816 358 ac
1845 330 2013 360 continuas
2042 331 2280 362 immersiones:
2314 339 2344 363 et
2373 344 2480 364 rursus

303 370 446 401 moniale
470 370 630 402 eiusdem:
656 373 811 412 quoniam
833 382 902 403 non
925 373 986 403 nisi
1002 372 1041 402 ad
1057 370 1302 412 significandum
1317 370 1368 401 vel
1423 371 1584 411 quaelibet
1613 372 1710 401 trium
1733 372 1978 403 immersionum
2008 374 2089 404 inter
2112 384 2145 405 se
2175 375 2379 407 discretarum
2409 388 2480 418 pars

304 415 478 445 trinitatem
493 415 716 452 Personarum,
732 417 783 447 vel
806 416 948 447 triduum
962 416 1153 456 sepulturae,
1169 415 1256 445 illam
1279 414 1368 445 insti-
1423 420 1470 444 est
1492 415 1588 445 unius
1612 415 1794 452 ablutionis,
1819 425 1917 455 quam
1939 417 2134 456 baptismum
2156 428 2318 450 vocamus,
2346 421 2421 458 Quo
2445 422 2481 452 fit

305 459 375 489 tuit.
400 458 539 489 Intentio
563 469 638 500 ergo
661 461 798 491 ministri
814 460 854 491 ad
868 461 983 491 trinam
1002 460 1242 490 immersionem
1259 458 1366 494 fertur,
1421 464 1467 494 ut,
1492 459 1568 499 quia
1591 463 1697 489 totum
1713 461 1929 490 successivum
1953 470 1990 490 ex
2007 461 2148 501 qualibet
2163 463 2212 492 sui
2227 469 2314 502 parte
2330 464 2478 495 infertur:

305 511 374 533 non
396 508 433 533 ut
456 502 496 534 ad
518 513 586 534 rem
609 506 819 535 necessariam
842 509 1052 540 sacramento,
1076 503 1133 534 sed
1154 508 1191 533 ut
1206 502 1246 533 ad
1262 511 1368 533 caere-
1422 507 1469 532 est
1492 503 1579 533 enim
1602 502 1669 533 dies
1692 512 1917 544 quaecumque
1940 505 2018 535 hora
2041 505 2103 535 diei
2125 506 2182 542 sit3
2207 511 2238 536 et
2254 508 2395 538 similiter
2409 519 2480 539 mo-

305 547 449 578 moniam
473 547 626 579 eiusdem.
658 548 799 579 Omissio
822 554 930 579 autem
953 548 1172 578 caeremoniae
1194 556 1264 577 non
1286 546 1368 577 tollit
1421 551 1512 577 vetur
1536 547 1649 587 aliquis
1672 548 1706 577 in
1730 557 1936 588 quacumque
1951 554 2060 579 motus
2075 556 2164 589 parte
2187 551 2374 587 inveniatur,
2398 570 2419 575 -
2443 563 2480 583 ex

304 591 470 622 veritatem
492 592 652 632 baptismi.
686 593 728 623 Et
749 597 934 633 propterea,
958 592 984 622 si
1007 601 1045 622 ex
1068 591 1192 634 incuria
1214 596 1269 621 aut
1293 600 1368 621 casu
1421 600 1628 631 quacumque
1643 591 1859 628 immersione,
1876 593 1978 622 immo
1994 603 2032 623 ex
2049 603 2253 634 quacumque
2268 595 2480 627 immersionis

305 635 368 665 alio
384 636 536 672 minister,
553 635 722 667 intendens
737 637 852 667 trinam
867 635 1118 671 immersionem,
1134 633 1278 675 perficiat
1292 644 1367 675 pro·
1420 640 1509 675 parte
1540 634 1717 666 sufficiente
1745 635 1784 666 ad
1807 636 2003 667 abluendum
2015 661 2023 674 ‚
2047 637 2167 668 ablutio
2191 638 2342 676 infertur,
2366 650 2402 670 ac
2424 650 2482 680 per

304 677 386 709 ferre
408 679 504 710 verba
526 679 649 710 formae
672 685 744 711 ante
767 679 942 711 secundam
965 684 1021 710 aut
1043 680 1167 709 tertiam
1188 679 1367 709 immersio-
1420 679 1494 715 hoc,
1510 680 1697 719 baptismus,
1715 680 1741 710 si
1756 681 1790 710 in
1805 681 1903 710 totius
1919 681 2075 711 rationem
2092 687 2236 712 transeat.
2252 683 2380 714 Habent
2395 685 2481 714 enirn

303 732 390 759 nem,
414 724 591 764 baptismus
613 723 774 764 perfectus
798 729 862 754 est:
888 728 919 754 et
942 732 1025 763 quae
1048 732 1115 754 non
1140 728 1187 754 est
1209 722 1292 753 facta
1307 723 1367 753 im-
1420 723 1516 753 unius
1539 724 1752 754 immersionis
1775 729 1900 764 partes,
1930 730 1961 755 et
1983 725 2125 765 singulae
2148 726 2386 764 immersiones,
2410 738 2482 768 par-

303 768 421 798 mersio
445 767 631 798 durantibus
653 768 767 804 verbis,
791 766 953 808 superflue
975 772 1050 807 post
1072 768 1169 797 verba
1187 766 1365 803 adderetur,
1420 767 1501 797 tium
1524 768 1682 798 rationem
1706 767 1783 798 dum
1806 769 1840 798 in
1864 778 1923 798 suo
1942 774 2013 799 toto
2036 775 2222 800 sumuntur:
2249 777 2279 801 et
2302 772 2369 801 sola
2392 782 2481 812 sepa-

305 812 460 851 quoniam
482 821 551 842 non
574 817 656 842 esset
679 812 816 852 amplius
834 811 984 851 baptismi
1007 820 1089 851 pars.
1419 812 1499 841 ratio
1523 812 1562 841 ab
1586 812 1653 842 aliis
1676 813 1818 851 partibus
1840 812 1886 843 illi
1900 813 1952 843 vel
1967 813 2028 844 illis
2050 814 2207 844 rationem
2221 816 2319 845 totius
2342 816 2480 856 largitur,

359 855 411 886 111.
434 855 486 886 Ad
509 855 727 886 obiectionem
749 861 858 886 autem
880 854 1044 885 inductam
1069 854 1183 885 dicitur
1206 855 1297 894 quod
1318 855 1366 885 in·
1419 860 1456 885 ut
1478 855 1592 886 accidit
1607 856 1640 886 in
1659 855 1816 887 divisione
1832 857 1978 887 continui
1994 859 2218 898 permanentis
2243 859 2387 890 Ministro
2405 870 2480 900 ergo

303 899 489 940 telliguntur
503 899 600 930 verba
613 900 764 930 Auctoris
780 899 820 930 de
835 899 931 930 unica
945 899 1153 930 immersione
1169 899 1227 929 sub
1243 899 1366 929 ratione
1418 898 1604 930 intendente
1619 900 1735 930 trinam
1751 901 2002 939 immersionem,
2019 902 2162 942 quandiu
2177 903 2407 940 immersiones,
2424 914 2481 935 seu

302 943 409 983 partis.
443 943 478 974 In
503 953 578 974 casu
601 948 709 974 autem
731 949 858 980 nostro,
882 943 1002 973 scilicet
1026 953 1092 983 quo
1115 944 1212 974 verba
1234 953 1366 984 praeve-
1419 953 1528 973 earum
1551 949 1665 983 partes,
1690 945 1808 974 habent
1831 946 1988 976 rationem
2010 947 2150 987 partium
2172 947 2320 987 baptismi
2337 958 2374 978 ex
2392 954 2481 988 parte

302 987 408 1018 nitent
437 986 612 1018 secundam
634 988 893 1024 immersionem,
917 988 1013 1017 unica
1035 988 1210 1023 immersio,
1236 997 1273 1018 ex
1296 988 1365 1027 ipsa
1417 988 1577 1022 materiae,
1601 988 1664 1018 hoc
1684 993 1731 1019 est
1747 989 1928 1026 ablutionis,
1945 999 2013 1020 non
2029 989 2194 1030 perficitur
2208 991 2393 1031 baptismus.
2418 992 2481 1023 Sed

302 1031 502 1071 separatione
518 1032 556 1061 ab
573 1032 641 1062 aliis
656 1032 926 1067 immersionibus,
937 1031 1068 1062 haberet
1082 1032 1240 1062 rationem
1255 1032 1364 1062 totius.
1417 1032 1443 1062 si
1458 1041 1530 1072 pars
1547 1032 1653 1072 aliqua
1676 1033 1840 1064 sortiretur
1855 1034 2012 1064 rationem
2027 1035 2126 1065 totius
2150 1045 2187 1066 ex
2203 1035 2266 1066 hoc
2287 1036 2375 1075 quod
2393 1037 2427 1066 in
2443 1047 2480 1067 ea

302 1075 402 1113 Quod
424 1081 461 1106 ut
482 1075 598 1106 melius
620 1076 787 1116 intelligas,
809 1076 936 1107 adverte
953 1077 1152 1107 ablutionem
1169 1085 1237 1106 esse
1260 1075 1365 1116 quod·
1417 1075 1560 1106 finiretur
1579 1077 1716 1116 prolatio
1737 1076 1869 1113 formae,
1886 1078 2115 1119 undecumque
2130 1079 2194 1110 hoc
2217 1080 2347 1116 accidat,
2360 1081 2480 1111 ablutio

301 1119 375 1157 dam
398 1125 505 1150 totum
528 1121 761 1157 successivum,
787 1126 818 1151 et
840 1121 990 1161 integrari
1012 1130 1050 1151 ex
1073 1121 1214 1161 partibus
1238 1130 1363 1151 succes·
1418 1121 1612 1160 baptismalis
1627 1120 1767 1161 perfecta
1784 1127 1839 1152 est.
1863 1122 1978 1153 Peccat
1992 1128 2100 1154 tamen
2119 1124 2262 1154 minister
2275 1126 2481 1164 praeveniens

301 1163 374 1194 sivis
398 1169 429 1194 et
453 1164 629 1195 continuis:
655 1165 840 1195 successivis
860 1165 992 1205 quidem
1008 1165 1178 1202 omnibus;
1203 1165 1364 1196 continuis
1418 1164 1592 1195 secundam
1619 1171 1673 1195 aut
1696 1166 1820 1196 tertiam
1843 1167 2081 1198 immersionem
2108 1168 2289 1208 prolatione
2311 1170 2481 1200 verborum

299 1211 381 1239 vero'
402 1207 599 1249 quandoque
623 1209 789 1246 omnibus,
819 1209 1016 1250 quandoque
1043 1209 1245 1250 quibusdam.
1279 1209 1364 1239 Nam
1417 1209 1548 1249 integra,
1564 1214 1718 1249 tanquam
1742 1211 1892 1240 omittens
1917 1211 2056 1251 aliquam
2078 1212 2327 1243 immersionem.

327 1351 452 1379 ,κνῆ
479 1356 495 1359 ”
760 1380 763 1382 .
1116 1345 1435 1388 ARTICULUS
1465 1346 1665 1388 NONUS

994 1438 1151 1469 UTRUM
1173 1437 1415 1493 BAPT1SMus
1437 1437 1585 1469 POSSIT
1610 1409 1785 1469 ITERARI
1837 1442 1839 1444 ’

404 1517 497 1549 Supra,
516 1523 560 1549 qu.
578 1523 644 1545 xmx,
663 1521 710 1542 art.
730 1516 754 1546 3,
773 1517 805 1541 ad
825 1523 856 1547 2;
875 1516 948 1546 infra,
967 1524 1011 1549 qu.
1030 1524 1100 1547 Lm,
1120 1521 1166 1541 art.
1187 1523 1229 1547 10,
1249 1516 1280 1540 ad
1301 1523 1330 1547 1;
1350 1524 1395 1549 qu.
1413 1523 1511 1547 Lxxm,
1531 1521 1578 1541 art.
1598 1523 1638 1546 ιο.
1658 1517 1689 1541 ad
1710 1523 1733 1547 1,
1755 1516 1784 1547 5;
1804 1517 1837 1542 IV
1856 1517 1939 1547 Sent„
1959 1518 2018 1544 dist.
2037 1526 2064 1548 11,
2083 1527 2126 1551 qu.
2146 1527 2168 1550 1,
2188 1525 2234 1544 art.
2249 1527 2272 1551 2,
2292 1521 2323 1545 ad
2344 1529 2374 1552 25

635 1552 694 1577 dist.
712 1559 746 1581 vr,
765 1559 810 1584 qu.
828 1559 855 1581 11,
875 1557 921 1577 art.
943 1559 966 1582 1,
986 1552 1036 1584 qu⁸
1056 1558 1085 1581 1;
1105 1552 1164 1576 dist.
1183 1559 1226 1582 ¹11,
1246 1559 1291 1584 qu.
1309 1559 1347 1582 111,
1367 1556 1414 1576 art.
1434 1558 1458 1582 1,
1477 1551 1526 1584 qu*
1547 1559 1570 1580 1,
1590 1552 1621 1576 ad
1642 1559 1655 1576 2
1662 1560 1670 1583 ;
1688 1552 1747 1578 dist.
1766 1560 1816 1583 xw,
1836 1560 1881 1584 qu.
1899 1561 1916 1583 1,
1936 1558 1982 1579 art.
2001 1562 2026 1585 4,
2046 1555 2095 1586 qu*
2115 1554 2144 1585 33

534 1587 568 1611 1v
589 1587 666 1612 Cont.
688 1588 774 1614 Geni„
794 1594 850 1620 cap.
869 1594 910 1612 Lxx
929 1594 998 1617 uxn
1019 1587 1049 1611 In
1070 1587 1153 1615 Ioan„
1173 1595 1230 1619 cap.
1247 1594 1285 1617 111,
1305 1587 1363 1612 lect.
1382 1594 1406 1617 1;
1425 1587 1469 1611 Ad
1488 1586 1592 1619 Ephes„
1612 1595 1667 1619 cap.
1686 1594 1720 1616 ιν,
1739 1588 1797 1613 lect.
1815 1595 1834 1612 11
1841 1596 1848 1619 ;
1866 1588 1910 1612 Ad
1928 1589 2004 1619 Heb„
2023 1596 2079 1622 cap.
2096 1597 2131 1620 VI,
2150 1591 2208 1615 lect.
2225 1598 2243 1616 1.

349 1684 395 1708 ,ἦ
418 1689 486 1729 a«
508 1678 532 1703 D
564 1677 691 1703 NONUM
719 1677 771 1702 sm
800 1677 1036 1703 PROCEDITUR.
1065 1665 1226 1702 Videtur
1253 1666 1362 1714 quod
1469 1667 1694 1703 RESPONDEO
1731 1679 1914 1704 DICENDUM
1951 1669 2059 1716 quod
2101 1669 2314 1718 baptismus
2355 1671 2479 1709 iterari

356 1716 375 1763 'z‘
395 1730 414 1766 ζ
428 1708 488 1761 (32-
509 1718 723 1767 baptismus
737 1719 856 1767 possit
871 1719 1006 1756 iterari.
1023 1719 1244 1768 Baptismus
1257 1719 1362 1755 enim
1416 1731 1497 1756 non
1525 1726 1660 1768 potest.
1697 1719 1829 1756 Primo
1859 1720 2036 1769 quidem,
2067 1722 2158 1770 quia
2185 1723 2397 1772 baptismus
2426 1733 2481 1761 est

317 1803 337 1817 ,¹
400 1769 436 1817 »ᾖ
446 1757 479 1821 ’ἦ
492 1770 662 1809 videtur
687 1771 880 1809 institutus
903 1772 953 1809 ad
972 1772 1210 1809 ablutionem
1228 1783 1361 1821 pecca·
1417 1772 1611 1821 quaedam
1653 1772 1855 1821 spiritualis
1893 1774 2147 1821 regeneratio:
2189 1784 2305 1824 prout
2342 1777 2480 1814 scilicet

320 1815 329 1825 ”
354 1841 364 1856 »-
389 1818 451 1858 ”2339
465 1817 651 1862 Kmrum.
700 1824 778 1861 Sed
820 1833 977 1875 peccata
1018 1825 1211 1862 iterantur.
1260 1825 1361 1872 Ergo
1417 1825 1554 1874 aliquis
1581 1825 1746 1862 moritur
1772 1826 1891 1863 veteri
1913 1825 2026 1874 vitae,
2047 1835 2084 1864 et
2107 1827 2241 1877 incipit
2263 1841 2406 1867 novam
2427 1831 2480 1867 vi-

297 1879 421 1917 multo
445 1878 565 1926 magis
592 1877 806 1927 baptismus
825 1878 939 1915 debet
958 1878 1100 1915 iterari:
1131 1878 1222 1927 quia
1249 1878 1362 1915 mise·
1417 1885 1493 1915 tam
1525 1890 1647 1926 agere.
1676 1879 1789 1916 Unde
1817 1878 1954 1916 dicitur
1982 1881 2085 1917 Ioan.
2106 1893 2138 1917 111
2157 1880 2194 1918 *z
2223 1883 2312 1919 Nisi
2328 1885 2407 1932 quis
2425 1897 2479 1920 re-

297 1931 462 1972 ricordia
491 1930 630 1968 Christi
658 1931 889 1968 transcendit
916 1931 1087 1968 hominis
1114 1932 1281 1980 culpam.
1418 1937 1525 1968 natus
1541 1932 1663 1979 fuerit
1689 1944 1739 1968 ex
1766 1945 1864 1981 aqua
1892 1938 1926 1969 et
1946 1934 2082 1982 Spiritu
2103 1935 2250 1981 Sancto,
2273 1948 2348 1973 non
2361 1942 2480 1984 potest

352 1997 388 2022 2.
409 1986 642 2032 PRAETEREA,
671 1985 834 2021 Ioannes
862 1984 1031 2034 Baptista
1058 1984 1265 2034 praecipue
1293 1983 1363 2021 fuit
1417 1985 1543 2022 videre
1561 1989 1573 2005 Ε
1601 1996 1763 2034 regnum
1790 1986 1872 2021 Dei.
1907 1985 2030 2023 Unius
2059 1994 2189 2023 autem
2216 2000 2297 2024 non
2325 1997 2380 2025 est
2407 1989 2480 2026 nisi

298 2051 321 2076 a
350 2038 501 2076 Christo
530 2037 844 2075 commendatus:
875 2050 967 2074 cum
994 2037 1042 2075 de
1062 2050 1109 2075 eo
1138 2037 1285 2074 dictum
1304 2037 1362 2084 sit,
1417 2050 1497 2074 una
1528 2037 1721 2085 generatio
1741 2036 1765 2074 ζ.
1799 2038 1848 2074 Et
1878 2038 1966 2075 ideo
1999 2051 2079 2076 non
2111 2047 2235 2088 potest
2266 2041 2479 2091 baptismus

297 2091 434 2129 Matth.
454 2103 489 2128 XI
507 2090 544 2127 *z
583 2092 688 2127 Inter
722 2097 827 2129 natos
864 2091 1063 2129 mulierum
1098 2103 1172 2127 non
1201 2092 1364 2127 surrexit
1418 2090 1560 2127 iterari:
1590 2090 1687 2127 sicut
1711 2102 1783 2127 nec
1803 2091 1962 2128 carnalis
1985 2092 2188 2140 generatio.
2218 2094 2329 2131 Unde
2349 2096 2479 2144 Augu-

297 2146 422 2183 maior
447 2145 594 2181 Ioanne
619 2145 798 2194 Baptista.
847 2144 924 2181 Sed
955 2143 1132 2193 baptizati
1166 2156 1189 2180 a
1221 2145 1363 2180 Ioanne
1419 2143 1539 2180 stinus
1567 2143 1656 2180 dicit
1674 2143 1704 2190 ³⁸,
1725 2155 1842 2192 super
1864 2143 1957 2181 illud
1976 2146 2079 2181 Ioan.
2100 2157 2132 2182 111
2146 2145 2196 2193 *²¹⁵⁷
2216 2148 2400 2197 Nunquid
2409 2161 2479 2198 po-

298 2198 439 2236 iterum
467 2196 750 2246 rebaptizantur
770 2203 802 2234 ²:
833 2204 875 2234 ut
894 2197 1058 2234 habetur
1074 2197 1155 2234 Act.
1171 2209 1229 2233 xxx
1244 2196 1274 2243 ²¹⁸,
1295 2196 1364 2233 ubi
1418 2202 1482 2233 test
1501 2198 1537 2233 in
1564 2202 1728 2233 ventrem
1756 2198 1886 2233 matris
1911 2210 2001 2234 suae
2027 2199 2155 2235 iterato
2183 2201 2336 2237 introire
2363 2207 2396 2237 et
2423 2214 2480 2238 re-

298 2250 436 2290 dicitur
475 2250 584 2300 quod
624 2251 767 2287 Paulus
808 2250 1013 2299 baptizavit
1049 2262 1116 2286 eos
1153 2249 1221 2299 qui
1258 2257 1364 2286 erant
1419 2251 1541 2286 nasci:
1568 2251 1628 2286 Sic
1654 2255 1704 2296 tu,
1724 2249 1859 2298 inquit,
1880 2251 2043 2300 intellige
2071 2253 2294 2290 nativitatem
2319 2255 2478 2303 spiritus,

298 2302 476 2355 baptizati
503 2301 696 2353 baptismo
724 2303 887 2341 Ioannis.
935 2304 1037 2351 Ergo
1075 2304 1199 2340 multo
1230 2302 1364 2339 fortius
1420 2315 1491 2352 quo
1511 2302 1622 2339 modo
1642 2303 1817 2340 intellexit
1843 2303 2072 2340 Nicodemus
2101 2306 2325 2343 nativitatem
2343 2309 2478 2344 carnis.

298 2357 351 2395 illi
377 2356 446 2406 qui
473 2363 562 2393 sunt
588 2356 767 2405 baptizati
799 2356 847 2393 ab
876 2355 1073 2393 haereticis
1100 2357 1163 2392 vel
1189 2363 1364 2405 peccato·
1425 2356 1508 2398 Quo
1529 2355 1640 2392 modo
1669 2357 1768 2392 enim
1796 2361 1920 2392 uterus
1947 2368 2021 2393 non
2044 2363 2163 2406 potest
2190 2361 2314 2408 repeti,
2333 2361 2386 2396 sic
2414 2372 2481 2397 nec

299 2410 417 2458 ribus,
447 2407 535 2446 sufit
563 2409 832 2459 rebaptizandi.
1419 2410 1628 2458 baptismus.

355 2462 390 2500 3.
419 2463 652 2508 Pur-mm,
681 2462 721 2499 in
744 2462 919 2500 Nicaeno
941 2461 1114 2499 Concilio
1133 2461 1153 2483 ²¹⁸
1181 2469 1365 2498 statutum
1474 2462 1672 2508 Secundo,
1703 2461 1795 2510 quia
1822 2463 1858 2498 in
1887 2464 2006 2499 morte
2037 2464 2171 2500 Christi
2201 2465 2431 2513 baptizamur
2448 2466 2478 2514 ²⁸,

300 2569 347 2606 de
372 2568 607 2606 Paulianistis
635 2574 668 2605 et
699 2570 970 2618 Cataphrygis,
1006 2569 1188 2618 baptizari
1213 2580 1275 2605 eos
1303 2568 1364 2605 de·
1419 2567 1577 2605 vitatem
1604 2567 1715 2604 vitae.
1747 2567 1920 2605 Christus
1939 2575 2070 2605 autem
2090 2570 2203 2606 semel
2220 2576 2361 2607 tantum
2380 2584 2480 2609 mor-

301 2624 399 2659 bere.
427 2621 589 2658 Videtur
615 2629 745 2658 autern
773 2632 856 2658 esse
875 2621 1013 2658 eadem
1032 2620 1127 2658 ratio
1157 2621 1204 2658 de
1234 2622 1363 2658 haere·
1419 2627 1501 2658 tuus
1529 2626 1580 2657 est
1597 2620 1628 2656 ²⁸.
1665 2621 1713 2657 Et
1740 2620 1827 2657 ideo
1856 2633 1927 2658 nec
1955 2621 2168 2671 baptismus
2204 2622 2328 2660 iterari
2355 2625 2478 2662 debet.

300 2674 381 2712 ticis
401 2674 491 2711 aliis.
522 2675 623 2722 Ergo
643 2673 820 2723 baptizati
839 2674 887 2712 ab
906 2674 1104 2711 haereticis
1123 2674 1264 2711 debent
1283 2686 1364 2711 esse
1420 2675 1582 2723 Propter
1609 2673 1727 2722 quod,
1756 2675 1854 2711 Heb.
1875 2686 1910 2711 vl
1928 2673 1964 2721 ²³⁸,
1994 2682 2126 2712 contra
2154 2676 2345 2724 quosdam
2373 2678 2480 2715 reba-

301 2726 520 2777 rebaptizati
540 2732 567 2764 Υ.
1419 2726 1552 2776 ptizari
1570 2727 1743 2763 volentes
1770 2726 1926 2763 dicitur:
1955 2729 2100 2764 Rursus
2123 2730 2380 2779 crucifigentes
2396 2732 2479 2768 sibi-

355 2793 392 2828 4.
422 2781 655 2827 PRAETEREA,
675 2778 890 2828 baptismus
910 2787 965 2816 est
983 2779 1219 2817 necessarius
1239 2780 1287 2817 ad
1307 2793 1364 2817 sa·
1419 2781 1580 2829 metipsis
1593 2780 1730 2816 Filium
1749 2780 1824 2816 Dei
1831 2793 1843 2816 .·
1865 2779 1933 2816 ubi
1952 2780 2089 2817 Glossa
2102 2780 2122 2802 '²‘
2141 2780 2246 2818 dicit:
2271 2784 2356 2819 Una
2374 2784 2479 2820 Chri-

301 2835 433 2871 lutem.
474 2833 550 2870 Sed
583 2834 631 2871 de
664 2832 896 2882 quibusdam
926 2832 1121 2881 baptizatis
1156 2832 1364 2881 aliquando
1418 2834 1465 2869 sti
1490 2845 1592 2869 mors
1620 2844 1735 2868 unum
1764 2834 1945 2881 baptisma
1973 2836 2211 2871 consecravit.

302 2886 498 2924 dubitatur
532 2898 581 2923 an
610 2886 682 2923 sint
709 2884 897 2935 baptizati.
941 2886 1043 2933 Ergo
1070 2885 1223 2922 videtur
1257 2885 1365 2934 quod
1474 2885 1618 2930 Tertio,
1648 2884 1739 2933 quia
1766 2885 1978 2934 baptismus
2006 2885 2190 2934 imprimit
2208 2887 2478 2936 characterem,

301 2940 467 2977 debeant
494 2938 633 2976 iterum
662 2938 885 2988 rebaptizari
904 2936 928 2974 δ.
1420 2937 1487 2986 qui
1515 2946 1571 2974 est
1598 2937 1818 2984 indelebilis,
1841 2945 1877 2974 et
1896 2950 1987 2974 cum
2006 2939 2176 2986 quadam
2195 2940 2479 2978 consecratione

359 2993 391 3030 5.
422 2994 653 3040 PRAETEREA,
684 2991 923 3028 Eucharistia
942 2998 997 3027 est
1022 2990 1223 3040 perfectius
1243 3003 1364 3028 sacra·
1419 2991 1541 3027 datur.
1576 2990 1700 3036 Unde,
1730 2989 1826 3026 sicut
1853 2989 1946 3027 aliae
1975 2990 2279 3028 consecrationes
2307 3004 2387 3029 non
2415 2993 2477 3030 ite-

270 3062 276 3070 ·
302 3053 480 3083 mentum
508 3058 628 3095 quam
656 3045 881 3095 baptismus,
902 3051 944 3081 ut
963 3055 1079 3093 supra
1092 3042 1112 3064 '¹‘
1132 3043 1277 3080 dictum
1297 3051 1363 3080 est.
1419 3050 1552 3080 rantur
1579 3042 1618 3079 in
1645 3042 1825 3090 Ecclesia,
1849 3042 1900 3079 ita
1918 3055 1989 3079 nec
2008 3043 2231 3092 baptismus.
2262 3045 2310 3081 Et
2329 3046 2404 3082 hoc
2424 3054 2479 3082 est

304 3099 380 3137 Sed
422 3106 706 3136 sacramentum
747 3097 1008 3135 Eucharistiae
1050 3096 1214 3134 iteratur.
1262 3097 1364 3145 Ergo
1420 3096 1527 3145 quod
1564 3095 1800 3144 Augustinus
1835 3095 1943 3142 dicit,
1977 3096 2016 3132 in
2050 3097 2079 3133 ΙΙ
2111 3103 2243 3134 contra
2274 3099 2478 3147 Epistolam

302 3153 425 3189 multo
453 3153 575 3201 magis
602 3151 816 3201 baptismus
843 3158 968 3200 potest
995 3149 1131 3187 iterari.
1418 3149 1664 3186 Parmeniani
1675 3147 1707 3194 ³¹⁶,
1727 3148 1835 3197 quod
1854 3149 2048 3185 character
2075 3150 2244 3186 militaris
2271 3163 2345 3187 non
2375 3164 2478 3201 repe-

357 3205 431 3242 SED
452 3217 596 3243 CONTRA
615 3217 680 3243 EST
709 3204 817 3254 quod
844 3203 980 3241 dicitur
1000 3204 1188 3252 Ephes.1v
1206 3202 1246 3239 ³¹⁸:
1281 3204 1365 3240 Una
1419 3204 1525 3246 titur,·
1559 3209 1595 3237 et
1622 3201 1729 3250 quod
1757 3213 1832 3238 non
1861 3203 1983 3238 minus
2009 3203 2135 3239 haeret
2159 3208 2176 3229 η
2203 3210 2478 3241 sacramentum

290 3258 403 3307 fides,
433 3271 548 3296 unum
576 3260 769 3309 baptisma.
1423 3256 1559 3292 Christi
1585 3266 1697 3303 quam
1725 3255 1931 3303 corporalis
1957 3256 2049 3292 haec
2068 3261 2166 3301 nota,
2187 3267 2271 3292 cum
2290 3257 2480 3294 videamus

356 3371 384 3405 α)
403 3371 614 3404 rebaptizantur.
626 3386 645 3390 -
658 3371 831 3405 baptizantur
845 3371 878 3401 H,
891 3371 1097 3404 baptizabantur
1109 3370 1130 3395 F
1143 3375 1169 3395 et
1181 3375 1265 3395 cetera
1279 3370 1369 3401 εει-τίεις
1473 3367 1500 3403 γ)
1520 3376 1575 3394 esse
1593 3368 1761 3401 rebaptizati.
1778 3382 1797 3387 —
1815 3368 1979 3401 rebaptizari
1996 3369 2069 3393 tertia
2088 3374 2114 3394 et
2131 3377 2158 3395 a.

302 3407 335 3433 cf.
354 3415 398 3440 qu.
416 3415 510 3432 xxxvm
529 3412 576 3432 art.
595 3406 620 3433 6.
639 3415 664 3433 α.
1474 3404 1499 3438 ὃ)
1519 3404 1691 3437 rebaptizari.
1708 3418 1727 3423 —
1745 3404 1879 3436 baptizari
1895 3404 1934 3429 Fa
1953 3409 1978 3429 et
1995 3404 2069 3429 tertia
2087 3411 2188 3438 praeter
2207 3405 2238 3431 G.

357 3441 382 3476 β)
401 3443 566 3477 confugeret.
583 3456 603 3462 -
620 3442 773 3476 confugerit
792 3442 800 3467 Ι
820 3447 846 3467 et
870 3441 1004 3473 editiones,
1028 3443 1188 3475 confugerat
1212 3441 1252 3466 ed.
1271 3448 1296 3467 a.
1316 3441 1367 3466 Pro
1474 3439 1496 3474 ε)
1516 3440 1614 3466 videre.
1631 3454 1651 3458 —-
1669 3439 1782 3464 introire
1801 3439 1827 3464 in
1847 3439 1897 3465 PF.

303 3477 444 3511 baptizari,
463 3478 626 3511 rebaptizari
643 3479 697 3504 PIc.
715 3492 734 3497 -
751 3478 857 3503 Addunt
878 3477 986 3503 omnino
1005 3483 1065 3511 post
1082 3484 1127 3502 eos
1146 3476 1223 3507 PlsG,
1243 3481 1303 3509 post
1322 3476 1366 3501 de·
1473 3475 1499 3510 ζ)
1517 3476 1666 3509 generatio.
1683 3489 1703 3494 -
1720 3475 1888 3508 regeneratio
1907 3475 1957 3501 PE.

303 3513 364 3538 bere
381 3514 419 3539 bc.
1473 3511 1500 3546 η)
1520 3511 1619 3536 haeret.
1637 3525 1656 3530 -
1675 3511 1708 3542 1³3
1727 3511 1819 3542 haben
1838 3510 1868 3536 cf.
1888 3518 1932 3543 qu.
1950 3518 2020 3541 um,
2039 3516 2083 3536 art.
2105 3517 2128 3541 1,
2147 3519 2168 3536 ε.

2507 1892 2517 1902 ¹
2531 1890 2597 1913 Vers.
2613 1898 2631 1920 5.

2605 2003 2615 2019 Ε

2604 2052 2619 2080 ζ

2507 2157 2685 2181 ·ΙηΙοαη.Εναη
2704 2176 2710 2182 .

2507 2187 2573 2207 tract.
2587 2185 2629 2213 XI,
2646 2192 2669 2208 n.
2684 2166 2720 2208 ξ’

2507 2212 2529 2222 *¹
2543 2211 2611 2234 Vers.
2627 2219 2650 2239 4.

2507 2470 2518 2480 ·
2531 2470 2567 2491 Aa
2579 2471 2653 2499 Rom„
2668 2478 2719 2501 cap.

2507 2502 2538 2523 vr,
2554 2503 2612 2519 vers.
2626 2505 2646 2526 3.

2507 2639 2517 2648 “
2531 2638 2599 2665 lbid„
2614 2645 2673 2661 vers.
2683 2645 2718 2661 ιο.

2508 2692 2517 2701 ”
2533 2690 2598 2712 Vers.
2614 2691 2636 2712 6.

2507 2787 2517 2796 ·
2532 2785 2588 2807 Ord.
2602 2790 2623 2807 et
2633 2786 2717 2807 Lomb.

2505 3160 2516 3171 ·
2531 3159 2586 3187 Cap.
2602 3165 2650 3180 xm.
