2918 4088
58 378 69 388 ¹
82 375 160 397 Tract.
178 374 259 396 Lxxx
264 390 269 395 .

60 437 142 467 ‘’Mag.
156 411 188 458 lev
197 436 272 460 Sene..

59 463 163 511 2¹2⁸,fb‚¹¹¹'
181 468 231 489 cap.
245 461 274 482 Si

60 681 71 691 '¹
85 679 121 701 Cf.
137 683 178 701 nrt.
196 687 213 701 ι.

60 1325 73 1337 ·
85 1324 146 1347 Ιδίἀ.

986 235 1248 284 QUAESTJO
1276 235 1396 280 LXII,
1430 233 1721 270 ARTICULUS
1750 234 1799 270 IV

353 315 429 352 SED
457 325 601 350 CONTRA
628 324 694 350 Est
727 314 834 363 quod
862 313 1097 362 Augustinus
1125 312 1223 360 dicit,
1251 324 1363 361 super

299 368 408 419 Iaan.
427 366 468 402 *ε
504 367 610 408 Quae
627 371 639 386 ⁵
667 371 770 403 tanta
788 368 842 404 vis
869 378 989 416 aquae
1017 372 1054 403 ut
1072 376 1206 414 corpus
1233 369 1364 413 tangat

300 425 333 456 et
360 431 427 456 cor
462 417 619 456 abluat?
654 419 702 455 Et
739 418 845 456 Beda
867 418 887 440 '¹‘
922 418 1010 456 dicit
1037 418 1144 467 quod
1179 418 1363 454 Dominus

299 477 395 509 tactu
422 483 512 508 suae
539 471 802 508 mundissimae
820 473 944 508 carnis
970 473 1046 508 vim
1065 470 1363 519 regenerativam

300 524 450 562 contulit
477 525 592 572 aquis.

353 578 579 614 Respowosso
597 588 779 613 DICENDUM
798 576 906 625 quod
925 575 975 612 illi
994 574 1061 624 qui
1087 581 1238 623 ponunt
1257 573 1364 622 quod

301 636 538 666 sacramenta
564 640 644 665 non
672 636 829 665 causant
855 627 1013 676 gratiam
1041 626 1112 663 nisi
1139 638 1209 675 per
1243 638 1363 675 quan-

301 682 392 719 dam
420 681 758 719 concomitantiam
775 681 814 728 ³¹²,
843 687 995 730 ponunt
1031 679 1136 728 quod
1174 678 1214 715 in
1242 691 1363 716 sacra-

300 741 432 771 mento
460 745 542 770 non
578 732 623 770 sit
659 732 786 782 aliqua
812 732 933 769 virtus
970 744 1069 781 quae
1107 739 1287 780 operetur
1315 731 1362 768 ad

301 786 526 824 sacramenti
552 786 752 834 effectum:
782 793 838 822 est
865 792 994 822 tamen
1012 784 1133 821 virtus
1160 783 1290 820 divina
1309 796 1363 820 sa-

301 847 497 876 cramento
516 838 758 875 co-assistens
777 837 800 884 ⁸,
821 849 920 886 quae
940 838 1254 874 sacramentalem
1274 837 1364 873 effe-

300 899 406 928 ctum
443 898 633 940 operatur.
673 889 750 927 Sed
785 890 970 939 ponendo
1004 890 1111 939 quod
1149 901 1363 926 sacramen-

299 951 383 981 tum
411 950 466 980 est
493 941 789 980 instrumentalis
818 955 933 980 causa
955 942 1106 991 gratiae,
1126 954 1281 979 necesse
1310 949 1365 979 est

301 996 415 1033 simul
442 1007 586 1045 ponere
622 995 729 1044 quod
757 995 796 1032 in
824 1003 1063 1032 sacramento
1092 993 1138 1031 sit
1172 995 1362 1044 quaedam

299 1048 421 1085 virtus
448 1047 743 1085 instrumentalis
771 1048 820 1085 ad
848 1048 1114 1085 inducendum
1151 1059 1365 1084 sacramen-

299 1102 415 1138 talem
442 1101 635 1138 effectum.
666 1101 714 1137 Et
742 1101 838 1137 haec
865 1100 1024 1150 quidem
1056 1100 1176 1137 virtus
1204 1113 1366 1150 propor-

299 1153 467 1191 tionatur
493 1153 759 1190 instrumento.
797 1154 908 1191 Unde
942 1161 1188 1202 comparatur
1214 1154 1263 1190 ad
1290 1153 1365 1190 vir-

300 1214 422 1244 tutem
450 1206 666 1243 absolutam
694 1213 730 1242 et
756 1206 963 1255 perfectam
992 1206 1151 1243 alicuius
1179 1206 1234 1243 rei
1270 1205 1367 1243 sicut

300 1267 547 1308 comparatur
582 1259 881 1296 instrumentum
909 1259 959 1296 ad
994 1271 1109 1307 agens
1143 1259 1364 1308 principale.

300 1313 602 1349 Instrumentum
630 1311 746 1358 enim,
766 1320 809 1349 ut
827 1312 974 1349 dictum
1001 1319 1057 1348 est
1074 1311 1105 1358 *,
1125 1324 1206 1349 non
1234 1324 1366 1360 opera-

301 1373 363 1402 tur
380 1364 452 1411 nisi
468 1364 702 1414 inquantum
721 1372 776 1401 est
794 1372 947 1401 motum
967 1377 989 1401 a
1007 1364 1205 1414 principali
1220 1373 1366 1413 agente,

301 1416 409 1467 quod
436 1429 506 1467 per
533 1430 573 1454 se
601 1424 791 1467 operatur.
822 1417 870 1454 Et
895 1417 982 1454 ideo
1011 1417 1130 1454 virtus
1149 1417 1367 1467 principalis

301 1469 444 1518 agentis
472 1471 587 1507 habet
621 1482 852 1520 permanens
881 1478 918 1506 et
945 1471 1182 1519 completum
1217 1482 1300 1507 esse
1327 1470 1368 1507 in

301 1530 456 1560 natura:
485 1523 606 1560 virtus
633 1530 764 1560 autem
800 1522 1097 1560 instrumentalis
1133 1523 1248 1562 habet
1285 1535 1373 1559 esse·

301 1575 486 1613 transiens
501 1588 548 1612 ex
566 1587 648 1612 uno
662 1575 701 1612 in
720 1575 836 1622 aliud,
851 1583 888 1611 et
901 1574 1196 1624 incompletum3
1217 1575 1314 1611 sicut
1332 1583 1369 1611 et

301 1635 431 1666 motus
449 1635 505 1677 est
532 1635 638 1664 actus
657 1627 900 1676 imperfectus
918 1627 975 1664 ab.
992 1635 1125 1675 agente
1149 1627 1189 1667 in
1207 1627 1366 1676 patiens.

353 1682 411 1718 An
431 1693 566 1717 PRIMUM
594 1692 693 1717 ERGO
712 1692 894 1717 moenum«
922 1679 1030 1729 quod
1048 1680 1169 1716 virtus
1197 1679 1367 1728 spiritua-

301 1732 346 1770 lis
373 1745 454 1770 non
481 1739 606 1782 potest
633 1739 715 1769 esse
743 1731 783 1768 in
811 1744 851 1769 re
886 1744 1072 1781 corporea
1105 1744 1175 1781 per
1202 1733 1368 1770 modum

299 1785 448 1823 virtutis
466 1785 727 1834 permanentis
746 1792 783 1821 et
801 1786 1028 1834 completae,
1049 1785 1146 1822 sicut
1162 1784 1259 1822 >ratio
1278 1797 1367 1834 pro-

301 1839 377 1876 bat.
419 1838 526 1876 Nihil
557 1846 686 1875 tamen
720 1837 898 1886 prohibet
925 1837 965 1874 in
991 1850 1153 1887 corpore
1184 1850 1266 1874 esse
1294 1838 1367 1875 vir-

300 1899 423 1928 tutem
457 1891 692 1940 spiritualem
720 1890 1049 1928 instrumentalem
1070 1896 1107 1927 ²³:
1137 1890 1368 1939 inquantum

301 1943 441 1981 scilicet
467 1956 609 1993 corpus
635 1951 760 1993 potest
786 1943 939 1985 moveri
965 1944 1013 1981 ab
1041 1943 1170 1992 aliqua
1197 1943 1367 1980 substan-

301 1996 351 2035 tia
378 1996 562 2046 spirituali
581 1997 630 2034 ad
658 1995 827 2046 aliquem
848 1997 1030 2034 effectum
1058 1995 1293 2045 spiritualem
1312 1996 1368 2033 in-

355 2119 379 2153 ε)
399 2120 484 2150 Quae.
501 2134 519 2138 -
539 2119 618 2150 Quod
636 2119 712 2148 BFG,
734 2119 808 2144 Unde
826 2119 855 2144 P.

353 2154 379 2188 ζ)
397 2156 577 2180 ‹so-assistens.
594 2169 614 2173 -
630 2154 777 2180 consistens
794 2154 850 2184 AD,
868 2154 995 2180 assistens
1014 2155 1081 2187 HpG
1101 2160 1126 2179 et
1144 2154 1279 2180 editiones.

314 2226 342 2252 αι
354 2191 381 2223 η)
399 2191 640 2250 ίνὲςιενιιηιεηίαΙεηι.
662 2203 682 2209 —-
705 2189 768 2215 Om.
787 2189 837 2222 pG,
856 2194 883 2215 et
907 2190 1137 2215 instrumentalem
1157 2190 1189 2219 H,
1207 2191 1370 2215 instrumen-

302 2230 313 2251 t
343 2226 395 2252 iter
446 2244 453 2250 .

2425 237 2471 272 25

1417 311 1660 356 ducendum;
1691 311 1785 347 sicut
1805 311 1918 347 etiam
1947 311 1986 347 in
2015 312 2095 360 ipsa
2114 325 2210 350 voce
2238 314 2403 351 sensibili
2422 322 2478 350 est

1417 364 1609 412 quaedam
1623 363 1680 399 vis
1700 363 1900 413 spiritualis
1918 364 1967 400 ad
1986 365 2227 401 excitandum
2247 366 2482 403 intellectum·

1417 415 1598 462 hominis,
1618 407 1848 464 inquanturh
1867 415 2039 464 procedit
2058 429 2080 452 a
2099 418 2346 466 conceptione
2370 431 2477 456 men-

1417 469 1474 506 tis.
1503 469 1551 505 Et
1578 469 1654 505 hoc
1673 468 1792 505 modo
1818 467 1876 504 vis
1904 468 2105 516 spiritualis
2125 477 2179 506 est
2206 470 2243 506 in
2265 483 2477 507 sacramen-

1417 522 1480 567 tis,
1518 521 1749 570 inquantum
1786 520 2011 557 ordinantur
2039 534 2061 558 a
2092 522 2176 558 Deo
2214 523 2262 558 ad
2299 523 2477 559 effectum

1418 573 1664 622 spiritualem.

1471 629 1527 663 An
1556 637 1743 662 SECUNDUM
1772 637 1951 662 memnon
1984 626 2102 674 quod,
2132 626 2227 662 sicut
2263 635 2402 674 motus,
2431 640 2477 664 eo

1418 679 1527 728 quod
1555 686 1609 714 est
1636 685 1742 714 actus
1779 677 2041 726 imperfectus,
2071 690 2151 715 non
2178 679 2330 728 proprie
2359 688 2413 716 est
2441 680 2479 716 in

1419 731 1548 780 aliquo
1575 742 1725 779 genere,
1747 730 1814 766 sed
1833 730 2027 767 reducitur
2051 731 2100 767 ad
2122 743 2242 779 genus
2263 740 2368 769 actus
2396 745 2480 781 per·

1418 783 1513 831 fecti,
1534 783 1631 820 sicut
1657 782 1826 820 alteratio
1855 783 1903 819 ad
1931 783 2170 832 qualitatem:
2201 784 2250 821 ita
2277 784 2396 821 virtus
2424 785 2499 821 in-'

1419 835 1674 873 strumentalis
1694 847 1773 872 non
1797 843 1862 882 est,
1882 835 2038 885 proprie
2055 837 2264 884 loquendo,
2284 837 2323 873 in
2351 837 2479 886 aliquo

1418 901 1567 938 genere,
1589 889 1655 925 sed
1674 887 1868 925 reducitur
1894 889 1943 925 ad
1961 900 2081 936 genus
2109 896 2145 925 et
2170 889 2335 938 speciem
2364 890 2480 927 virtu-

1418 941 1464 979 tis
1491 941 1691 991 perfectae.

1472 996 1529 1031 AD
1548 1006 1707 1031 TERTIUM
1723 1005 1903 1030 DICENDUM
1924 994 2047 1042 quod,
2077 993 2173 1031 sicut
2200 994 2319 1031 virtus
2346 995 2480 1031 instru-

1419 1046 1594 1084 mentalis
1613 1046 1821 1095 acquiritur
1839 1046 2092 1083 instrumento
2112 1059 2158 1083 ex
2177 1047 2252 1083 hoc
2270 1047 2354 1096 ipso
2374 1048 2481 1096 quod

1419 1107 1599 1137 movetur
1618 1100 1666 1136 ab
1695 1106 1827 1147 agente
1846 1098 2055 1148 principali,
2076 1098 2125 1135 ita
2145 1107 2180 1135 et
2199 1107 2479 1137 sacramentum

1420 1152 1668 1201 consequitur
1695 1151 1929 1200 spiritualem
1948 1152 2128 1188 virtutem
2147 1164 2193 1188 ex
2217 1152 2481 1190 benedictione

1422 1205 1561 1243 Christi
1589 1213 1625 1241 et
1653 1204 1903 1253 applicatione
1936 1204 2097 1241 ministri
2133 1205 2182 1241 ad
2209 1217 2326 1242 usum
2360 1218 2482 1243 sacra-

1420 1258 1540 1295 menti
1558 1257 1589 1294 *.
1618 1257 1730 1295 Unde
1757 1256 1992 1305 Augustinus
2020 1257 2118 1304 dicit,
2138 1257 2178 1294 in
2206 1258 2378 1306 quodam
2406 1271 2481 1295 ser—

1420 1323 1539 1348 mone
1557 1311 1603 1347 de
1619 1311 1831 1359 Epiphania
1850 1310 1887 1346 *z
1917 1311 2000 1347 Nec
2018 1313 2156 1346 mirum
2175 1311 2274 1359 quod
2290 1308 2302 1331 θ
2330 1323 2480 1360 aquam,

1420 1365 1491 1401 hoc
1518 1369 1569 1400 est
1594 1364 1832 1399 substantiam
1861 1363 2107 1412 corporalem,
2134 1363 2185 1399 ad
2204 1364 2481 1411 purificandam

1421 1418 1588 1454 animam
1607 1416 1761 1452 dicimus
1777 1417 1982 1464 pervenire.
1998 1416 2169 1452 Pervenit
2179 1415 2307 1463 plane,
2323 1421 2356 1452 et
2368 1429 2482 1466 pene-

1420 1475 1492 1507 trat
1519 1470 1764 1506 conscientiae
1791 1470 1963 1506 universa
1981 1468 2144 1504 latibula.
2180 1469 2358 1510 Quamvis
2384 1470 2482 1506 enim

1421 1524 1501 1572 ipsa
1518 1523 1562 1558 sit
1588 1521 1725 1558 subtilis
1752 1526 1786 1556 et
1803 1522 1931 1566 tenuis,
1950 1521 2199 1557 benedictione
2225 1526 2346 1557 tamen
2379 1523 2483 1559 Chri-

1419 1576 1466 1611 sti
1480 1574 1657 1619 subtilior,
1678 1573 1838 1609 occultas
1865 1575 1961 1610 vitae
1987 1585 2118 1609 causas
2138 1573 2189 1609 ad
2212 1579 2352 1610 secreta
2380 1586 2482 1611 men-

1420 1629 1464 1663 tis
1490 1626 1613 1662 subtili
1638 1637 1725 1661 rore
1746 1627 1958 1674 pertransit.

1474 1680 1532 1715 AD
1560 1689 1732 1720 QUARTUM
1759 1689 1940 1714 DICENDUM
1975 1677 2100 1724 quod,
2130 1677 2225 1713 sicut
2263 1678 2395 1714 eadem
2425 1679 2483 1715 vis

1421 1730 1639 1781 principalis
1673 1729 1816 1777 agentis
1852 1729 2186 1766 instrumentaliter
2219 1729 2411 1767 invenitur
2444 1731 2483 1767 in

1421 1783 1604 1821 omnibus
1623 1781 1883 1819 instrumentis
1902 1781 2084 1818 ordinatis
2112 1782 2161 1818 ad
2184 1782 2375 1829 effectum,
2395 1796 2483 1832 pro-

1421 1845 1464 1874 ut
1491 1843 1580 1873 sunt
1598 1835 1771 1884 quodam
1799 1834 1934 1871 ordine
1961 1846 2107 1881 unum;
2136 1834 2186 1871 ita
2214 1835 2328 1872 etiam
2348 1837 2483 1873 eadem

1421 1889 1479 1927 vis
1508 1887 1789 1926 sacramentalis
1825 1887 2018 1924 invenitur
2050 1887 2090 1923 in
2117 1887 2244 1924 verbis
2276 1896 2311 1924 et
2347 1889 2482 1936 rebus,

1422 1949 1538 1992 prout
1564 1953 1611 1978 ex
1637 1940 1765 1977 verbis
1793 1948 1829 1976 et
1853 1941 1967 1977 rebus
1994 1940 2190 1989 perficitur
2209 1952 2334 1977 unum
2363 1953 2484 1978 sacra-

1422 2003 1610 2032 mentum.

1475 2115 1500 2150 0)
1519 2117 1598 2150 quod.
1610 2131 1629 2136 ·-
1641 2117 1702 2141 EFa
1720 2122 1746 2141 et
1764 2116 1837 2140 tertia
1855 2121 1957 2148 praeter
1975 2116 1999 2146 13
2018 2123 2107 2148 quam.
2120 2130 2139 2134 —
2152 2117 2219 2140 Ante
2236 2116 2361 2141 subtilior
2374 2117 2488 2141 PEFIsG

1423 2153 1522 2178 addunt
1534 2153 1622 2186 facta.
1642 2152 1692 2176 Pro
1710 2152 1836 2181 occultas,
1856 2152 1992 2176 occultans
2010 2151 2039 2176 P.

980 2304 1316 2337 Commentaria
1338 2302 1590 2336 Gardjnalts
1612 2303 1814 2336 Caietani

364 2395 472 2416 minus
499 2391 536 2416 ut
567 2391 660 2415 sonat
693 2384 868 2415 sumendus
901 2390 963 2421 est,
995 2384 1034 2415 de
1064 2386 1179 2415 virtute
1212 2385 1372 2415 causativa

366 2429 519 2474 effective.

362 2474 398 2504 In
415 2482 550 2513 corpore
574 2473 754 2503 referuntur
777 2472 859 2503 duae
882 2473 962 2503 viae.
986 2473 1094 2503 Altera
1116 2473 1309 2513 ponentium
1325 2482 1373 2502 sa-

307 2523 468 2548 cramenta
489 2526 558 2547 non
582 2526 710 2547 causare
733 2517 866 2557 gratiam
888 2517 949 2547 nisi
973 2518 1236 2547 concomitanter.
1261 2517 1302 2547 Et
1325 2526 1373 2546 se-

308 2561 451 2592 cundum
473 2561 556 2591 hanc
579 2561 790 2601 respondetur
813 2561 994 2601 quaestioni
1016 2561 1181 2601 negative:
1207 2561 1282 2601 quia
1306 2561 1374 2591 sola

307 2606 406 2636 virtus
429 2605 535 2635 divina
557 2606 703 2635 assistens
728 2610 774 2635 est
797 2614 880 2645 quae
903 2611 1011 2635 causat
1033 2606 1176 2645 gratiam.

363 2649 480 2684 Altera,
505 2658 603 2688 quam
626 2649 770 2689 sequitur
792 2650 926 2685 Auctor,
942 2650 1135 2689 ponentium
1160 2648 1250 2689 quod
1272 2658 1374 2679 sacra-

308 2698 456 2724 mentum
485 2698 532 2722 est
561 2693 808 2723 instrumentalis
841 2702 936 2723 causa
966 2694 1092 2733 gratiae.
1126 2693 1167 2723 Et
1196 2692 1375 2723 secundum

308 2738 391 2768 hanc
414 2735 625 2776 respondetur
648 2737 810 2776 quaesito,
835 2736 972 2767 dicendo
997 2737 1072 2767 duo.
1096 2737 1215 2767 Primo.
1239 2737 1376 2767 Necesse

309 2786 356 2812 est
377 2781 475 2812 simul
490 2790 616 2820 ponere
638 2780 726 2821 quod
748 2780 780 2810 in
803 2786 1006 2811 sacramento
1029 2781 1072 2811 sit
1093 2781 1250 2821 quaedam
1274 2781 1376 2811 virtus

310 2825 564 2856 instrumentalis
586 2825 629 2855 ad
652 2824 865 2854 inducendum
888 2826 1154 2855 sacramentalem
1181 2825 1336 2865 effectum.
1353 2843 1377 2847 —

311 2869 478 2904 Secundo,
503 2869 606 2908 qualis
630 2874 676 2898 est
698 2869 757 2898 ista
779 2869 887 2898 virtus.
922 2869 963 2898 Et
985 2868 1118 2898 dicitur:
1151 2868 1246 2899 Haec
1273 2869 1376 2899 virtus

305 2913 581 2955 proportionatur
603 2913 825 2942 instrumento.
857 2912 898 2942 Et
920 2913 1082 2951 probatur.
1110 2912 1218 2943 Virtus
1240 2913 1319 2942 haec
1342 2922 1376 2942 se

311 2958 406 2988 habet
429 2957 468 2987 ad
491 2957 624 2987 alicuius
653 2957 697 2986 rei
726 2956 958 2996 perfectionem
982 2961 1012 2986 et
1034 2956 1184 2986 virtutem
1214 2956 1375 2992 absolute,

311 3002 393 3032 sicut
415 3002 663 3031 instrumentum
687 3010 719 3030 se
742 3001 837 3030 habet
860 2999 899 3030 ad
922 3009 1018 3039 agens
1041 3000 1236 3039 principale:
1250 2999 1312 3029 Sed
1328 3000 1376 3029 in-

312 3050 525 3076 strumentum
553 3054 620 3074 non
644 3050 793 3084 operatur
822 3045 882 3074 nisi
913 3044 1105 3084 inquantum
1136 3049 1183 3073 est
1210 3048 1336 3073 motum
1359 3053 1377 3072 a

313 3089 479 3130 principali
503 3094 631 3128 agente:
657 3088 831 3128 principale
855 3093 962 3118 autem
983 3097 1078 3127 agens
1095 3092 1244 3127 operatur
1259 3096 1316 3126 per
1332 3096 1376 3117 se.

313 3133 354 3164 Et
368 3139 536 3174 propterea
551 3133 650 3163 virtus
666 3132 849 3172 principalis
873 3132 968 3162 habet
991 3131 1190 3172 completum
1207 3136 1238 3161 et
1252 3140 1377 3171 perma-

312 3187 392 3208 nens
409 3187 476 3207 esse
492 3178 526 3207 in
542 3182 671 3207 natura:
696 3177 794 3206 virtus
811 3181 917 3206 autem
933 3175 1180 3206 instrumentalis
1199 3175 1377 3215 incomple-

313 3227 383 3252 tum
407 3226 438 3252 et
460 3221 624 3251 transiens.
648 3221 733 3260 Ergo
757 3221 855 3250 virtus
878 3220 958 3250 haec
980 3220 1244 3259 proportionatur
1262 3219 1378 3249 instru-

314 3270 435 3295 mento.
464 3265 505 3295 Et
527 3265 681 3305 probatur
702 3265 766 3295 hoc
790 3264 959 3294 ultimum:
992 3265 1066 3303 quia
1088 3268 1196 3293 motus
1221 3268 1267 3293 est
1290 3268 1378 3293 actus

314 3308 520 3349 imperfectus
543 3309 581 3339 ab
606 3314 718 3348 agente
742 3309 774 3338 in
797 3309 930 3348 patiens.

371 3353 408 3383 11.
431 3352 570 3383 Adverte
593 3353 644 3383 hic
667 3353 839 3383 maximam
860 3352 975 3382 hocin
999 3352 1073 3382 loco
1097 3350 1316 3381 difficultatem
1331 3351 1379 3380 in-

261 3409 269 3416 ·
316 3397 427 3433 veniri,
450 3406 491 3427 eo
515 3396 604 3436 quod
626 3406 693 3427 uno
717 3406 813 3426 sensu
843 3396 1003 3426 intellecta
1034 3395 1248 3426 communiter
1269 3394 1379 3425 viden-

268 3480 271 3483 !
316 3447 377 3477 tur,
401 3446 467 3470 tam
490 3450 508 3470 a
531 3441 720 3480 sequacibus
745 3450 842 3480 quam
866 3440 904 3470 ab
929 3439 1119 3475 adversariis,
1143 3439 1239 3469 verba
1258 3439 1379 3469 Aucto-

317 3485 368 3520 ris,
393 3493 467 3515 cum
489 3489 597 3515 tamen
621 3484 789 3524 dupliciter
815 3485 939 3524 possint
966 3483 1108 3523 intelligi.
1141 3483 1259 3519 Primo,
1283 3488 1319 3513 ut
1342 3483 1381 3512 sit

317 3537 428 3558 sensus
452 3528 542 3568 quod
563 3529 596 3558 in
620 3529 822 3559 sacramentis
849 3537 953 3558 novae
981 3528 1058 3567 legis
1086 3532 1132 3557 est
1155 3527 1260 3567 aliqua
1282 3527 1380 3557 virtus

459 3588 570 3612 Sumne
589 3587 691 3613 Timor..
711 3588 741 3612 D.
754 3587 869 3612 Tuomn
885 3587 917 3612 T.
937 3587 978 3612 lx.

1424 2384 1635 2425 superaddita,
1655 2393 1722 2414 non
1746 2384 1851 2414 solum
1875 2385 2022 2424 propriae
2053 2384 2231 2424 operationi
2255 2384 2408 2414 sensibilis
2424 2385 2487 2414 ele-

1425 2429 1535 2464 menti,
1559 2428 1615 2458 sed
1639 2429 1734 2458 etiam
1757 2427 1958 2468 superaddita
1980 2429 2085 2458 motui
2108 2437 2175 2468 quo
2198 2433 2346 2458 movetur
2368 2438 2386 2458 a
2401 2428 2487 2468 prin-

1426 2473 1520 2513 cipali
1544 2478 1675 2512 agente;
1701 2477 1731 2502 et
1754 2473 1832 2502 haec
1855 2472 1954 2502 virtus
1970 2478 2016 2502 est
2032 2471 2189 2511 quaedam
2213 2471 2346 2511 qualitas
2368 2472 2488 2501 habens

1427 2526 1495 2547 esse
1518 2516 1621 2546 fluens
1647 2525 1705 2556 per
1727 2515 1863 2546 modum
1890 2521 2016 2552 motus;
2048 2521 2079 2546 et
2102 2521 2148 2545 est
2171 2515 2358 2556 spirituali53
2387 2516 2487 2546 immo

1428 2566 1475 2591 est
1489 2561 1557 2600 ipsa
1580 2561 1677 2600 gratia
1700 2559 1877 2590 secundum
1898 2569 1965 2590 esse
1981 2559 2084 2590 fluens
2100 2565 2131 2589 et
2145 2559 2388 2599 incompletum‚
2405 2565 2440 2589 ut
2455 2560 2488 2589 in

1428 2605 1513 2635 calce
1536 2603 1754 2645 praecedentis
1778 2604 1899 2634 articuli
1923 2604 1986 2634 hoc
2009 2603 2159 2634 ultimum
2182 2603 2305 2634 Auctor
2328 2604 2488 2643 expressit.

1428 2649 1469 2679 Et
1491 2649 1543 2679 hic
1567 2654 1614 2679 est
1640 2657 1750 2678 sensus
1779 2648 1979 2683 communis,
2004 2653 2114 2678 contra
2147 2656 2244 2687 quem
2277 2647 2409 2683 Scotus‚
2433 2647 2488 2677 ubi

1428 2702 1524 2733 supra
1539 2694 1565 2728 ³,
1591 2698 1622 2722 et
1644 2691 1815 2722 Durandus
1829 2693 1863 2708 θ’
1887 2697 1918 2722 et
1939 2692 2100 2722 Aureolus
2115 2692 2167 2708 *⁴*
2191 2697 2336 2731 arguunt.

1484 2737 1536 2766 ΙΙΙ.
1561 2736 1623 2767 Sed
1646 2737 1800 2776 quoniam
1817 2736 1868 2766 hic
1884 2745 1994 2766 sensus
2012 2745 2080 2766 non
2097 2741 2142 2765 est
2157 2736 2297 2766 intentus
2313 2735 2351 2765 ab
2367 2735 2489 2765 Aucto-

1429 2790 1473 2814 re,
1488 2790 1549 2810 nec
1564 2790 1667 2816 verus,
1684 2785 1720 2810 ut
1735 2789 1822 2810 nunc
1835 2789 1923 2810 nunc
1938 2780 2080 2810 conabor
2096 2778 2278 2815 ostendere3
2298 2779 2382 2815 ideo,
2399 2788 2489 2818 argu-

1429 2825 1678 2855 mentationibus
1693 2825 1827 2854 istorum
1844 2824 1978 2859 omissis,
1991 2823 2031 2853 ad
2046 2823 2224 2854 secundum
2239 2823 2333 2853 venio
2346 2832 2487 2852 sensum:

1429 2874 1465 2899 ut
1480 2869 1600 2898 scilicet
1615 2869 1713 2898 virtus
1728 2869 1786 2897 ista
1801 2868 1879 2897 nihil
1895 2867 1981 2897 aliud
1999 2868 2039 2897 sit
2054 2876 2151 2906 quam
2167 2872 2274 2896 motus
2294 2876 2359 2905 quo
2376 2867 2490 2896 instru-

1429 2918 1575 2942 mentum
1596 2921 1614 2941 a
1628 2911 1795 2951 principali
1819 2917 1931 2950 agente
1954 2916 2102 2940 movetur
2124 2910 2163 2940 ad
2186 2911 2351 2950 proprium
2374 2910 2490 2949 princi-

1429 2956 1509 2996 palis
1525 2956 1645 2995 agentis
1669 2954 1818 2985 effectum
1842 2954 2070 2984 inducendum.
2095 2954 2230 2983 Moveor
2250 2959 2357 2983 autem
2373 2953 2412 2983 ad
2427 2953 2490 2982 hoc

1430 3009 1468 3029 ex
1492 2999 1728 3034 communibus,
1745 3003 1776 3028 et
1799 3008 1837 3028 ex
1860 2998 2005 3038 propriis.
2030 2998 2235 3036 Apertissime
2259 2997 2345 3026 enim
2367 2997 2492 3035 Auctor,

1430 3044 1463 3073 in
1486 3043 1545 3072 hac
1568 3043 1670 3072 littera
1694 3052 1731 3072 ex
1755 3043 1981 3072 communibus
2009 3042 2098 3071 omni
2124 3041 2354 3070 instrumentali
2377 3050 2490 3070 causae

1430 3085 1583 3126 procedit,
1609 3086 1732 3116 dicens:
1757 3085 1820 3115 Sed
1836 3085 1989 3125 ponendo
2013 3085 2100 3125 quod
2122 3089 2357 3114 sacramentum
2381 3089 2428 3114 est
2443 3084 2490 3114 in-

1429 3130 1649 3161 strumentalis
1671 3138 1771 3160 causa
1792 3130 1931 3170 gratiae,
1948 3138 2074 3159 necesse
2089 3133 2135 3159 est
2153 3129 2250 3159 simul
2266 3137 2391 3168 ponere
2405 3127 2492 3168 quod

1432 3174 1464 3204 in
1487 3178 1690 3204 sacramento
1714 3173 1756 3203 sit
1777 3173 1933 3213 quaedam
1963 3173 2081 3209 virtus,
2106 3178 2165 3203 etc.
2195 3172 2258 3203 Ubi
2288 3177 2374 3211 patet
2402 3171 2491 3212 quod

1431 3217 1609 3249 secundum
1634 3227 1708 3248 eum
1739 3217 1840 3247 simile
1870 3222 1916 3247 est
1938 3216 2093 3247 iudicium
2116 3215 2155 3247 de
2179 3221 2374 3246 sacramento
2398 3221 2429 3245 et
2452 3215 2491 3245 de

1432 3262 1499 3293 aliis
1523 3263 1625 3292 causis
1648 3261 1948 3296 instrumentalibus‚
1965 3266 2121 3300 quantum
2145 3259 2183 3290 ad
2205 3260 2355 3290 virtutem
2376 3260 2491 3289 instru-

1433 3307 1604 3336 mentalem
1620 3315 1677 3345 per
1692 3305 1827 3336 modum
1842 3306 2041 3340 transeuntis,
2058 3310 2118 3334 etc.
2135 3304 2197 3334 Sed
2213 3303 2252 3334 de
2268 3313 2362 3334 causa
2377 3304 2491 3333 instru-

1433 3350 1562 3381 mentali
1587 3350 1737 3389 expressit
1759 3350 1891 3384 Auctor,
1907 3350 1940 3379 in
1964 3349 2068 3388 primo
2091 3349 2186 3378 huius
2210 3348 2402 3387 quaestionis
2421 3348 2492 3377 arti—

1434 3395 1526 3430 culo,
1550 3395 1628 3424 haec
1656 3394 1768 3424 verba:
1800 3393 1908 3424 Causa
1939 3402 2014 3423 vero
2045 3392 2297 3423 instrumentalis
2327 3401 2391 3421 non
2423 3391 2494 3432 agit

1429 3448 1492 3479 per
1522 3438 1670 3469 virtutem
1699 3447 1778 3468 suae
1797 3438 1950 3478 formae,
1974 3437 2029 3467 sed
2057 3436 2162 3467 solum
2188 3445 2250 3476 per
2280 3440 2398 3466 motum
2428 3444 2491 3475 quo

1435 3487 1582 3513 movetur
1604 3491 1624 3512 a
1641 3481 1820 3522 principali
1849 3486 1973 3523 agente.
2004 3481 2067 3511 Ubi
2091 3479 2186 3510 dictio
2212 3479 2368 3510 exclusiva
2391 3479 2491 3508 mani-

1407 3551 1409 3567 ,
1437 3527 1528 3557 festat
1544 3525 1633 3566 quod
1649 3526 1687 3555 ab
1705 3526 1914 3556 instrumento
1939 3524 2077 3555 excludit
2092 3524 2214 3554 Auctor
2233 3532 2363 3553 omnem
2380 3521 2491 3562 agendi

2333 3590 2351 3613 4

2508 1266 2517 1275 ·
2533 1265 2560 1287 D.
2575 1265 2625 1293 683.

2509 1319 2518 1327 ·
2527 1317 2550 1338 S.
2559 1317 2651 1338 Maxim.
2658 1316 2719 1338 Tau-

2508 1343 2551 1365 rin.
2572 1343 2645 1365 Serm.
2667 1343 2718 1367 ΧΠ.

2509 1370 2537 1391 al.
2545 1370 2574 1390 de
2580 1369 2648 1396 Bapt.
2657 1369 2721 1391 Chri·
2778 1375 2782 1379 ·

2509 1396 2541 1417 sti
2547 1396 2620 1417 Serm.
2629 1395 2657 1417 11.
2664 1407 2674 1411 -
2682 1395 2718 1417 Cf.

2511 1422 2590 1443 Caten.
2613 1422 2670 1443 Aur.
2695 1422 2719 1443 in

2510 1448 2602 1474 Mami„
2607 1454 2656 1475 cap.
2664 1449 2718 1474 md.

2607 1474 2620 1499 Θ

2517 2697 2525 2705 ·
2543 2695 2593 2716 Art.
2616 2702 2634 2719 ι,
2654 2695 2726 2717 Com-

2517 2725 2585 2743 mem.
2602 2727 2664 2743 num.
2679 2728 2712 2743 111.

2516 2750 2537 2758 ··
2546 2748 2577 2768 1V
2588 2748 2660 2775 Seni„
2674 2748 2726 2770 dist.

2517 2780 2532 2796 ι,
2564 2781 2585 2795 u.
2601 2781 2630 2795 iv.

2517 2802 2547 2811 ···
2569 2800 2664 2826 νδεηι.,
2674 2800 2726 2822 dist.

2517 2833 2531 2853 ι,
2547 2833 2585 2854 qu.
2600 2833 2615 2853 ι,
2631 2831 2672 2848 art.
2690 2835 2707 2848 ι.
