2878 4088
84 809 205 859 inffidqu.
219 816 283 833 xcvii
290 828 296 838 ,

79 1612 221 1636 ‘Vens-⁴

76 2053 158 2103 ὲᾏί
166 2059 235 2103 'll-³1¹?

0 2373 30 2407 ..Ι

85 3119 96 3130 ·
110 3117 179 3141 Vm.
191 3118 232 3145 4⁶·

88 3293 98 3303 ·
112 3289 180 3312 vers.
193 3296 233 3317 4⁰·

1030 120 1294 167 QUAESTIO
1323 119 1458 168 xclx,
1479 119 1772 157 ARTICULUS
1801 122 1814 157 1
2433 134 2507 171 247

384 196 435 227 An
460 207 577 227 ramum
601 207 684 228 aneo
708 208 867 229 mmmmm
887 198 977 239 quod
1001 208 1038 230 ea
1065 209 1148 240 quae
1176 200 1209 230 in
1238 200 1297 230 hac
1329 200 1394 229 vita
1446 208 1553 240 poena
1575 203 1698 229 taxatur
1721 199 1899 230 secundum
1923 200 2108 240 dignitatem
2131 202 2199 232 eius
2222 202 2256 231 in
2280 211 2379 242 quem
2394 211 2508 243 pecca-

329 246 484 280 aguntur,
508 251 576 272 non
605 243 649 273 ita
680 242 854 283 affligerent
885 243 1051 274 damnatos
1078 244 1111 274 in
1139 243 1265 274 inferno
1292 244 1318 273 si
1346 244 1392 274 vi-
1446 248 1514 274 tur:
1538 242 1626 273 unde
1647 243 1761 273 maiori
1783 252 1891 283 poena
1912 246 2044 284 punitur
2067 246 2124 285 qui
2146 246 2283 285 percutit
2311 247 2401 286 alapa
2422 248 2508 287 prin-

329 284 487 322 derentur,
508 287 590 317 sicut
612 292 796 318 sanctorum
818 287 920 327 gloria
942 288 1094 328 inspecta.
1126 286 1220 319 Unde
1249 297 1317 318 non
1349 288 1392 318 ita
1448 288 1563 327 cipem,
1589 296 1687 327 quam
1711 287 1810 317 alium
1834 297 2083 329 quemcumque.
2104 289 2167 320 Sed
2183 290 2381 331 quicumque
2397 296 2508 331 peccat

329 329 542 361 ostenduntur
564 330 720 361 damnatis
744 341 781 362 ea
805 341 888 372 quae
911 332 962 362 hic
986 337 1123 372 aguntur
1152 332 1234 362 sicut
1266 337 1391 362 sancto·
1446 331 1631 368 mortaliter,
1647 336 1760 371 peccat
1779 336 1890 362 contra
1913 332 2029 368 Deum,
2054 334 2145 364 cuius
2169 340 2338 374 praecepta
2353 340 2507 375 transgre-

327 383 399 404 rum
414 374 525 414 gloria.
542 374 698 412 Quamvis
713 375 809 406 etiam
825 385 939 406 eorum
955 385 1038 416 quae
1052 376 1105 406 hic
1121 381 1268 416 aguntur,
1285 382 1391 406 osten·
1414 388 1423 408 ς
1447 375 1541 412 ditur,
1566 380 1597 406 et
1621 376 1712 406 cuius
1735 376 1895 406 honorem
1918 376 1971 406 alii
1993 377 2172 416 impartitur
2188 378 2266 408 dum
2280 379 2314 408 in
2329 379 2392 409 alio
2409 378 2507 410 finem

328 417 443 448 dantur
466 419 510 449 eis
534 428 571 449 ea
594 428 677 459 quae
700 420 734 450 in
758 421 802 450 eis
825 420 982 450 tristitiam
1006 429 1122 460 augere
1144 426 1290 460 possunt.
1447 420 1621 450 constituit.
1646 419 1793 450 Maiestas
1817 425 1924 450 autem
1948 420 2008 450 Dei
2032 426 2078 450 est
2100 421 2232 452 infinita.
2257 422 2342 462 Ergo
2359 424 2507 463 quicum-

382 462 433 492 ΑΒ
450 472 612 493 sacmmtm
628 473 788 494 nrcssxntm
804 463 893 504 quod
908 464 1026 494 Paulus
1041 465 1179 504 inspexit
1190 465 1288 494 vitam
1304 464 1391 494 illam
1446 473 1510 503 que
1533 469 1645 504 peccat
1667 464 1851 500 mortaliter,
1869 463 1983 504 dignus
2003 469 2050 494 est
2064 464 2187 495 infinita
2202 475 2318 505 poena.
2342 467 2384 497 Et
2403 468 2446 498 ita
2461 468 2507 498 vi-

326 506 360 536 in
383 515 448 546 qua
470 507 571 537 sancti
589 517 665 538 cum
688 508 760 538 Deo
783 509 904 544 vivunt,
923 517 994 539 eam
1018 508 1223 548 experiendo,
1241 514 1272 539 et
1290 509 1324 538 in
1340 507 1391 538 fu·
1446 507 1538 538 detur
1569 507 1659 548 quod
1681 509 1763 539 iuste
1786 517 1845 548 pro
1869 513 2003 548 peccato
2027 509 2153 538 mortali
2177 510 2247 549 quis
2267 517 2423 551 perpetuo
2446 521 2506 552 pu—

326 555 435 581 turum
458 550 630 591 perfectius
654 552 821 592 sperando.
846 551 946 591 Quod
968 562 1035 583 non
1051 558 1098 583 est
1114 552 1153 583 de
1169 551 1334 583 damnatis.
1350 552 1391 583 Et
1444 553 1558 582 niatur.

326 593 400 625 ideo
424 604 492 625 non
516 601 564 626 est
585 596 698 626 simile.
1405 606 1431 621 ιο
1500 596 1690 626 Rnsroimzo
1721 605 1882 626 nxcnumm
1914 595 2014 636 quod,
2039 606 2114 626 cum
2137 606 2243 636 poena
2267 597 2428 637 duplicem
2451 600 2507 629 ha-

486 658 740 702 QUAESTIO
763 659 1230 693 NONAGESIMANONA
1444 640 1517 669 beat
1541 641 1761 679 quantitatem,
1786 640 1906 670 scilicet
1938 640 2118 671 secundum
2141 641 2355 671 intensionem
2388 644 2507 673 acerbi-

326 711 370 736 DE
384 712 628 738 MlSERlCORDlA
647 713 693 738 ET
712 713 859 738 IUSTlTlA
874 713 930 738 DEI
944 713 1122 738 RESPECTU
1141 712 1390 737 DAMNATORUM
1443 683 2163 768 ξέξέἒξὲἒξεζὲἒέἑῗᾶξυξίῗὲἓέῗθέῐῖἕὲἓε
2171 690 2507 761 Ξῃὲειὲἃεῐίιὲῐῒιῗωροξέθῖῗ

330 779 481 842 Dumna
509 770 778 801 considerandum
813 776 860 800 est
889 770 929 801 de
959 771 1078 800 iustitia
1110 775 1142 800 et
1170 769 1390 801 misericordia
1443 771 1569 808 bitatis,
1594 777 1630 802 ut
1660 772 1839 803 secundum
1868 772 1958 813 quod
1987 774 2112 813 gravius
2142 775 2303 814 peccavit,
2328 775 2506 806 secundum

387 814 448 844 Dei
470 820 618 854 respectu
641 814 867 845 damnatorum
882 815 908 844 ⁴³.
1404 826 1427 846 ¹5
1442 815 1506 846 hoc
1522 817 1647 856 gravior
1662 826 1769 856 poena
1785 817 1814 847 ei
1829 816 2007 857 infligatur;
2031 817 2118 848 unde
2133 820 2232 858 Apoc.
2249 828 2324 849 xvm
2339 820 2374 848 ἐ
2395 818 2507 855 Quan—

325 856 419 888 Circa
442 858 532 898 quod
555 864 753 898 quaeruntur
776 859 931 898 quinque.
1443 865 1510 890 tum
1530 870 1566 891 se
1587 861 1788 902 glorificavit
1809 866 1841 892 et
1862 862 1895 892 in
1919 861 2042 892 deliciis
2055 863 2137 904 suit,
2163 868 2286 893 tantum
2302 863 2376 893 date
2390 863 2420 894 ei
2440 869 2506 894 tor-

379 901 506 932 Primo:
531 907 640 932 utrum
664 911 702 933 ex
726 902 832 933 divina
854 903 973 933 iustitia
995 902 1148 934 inferatur
1166 903 1388 943 peccatoribus
1442 909 1582 935 mentum
1606 910 1637 936 et
1659 906 1789 936 luctum.
1814 906 1890 936 Non
1914 911 2021 937 autem
2044 907 2216 947 respondet
2237 906 2361 938 duratio
2380 917 2506 948 poenae

412 955 520 986 poena
543 951 679 977 aeterna.
1441 948 1603 980 durationi
1626 950 1750 990 culpae,
1772 955 1808 980 ut
1831 949 1907 981 dicit
1929 951 2139 990 Augustinus,
2156 952 2229 982 XXI
2252 951 2292 982 de
2309 952 2377 983 Ciu.
2394 952 2457 983 Dei
2473 954 2504 983 *x
2534 959 2543 969 ·

378 988 552 1021 Secundo:
587 996 697 1021 utrum
734 1000 792 1031 per
825 990 966 1022 divinam
997 990 1248 1022 misericordiam
1283 993 1388 1023 omnis
1441 1003 1509 1024 non
1533 995 1620 1024 enim
1643 993 1844 1030 adulterium,
1870 994 1959 1034 quod
1982 996 2015 1025 in
2037 1001 2206 1026 momento
2222 997 2376 1036 temporis
2391 1006 2505 1037 perpe-

412 1043 520 1074 poena
542 1039 608 1065 tam
631 1035 803 1066 hominum
827 1044 926 1075 quam
949 1035 1146 1067 daemonum
1168 1037 1365 1067 terminetur.
1402 1049 1428 1064 ιο
1441 1042 1548 1074 tratur,
1573 1043 1800 1069 momentanea
1823 1048 1929 1079 poena
1952 1039 2093 1079 punitur,
2111 1041 2206 1070 etiam
2225 1040 2403 1071 secundum
2419 1041 2505 1081 leges

378 1078 508 1109 Tertio:
532 1084 642 1110 utrum
665 1080 776 1110 saltem
799 1089 907 1120 poena
928 1080 1100 1111 hominum
1123 1081 1320 1111 terminetur.
1441 1082 1607 1112 humanas.
1633 1082 1695 1113 Sed
1718 1082 1843 1114 duratio
1866 1092 1992 1123 poenae
2015 1085 2143 1124 respicit
2166 1084 2409 1124 dispositionem
2429 1095 2505 1126 pec-

378 1122 520 1161 Quarto:
545 1129 655 1155 utrum
678 1124 790 1154 saltem
812 1134 920 1165 poena
943 1124 1209 1156 Christianorum.
1443 1127 1551 1157 cantis.
1577 1126 1784 1167 Quandoque
1809 1128 1894 1158 enim
1917 1128 1970 1158 ille
1994 1129 2050 1167 qui
2065 1134 2178 1168 peccat
2192 1129 2226 1159 in
2243 1129 2348 1169 aliqua
2368 1130 2503 1166 civitate,

378 1166 520 1205 Quinto:
551 1173 660 1199 utrum
694 1169 825 1199 illorum
860 1170 916 1209 qui
949 1179 1047 1210 opera
1078 1169 1313 1200 misericordiae
1342 1169 1388 1201 fe—
1443 1180 1481 1201 ex
1504 1171 1575 1210 ipso
1599 1177 1732 1211 peccato
1757 1171 1892 1202 efficitur
1914 1171 2028 1212 dignus
2051 1178 2088 1203 ut
2107 1172 2245 1203 totaliter
2260 1183 2279 1203 a
2293 1174 2445 1204 societate
2461 1175 2505 1204 ci-

412 1218 533 1243 cerunt.
1441 1215 1545 1245 vitatis
1569 1215 1754 1255 repellatur,
1779 1215 1829 1246 vel
1852 1225 1910 1255 per
1933 1216 2063 1247 exilium
2093 1222 2303 1257 perpetuum,
2327 1218 2378 1248 vel
2409 1219 2504 1248 etiam

510 1279 527 1283 ,,
563 1268 576 1270 ’ν
1402 1269 1426 1288 25
1442 1268 1499 1299 per
1521 1265 1670 1290 mortem.
1695 1259 1902 1300 Quandoque
1925 1270 2002 1291 vero
2026 1270 2094 1291 non
2116 1261 2258 1292 redditur
2274 1261 2388 1302 dignus
2403 1267 2440 1292 ut
2454 1268 2504 1293 to-

447 1291 547 1323 ART·
565 1292 588 1323 Ῑ·
612 1302 717 1323 ΰΤΒῸΜ
740 1302 779 1323 ¹³⁸
803 1302 912 1323 mvnu
935 1303 1067 1324 rusrnu
1090 1303 1265 1324 INFBRATUR
1442 1303 1545 1333 taliter
1567 1313 1585 1333 a
1609 1304 1728 1334 civium
1761 1304 1912 1334 societate
1945 1305 2146 1335 excludatur:
2171 1311 2203 1336 et
2225 1305 2316 1342 ideo,
2340 1312 2376 1337 ut
2404 1308 2505 1347 possit

594 1346 822 1368 pacm-romnus
846 1347 949 1368 Pomm
972 1347 1115 1368 ursana
1443 1357 1510 1378 esse
1534 1348 1730 1378 conveniens
1753 1349 1935 1379 membrum
1959 1349 2101 1386 civitatis,
2126 1359 2232 1389 poena
2248 1350 2277 1380 ei
2295 1351 2505 1391 prolongatur

401 1412 422 1434 n
435 1412 455 1435 S
481 1386 504 1434 ¹2¹
519 1387 574 1434 ¹5⁹3
589 1393 628 1415 ‘¹¹¹‘
643 1391 799 1415 '’¹¹¹‘'¹¹’³“‘
812 1388 972 1436 ³.³1¹}5¹“3·¹¹¹‘
987 1394 1026 1416 ⁴³¹¹·
1041 1391 1185 1415 numm.
1199 1395 1227 1414 ⁴³
1256 1415 1269 1428 ⁸
1301 1422 1307 1427 ,
1441 1392 1492 1422 vel
1515 1392 1675 1422 breviatur
1698 1392 1876 1423 secundum
1907 1392 1997 1433 quod
2029 1393 2156 1433 expedit
2180 1394 2248 1424 eius
2271 1395 2443 1431 curationi,
2468 1401 2504 1426 ut

454 1418 518 1462 enfil
533 1418 855 1468 ἑῗιῆἶιὲἐηὲῗὲρῗΐιξὶὶιίη
871 1431 908 1462 D'e
921 1418 1255 1469 ῧὲιιῖχὲἲιῗῖιιῖἰῖῗίπόςᾳυ
1281 1421 1307 1444 3»
1390 1436 1392 1438 ’
1441 1436 1474 1466 in
1499 1437 1625 1466 civitate
1648 1437 1877 1467 convenienter
1899 1443 1931 1467 et
1953 1437 2086 1477 pacifice
2109 1439 2215 1468 vivere
2237 1439 2348 1478 possit.

323 1465 449 1494 Conrpend.
466 1466 555 1494 TheoL,
570 1473 621 1494 cap.
637 1472 750 1492 mxxxiii:
764 1467 791 1489 In
804 1467 898 1494 Matth.,
914 1474 965 1495 cap.
980 1474 1038 1494 xxv3
1052 1468 1090 1489 Ad
1102 1468 1176 1495 Rom„
1191 1473 1243 1495 cap.
1254 1474 1279 1495 ιι,
1294 1468 1347 1490 leet.
1362 1474 1386 1490 ιι.
1402 1487 1428 1508 3⁰
1496 1480 1540 1510 Ita
1564 1481 1659 1511 etiam
1683 1490 1782 1511 secun
1784 1480 1862 1511 dum
1886 1481 2026 1511 divinam
2049 1482 2202 1512 iustitiam
2225 1483 2339 1523 aliquis
2363 1493 2401 1513 ex
2428 1493 2504 1524 pec-

386 1534 407 1555 n
430 1535 549 1556 pamma
571 1535 618 1556 sxc
646 1535 852 1557 pnoeumwn.
881 1526 1016 1557 Videtur
1040 1526 1130 1567 quod
1154 1537 1192 1557 ex
1213 1527 1319 1558 divina
1338 1529 1387 1558 iu-
1442 1529 1514 1554 cato
1538 1524 1679 1555 redditur
1702 1524 1817 1565 dignus
1839 1526 1967 1565 penitus
1991 1535 2009 1556 a
2033 1526 2164 1556 civitatis
2187 1527 2248 1556 Dei
2272 1528 2435 1558 consortio
2457 1537 2504 1559 se-

324 1538 470 1600 Astitia
491 1579 559 1600 non
574 1570 728 1600 inferatur
747 1571 970 1611 peccatoribus
989 1581 1097 1611 poena
1117 1576 1253 1602 aeterna.
1275 1572 1386 1603 Poena
1441 1569 1560 1608 parari:
1586 1569 1676 1609 quod
1706 1569 1743 1599 fit
1771 1579 1828 1609 per
1859 1579 1957 1600 omne
1986 1576 2156 1610 peccatum
2189 1580 2256 1610 quo
2289 1572 2361 1611 quis
2394 1578 2505 1603 contra

320 1614 407 1644 enim
422 1623 491 1644 non
507 1613 602 1645 debet
617 1614 770 1646 excedere
794 1615 940 1655 culpam:
965 1616 1061 1646 Deut.
1081 1626 1143 1647 xxv
1157 1617 1184 1652 *,
1202 1616 1384 1647 Secundum
1441 1614 1604 1644 caritatem
1626 1619 1748 1654 peccat,
1773 1623 1856 1654 quae
1880 1620 1926 1644 est
1949 1614 2115 1645 vinculum
2131 1615 2290 1645 civitatem
2310 1615 2504 1656 praedictam

318 1666 504 1689 mensuram
526 1658 636 1689 delicti
658 1659 721 1689 erit
743 1665 774 1690 et
789 1660 970 1701 plagarum
994 1660 1118 1690 modus.
1142 1659 1206 1691 Sed
1226 1661 1322 1700 culpa
1340 1667 1387 1692 est
1440 1658 1565 1688 uniens.
1590 1658 1631 1688 Et
1654 1658 1728 1688 ideo
1752 1667 1811 1697 pro
1835 1663 1969 1698 peccato
1985 1658 2122 1694 mortali,
2141 1659 2231 1698 quod
2246 1665 2293 1690 est
2309 1661 2504 1691 contrarium

319 1703 514 1743 temporalis.
539 1703 626 1743 Ergo
649 1712 756 1743 poena
778 1713 846 1734 non
870 1703 965 1735 debet
988 1714 1056 1735 esse
1080 1709 1216 1735 aeterna.
1401 1714 1423 1734 ις
1441 1702 1571 1738 caritati,
1588 1702 1712 1742 aliquis,
1732 1702 1767 1732 in
1790 1707 1955 1732 aeternum
1979 1712 1996 1732 a
2020 1703 2171 1733 societate
2195 1709 2380 1734 sanctorum
2396 1705 2503 1735 exclu-

375 1755 406 1777 2.
429 1747 632 1784 Pmm,
657 1747 798 1779 duorum
829 1753 1038 1788 peccatorum
1069 1748 1254 1779 mortalium
1281 1758 1386 1780 unum
1439 1755 1503 1782 sus,
1520 1751 1666 1776 aeternae
1685 1755 1810 1786 poenae
1830 1745 2000 1777 addicitur:
2027 1747 2112 1787 quia,
2132 1753 2168 1777 ut
2190 1747 2390 1787 Augustinus
2412 1749 2446 1778 in
2468 1749 2505 1778 li—

320 1796 368 1821 ett
389 1791 488 1822 altero
511 1793 627 1822 maius.
651 1792 738 1832 Ergo
761 1802 865 1823 unum
888 1792 982 1824 debet
1004 1793 1118 1823 maiori
1135 1802 1233 1834 quam
1249 1794 1385 1824 alterum
1439 1791 1497 1820 bro
1529 1790 1694 1831 praedicto
1710 1791 1727 1807 ⁴*
1758 1790 1843 1826 dicit,
1867 1791 1955 1831 quod
1984 1796 2031 1821 est
2057 1791 2097 1821 de
2129 1791 2258 1822 civitate
2287 1792 2350 1823 ista
2372 1793 2505 1824 mortali

319 1844 427 1875 poena
448 1837 566 1876 puniri.
590 1835 654 1867 Sed
675 1836 764 1867 nulla
786 1846 894 1877 poena
915 1843 1022 1877 potest
1055 1847 1123 1868 esse
1153 1838 1256 1868 maior
1286 1847 1385 1878 quam
1438 1835 1583 1866 homines
1604 1835 1762 1875 supplicio
1780 1835 1910 1875 primae
1933 1836 2056 1871 mortis,
2080 1835 2142 1866 hoc
2164 1841 2211 1866 est
2233 1836 2272 1866 de
2295 1837 2423 1868 civitate
2447 1837 2504 1868 illa

320 1884 463 1910 aeterna:
489 1890 565 1911 cum
587 1881 627 1911 sit
648 1880 782 1911 infinita.
807 1882 893 1921 Ergo
909 1891 978 1912 non
994 1882 1125 1912 cuilibet
1147 1888 1281 1922 peccato
1297 1892 1383 1913 mor·
1439 1879 1617 1909 immortali
1647 1879 1793 1910 homines
1825 1879 1982 1920 supplicio
2017 1879 2176 1910 secundae
2210 1881 2324 1911 mortis
2358 1882 2503 1923 auferre.

319 1923 375 1954 tali
397 1923 531 1955 debetur
553 1934 659 1966 poena
681 1931 818 1956 aeterna.
842 1926 884 1956 Et
906 1926 932 1956 si
956 1927 1013 1956 uni
1036 1935 1104 1956 non
1128 1925 1279 1963 debetur,
1303 1927 1384 1958 nulli
1397 1936 1424 1956 4⁰
1438 1923 1538 1961 Quod
1568 1929 1676 1954 autem
1708 1933 1815 1963 poena
1845 1933 1942 1963 quam
1973 1924 2081 1954 civitas
2109 1924 2273 1955 mundana
2295 1924 2409 1965 infligit
2430 1935 2503 1966 per-

320 1967 471 2000 debetur:
497 1979 572 2000 cum
595 1979 710 2000 eorum
733 1969 880 2000 distantia
902 1979 970 2001 non
993 1971 1033 2001 sit
1055 1969 1189 2001 infinita.
1437 1974 1536 2008 petua
1558 1977 1627 1998 non
1650 1973 1830 2008 reputatur,
1855 1968 1919 1999 hoc
1943 1974 1990 1998 est
2016 1977 2074 2008 per
2103 1968 2266 1999 accidens:
2291 1970 2342 2000 vel
2365 1970 2503 2010 inquan-

376 2013 406 2044 3.
429 2013 627 2049 mernmu,
651 2024 670 2044 a
692 2015 778 2044 iusto
801 2014 907 2045 iudice
929 2024 997 2045 non
1020 2013 1154 2045 infertur
1185 2024 1292 2055 poena
1321 2016 1382 2045 nisi
1436 2018 1507 2042 tum
1530 2013 1630 2043 homo
1661 2022 1730 2042 non
1762 2017 1920 2052 perpetuo
1948 2018 2076 2049 manet;
2110 2013 2161 2043 vel
2190 2014 2383 2053 inquantum
2407 2015 2502 2046 etiam

280 2065 292 2071 ·
319 2056 359 2087 ad
382 2058 632 2089 correctionem:
656 2058 744 2089 unde
767 2058 794 2089 11
817 2058 922 2089 Ethic.
943 2059 960 2075 ὓ
993 2058 1108 2090 dicitur
1139 2058 1229 2099 qubd
1253 2069 1383 2099 poenae
1435 2057 1504 2097 ipsa
1527 2057 1636 2087 civitas
1660 2056 1775 2087 deficit.
1802 2056 1904 2093 Unde,
1925 2057 1951 2087 si
1973 2057 2074 2087 homo
2098 2058 2131 2087 in
2155 2063 2348 2097 perpetuum
2371 2059 2490 2089 viveret

318 2106 395 2132 sunt
416 2102 574 2142 quaedam
596 2102 783 2133 medicinae.
814 2102 877 2134 Sed
905 2102 995 2143 quod
1026 2103 1118 2144 impii
1149 2104 1183 2134 in
1216 2109 1381 2134 aeternum
1435 2110 1543 2141 poena
1566 2101 1650 2132 exilii
1673 2106 1704 2131 et
1726 2101 1894 2137 servitutis,
1919 2110 2002 2141 quae
2024 2111 2082 2141 per
2103 2101 2208 2142 legem
2239 2102 2413 2133 humanam
2445 2104 2493 2134 in-

318 2146 502 2186 puniantur,
526 2147 590 2178 hoc
612 2156 680 2178 non
705 2153 751 2178 est
774 2146 814 2178 ad
836 2148 1070 2178 correctionem
1092 2157 1225 2178 eorum:
1249 2157 1310 2178 nec
1326 2149 1382 2178 ali·
1394 2162 1419 2182 45
1435 2145 1598 2182 feruntur,
1622 2147 1656 2175 in
1680 2155 1719 2176 eo
1747 2150 1905 2185 perpetuo
1928 2151 2160 2185 permanerent.
2183 2164 2207 2168 —
2229 2146 2296 2184 Qui
2324 2156 2400 2177 vero
2430 2148 2494 2178 hoc

320 2199 461 2230 quorum
484 2191 631 2227 afiorum,
656 2201 731 2222 cum
754 2196 831 2222 tunc
853 2201 922 2222 non
945 2192 1007 2222 sint
1023 2192 1121 2232 aliqui
1137 2191 1235 2223 futuri
1251 2193 1308 2232 qui
1322 2202 1380 2233 per
1434 2189 1535 2221 modo
1559 2195 1694 2230 peccant
1716 2195 1753 2220 ut
1775 2195 1882 2220 tamen
1905 2199 1973 2220 non
1995 2190 2166 2220 reddantur
2189 2190 2276 2230 digni
2295 2191 2432 2222 totaliter
2447 2201 2496 2222 se-

319 2235 383 2265 hoc
399 2235 514 2275 corrigi
528 2236 661 2276 possint.
685 2236 771 2276 Ergo
795 2235 975 2267 secundum
991 2236 1131 2267 divinam
1146 2237 1298 2267 iustitiam
1313 2247 1380 2268 non
1435 2235 1537 2275 parari
1561 2244 1579 2264 a
1601 2240 1728 2265 sanctae
1752 2234 1884 2264 civitatis
1908 2235 2082 2270 consortio,
2106 2235 2188 2265 sicut
2210 2236 2414 2275 peccantium
2443 2246 2498 2267 ve-

319 2278 453 2310 infertur
475 2288 534 2320 pro
557 2281 696 2320 peccatis
719 2289 825 2321 poena
848 2286 984 2312 aeterna.
1435 2279 1575 2315 nialiter,
1599 2284 1689 2309 tanto
1713 2288 1827 2309 eorum
1859 2288 1966 2319 poena
1996 2279 2053 2309 erit
2076 2279 2203 2309 brevior
2230 2279 2283 2310 vel
2310 2279 2503 2317 diuturnior,

373 2331 404 2362 4.
429 2323 625 2365 Pupi-nam,
650 2333 748 2355 omne
772 2324 862 2365 quod
884 2334 953 2355 non
969 2330 1016 2355 est
1030 2330 1162 2365 propter
1181 2334 1214 2355 se
1234 2325 1381 2360 volitum,
1437 2328 1559 2364 quanto
1575 2324 1675 2363 magis
1699 2323 1750 2353 vel
1773 2323 1880 2353 minus
1898 2323 2078 2363 purgabiles
2095 2329 2196 2360 erunt,
2215 2323 2395 2355 secundum
2413 2324 2503 2365 quod

318 2366 426 2398 nullus
447 2368 517 2398 visst
538 2368 600 2398 nisi
622 2374 754 2409 propter
776 2369 917 2409 aliquam
941 2369 1119 2400 utilitatem.
1144 2369 1207 2400 Sed
1222 2379 1348 2410 poenae
1365 2380 1383 2400 a
1398 2387 1424 2407 50
1437 2368 1483 2398 eis
1498 2373 1629 2408 peccata
1644 2367 1695 2398 vel
1711 2368 1783 2408 plus
1798 2367 1850 2397 vel
1864 2367 1972 2398 minus
1987 2368 2204 2398 inhaeserunt.
2225 2368 2324 2406 Quod
2339 2369 2373 2398 in
2389 2369 2504 2409 poenis

318 2411 390 2442 Deo
412 2421 482 2442 non
503 2418 579 2443 sunt
601 2418 733 2453 propter
760 2423 794 2444 se
825 2413 961 2444 volitae:
992 2423 1060 2444 non
1091 2414 1179 2444 enim
1209 2413 1384 2445 delectatur
1437 2413 1534 2442 huius
1565 2411 1679 2442 mundi
1710 2417 1741 2442 et
1771 2412 1947 2452 purgatorii
1977 2412 2156 2443 secundum
2189 2411 2328 2443 divinam
2351 2413 2503 2444 iustitiam

233 2479 267 2502 ει
284 2468 291 2475 ·
318 2455 353 2486 in
367 2457 483 2496 poenis
498 2457 525 2487 ³.
551 2456 637 2488 Cum
654 2467 730 2498 ergo
746 2457 834 2488 nulla
849 2458 967 2488 utilitas
983 2457 1126 2489 accidere
1141 2459 1243 2499 possit
1258 2468 1296 2489 ex
1312 2468 1384 2499 per·
1438 2461 1588 2487 servatur.

285 2495 291 2502 ⁸
318 2501 506 2540 petuatione
528 2511 664 2541 poenae,
688 2501 814 2533 videtur
837 2502 927 2542 quod
949 2508 1139 2543 perpetuam
1162 2512 1302 2543 poenam
1324 2513 1383 2543 pro
1494 2501 1704 2531 Inveniuntur
1728 2501 1824 2530 etiam
1848 2506 1879 2530 et
1903 2500 1981 2530 aliae
2004 2500 2143 2531 rationes
2167 2511 2184 2531 a
2213 2500 2335 2532 Sanctis
2366 2502 2504 2541 assigna-

319 2550 453 2584 peccato
476 2555 545 2576 non
567 2545 670 2577 infert.
1438 2551 1490 2576 tae
1513 2554 1612 2586 quare
1635 2545 1717 2575 iuste
1740 2554 1800 2585 pro
1823 2550 1958 2585 peccato
1981 2545 2151 2584 temporali
2174 2545 2272 2585 aliqui
2296 2555 2402 2585 poena
2433 2555 2504 2586 per-

378 2588 406 2619 5.
430 2589 627 2626 ΡκΑκι-ιιιιιιᾼ,
650 2590 731 2621 nihil
755 2589 846 2630 quod
869 2595 916 2621 est
938 2600 996 2630 per
1019 2590 1166 2621 accidens
1196 2596 1243 2621 est
1270 2601 1384 2632 perpe·
1401 2607 1423 2627 ςς
1439 2595 1537 2630 petua
1560 2590 1743 2629 puniantur.
1768 2589 1840 2620 Una
1856 2594 1903 2619 est
1918 2589 1994 2629 quia
2016 2595 2230 2629 peccaverunt
2253 2595 2364 2620 eontra
2380 2590 2504 2620 bonum

286 2648 292 2659 ι
319 2638 431 2669 tuum,
455 2638 492 2663 ut
515 2633 629 2664 dicitur
651 2635 686 2664 in
709 2634 722 2664 1
748 2635 840 2665 Caeli
862 2639 894 2665 et
915 2634 1034 2665 Mundi
1049 2636 1077 2665 *.
1112 2634 1176 2666 Sed
1202 2645 1309 2676 poena
1339 2641 1386 2666 est
1441 2639 1623 2669 aeternum,
1648 2632 1727 2664 dum
1758 2638 2021 2673 contempserunt
2052 2639 2213 2664 aeternam
2236 2634 2342 2664 vitam.
2377 2634 2419 2664 Et
2441 2635 2504 2664 hoc

286 2673 293 2713 ζ
321 2686 435 2707 eorum
459 2687 542 2718 quae
565 2683 640 2708 sunt
661 2687 719 2718 per
742 2678 907 2709 accidens:
933 2688 1008 2709 cum
1032 2680 1071 2710 sit
1099 2685 1210 2710 contra
1229 2685 1384 2710 naturam.
1442 2679 1538 2709 etiarn
1561 2683 1608 2708 est
1631 2677 1722 2717 quod
1743 2677 1943 2717 Augustinus
1959 2677 1993 2707 in
2008 2677 2171 2716 praedicto
2187 2678 2269 2708 libro
2285 2679 2302 2694 ⁴*
2322 2677 2415 2708 dicit:
2439 2678 2503 2708 Fa-

259 2726 265 2733 ·
321 2721 407 2761 Ergo
431 2731 499 2752 non
522 2727 630 2762 potest
652 2731 720 2753 esse
743 2728 908 2763 perpetua.
1441 2728 1511 2753 ctus
1534 2727 1582 2753 est
1603 2722 1690 2752 malo
1714 2721 1834 2762 dignus
1857 2726 2000 2756 aeterno,
2025 2721 2102 2761 quia
2120 2722 2230 2752 hocin
2247 2731 2281 2752 se
2297 2722 2437 2762 peremit
2450 2722 2505 2752 bo-

377 2765 407 2796 6.
432 2765 628 2802 Pnanrnna,
645 2767 763 2797 iustitia
778 2767 839 2797 Dei
854 2767 918 2797 hoc
932 2767 1094 2807 requirere
1116 2767 1241 2798 videtur
1256 2773 1293 2798 ut
1311 2777 1387 2808 pec·
1442 2777 1518 2797 num
1541 2766 1628 2807 quod
1650 2775 1718 2796 esse
1734 2770 1847 2805 posset
1868 2770 2045 2795 aeternum.

321 2814 444 2840 catores
468 2810 667 2841 adnihilum
690 2810 882 2851 redigantur.
915 2810 1000 2849 Quia
1029 2817 1161 2851 propter
1188 2812 1387 2852 ingratitudi-
1400 2823 1428 2844 50
1496 2811 1569 2841 Alia
1591 2811 1670 2840 ratio
1695 2815 1742 2840 est
1757 2810 1833 2849 quia
1847 2810 1948 2839 homo
1964 2810 1998 2839 in
2014 2818 2074 2839 suo
2091 2814 2220 2839 aeterno
2236 2810 2389 2849 peccavit.
2411 2809 2505 2841 Unde

320 2863 397 2884 nem
421 2853 516 2885 debet
545 2855 617 2895 quis
647 2854 803 2886 beneficia
834 2860 964 2895 accepta
992 2856 1145 2886 amittere.
1177 2856 1261 2886 Inter
1284 2862 1388 2887 cetera
1443 2854 1617 2894 Gregorius
1641 2853 1736 2890 dicit,
1760 2854 1794 2884 in
1818 2854 1861 2884 IV
1883 2853 2018 2894 Dialog.
2035 2854 2066 2883 *t
2090 2853 2142 2884 Ad
2164 2863 2319 2895 magnam
2350 2854 2503 2885 iustitiam

322 2903 430 2929 autem
453 2898 514 2929 Dei
537 2898 694 2930 beneficia
718 2905 765 2930 est
788 2899 884 2930 etiam
905 2900 1013 2939 ipsum
1037 2909 1115 2930 esse.
1140 2899 1234 2931 Unde
1263 2900 1389 2931 videtur
1443 2899 1616 2929 iudicantis
1625 2898 1768 2938 pertinet
1783 2903 1818 2928 ut
1834 2907 1998 2938 nunquam
2022 2902 2157 2927 careant
2178 2898 2334 2938 supplicio
2350 2899 2406 2938 qui
2422 2908 2503 2929 nun-

321 2943 443 2973 iustum
465 2949 502 2973 ut
524 2948 685 2983 peccator,
710 2944 767 2984 qui
788 2944 930 2983 ingratus
954 2943 1025 2974 Deo
1042 2944 1179 2980 existitit,
1196 2945 1303 2984 ipsum
1319 2954 1388 2975 esse
1442 2953 1539 2984 quam
1562 2943 1737 2973 voluerunt
1758 2951 1872 2972 carere
1887 2946 2034 2982 peccato.
2058 2959 2082 2963 -
2104 2941 2146 2971 Et
2168 2942 2194 2971 si
2218 2942 2386 2972 obiiciatur
2416 2942 2506 2982 quod

323 2986 455 3017 amittat.
480 2987 553 3024 Sed,
570 2988 596 3018 si
615 2988 649 3018 in
671 2988 809 3018 nihilum
831 2987 1023 3028 redigantur,
1048 2997 1162 3018 eorum
1185 2997 1292 3028 poena
1320 2998 1388 3019 non
1443 2986 1575 3027 quidam
1606 2992 1776 3026 peccantes
1807 2986 1982 3016 mortaliter
2010 2990 2200 3025 proponunt
2230 2986 2328 3016 vitam
2357 2996 2449 3017 suam
2471 2987 2505 3017 in

323 3035 431 3071 potest
453 3041 521 3062 esse
544 3037 709 3072 perpetua.
741 3032 827 3072 Ergo
856 3041 924 3062 non
954 3031 1079 3062 videtur
1109 3041 1178 3062 esse
1206 3041 1389 3063 consonum
1402 3043 1426 3070 σς
1442 3031 1557 3061 melius
1589 3035 1806 3066 commutare;
1838 3035 1870 3060 et
1900 3030 1963 3066 ita,
1987 3028 2167 3060 secundum
2195 3030 2277 3066 hoc,
2301 3040 2369 3061 non
2401 3036 2506 3061 essent

324 3073 449 3105 divinae
471 3076 609 3107 iustitiae
632 3082 668 3107 ut
690 3082 874 3117 peccatores
897 3081 1055 3116 perpetuo
1078 3077 1261 3116 puniantur.
1443 3075 1530 3115 digni
1554 3080 1683 3105 aeterno
1707 3074 1877 3114 supplicio,
1902 3079 1938 3104 ut
1960 3073 2103 3104 videtur:
2128 3092 2151 3096 -
2174 3073 2347 3105 dicendum
2370 3080 2432 3111 est,
2457 3084 2505 3105 se-

380 3118 444 3149 Snn
474 3129 597 3151 com-Ra
625 3131 680 3151 nsi·
703 3120 793 3161 quod
817 3120 932 3151 dicitur
954 3120 1066 3150 Matth.
1083 3130 1145 3151 xxv
1159 3121 1195 3150 *ε
1220 3120 1319 3151 Ibunt
1345 3120 1387 3157 hi,
1444 3118 1587 3150 cundum
1611 3118 1779 3159 quosdam,
1805 3117 1894 3158 quod
1917 3117 2091 3158 Gregorius
2114 3118 2258 3158 loquitur
2280 3117 2319 3149 de
2340 3119 2505 3150 voluntate

326 3161 447 3192 scilicet
469 3169 663 3203 peccatores,
688 3165 721 3195 in
745 3165 936 3206 supplicium
960 3169 1136 3195 aeternum.
1443 3173 1526 3203 quae
1549 3162 1769 3193 manifestatur
1791 3172 1848 3202 per
1872 3171 1964 3203 opus.
1989 3161 2056 3200 Qui
2079 3162 2166 3192 enim
2181 3162 2215 3192 in
2229 3168 2399 3202 peccatum
2417 3173 2504 3194 mor-

383 3215 412 3236 2.
435 3206 636 3245 PRAETERBA,
660 3210 742 3240 sicut
771 3219 805 3240 se
828 3209 923 3240 habet
946 3209 1126 3249 praemium
1156 3208 1196 3239 ad
1226 3209 1387 3244 meritum,
1443 3207 1504 3238 tale
1527 3207 1657 3247 propria
1672 3207 1837 3237 voluntate
1856 3206 1980 3242 labitur,
1997 3215 2031 3236 se
2045 3206 2139 3246 ponit
2160 3206 2194 3236 in
2215 3212 2297 3237 statu
2313 3216 2332 3236 a
2347 3216 2414 3247 quo
2438 3208 2506 3238 erui

326 3250 370 3279 ita
391 3259 498 3290 poena
521 3251 561 3282 ad
591 3253 730 3294 culpam.
763 3253 827 3285 Sed
856 3252 1035 3284 secundum
1065 3252 1206 3283 divinam
1237 3253 1390 3283 iustitiam
1403 3270 1430 3290 ,ο
1442 3261 1511 3282 non
1534 3256 1641 3292 potest
1663 3251 1724 3281 nisi
1756 3250 1917 3281 divinitus.
1949 3250 2043 3281 Unde
2067 3259 2106 3280 ex
2127 3250 2191 3280 hoc
2214 3251 2285 3290 ipso
2317 3251 2407 3291 quod
2437 3251 2506 3282 vult

327 3293 442 3324 merito
465 3295 634 3335 temporali
657 3296 790 3329 debetur
811 3298 992 3339 praemium
1008 3303 1192 3328 aeternum:
1218 3297 1305 3327 Ioan.
1318 3298 1388 3333 ιη’,
1443 3305 1587 3336 peccare,
1612 3300 1848 3335 consequenter
1869 3294 1939 3325 vult
1961 3295 1995 3324 in
2017 3300 2150 3335 peccato
2165 3304 2303 3338 'manere
2325 3301 2504 3336 perpetuo:

332 3336 444 3368 Omnis
466 3339 522 3379 qui
544 3339 630 3370 videt
650 3341 770 3372 Filium
793 3347 825 3372 et
845 3342 948 3373 credit
963 3342 996 3372 in
1013 3352 1095 3378 eum,
1112 3342 1206 3372 habet
1221 3341 1319 3372 vitam
1335 3351 1388 3372 ae·
1443 3341 1545 3370 homo
1569 3340 1656 3370 enim
1680 3345 1727 3370 est
1749 3339 1881 3380 spiritus
1904 3338 2043 3375 vadens,
2067 3338 2187 3369 scilicet
2209 3339 2243 3369 in
2265 3345 2452 3379 peccatum,
2475 3345 2507 3370 et

329 3386 463 3412 ternam.
488 3382 573 3422 Ergo
598 3389 630 3414 et
652 3385 766 3426 culpae
787 3386 958 3426 temporali
980 3386 1159 3417 secundum
1183 3385 1323 3416 divinam
1340 3386 1389 3416 iu·
1445 3394 1510 3415 non
1535 3383 1661 3414 rediens
1683 3393 1741 3424 per
1763 3383 1904 3423 seipsum
1919 3384 1946 3413 “.
1971 3382 2069 3419 Sicut,
2094 3383 2120 3413 si
2142 3382 2256 3423 aliquis
2279 3393 2313 3414 se
2328 3384 2362 3414 in
2377 3383 2505 3414 foveam

385 3469 414 3500 3.
438 3470 634 3508 Pmnua,
659 3473 837 3504 secundum
859 3474 1103 3515 Philosophum,
1128 3476 1162 3505 in
1184 3475 1214 3505 V
1236 3474 1341 3505 Ethic.
1362 3474 1388 3510 *‚
1404 3489 1428 3510 75
1445 3472 1535 3514 quod
1549 3473 1582 3503 in
1599 3478 1764 3503 aeternum
1775 3472 1819 3502 ibi
1829 3481 1958 3502 manere
1973 3471 2085 3508 voluit,
2103 3477 2402 3513 quantumcumque
2421 3471 2507 3503 aliud

2534 827 2544 837 ·
2560 826 2623 848 Vers.
2639 833 2660 854 7.

2531 1801 2540 1810 ·
2556 1799 2613 1821 Loc.
2628 1798 2668 1821 cit.

2532 2683 2542 2693 ·
2557 2681 2612 2709 Cap.
2627 2686 2668 2702 ιιι.

2532 2856 2542 2866 ·
2557 2854 2614 2882 Cap.
2632 2860 2693 2876 mv.

2534 3387 2542 3397 ¹
2553 3386 2630 3409 Gloss.
2639 3387 2742 3409 Interlin.

237 3463 243 3470 .
290 3459 301 3464 -
329 3426 446 3456 stitiam
468 3425 601 3457 debetur
623 3437 730 3468 poena
753 3435 888 3461 aeterna,
1444 3429 1614 3469 proiiceret
1636 3427 1722 3459 unde
1746 3428 1830 3458 exire
1853 3437 1921 3458 non
1943 3426 2053 3468 posset
2075 3427 2136 3457 nisi
2160 3427 2295 3464 adiutus,
2319 3433 2429 3468 posset
2444 3427 2506 3459 dici
2534 3413 2693 3467 ἷῐιιῐὲῗῖῗῗὶειῖξ.
2706 3414 2744 3469 ¹3²}ss
