2878 4088
160 852 171 861 ⁶
186 850 242 878 Cap.
260 855 289 871 ιν.

159 2055 170 2065 ·
185 2053 250 2075 Vers.
266 2052 288 2074 8.

404 161 480 198 224

403 230 557 268 Quamvis
582 237 690 262 autem
706 232 881 262 intellectui
897 231 1033 262 videntis
1049 233 1156 263 Deum
1173 234 1386 272 coniungatur
1401 232 1468 271 ipsa

403 274 509 305 divina
533 276 676 312 essentia,
702 286 786 316 quae
810 282 856 307 est
880 277 1028 307 omnium
1052 278 1142 313 ratio,
1167 287 1235 308 non
1258 283 1366 307 tamen
1390 285 1468 306 con-

402 320 543 359 iungitur
567 321 596 350 ei
619 326 717 360 prout
741 326 788 351 est
811 322 959 352 omniurn
982 322 1073 358 ratio,
1099 322 1154 352 sed
1177 321 1356 352 secundum
1379 319 1469 360 quod

403 369 449 394 est
464 365 544 394 ratio
561 365 760 405 aliquorum:
786 371 817 396 et
840 371 929 396 tanto
946 366 1088 406 plurium
1108 372 1229 406 quanto
1247 367 1385 406 quisque
1400 364 1468 405 ple-

402 409 473 438 nius
498 408 638 439 divinam
663 410 832 440 essentiam
854 411 1006 441 intuetur.

456 453 507 483 An
533 464 673 484 numum
703 464 863 485 DICENDUM
895 455 994 495 quod,
1020 454 1150 495 quando
1174 455 1318 495 potentia
1346 454 1469 494 passiva

403 502 449 527 est
471 497 676 537 perfectibilis
700 499 845 539 pluribus
869 500 1120 540 perfectionibus
1149 499 1317 534 ordinatis,
1342 499 1367 528 si
1397 507 1469 538 per-

402 541 485 572 fecta
507 543 547 572 sit
570 552 627 573 sua
650 543 762 574 ultima
785 544 1001 584 perfectione,
1026 554 1094 574 non
1125 542 1240 574 dicitur
1270 542 1466 583 imperfecta,

403 586 498 616 etiam
514 587 539 617 si
556 587 681 628 aliquae
693 587 919 629 dispositiones
935 587 1161 628 praecedentes
1178 589 1207 618 ei
1223 587 1336 618 desint.
1354 587 1469 617 Omnis

1115 153 1380 200 QUAESTIO
1410 151 1539 199 XCIII,
1564 152 1859 190 ARTICULUS
1887 154 1901 190 I

1523 237 1657 271 gnoscat
1681 233 1790 262 omnia
1807 232 1846 262 ad
1863 242 1946 272 quae
1962 242 1996 263 se
2013 233 2153 264 extendit
2175 234 2275 266 virtus
2298 235 2478 266 intellectus
2494 245 2591 276 agen-

1523 276 1572 305 tis.
1598 275 1714 306 Divina
1738 282 1846 306 autem
1871 277 2005 307 essentia
2020 287 2088 308 non
2105 283 2151 308 est
2166 278 2270 309 forma
2284 279 2348 310 hoc
2363 280 2464 310 modo
2480 285 2590 310 nostro

1524 320 1701 351 intellectui
1723 321 1976 360 proportionata.
2001 322 2042 352 Et
2065 321 2139 352 ideo
2163 332 2231 353 non
2255 328 2302 353 est
2325 323 2438 354 simile.

1590 365 1642 394 An
1669 374 1875 395 DUODECIMUM
1902 375 2062 396 mmmmm
2091 366 2181 407 quod
2207 367 2287 397 nihil
2313 367 2462 408 prohibet
2487 368 2591 399 dicere

1492 415 1501 435 ⁵
1525 408 1615 448 quod
1630 414 1704 449 post
1720 409 1805 439 diem
1822 410 1942 446 iudicii,
1960 410 2091 451 quando
2107 411 2209 451 gloria
2226 412 2398 442 hominurn
2415 418 2446 442 et
2461 413 2591 452 angelo-

1523 462 1596 483 rum
1620 453 1677 483 erit
1700 454 1829 493 penitus
1853 461 2087 491 consummata,
2112 465 2226 486 omnes
2249 456 2332 486 beati
2355 456 2456 487 scient
2483 458 2592 488 omnia

1524 507 1607 538 quae
1619 498 1708 528 Deus
1720 499 1852 529 scientia
1863 499 1995 529 visionis
2006 501 2110 530 novit:
2123 501 2165 530 ita
2176 505 2283 531 tamen
2297 500 2387 541 quod
2397 510 2465 531 non
2478 510 2592 532 omnes

1524 542 1634 572 omnia
1657 542 1785 573 videant
1808 544 1842 573 in
1866 544 2002 574 essentia
2025 543 2140 575 divina.
2172 543 2236 575 Sed
2266 545 2372 576 anima
2402 545 2521 576 Christi
2547 546 2591 576 ibi

1523 586 1619 626 plene
1642 586 1762 617 videbit
1785 588 1904 623 omnia,
1929 589 2012 619 sicut
2036 593 2067 619 et
2089 598 2178 619 nunc
2195 588 2298 620 videt:
2331 590 2384 620 alii
2414 595 2521 620 autem
2544 591 2591 620 vi—

402 636 510 661 autem
534 633 677 672 cognitio
695 642 759 673 qua
777 633 956 663 intellectus
973 638 1095 664 creatus
1115 632 1288 673 perficitur,
1305 631 1470 662 ordinatur
1485 643 1510 657 ιο
1524 630 1646 661 debunt
1661 632 1705 662 ibi
1720 632 1812 672 plura
1827 633 1877 663 vel
1894 633 2047 673 pauciora
2061 633 2241 664 secundum
2253 633 2387 674 gradum
2404 644 2471 675 quo
2483 635 2591 665 Deum

401 675 484 706 sicut
507 675 547 706 ad
569 675 668 707 finem
692 678 732 707 ad
755 678 816 708 Dei
841 678 1070 717 cognitionem.
1103 676 1197 708 Unde
1220 676 1331 708 videns
1362 677 1469 707 Deum

401 729 458 760 per
482 721 661 757 essentiam,
679 722 775 752 etiarn
791 723 817 752 si
832 722 912 752 nihil
935 722 1022 752 aliud
1046 727 1265 762 cognosceret,
1289 720 1469 761 perfectum

401 764 602 796 intellectum
624 766 764 796 haberet.
788 766 857 796 Nec
882 772 928 797 est
950 766 1122 806 perfectior
1146 776 1184 796 ex
1208 767 1271 796 hoc
1295 765 1385 806 quod
1413 765 1469 796 ali-

402 809 480 849 quid
504 809 590 840 aliud
614 819 690 840 curn
713 811 784 850 ipso
809 812 985 850 cognoscit,
1009 811 1070 841 nisi
1094 816 1252 851 quatenus
1275 811 1382 850 ipsum
1401 810 1469 850 ple-

401 853 474 883 nius
486 853 581 884 videt.
599 854 693 884 Unde
705 855 915 894 AugustinuS,
928 855 961 885 in
976 856 1005 885 V
1018 855 1165 897 Confess.
1177 856 1207 885 *2
1229 855 1354 897 Infelix
1372 855 1468 885 homo

401 897 456 937 qui
479 898 539 927 scit
555 898 664 928 omnia
680 898 748 934 illa,
765 899 886 929 scilicet
902 905 1069 935 creaturas,
1087 904 1117 929 te
1132 904 1239 930 autem
1256 899 1364 929 nescit.
1384 899 1468 929 Bea-

401 946 452 971 tus
475 947 582 971 autem
605 942 661 982 qui
684 947 714 972 te
736 943 804 977 scit,
829 943 926 972 etiam
949 943 977 973 si
1001 943 1058 973 illa
1082 943 1212 973 nesciat.
1249 943 1315 979 Qui
1337 952 1414 973 vero
1439 948 1469 973 te

399 990 431 1015 et
453 985 511 1015 illa
535 986 633 1021 novit,
659 995 724 1016 non
743 991 882 1026 propter
898 987 956 1017 illa
972 987 1106 1022 beatior,
1123 987 1179 1017 sed
1197 992 1335 1027 propter
1350 992 1380 1017 te
1396 992 1467 1017 tan-

401 1034 467 1059 tum
491 1029 611 1060 beatus.

455 1074 506 1104 An
526 1084 645 1104 seerM
664 1084 824 1104 mmmmm
848 1074 938 1114 quod
962 1075 1131 1115 speculum
1154 1074 1234 1105 illud
1258 1080 1304 1105 est
1319 1075 1467 1105 volunta-

399 1118 499 1148 rium:
526 1124 566 1155 et,
583 1119 665 1149 sicut
684 1119 831 1150 ostendet
847 1129 881 1149 se
898 1120 950 1149 cui
966 1120 1044 1155 vult,
1062 1120 1104 1149 ita
1121 1120 1154 1149 in
1170 1128 1203 1149 se
1220 1118 1367 1149 ostendet
1384 1128 1468 1159 quae

399 1162 477 1192 vult.
502 1163 571 1193 Nec
595 1169 642 1193 est
665 1164 767 1194 simile
791 1163 831 1194 de
854 1164 988 1204 speculo
1013 1164 1178 1199 materiali,
1202 1164 1236 1194 in
1260 1164 1351 1194 cuius
1375 1169 1468 1204 pote-

399 1212 478 1237 state
501 1217 569 1237 non
593 1212 639 1238 est
663 1207 753 1248 quod
776 1208 920 1238 videatur
942 1208 993 1238 vel
1016 1218 1085 1239 non
1108 1207 1261 1239 videatur.

454 1251 515 1282 Vel
538 1251 712 1283 dicendum
736 1252 827 1293 quod
845 1253 878 1283 in
894 1253 1028 1293 speculo
1044 1253 1199 1283 materiali
1215 1258 1281 1283 tam
1303 1262 1353 1283 res
1369 1262 1467 1293 quam

399 1296 569 1335 speculum
591 1296 740 1327 videntur
756 1298 814 1327 sub
831 1298 962 1338 propria
985 1297 1102 1328 forma:
1129 1298 1275 1338 quamvis
1297 1297 1467 1338 speculum

399 1340 478 1371 illud
494 1340 638 1372 videatur
649 1351 707 1381 per
719 1342 858 1372 formam
870 1352 888 1372 a
899 1352 933 1372 re
950 1348 1125 1382 acceptam,
1139 1342 1219 1383 lapis
1230 1351 1307 1373 vero
1323 1351 1381 1382 per
1392 1351 1467 1382 pro-

399 1385 501 1425 priam
525 1385 664 1416 formam
687 1386 894 1417 resultantem
918 1387 951 1417 in
974 1396 1008 1417 re
1032 1387 1108 1424 alia,
1133 1392 1164 1417 et
1187 1386 1261 1417 ideo
1285 1396 1342 1427 per
1369 1396 1467 1427 quam

398 1430 556 1460 rationem
581 1432 787 1470 cognoscitur
810 1441 924 1468 unum,
950 1437 980 1462 et
1004 1431 1099 1462 aliud.
1125 1431 1188 1462 Sed
1211 1432 1244 1462 in
1268 1431 1402 1471 speculo
1419 1432 1467 1462 in-

400 1480 506 1504 creato
530 1474 655 1505 videtur
685 1475 806 1516 aliquid
835 1485 893 1516 per
923 1476 1061 1506 formam
1090 1477 1190 1516 ipsius
1221 1476 1361 1516 speculi,
1386 1476 1468 1506 sicut

400 1518 531 1549 effectus
555 1519 680 1550 videtur
703 1529 760 1560 per
783 1520 1027 1551 similitudinem
1057 1530 1172 1551 causae
1202 1526 1234 1551 et
1257 1530 1274 1551 e
1298 1530 1466 1551 converso.

399 1563 440 1593 Et
467 1563 541 1594 ideo
572 1574 640 1594 non
672 1570 801 1605 oportet
832 1565 921 1605 quod
952 1566 1151 1606 quicumque
1181 1565 1268 1596 videt
1298 1565 1467 1605 speculum

399 1613 574 1644 aeternum,
599 1608 705 1639 videat
728 1610 838 1639 omnia
862 1619 945 1650 quae
975 1611 1009 1640 in
1039 1610 1173 1650 speculo
1197 1610 1359 1640 resultant.
1391 1610 1467 1640 Non

400 1653 486 1683 enim
510 1662 640 1684 necesse
665 1658 712 1684 est
735 1654 825 1694 quod
847 1653 958 1685 videns
983 1664 1111 1685 causam
1135 1654 1242 1685 videat
1257 1664 1371 1685 omnes
1393 1654 1468 1685 effe-

400 1702 469 1727 ctus
494 1698 572 1733 eius,
597 1698 658 1728 nisi
682 1698 935 1738 comprehendat
959 1709 1098 1730 causam.

454 1742 505 1771 An
530 1752 682 1772 snrrrmm
706 1753 867 1773 mmmmm
883 1743 973 1783 quod
989 1749 1174 1774 sanctorum
1190 1743 1383 1774 desiderium
1400 1753 1467 1784 quo
1484 1754 1506 1774 ις

400 1786 510 1816 omnia
534 1787 614 1816 scire
637 1786 833 1823 desiderant,
857 1788 1043 1828 implebitur
1074 1798 1112 1819 ex
1141 1788 1205 1818 hoc
1236 1789 1343 1819 solum
1378 1787 1467 1828 quod

399 1830 507 1860 Deum
530 1830 701 1861 videbunt:
726 1832 808 1862 sicut
831 1831 1024 1863 desiderium
1041 1842 1155 1863 eorum
1173 1842 1240 1873 quo
1257 1833 1366 1863 omnia
1381 1833 1467 1863 bona

399 1875 516 1905 habere
539 1876 694 1915 cupiunt,
720 1877 935 1916 complebitur
965 1877 999 1908 in
1028 1878 1092 1908 hoc
1122 1877 1212 1918 quod
1239 1877 1346 1908 Deum
1370 1877 1467 1908 habe-

399 1919 489 1949 bunt.
514 1919 604 1950 Sicut
628 1921 714 1950 enim
738 1921 836 1957 Deus,
853 1922 886 1951 in
902 1922 966 1951 hoc
990 1921 1079 1962 quod
1102 1922 1198 1952 habet
1217 1922 1392 1962 perfectam
1408 1923 1467 1952 bo-

398 1963 541 1999 nitatem,
566 1963 683 1994 sufficit
706 1964 843 2001 affectui,
869 1970 909 2001 et,
934 1975 974 1996 eo
999 1966 1119 2002 habito,
1144 1967 1254 1996 omnia
1277 1966 1363 1996 bona
1384 1975 1467 2006 quo-
1481 1975 1508 1995 ιο

398 2007 574 2038 dammodo
607 2009 785 2045 habentur;
820 2010 862 2039 ita
896 2010 964 2040 eius
997 2010 1078 2040 visio
1113 2009 1230 2041 sufficit
1268 2010 1465 2041 intellectui:

398 2052 486 2082 Ioan.
510 2053 611 2089 xrv*,
640 2053 797 2089 Domine,
823 2054 954 2085 ostende
985 2054 1076 2085 nobis
1106 2055 1251 2091 Patrem,
1284 2059 1315 2085 et
1346 2055 1469 2096 sufficit

398 2096 499 2127 nobis.

463 2141 514 2171 Ar>
539 2150 686 2172 ocravum
709 2152 870 2173 mmmmm
886 2143 974 2183 quod
993 2144 1172 2184 ignorantia
1190 2144 1320 2184 proprie
1337 2149 1467 2184 accepta

1525 682 1732 716 cognoscent.
1763 677 1805 707 Et
1835 677 1880 707 sic
1910 677 2017 708 anima
2041 677 2162 708 Christi·
2182 677 2222 708 de
2244 678 2294 708 his
2318 688 2401 719 quae
2424 689 2500 719 prae
2523 679 2592 710 aliis

1523 720 1610 751 videt
1641 721 1674 751 in
1708 721 1836 758 Verbo,
1862 731 1976 752 omnes
2008 722 2083 752 alias
2115 722 2325 753 illuminabit:
2359 723 2447 754 unde
2476 723 2592 754 dicitur

1523 766 1623 805 Apoc.
1648 775 1701 795 xx1
1721 767 1738 782 ⁴*
1768 765 1858 806 quod
1881 766 2016 797 claritas
2048 767 2112 797 Dei
2135 767 2300 797 illuminat
2327 768 2488 798 civitatem
2518 768 2592 799 bea-

1524 814 1642 846 torum,
1667 815 1698 840 et
1720 810 1855 841 lucerna
1879 811 1948 842 eius
1971 817 2019 842 est
2040 812 2165 853 Agnus.
2189 811 2231 842 Et
2253 812 2397 843 similiter
2420 813 2472 843 alii
2496 822 2591 853 supe-

1485 869 1507 889 ις
1523 854 1623 884 riores
1646 855 1874 886 illuminabunt
1897 855 2080 886 inferiores:
2105 866 2173 887 non
2196 856 2328 897 quidem
2357 866 2444 887 nova
2473 857 2592 888 illumi-

1523 899 1665 935 natione,
1682 905 1718 930 ut
1735 900 1866 930 scientia
1889 899 2078 931 inferiorum
2093 910 2152 941 per
2166 901 2230 931 hoc
2246 907 2417 941 augeatur;
2441 901 2497 932 sed
2513 911 2591 943 qua-

1524 942 1598 973 dam
1623 945 1866 975 continuatione
1882 945 2135 982 illuminationis,
2153 945 2235 976 sicut
2250 946 2276 976 si
2292 946 2487 987 intelligatur
2502 947 2592 987 quod

1522 987 1572 1016 sol
1596 988 1764 1026 quiescens
1788 988 1947 1019 illuminat
1969 999 2085 1020 aerem.
2110 990 2151 1021 Et
2173 990 2248 1021 ideo
2272 990 2387 1021 dicitur
2410 991 2492 1022 Dan.
2515 1001 2560 1022 xn
2574 992 2592 1008 ⁴*

1523 1030 1613 1070 quod
1636 1032 1692 1071 qui
1714 1032 1758 1062 ad
1780 1032 1935 1063 iustitiam
1951 1034 2105 1064 erudiunt
2113 1035 2286 1075 plurimos,
2302 1035 2486 1077 fulgebunt
2498 1037 2592 1077 quasi

1482 1088 1508 1102 ιο
1521 1075 1635 1105 stellae
1652 1075 1691 1105 ·in
1710 1081 1886 1116 perpetuas
1902 1078 2118 1109 aeternitates.
2142 1079 2298 1110 Praelatio
2316 1085 2425 1110 autem
2441 1080 2591 1112 ordinum

1523 1118 1638 1149 dicitur
1662 1125 1821 1150 cessatura
1844 1127 2002 1161 quantum
2026 1121 2065 1152 ad
2089 1132 2126 1153 ea
2149 1132 2232 1163 quae
2255 1133 2344 1154 nunc
2360 1125 2443 1155 circa
2457 1135 2519 1156 nos
2534 1135 2592 1166 per

1523 1172 1637 1194 eorum
1661 1163 1805 1239 orginata
1828 1165 2003 1196 ministeria
2027 1172 2229 1197 exercentur:
2254 1172 2291 1198 ut
2313 1173 2401 1208 patet
2422 1178 2480 1210 per
2497 1169 2592 1201 Glos-

1522 1217 1590 1238 sam
1606 1209 1623 1224 ⁴*
1646 1208 1690 1238 ibi
1714 1218 1775 1239 em.

1658 1273 1912 1317 QUAESTIO
1943 1274 2459 1312 NONAGESIMATERTIA

1562 1327 1608 1352 DE
1627 1328 1843 1354 SANCTORUM
1861 1328 2095 1354 ΒΕΑΤιτυῡιΝε
2114 1329 2160 1355 ET
2179 1330 2302 1356 EORUM
2321 1331 2552 1357 MANSIONLBUS

1525 1396 1678 1460 Dumna
1707 1386 1976 1418 considerandum
2002 1393 2049 1418 est
2073 1387 2113 1419 de
2136 1394 2321 1420 sanctorum
2345 1389 2541 1422 beatitudine
2562 1397 2593 1422 et

1586 1440 1700 1461 eorum
1724 1432 1946 1462 mansionibus
1962 1433 1988 1462 ’ἃ

1524 1474 1618 1506 Circa
1641 1475 1731 1516 quod
1754 1482 1953 1516 quaeruntur
1975 1477 2044 1507 tria.

1577 1520 1704 1595 Pridpio:
1729 1526 1838 1551 utrum
1862 1526 2048 1552 sanctorum
2071 1522 2236 1553 beatitudo
2261 1528 2414 1564 augeatur
2437 1530 2512 1564 post
2541 1525 2592 1556 iu-

1647 1574 1743 1595 cium.

1578 1608 1747 1640 Secundo:
1772 1615 1881 1640 utrum
1904 1610 2020 1650 gradus
2044 1611 2247 1642 beatitudinis
2277 1612 2479 1654 appellentur
2501 1622 2593 1645 man-

1611 1663 1728 1685 siones.
2107 1662 2109 1665 '

1581 1698 1709 1729 Tertio:
1734 1703 1844 1729 utrum
1868 1698 2009 1730 diversae
2032 1701 2217 1731 mansiones
2240 1700 2474 1742 distinguantur
2492 1711 2593 1743 penes

1613 1743 1755 1773 diversos
1778 1742 1894 1783 gradus
1918 1744 2063 1774 caritatis.
2483 1755 2488 1761 ·

1555 1817 1654 1847 ART.
1673 1817 1695 1848 I.
1721 1828 1825 1848 urium
1842 1828 2018 1850 nnArrruno
2035 1829 2220 1851 sacrorum
2243 1830 2290 1851 sn
2313 1831 2412 1852 namn
2435 1832 2558 1854 rurum

1827 1872 1903 1896 pos‘r
1927 1873 2069 1894 mmcnm
2093 1874 2180 1895 oum
2203 1875 2284 1896 ANTE

1596 1938 1630 1960 1v
1644 1913 1926 1968 SentIhdi'stf’x‘IIvlliiuq't'i’.
1939 1917 2018 1963 ‘Inungi
2030 1914 2112 1970 gdq3u³¹
2118 1914 2209 1970 11:12²&
2223 1921 2311 1967 aihta,
2326 1920 2408 1971 πξῇιιὶὅ
2448 1944 2477 1966 ad
2511 1951 2516 1958 ·

1621 1965 1674 1987 dist.
1690 1956 1752 1992 κίικ,
1769 1972 1808 1994 qu.
1824 1973 1855 1994 ιν,
1868 1956 1913 1988 ἰη
1929 1957 2008 1995 5,’ᾳυ·
2023 1957 2090 1995 ’,ἰὰ
2106 1975 2129 1995 ι;
2145 1968 2153 1990 1
2168 1969 2202 1990 ad
2215 1969 2279 1996 Cor„
2294 1949 2346 1997 caii.
2361 1976 2392 1996 vt.
2417 1960 2460 1993 e'ct.
2475 1951 2517 1993 1.3'

1523 2026 1607 2088 An
1631 2026 1749 2046 murum
1773 2027 1818 2047 src
1843 2027 2048 2049 enocemrun.
2068 2018 2204 2050 Videtur
2227 2020 2317 2060 quod
2333 2021 2497 2054 beatitudo
2519 2033 2590 2054 san-

1588 2065 1715 2091 ctorum
1735 2071 1802 2091 non
1819 2062 1858 2092 sit
1878 2062 1981 2092 maior
1997 2062 2103 2094 futura
2122 2069 2197 2104 post
2211 2064 2368 2096 iudicium
2389 2075 2486 2107 quam
2507 2073 2590 2098 ante.

1522 2104 1654 2142 Quanto
1679 2105 1765 2135 enim
1790 2106 1910 2146 aliquid
1933 2108 2033 2147 magis
2057 2107 2180 2139 accedit
2203 2108 2242 2139 ad
2274 2110 2516 2142 similitudinem
2543 2112 2590 2144 di-

1521 2149 1640 2186 vinam,
1657 2155 1746 2180 tanto
1762 2149 1935 2190 perfectius
1951 2152 2183 2184 beatitudinem
2205 2154 2382 2195 participat.
2407 2154 2469 2186 Sed
2485 2156 2591 2188 anima

396 2186 430 2216 in
454 2186 667 2225 privationem
698 2192 808 2223 sonat,
834 2193 865 2218 et
888 2188 933 2218 sic
957 2197 1064 2228 poena
1088 2194 1150 2219 est:
1182 2189 1227 2219 sic
1258 2189 1345 2219 enim
1374 2189 1467 2229 igno·
1481 2197 1505 2217 ⁴5
1522 2203 1539 2224 a
1563 2203 1700 2235 corpore
1724 2200 1866 2235 separata
1890 2196 1961 2226 Deo
1985 2197 2119 2228 similior
2150 2203 2197 2228 est
2227 2207 2324 2239 quam
2353 2201 2482 2240 corpori
2512 2210 2590 2235 con-

396 2230 496 2260 rantia
521 2236 567 2261 est
590 2231 765 2262 nescientia
784 2232 968 2272 aliquorum
985 2243 1066 2273 quae
1084 2233 1155 2264 sciri
1172 2233 1299 2270 debent,
1316 2233 1367 2264 vel
1383 2243 1466 2274 quae

396 2284 526 2305 necesse
557 2280 604 2305 est
633 2276 722 2306 scire.
754 2276 881 2307 Nullius
911 2282 1019 2308 autem
1049 2278 1167 2308 horum
1197 2278 1329 2308 scientia
1352 2279 1467 2309 sanctis

397 2318 497 2349 deerit
519 2320 553 2349 in
575 2321 685 2360 patria.

1521 2239 1639 2269 iuncta.
1665 2239 1751 2279 Ergo
1774 2240 1878 2270 maior
1908 2246 1955 2271 est
1985 2241 2053 2272 eius
2083 2242 2248 2274 beatitudo
2279 2248 2352 2274 ante
2376 2245 2520 2286 corporis
2541 2254 2590 2277 re-

1521 2284 1743 2324 sumptionem
1766 2294 1863 2324 quam
1886 2290 1971 2325 post.
2427 2301 2430 2304 *

1578 2337 1608 2358 2.
1625 2328 1823 2366 Prummu,
1847 2329 1945 2360 virtus
1969 2331 2059 2361 unita
2083 2336 2130 2361 est
2144 2332 2245 2372 magis
2260 2337 2377 2373 potens
2393 2343 2491 2375 quam
2506 2334 2591 2366 mul-

2620 775 2710 800 ·Vers.
2724 781 2758 805 23.

2619 994 2629 1004 ·
2645 992 2713 1015 vm.
2727 998 2748 1022 3.

2620 1217 2631 1228 '
2640 1214 2701 1237 ord.
2710 1218 2732 1238 e!
2746 1214 2835 1238 [amb.

2619 1435 2632 1447 ⁶
2651 1434 2689 1457 cf.

2619 1440 2752 1484 huod-qm
2775 1440 2835 1465 xcu,

452 2363 659 2405 Quandoque
682 2370 790 2396 autem
806 2366 985 2405 ignorantia
1000 2368 1217 2398 communiter
1232 2367 1387 2407 accipitur
1406 2377 1466 2408 pro
1521 2372 1663 2412 tiplicata
1678 2374 1704 2403 *,
1730 2373 1794 2404 Sed
1817 2374 1923 2404 anima
1947 2380 2032 2405 extra
2056 2385 2174 2416 corpus
2198 2382 2244 2407 est
2266 2378 2367 2418 magis
2387 2379 2477 2410 unita
2492 2388 2590 2420 quam
2618 2383 2628 2395 ·
2649 2383 2686 2406 De
2717 2382 2818 2411 emt

397 2409 487 2438 omni
509 2410 694 2440 nescientia.
719 2410 761 2440 Et
783 2411 828 2441 sic
852 2411 957 2451 angeli
981 2416 1012 2442 et
1027 2412 1128 2442 sancti
1142 2412 1176 2442 in
1192 2413 1292 2452 patria
1308 2411 1467 2452 quaedam
1482 2420 1508 2440 50
1522 2426 1597 2447 cum
1622 2422 1669 2447 est
1692 2419 1822 2458 corpori
1846 2419 2028 2450 coniuncta,
2054 2420 2140 2461 Erg0
2160 2421 2259 2452 virtus
2275 2427 2322 2452 est
2336 2423 2440 2454 maior
2455 2423 2496 2454 ad
2511 2433 2590 2465 ope-
2616 2410 2818 2466 ξ’ξξῗςρῗᾊῇῗῖ

396 2453 606 2492 ignorabunt:
631 2454 717 2485 unde
734 2455 916 2496 Dionysius,
933 2455 1009 2486 dicit
1028 2456 1118 2497 quod
1138 2456 1242 2497 angeli
1258 2466 1276 2486 a
1293 2457 1466 2487 nescientia
1520 2461 1667 2492 randum.
1692 2462 1733 2492 Et
1757 2463 1800 2493 ita
1822 2462 1995 2504 perfectius
2016 2464 2247 2496 beatitudinem
2262 2467 2440 2508 participat,
2457 2477 2541 2509 quae
2555 2469 2589 2500 in

159 2504 169 2513 ·
186 2502 222 2524 ef.
242 2508 290 2531 arg.
309 2503 358 2525 Sed
396 2502 572 2537 purgantur
588 2499 614 2528 ’ἦ
639 2498 692 2529 Sic
715 2504 824 2530 autem
842 2500 1022 2540 ignorantia
1044 2510 1112 2531 non
1137 2506 1184 2532 est
1206 2501 1394 2541 poenalitas,
1410 2501 1467 2532 sed
1521 2511 1594 2536 actu
1619 2507 1764 2537 consistit
1779 2508 1805 2537 *ἦ
2617 2511 2830 2541 ·1⁸11··,qu.n1,

154 2531 240 2551 contra
257 2537 264 2551 ι
269 2546 275 2551 .
2616 2541 2659 2560 m.
2674 2544 2696 2561 8.

396 2540 540 2572 defectus
564 2542 706 2582 quidam.
731 2544 799 2574 Nec
823 2549 871 2575 est
893 2554 1024 2575 necesse
1048 2545 1138 2586 quod
1162 2546 1268 2576 omnis
1291 2546 1362 2576 talis
1378 2545 1466 2577 defe-
1578 2550 1607 2581 3.
1632 2551 1835 2588 Prummu,
1865 2553 2029 2584 beatitudo
2060 2555 2204 2585 consistit
2233 2555 2267 2586 in
2301 2561 2375 2587 actu
2408 2556 2589 2589 intellectus

397 2590 466 2616 ctus
490 2595 547 2626 per
569 2587 704 2627 gloriam
736 2588 912 2619 auferatur:
944 2590 989 2620 sic
1020 2590 1107 2620 enim
1139 2590 1234 2621 etiam
1264 2596 1374 2631 posset
1403 2589 1465 2621 dici
1520 2595 1709 2635 speculativi
1725 2597 1751 2626 ’ἦ
1785 2595 1849 2627 Sed
1872 2597 2052 2629 intellectus
2075 2599 2110 2629 in
2132 2608 2193 2630 suo
2217 2604 2290 2630 actu
2313 2609 2382 2631 non
2405 2601 2505 2632 utitur
2537 2612 2588 2635 or-

397 2629 487 2670 quod
511 2630 654 2662 defectus
679 2638 760 2663 esset
782 2634 816 2664 in
839 2633 923 2664 Lino
948 2634 1038 2675 quod
1060 2644 1128 2665 non
1151 2635 1296 2675 pervenit
1327 2634 1366 2666 ad
1395 2635 1465 2675 glo·
1481 2644 1503 2665 55
1519 2649 1604 2680 gan0
1629 2641 1806 2680 corporali:
1833 2646 1864 2671 et
1886 2642 1931 2672 sic
1955 2651 2073 2683 corpus
2096 2649 2299 2684 resumptum
2322 2654 2390 2676 non
2414 2645 2530 2678 efficiet
2552 2653 2590 2678 ut

395 2675 475 2705 riam
498 2675 591 2706 Petri.
1519 2685 1626 2715 anima
1653 2684 1826 2725 perfectius
1855 2686 2019 2727 intelligat.
2051 2687 2137 2728 Ergo
2152 2725 2153 2728 Ἴ
2167 2688 2333 2720 beatitudo
2364 2690 2489 2721 animae
2520 2701 2588 2723 non

450 2719 502 2749 Ar>
525 2729 635 2750 nomm
658 2730 819 2752 DICENDUM
843 2722 932 2763 quod
956 2732 1073 2763 corpus
1104 2729 1252 2754 nostrum
1282 2723 1465 2755 conforma·
1520 2729 1578 2759 erit
1600 2730 1703 2760 maior
1725 2736 1800 2770 post
1822 2732 2099 2764 resurrectionem.

395 2763 480 2794 bitur
503 2765 632 2804 corpori
656 2765 775 2796 Christi
805 2767 839 2796 in
869 2767 970 2807 gloria
1000 2768 1181 2799 secundum
1211 2768 1463 2805 similitudinem,
1574 2782 1605 2812 4.
1630 2774 1827 2811 Prummu,
1851 2774 1978 2806 infinito
2003 2786 2071 2807 non
2094 2782 2201 2818 potest
2225 2787 2293 2809 esse
2317 2778 2437 2820 aliquid
2463 2780 2586 2812 maius:

394 2817 463 2838 non
487 2809 666 2840 secundum
689 2811 930 2851 aequalitatem:
963 2812 1022 2843 erit
1052 2813 1138 2843 enim
1170 2813 1291 2844 clarum
1321 2813 1403 2844 sicut
1434 2819 1464 2845 et
1520 2822 1551 2848 et
1573 2818 1616 2848 ita
1640 2818 1803 2850 infinitum
1828 2829 1903 2850 cum
1927 2820 2035 2861 aliquo
2059 2820 2152 2852 finito
2175 2831 2243 2853 non
2267 2828 2342 2853 sunt
2363 2825 2466 2855 maius
2489 2834 2587 2866 quam

395 2862 513 2893 corpus
538 2853 665 2891 Christi,
683 2855 739 2885 sed
762 2865 829 2886 non
855 2857 1038 2896 aequaliter.
1063 2857 1105 2888 Et
1120 2857 1264 2888 similiter
1279 2859 1385 2888 anima
1404 2868 1464 2889 no-
1478 2867 1505 2887 6⁰
1518 2861 1682 2893 infinitum
1705 2864 1823 2904 ipsum.
1855 2863 1918 2895 Sed
1949 2866 2055 2896 anima
2078 2866 2170 2897 beata
2193 2872 2267 2898 ante
2290 2869 2435 2908 corporis
2463 2878 2586 2900 resum-

395 2902 456 2927 stra
480 2898 609 2929 habebit
631 2899 767 2938 gloriam
791 2899 830 2931 ad
854 2901 1097 2932 similitudinem
1121 2902 1246 2933 animae
1263 2902 1390 2939 Christi,
1408 2903 1463 2934 sed
1518 2907 1666 2947 ptionem
1689 2908 1921 2939 beatitudinem
1944 2910 2040 2941 habet
2063 2909 2103 2941 de
2123 2911 2187 2942 hoc
2203 2910 2293 2953 quod
2307 2911 2426 2952 gaudet
2440 2913 2481 2944 de
2496 2914 2585 2944 bono

394 2951 463 2972 non
487 2942 526 2972 ad
550 2943 785 2983 aequalitatem.
811 2945 851 2975 Et
866 2946 910 2976 ita
925 2946 1055 2977 habebit
1078 2947 1243 2977 scientiam
1259 2947 1341 2978 sicut
1357 2948 1463 2978 anima
1518 2950 1656 2988 infinito,
1681 2953 1802 2983 scilicet
1824 2953 1913 2984 Deo:
1937 2960 2012 2995 post
2035 2957 2302 2987 resurrectionem
2317 2961 2426 2988 autem
2441 2957 2586 2998 corporis

395 2985 530 3017 Christi:
548 2987 603 3018 sed
619 2997 687 3018 non
703 2993 833 3026 tantam,
851 2995 887 3020 ut
903 2990 1023 3021 scilicet
1038 2992 1115 3022 sciat
1131 2992 1241 3022 omnia
1257 2992 1339 3023 sieut
1357 2993 1463 3023 anima
1518 3005 1586 3026 non
1609 2996 1739 3028 habebit
1769 2997 1809 3028 de
1839 2997 1901 3028 alio
1932 2998 2103 3039 gaudium,
2127 3000 2189 3032 nisi
2212 3000 2294 3031 forte
2324 2999 2364 3031 de
2390 3001 2491 3042 gloria
2514 3011 2585 3032 cor-

396 3029 524 3061 Christi.
1517 3041 1615 3080 poris,
1641 3051 1723 3081 quae
1747 3047 1794 3072 est
1817 3041 1982 3083 quoddam
2005 3043 2130 3075 bonurn
2153 3043 2290 3076 finitum.
2321 3044 2407 3085 Ergo
2430 3045 2585 3086 gaudium

449 3075 500 3105 An
524 3085 664 3106 mzcnssm
687 3087 848 3108 mes-rmum
879 3078 985 3119 quod,
1010 3081 1156 3120 quamvis
1187 3082 1322 3111 essentia
1357 3081 1463 3112 divina
1476 3089 1501 3116 ες
1518 3094 1633 3116 eorum
1656 3091 1730 3126 post
1754 3087 1898 3127 corporis
1922 3088 2177 3128 resumptionem
2199 3097 2268 3120 non
2291 3089 2350 3119 erit
2363 3090 2467 3121 maius
2487 3100 2585 3132 quam

394 3119 433 3149 sit
455 3120 536 3150 ratio
561 3121 710 3152 omnium
734 3123 1012 3162 cognoscibilium,
1029 3134 1097 3155 non
1117 3130 1225 3156 tamen
1249 3126 1463 3166 coniungetur
1518 3134 1601 3159 ante.

394 3163 524 3194 cuilibet
539 3165 715 3196 intellectui
727 3172 833 3197 creato
846 3168 1025 3199 secundum
1038 3169 1128 3209 quod
1144 3174 1191 3200 est
1205 3170 1286 3200 ratio
1303 3171 1461 3201 omnium.
1573 3173 1635 3204 San
1653 3184 1776 3205 CONTRA
1792 3184 1846 3205 esr
1862 3175 1962 3216 quod,
1978 3177 2077 3216 Apoc.
2085 3186 2127 3213 vr,
2143 3185 2239 3217 super
2254 3176 2334 3208 illud
2346 3178 2373 3214 “⁹
2392 3177 2462 3209 Vidi
2476 3179 2585 3210 subter
2612 3185 2623 3195 ·
2637 3182 2707 3206 ven.
2723 3189 2747 3212 9·

393 3207 435 3237 Et
457 3207 532 3239 ideo
555 3210 635 3240 ratio
658 3219 727 3241 non
751 3213 902 3252 sequitur.
1517 3218 1624 3249 altare
1652 3219 1780 3250 animas
1813 3219 2059 3261 interfectorum
2082 3225 2153 3257 etc„
2185 3219 2261 3251 dicit
2292 3220 2407 3253 Glossa
2422 3223 2455 3253 ⁴:
2481 3223 2583 3255 Modo
2613 3225 2623 3235 ⁸

448 3252 499 3282 An
535 3263 717 3285 mmmmm
752 3265 912 3287 monimum
947 3257 1037 3297 quod
1070 3258 1251 3289 intellectus
1286 3268 1383 3299 agens
1415 3265 1462 3291 est
1516 3263 1646 3293 animae
1668 3268 1856 3294 sanctorum
1884 3269 1961 3294 sunt
1988 3264 2160 3296 existentes
2188 3265 2263 3301 sub,
2289 3265 2370 3297 idest
2400 3267 2432 3298 in
2463 3268 2585 3299 minori

394 3294 497 3326 forma
520 3299 763 3338 proportionata
787 3301 963 3332 intellectui
986 3302 1141 3342 possibili,
1165 3303 1248 3334 sicut
1264 3309 1295 3334 et
1317 3305 1462 3344 potentia
1475 3318 1502 3338 7⁰
1516 3306 1676 3348 dignitate
1699 3317 1795 3348 quam
1814 3307 1884 3338 sint
1895 3307 2048 3349 futurae.
2073 3308 2159 3350 Ergo
2182 3310 2286 3341 maior
2305 3311 2363 3341 erit
2379 3320 2494 3344 eorum
2509 3313 2583 3344 bea-

393 3341 543 3372 materiae
567 3348 614 3372 est
636 3345 880 3384 proportionata
902 3347 1065 3385 potentiae
1089 3348 1210 3387 agentis
1233 3348 1400 3379 naturalis:
1425 3354 1461 3380 ut
1515 3350 1620 3381 titudo
1643 3357 1719 3391 post
1741 3351 1907 3382 iudicium.

394 3393 491 3415 omne
507 3386 597 3426 quod
613 3388 709 3418 estin
725 3390 869 3428 potentia
884 3390 1009 3429 passiva
1031 3392 1182 3422 materiae
1205 3392 1256 3422 vel
1279 3392 1460 3424 intellectus
1572 3405 1602 3425 2.
1631 3395 1828 3432 Pani-ruffi
1852 3396 1935 3426 sicut
1958 3396 2051 3428 bonis
2075 3397 2239 3429 beatitudo
2255 3398 2397 3431 redditur
2410 3410 2471 3442 pro
2491 3410 2582 3442 prae-

393 3429 562 3467 possibilis,
587 3431 626 3460 sit
649 3432 682 3462 in
706 3434 851 3472 potentia
874 3434 975 3464 activa
998 3435 1179 3466 intellectus
1203 3437 1324 3476 agentis
1338 3437 1389 3467 vel
1405 3447 1461 3468 na·
1515 3439 1594 3475 mio,
1618 3440 1662 3469 ita
1686 3445 1717 3470 et
1738 3439 1830 3470 malis
1853 3440 1988 3471 miseria.
2014 3440 2077 3472 Sed
2100 3442 2226 3473 miseria
2249 3443 2410 3476 malorum
2432 3451 2507 3486 post
2533 3455 2582 3476 re-

393 3472 501 3502 turalis
525 3475 655 3513 agentis.
679 3476 721 3506 Et
744 3476 828 3513 ideo,
853 3478 879 3508 si
902 3478 1082 3509 intellectus
1107 3489 1203 3520 agens
1219 3479 1274 3511 fiat
1289 3480 1393 3511 forma
1412 3482 1460 3511 in·
1515 3483 1736 3523 sumptionem
1760 3492 1935 3524 corporum
1960 3485 2018 3516 erit
2040 3487 2144 3517 maior
2167 3497 2265 3528 quam
2288 3494 2378 3520 ante:
2410 3490 2485 3530 quia
2513 3499 2582 3521 non

393 3515 538 3547 tellectus
560 3519 730 3557 possibilis,
755 3526 883 3561 oportet
906 3523 996 3562 quod
1019 3523 1198 3554 intellectus
1221 3524 1381 3564 possibilis
1405 3534 1460 3555 co-
1475 3536 1499 3557 75
1515 3527 1622 3557 solum
1645 3527 1680 3557 in
1704 3527 1826 3564 anima,
1851 3528 1906 3559 sed
1931 3530 2026 3560 etiam
2049 3531 2082 3561 in
2114 3540 2250 3572 corpore
2278 3533 2463 3574 punientur.
2494 3533 2580 3575 Ergo

2617 2605 2628 2616 ·
2641 2603 2710 2632 leid..
2724 2607 2768 2627 nrt.
2781 2610 2802 2633 5.

2627 3249 2732 3300 ιιιξἸοσ.
2771 3265 2786 3278 ”’
2801 3249 2826 3272 h
