2918 4088
185 963 397 986 *Desacram.1ib.

185 991 203 1016 1,
211 995 267 1018 part.
276 997 306 1017 ix,
315 996 365 1018 cap.
375 996 396 1012 2.

186 1337 195 1347 ²
210 1337 258 1357 Art.

276 1342 294 1357 ἱ.

423 211 472 246 24
954 245 956 248 y
1107 196 1370 244 QUAESTIO
1398 196 1517 242 LXII,
1546 192 1838 231 ARTICULUS
1866 192 1916 228 IV

422 276 526 314 venit
554 275 748 314 accidenti.
792 276 894 324 Ergo
922 275 1074 312 videtur
1108 275 1215 324 quod
1249 280 1486 312 sacramenta
1541 271 1691 322 speciei,
1713 271 1808 309 sicut
1836 270 1994 307 effectus
2022 276 2078 306 est
2105 268 2144 307 in
2173 280 2288 306 causa
2322 268 2511 315 univoca;
2540 281 2605 306 ne-

423 341 548 367 novae
576 329 666 378 legis
695 341 775 366 non
803 329 1022 366 contineant
1048 328 1218 377 gratiam.

1541 338 1616 374 que
1645 325 1760 361 etiam
1780 322 1996 360 secundum
2024 321 2194 370 aliquam
2216 321 2382 359 sormam
2407 321 2606 372 propriam

477 394 511 419 2.
542 383 781 428 PRAETEREA,
806 389 1043 419 sacramenta
1077 381 1302 418 ordinantur
1334 380 1382 417 ad
1411 380 1487 416 hoc
1541 386 1576 415 et
1603 383 1896 427 permanentem
1924 374 2255 424 proportionatam
2289 374 2339 411 ad
2366 375 2482 412 talem
2516 375 2606 411 effe-

423 435 530 484 quod
550 435 728 472 homines
746 447 816 484 per
843 447 888 471 ea
906 435 1064 483 gratiam
1084 440 1379 483 consequantur.
1410 432 1486 469 Sed

422 488 551 536 gratia,
571 500 662 525 cum
691 487 737 524 sit
764 487 957 534 accidens,
987 500 1067 524 non
1094 494 1220 536 potest
1251 485 1409 523 transire
1437 485 1485 521 de

423 541 594 578 subiecto
614 540 654 577 in
682 540 908 577 subiectum.
940 541 1041 589 Ergo
1060 552 1131 590 pro
1151 539 1269 576 nihilo
1290 545 1386 575 esset
1404 549 1486 585 gra-

422 602 473 631 tia
501 606 540 630 1n
569 601 824 630 sacramentis.

479 646 512 683 3.
542 647 773 693 PRAETEREA,
794 645 985 695 spirituale
1004 658 1085 683 non
1111 645 1327 683 continetur
1354 656 1376 680 a
1403 654 1485 680 cor-

422 698 555 748 porali,
577 699 691 736 etiam
719 698 750 736 si
777 698 817 736 in
845 711 892 736 eo
921 699 986 736 sit:
1017 711 1096 736 non
1125 699 1229 735 enim
1248 697 1377 734 anima
1396 708 1486 733 con-

423 751 562 789 tinetur
598 764 621 789 a
657 764 831 801 corpore,
861 752 928 798 sed
964 751 1092 801 potius
1129 751 1295 788 continet
1333 761 1484 798 corpus.

424 806 525 853 Ergo
553 804 705 842 videtur
723 805 830 854 quod
858 805 986 853 gratia,
1006 817 1097 842 cum
1126 804 1171 840 sit
1196 803 1396 853 quoddam
1415 802 1486 850 spi-

424 857 568 905 rituale,
589 870 669 895 non
697 858 936 895 contineatur
960 858 998 894 in
1027 864 1265 895 sacramento
1285 854 1485 904 corporali.

478 911 551 948 SED
581 923 725 948 CONTRA
744 923 809 948 EST
828 911 935 960 quod
963 911 1078 958 Hugo
1098 910 1146 947 de
1176 910 1315 947 Sancto
1335 907 1486 946 Victore

424 963 512 1000 dicit
530 963 561 1010 ³¹²,
583 965 689 1013 quod
712 970 987 1001 sacramentum
1006 976 1055 1000 ex
1081 963 1370 1010 sanctificatione
1397 963 1487 999 inm·-

422 1017 564 1054 sibilem
591 1019 756 1067 gratiam
784 1019 953 1054 continet.

477 1070 700 1107 REsponnEo
726 1082 906 1107 DICENDUM
934 1070 1041 1118 quod
1068 1067 1324 1117 multipliciter
1351 1067 1489 1104 dicitur

424 1121 567 1171 aliquid
596 1135 677 1159 esse
714 1122 753 1159 in
789 1122 883 1160 alio:
923 1122 1019 1159 inter
1055 1134 1154 1171 quos
1187 1120 1330 1170 duplIci
1366 1120 1487 1157 modo

423 1174 540 1223 gratia
568 1182 623 1212 est
660 1174 700 1211 in
737 1174 993 1212 sacramentis.
1028 1175 1116 1212 Uno
1154 1173 1273 1221 modo
1287 1203 1295 1219 ‚
1325 1172 1421 1210 sicut
1448 1172 1488 1209 in

424 1226 539 1275 signis
560 1232 596 1264 ¹²:
626 1239 719 1264 nam
747 1235 1030 1264 sacramentum
1059 1234 1113 1263 est
1149 1227 1300 1274 signum
1334 1225 1486 1273 gratiae.

423 1302 448 1306 —
477 1279 562 1316 Alio
591 1281 723 1327 modo,
745 1280 840 1317 sicut
866 1279 907 1316 in
925 1292 1051 1316 causa.
1081 1280 1197 1325 Nam,
1218 1278 1315 1315 sicut
1342 1277 1487 1315 dictum

424 1341 478 1370 est
496 1333 527 1378 ³⁸,
549 1341 831 1370 sacramentum
851 1344 975 1369 novae
995 1331 1085 1380 legis
1109 1339 1165 1368 est
1192 1330 1488 1368 instrumentalis

423 1385 562 1434 gratiae
589 1398 714 1423 causa.
743 1386 855 1423 Unde
873 1385 990 1434 gratia
1019 1393 1073 1421 est
1101 1384 1140 1421 in
1160 1390 1399 1421 sacramento
1419 1395 1488 1419 no—

423 1451 494 1476 vae
522 1438 632 1487 legis,
660 1451 740 1476 non
769 1439 927 1488 quidem
956 1437 1172 1475 secundum
1200 1435 1488 1474 similitudinem

475 1573 502 1608 α)
522 1573 617 1607 sfgnis.
634 1587 653 1592 -
670 1573 748 1606 signo
768 1573 808 1598 ΡΙ.

1540 439 1657 477 ctum,
1679 430 1774 467 sicut
1802 436 1890 466 sunt
1909 428 2067 465 effectus
2095 427 2134 464 in
2163 426 2287 464 causis
2309 439 2389 464 non
2417 426 2605 474 univocis,

1539 491 1633 533 puta
1661 495 1720 520 res
1738 489 1938 531 generatae
1967 480 2006 517 in
2026 482 2126 525 sole;
2156 480 2223 517 sed
2251 480 2466 517 secundum
2487 492 2606 529 quan-

1540 537 1631 574 dam
1660 535 1988 584 instrumentalem
2025 533 2226 581 virtutem,
2256 544 2356 582 quae
2388 540 2444 569 est
2479 532 2606 570 fluens

1540 597 1576 626 et
1596 588 1610 619 β
1633 589 1865 638 incompleta
1884 587 1923 624 in
1943 599 2024 624 esse
2044 594 2214 634 naturae,
2234 593 2277 623 ut
2295 585 2391 622 infra
2408 585 2428 607 *
2448 585 2605 623 dicetur.

1594 643 1651 679 AD
1680 653 1814 679 PRlMUM
1843 653 1941 678 ERGO
1963 652 2144 678 DICENDUM
2173 639 2280 688 quod
2298 637 2417 687 gratia
2443 650 2524 676 non
2552 638 2607 675 di-

1541 695 1637 732 citur
1664 706 1746 732 esse
1774 694 1814 731 in
1842 701 2080 731 sacramento
2119 692 2215 730 sicut
2242 691 2282 729 in
2319 690 2512 737 subiect03
2541 703 2607 728 ne-

1541 760 1617 797 que
1646 747 1742 784 sicut
1769 746 1808 783 in
1836 759 1927 784 vase
1954 754 2070 796 prout
2097 758 2166 783 vas
2194 753 2249 782 est
2282 746 2391 782 locus
2425 744 2606 793 quidam:

1541 801 1609 838 sed
1637 807 1752 850 prout
1770 811 1838 836 vas
1857 799 1994 836 dicitur
2018 799 2317 836 instrumentum
2337 797 2497 835 alicuius
2517 809 2608 846 ope-

1542 854 1591 891 ris
1618 853 1792 900 faciendi,
1813 852 2029 890 secundum
2058 851 2166 901 quod
2193 851 2331 889 dicitur
2358 851 2496 888 Ezech.
2518 863 2552 887 lx
2570 849 2607 887 *ε

1534 908 1801 956 Unusquisque
1818 918 1884 943 vas
1911 906 2172 953 interfectionis
2190 906 2298 942 habet
2325 906 2362 942 in
2391 917 2506 942 manu
2529 916 2609 941 sua.

1595 961 1652 997 AD
1676 971 1866 997 SECUNDUM
1885 970 2067 996 monimum
2086 958 2205 1007 quod,
2226 957 2405 1006 quamvis
2433 957 2611 995 accidens

1542 1025 1623 1050 non
1650 1019 1815 1049 transeat
1843 1024 1865 1049 a
1893 1011 2064 1048 subiecto
2093 1011 2132 1048 in
2160 1011 2388 1058 subiectum,
2407 1010 2539 1048 transit
2557 1018 2611 1047 ta-

1542 1078 1634 1102 men
1671 1078 1693 1102 a
1730 1077 1846 1102 causa
1880 1076 1950 1114 per
1986 1064 2286 1101 instrumentum
2323 1063 2535 1113 aliqualiter
2571 1062 2611 1100 in

1543 1118 1780 1155 subiectum:
1810 1129 1891 1154 non
1918 1124 1961 1154 ut
1988 1117 2129 1154 eodem
2157 1117 2278 1154 modo
2307 1116 2353 1153 sit
2380 1116 2419 1153 in
2447 1116 2514 1164 eis,
2544 1116 2611 1153 sed

1542 1172 1581 1209 in
1610 1183 1851 1220 unoquoque
1880 1170 2094 1207 secundum
2124 1169 2320 1219 propriam
2351 1169 2552 1207 rationem.

1595 1225 1652 1261 AD
1680 1235 1840 1260 TERTIUM
1868 1235 2050 1260 DICENDUM
2085 1223 2192 1271 quod
2221 1222 2414 1272 spirituale
2449 1222 2612 1260 existens

1541 1277 1706 1326 perfecte
1726 1276 1765 1312 in
1785 1275 1927 1324 aliquo,
1943 1275 2112 1312 continet
2130 1275 2272 1325 ipsum,
2289 1283 2324 1312 et
2343 1287 2423 1312 non
2443 1274 2612 1311 contine-

1541 1337 1604 1366 tur
1622 1329 1671 1365 ab
1690 1340 1749 1365 eo.
1780 1328 1857 1365 Sed
1871 1327 1988 1376 gratia
2008 1335 2063 1364 est
2081 1327 2121 1364 in
2135 1335 2376 1364 sacramento
2396 1327 2613 1364 secundum

1543 1394 1625 1419 esse
1644 1381 1771 1418 fluens
1791 1387 1827 1417 et
1846 1380 2135 1430 incompletum.
2156 1381 2205 1418 Et
2223 1379 2311 1418 ideo
2331 1391 2412 1417 non
2431 1379 2613 1417 inconve-

1542 1434 1690 1471 nienter
1709 1441 1994 1471 sacramentum
2012 1433 2150 1471 dicitur
2171 1433 2332 1489 gratiam
2350 1432 2558 1470 continere.

1595 1567 1621 1602 β)
1641 1571 1675 1593 et.
1693 1582 1713 1586 —
1731 1568 1806 1599 PsH3
1826 1575 1880 1592 om.
1900 1567 1938 1593 Cf.
1958 1568 1990 1592 ad
2010 1567 2033 1594 3.
2053 1573 2078 1593 et
2097 1576 2142 1601 qu.
2160 1575 2222 1593 utu
2241 1574 2289 1594 art.
2310 1575 2333 1593 2.
2353 1576 2426 1602 corp.
2445 1567 2489 1595 fin.

1102 1659 1438 1692 Commentaria
1462 1657 1716 1690 Cardinalts
1737 1657 1941 1690 Caietam

485 1762 592 1783 nurus
628 1750 832 1792 accipiendus
861 1756 907 1781 est
935 1755 971 1781 ut
998 1755 1099 1780 sonat.
1129 1767 1150 1772 —
1178 1749 1213 1779 In
1246 1757 1381 1788 corpore
1414 1752 1489 1777 sunt
1511 1748 1515 1787 Ι
1541 1746 1688 1777 tudinem
1711 1746 1840 1787 speciei,
1858 1746 1940 1777 sicut
1962 1746 2064 1777 homo
2087 1747 2214 1786 genitus
2238 1747 2352 1777 eratin
2367 1747 2501 1778 homine
2516 1757 2615 1788 gene-

486 1796 568 1827 duae
601 1796 836 1827 conclusiones.
871 1795 979 1825 Altera
1009 1800 1072 1825 est:
1109 1793 1224 1824 Gratia
1248 1798 1295 1824 est
1317 1792 1349 1822 in
1377 1800 1488 1822 sacra-

424 1841 537 1872 mentis
559 1841 643 1871 sicut
658 1841 690 1871 in
706 1840 818 1881 signis.
843 1839 884 1870 Et
898 1839 1061 1879 probatur.
1086 1837 1171 1876 Quia
1194 1842 1427 1868 sacramentum
1443 1841 1489 1866 est

425 1886 551 1925 signum
575 1885 702 1925 gratiae.

480 1930 587 1960 Altera
611 1934 672 1959 est:
699 1928 815 1959 Gratia
842 1933 889 1958 est
916 1927 948 1957 in
972 1926 1184 1958 sacramentis
1211 1926 1294 1956 sicut
1322 1926 1354 1956 in
1378 1934 1488 1960 causa,

426 1983 490 2004 non
508 1974 645 2004 univoca
662 1982 720 2003 nec
734 1972 919 2013 aequivoca,
936 1971 992 2002 sed
1008 1970 1256 2001 instrumentali.
1280 1970 1322 2001 Et
1336 1970 1490 2010 probatur

425 2017 533 2058 quoad
557 2017 730 2048 secundam
753 2021 894 2057 partem:
920 2017 995 2056 quia
1018 2025 1086 2046 non
1110 2021 1157 2045 est
1180 2014 1359 2045 secundum
1383 2013 1492 2044 simili-

1542 1796 1640 1821 rante.
1670 1790 1790 1829 Quoad
1815 1791 1941 1821 tertiam
1963 1800 2060 1821 vero:
2095 1791 2171 1835 quia
2193 1800 2262 1822 non
2285 1796 2332 1822 est
2355 1790 2534 1822 secundum
2557 1792 2614 1823 ali-

1543 1845 1641 1876 quam
1665 1834 1804 1866 formam
1826 1835 1991 1876 propriam
2015 1840 2047 1866 et
2068 1840 2312 1876 permanentem
2334 1836 2614 1876 proportionatam

1544 1879 1584 1910 ad
1599 1880 1696 1910 talem
1719 1879 1880 1916 effectum,
1897 1880 1979 1919 sicut
2002 1889 2051 1910 res
2069 1885 2238 1920 generatae
2254 1885 2328 1910 sunt
2343 1881 2377 1910 in
2392 1880 2471 1911 sole.
2495 1879 2616 1918 Quoad

1544 1929 1690 1965 quartam
1723 1923 1867 1965 demum¹
1886 1930 2029 1964 partem:
2064 1924 2140 1964 quia
2167 1930 2214 1955 est
2242 1923 2421 1955 secundum
2451 1923 2616 1965 quandam

1543 1969 1696 1999 virtutem
1718 1967 1873 1999 fluentem
1897 1973 1928 1999 et
1950 1968 2181 2009 incompletam
2204 1969 2238 1999 in
2261 1969 2330 2009 ipsa
2352 1974 2475 2000 natura.

1205 2187 1525 2230 ARTICULUS
1555 2187 1831 2237 QUARTUS

762 2283 919 2315 UTRUM
944 2282 987 2313 1N
1012 2281 1319 2313 SACRAMENTIS
1343 2281 1410 2313 SIT
1433 2282 1600 2320 ALIQUA
1623 2282 1783 2313 VIRTUS
1807 2281 2002 2313 GRATIAE
2026 2281 2277 2313 CAUSATIVA

840 2362 916 2393 Infra,
934 2370 979 2395 qu.
998 2369 1100 2391 Lxxwu,
1119 2366 1166 2386 art.
1185 2369 1202 2392 4
1209 2369 1216 2392 ;
1237 2361 1270 2386 lv
1290 2361 1374 2390 Sent..
1394 2361 1452 2386 dist.
1470 2369 1488 2390 1.
1508 2369 1553 2394 qu.
1572 2369 1590 2391 ι.
1610 2366 1656 2386 art.
1675 2369 1700 2396 4,
1721 2361 1771 2394 qu·
1792 2368 1821 2390 2;
1842 2361 1900 2386 dist.
1918 2368 1974 2392 vm,
1993 2368 2038 2394 qu.
2056 2368 2084 2392 11,
2103 2365 2150 2386 art.
2171 2360 2201 2391 3;

1108 2397 1148 2422 De
1172 2397 1262 2426 Verit„
1282 2404 1326 2429 qu.
1345 2404 1421 2427 xxvn,
1441 2401 1489 2422 art.
1507 2405 1533 2429 4,
1553 2398 1585 2422 ad
1603 2404 1635 2428 4;
1657 2397 1755 2427 Quodl.
1774 2397 1828 2428 ΧΠ,
1847 2404 1892 2430 qu.
1911 2405 1935 2422 x.

493 2498 520 2513 x}

455 2495 484 2552 ko

481 2503 504 2537 ᾳ,
542 2498 576 2528 ra

454 2521 581 2593 ’ΔΝ

447 2588 494 2643 25,

565 2561 608 2631 »ἦ
622 2583 627 2586 “
640 2584 713 2622 tiae
732 2584 936 2622 causativa.
965 2584 1095 2621 Virtus
1115 2584 1219 2621 enim
1246 2584 1386 2633 gratiae
1406 2596 1495 2622 cau-

597 2630 628 2672 &
642 2637 761 2675 sativa
780 2645 835 2674 est
861 2637 982 2674 virtus
1003 2637 1218 2686 spiritualis.
1249 2638 1326 2675 Sed
1354 2637 1393 2674 in
1413 2649 1495 2674 cor-

432 2703 526 2741 pore
554 2703 634 2728 non
661 2698 785 2740 potest
812 2702 894 2727 esse
919 2696 936 2712 ‘²
963 2690 1083 2727 virtus
1111 2690 1331 2740 spiritualis:
1367 2702 1495 2739 neque

432 2745 482 2782 ita
510 2744 617 2793 quod
645 2743 690 2780 sit
716 2744 872 2793 propria
899 2743 950 2790 ei,
980 2744 1071 2793 quia
1102 2743 1222 2780 virtus
1250 2743 1335 2780 fluit
1362 2743 1411 2780 ab
1438 2755 1496 2780 es-

433 2797 552 2835 sentia
579 2797 643 2844 rei,
664 2804 700 2833 et
728 2796 778 2834 ita
805 2809 885 2834 non
921 2804 1045 2846 potest
1082 2809 1169 2834 eam
1205 2797 1495 2842 transcendere3

433 2863 559 2900 neque
587 2850 637 2887 ita
663 2850 771 2899 quod
798 2849 952 2899 recipiat
971 2862 1058 2887 eam
1086 2850 1134 2887 ab
1162 2849 1249 2893 alio,
1270 2849 1361 2899 quia
1389 2850 1497 2899 quod

434 2903 612 2954 recipitur
639 2903 687 2940 ab
715 2903 857 2952 aliquo,
885 2910 940 2939 est
967 2903 1006 2940 in
1034 2915 1082 2940 eo
1110 2915 1180 2953 per
1211 2903 1377 2940 modum
1405 2902 1496 2940 reci-

433 2956 580 3007 pientis.
620 2957 721 3004 Ergo
750 2955 789 2992 in
826 2956 1072 2993 sacramentis
1099 2955 1113 2986 β
1141 2968 1221 2993 non
1257 2963 1382 3005 potest
1415 2968 1497 2993 esse

434 3010 561 3059 aliqua
587 3009 707 3046 virtus
734 3009 872 3057 gratiae
901 3009 1104 3046 causativa.

489 3074 523 3099 2.
553 3063 783 3107 Pmmnam,
802 3074 919 3099 omne
939 3063 1046 3111 quod
1066 3069 1131 3109 est,
1153 3061 1347 3099 reducitur
1365 3063 1414 3100 ad
1433 3062 1498 3100 ali-

436 3115 543 3164 quod
570 3127 690 3162 genus
718 3114 833 3162 entis,
864 3123 899 3151 et
927 3116 975 3152 ad
1004 3115 1173 3164 aliquem
1200 3116 1364 3163 gradum
1391 3116 1496 3153 boni.

438 3167 515 3205 Sed
542 3179 622 3204 non
650 3174 704 3203 est
740 3167 831 3203 dare
859 3167 898 3204 in
933 3180 1012 3216 quo
1041 3180 1179 3215 genere
1215 3168 1310 3205 entis
1343 3168 1389 3205 sit
1416 3168 1499 3205 talis

437 3220 576 3257 virtus:
597 3227 639 3256 ut
657 3226 759 3268 patet
778 3219 1001 3256 discurrenti
1020 3232 1089 3268 per
1103 3221 1260 3268 singula.
1281 3222 1366 3258 Nec
1385 3220 1499 3258 etiam

438 3279 562 3322 potest
580 3271 711 3308 reduci
739 3272 787 3308 ad
815 3271 983 3320 aliquem
1001 3273 1163 3320 gradum
1191 3273 1404 3310 bonorum:
1435 3285 1500 3309 ne-

439 3337 515 3375 que
535 3324 639 3362 enim
659 3331 713 3361 est
732 3324 828 3362 inter
845 3324 1007 3362 minima
1025 3325 1139 3372 bona,
1156 3325 1247 3374 quia
1265 3333 1501 3363 sacramenta

494 3468 522 3502 α)
536 3472 626 3501 potest
644 3476 707 3494 esse.
724 3482 743 3487 -
761 3472 800 3494 est
819 3468 958 3499 editiones;
978 3468 1059 3494 Sed...
1077 3468 1227 3501 spiritualis
1245 3476 1298 3494 om.
1318 3468 1335 3494 1.

494 3504 520 3539 β)
539 3505 721 3530 sacramentis.
739 3518 758 3523 -
776 3507 944 3529 sacramento
963 3503 1075 3529 CFGl-il.

575 2501 614 2542 ἐξ(
638 2491 660 2516 D
680 2490 851 2521 QUARTUM
877 2490 928 2515 stc
947 2489 1183 2515 moenium&
1207 2477 1369 2515 Videtur
1387 2478 1493 2527 quod
1548 2485 1638 2515 sunt
1655 2478 1704 2515 de
1723 2477 1944 2515 necessitate
1963 2477 2113 2524 salutis;
2143 2489 2270 2528 neque
2290 2478 2404 2516 etiam
2424 2479 2521 2517 inter
2539 2491 2618 2518 me·

578 2531 619 2574 ’,ἢῆ
640 2532 680 2569 in
699 2531 944 2568 sacramentis
963 2543 1043 2568 non
1063 2530 1109 2567 sit
1128 2531 1255 2580 aliqua
1274 2531 1394 2568 virtus
1413 2543 1495 2580 gra·
1548 2531 1612 2568 dia
1639 2531 1754 2578 bona,
1775 2530 1994 2568 cuiusmodi
2014 2538 2103 2568 sunt
2120 2531 2312 2580 potentiae
2332 2532 2497 2581 animae,
2517 2546 2618 2584 quae

1549 2592 1638 2622 sunt
1657 2584 1851 2634 quaedam
1878 2584 2071 2633 potentiae
2090 2586 2302 2632 naturales;
2332 2597 2459 2635 neque
2478 2592 2494 2615 Υ
2521 2587 2619 2625 inter

1549 2637 1719 2675 maxima
1738 2637 1853 2684 bona,
1870 2636 1962 2686 quia
1980 2649 2052 2675 nec
2071 2645 2127 2674 est
2144 2637 2262 2686 gratia
2280 2650 2352 2675 nec
2370 2639 2491 2677 virtus
2509 2652 2618 2678 men-

1549 2690 1606 2727 tis.
1636 2691 1738 2739 Ergo
1773 2689 1926 2727 videtur
1959 2691 2068 2740 quod
2095 2691 2135 2727 in
2163 2691 2409 2729 sacramentis
2440 2694 2546 2730 nulla
2573 2692 2620 2730 sit

1550 2751 1670 2781 vlrtus
1697 2751 1836 2792 gratiae
1865 2743 2070 2781 causativa.

1607 2797 1640 2834 3.
1671 2797 1911 2844 PRAETEREA,
1942 2796 1972 2833 si
2000 2796 2082 2834 talis
2109 2796 2230 2834 virtus
2259 2805 2314 2835 est
2335 2797 2375 2836 in
2403 2810 2618 2836 sacramen-

1550 2850 1608 2897 tis,
1624 2862 1704 2887 non
1719 2857 1898 2887 causatur
1915 2850 1955 2887 in
1975 2850 2028 2887 eis
2047 2850 2119 2887 nisi
2138 2862 2208 2900 per
2226 2850 2459 2889 creationem
2478 2863 2502 2888 a
2519 2851 2616 2889 Deo.

1553 2903 1629 2941 Sed
1649 2902 1926 2940 inconveniens
1944 2903 2098 2941 videtur
2124 2903 2233 2952 quod
2251 2911 2331 2941 tarn
2357 2903 2496 2941 nobilis
2515 2916 2618 2942 crea-

1551 2964 1637 2994 tura
1656 2956 1781 2993 statim
1801 2968 1882 2994 esse
1898 2956 2045 2993 desinat
2063 2963 2302 2993 sacramento
2316 2957 2494 3006 perfecto.
2515 2957 2618 3006 Ergo

1552 3009 1704 3046 videtur
1731 3009 1839 3058 quod
1866 3010 1971 3046 nulla
2007 3009 2127 3046 virtus
2155 3008 2201 3045 sit
2228 3009 2267 3046 in
2296 3009 2542 3047 sacramentis
2569 3011 2619 3047 ad

1552 3062 1712 3111 gratiam
1740 3062 1987 3099 causandam.

1607 3127 1644 3163 4.
1674 3116 1912 3162 Pmmmm,
1941 3114 2043 3152 idern
2065 3126 2145 3151 non
2172 3122 2296 3163 potest
2317 3127 2399 3152 esse
2427 3114 2467 3152 in
2495 3115 2619 3153 diver-

1553 3168 1614 3205 sis.
1645 3168 1721 3205 Sed
1750 3167 1799 3204 ad
1827 3174 2063 3205 sacramenta
2091 3175 2325 3204 concurrunt
2351 3167 2519 3215 diversa,
2550 3168 2619 3205 sci-

1554 3220 1638 3257 licet
1665 3220 1784 3257 verba
1812 3228 1848 3257 et
1876 3232 1955 3257 res:
1985 3219 2100 3256 unius
2128 3227 2258 3257 autern
2286 3221 2511 3258 sacramenti
2539 3233 2619 3259 non

1554 3280 1678 3322 potest
1697 3271 1710 3294 δ
1739 3285 1820 3310 esse
1849 3272 1920 3309 nisi
1946 3285 2024 3309 una
2051 3272 2182 3309 virtus.
2213 3273 2314 3322 Ergo
2333 3273 2485 3310 videtur
2512 3275 2619 3323 quod

1555 3326 1594 3362 in
1622 3325 1868 3363 sacramentis
1896 3326 2000 3362 nulla
2028 3325 2074 3362 sit
2101 3325 2232 3363 virtus.

1607 3468 1635 3502 γ)
1655 3476 1745 3501 neque.
1763 3482 1783 3487 —-
1800 3475 1883 3501 neque
1904 3468 1984 3494 etiam
2004 3469 2063 3493 PFI.
2081 3483 2100 3487 -
2118 3469 2181 3501 quia
2199 3469 2292 3494 PFlsG
2311 3475 2336 3495 et
2353 3476 2383 3499 c,-
2401 3477 2478 3503 quae.

1607 3503 1633 3538 ὃ)
1648 3507 1747 3536 potest.
1764 3518 1783 3523 -
1800 3503 1887 3528 Tertia
1906 3508 2007 3536 praeter
2025 3504 2063 3534 G;
2083 3504 2170 3531 habet.

2633 626 2643 637 '
2658 625 2710 648 Art.
2723 633 2747 653 4.

2636 851 2646 862 ·
2662 850 2728 873 Vera.
2745 857 2765 873 ι.
