2878 4088
411 226 458 262 36
929 243 932 246 ·
1077 224 1340 272 QUAESTIO
1370 224 1499 269 XVIII,
1521 221 1812 259 ARTICULUS
1841 222 1869 257 II

466 314 493 334 2.
519 305 714 340 ΡιιΑετΕκΕΑ,
739 305 772 334 in
795 304 993 343 poenitentia
1019 303 1109 333 datur
1132 304 1230 343 gratia
1254 302 1293 332 ad
1316 302 1476 332 remissio-

409 358 483 379 nem
507 349 639 389 peccati.
669 347 731 379 Sed
754 348 850 378 huius
873 349 1059 378 sacramenti
1084 347 1282 387 dispensator
1306 352 1352 376 est
1375 355 1475 376 sacer-

1529 300 1704 341 recipiendi
1728 299 1878 330 effectum
1903 299 2041 330 clavium
2060 298 2100 329 ad
2116 298 2230 339 culpae
2253 299 2493 329 remissionem:
2518 299 2600 329 sicut

1530 355 1598 375 non
1622 345 1755 385 exigitur
1778 350 1892 374 votum
1915 342 2110 383 suscipiendi
2133 343 2192 373 alia
2211 348 2416 379 sacramenta,
2434 351 2516 383 quae
2531 352 2599 373 non

409 394 466 424 dos
487 403 524 423 ex
540 394 569 423 vi
591 393 739 423 clavium.
763 392 859 432 Ergo,
885 402 959 423 cum
983 393 1080 432 gratia
1103 401 1170 422 non
1195 396 1378 431 opponatur
1401 399 1475 429 pec·
1531 389 1716 419 ordinantur
1740 387 1779 419 ad
1803 388 1932 428 culpam
1955 387 2011 418 sed
2035 393 2146 417 contra
2168 396 2318 427 poenam.
2352 386 2415 418 Sed
2437 387 2501 418 hoc
2525 386 2600 418 facit

409 444 480 468 cato
505 448 542 468 ex
566 443 654 478 parte
677 446 812 477 poenae,
837 437 892 467 sed
916 447 953 467 ex
977 442 1065 476 parte
1092 436 1215 475 culpae,
1239 435 1363 465 videtur
1387 433 1476 473 quod
1529 433 1629 463 videri
1653 432 1742 473 quod
1765 441 1832 462 non
1857 431 2043 462 ordinantur
2066 431 2106 461 ad
2125 431 2238 471 culpae
2262 430 2498 461 dimissionem:
2524 432 2599 472 quia

409 482 555 513 sacerdos
579 481 619 512 ad
642 482 864 512 remissionem
895 481 1008 521 culpae
1037 485 1187 520 operetur
1211 489 1248 509 ex
1271 480 1303 508 vi
1327 478 1474 509 clavium.
1499 487 1507 506 ς
1530 487 1656 517 semper
1679 486 1755 507 usus
1779 477 1934 512 clavium,
1959 475 1998 506 ad
2021 476 2085 506 hoc
2109 474 2199 515 quod
2223 474 2373 505 effectum
2403 475 2527 511 habeat,
2550 480 2608 506 re:

466 527 494 557 3.
519 527 715 562 PRAETEREA,
732 526 887 556 maiorem
911 526 1060 555 virtutem
1076 524 1187 563 recipit
1203 522 1349 554 sacerdos
1366 532 1403 552 ex
1419 531 1476 552 sua
1531 522 1627 561 quirit
1650 521 1926 561 praeparationem
1958 529 1995 550 ex
2022 525 2111 560 parte
2142 519 2324 559 recipientis
2353 525 2597 550 sacramentum.

410 572 650 601 consecratione
675 579 772 610 quarn
797 579 879 610 aqua
902 570 1050 609 baptismi
1075 578 1112 598 ex
1136 578 1192 598 sua
1212 566 1474 597 sanctificatione.
1530 566 1571 596 Et
1594 565 1736 596 similiter
1764 564 1924 595 videretur
1956 564 1995 595 de
2023 564 2192 604 baptismo,
2221 564 2247 593 si
2274 572 2443 603 nunquam
2473 563 2599 594 daretur

410 615 473 646 Sed
496 624 579 655 aqua
609 615 758 654 baptismi
780 615 845 644 vim
876 614 990 653 accipit
1019 618 1054 643 ut
1080 621 1197 652 corpus
1227 616 1343 652 tangat
1366 615 1396 640 et
1418 619 1476 640 cor
1530 611 1590 640 nisi
1614 609 1736 640 adultis.

411 660 530 695 abluat,
555 658 734 689 secundum
757 659 974 698 Augustinum
990 658 1015 687 θ’.
1046 657 1131 697 Ergo
1158 656 1262 686 multo
1291 655 1404 685 fortius
1428 664 1475 684 sa·
1585 654 1635 684 Ar>
1660 664 1777 684 ramum
1800 663 1883 684 aizoo
1907 662 2067 683 monimum
2088 651 2187 692 quod,
2205 652 2287 681 sicut
2310 651 2459 691 Magister
2475 651 2551 682 dicit
2566 652 2599 682 in

411 703 523 735 cerdos
538 704 571 734 in
587 704 636 734 sui
653 703 892 733 consecratione
916 703 997 732 hanc
1021 706 1211 742 potestatem
1236 700 1350 740 accipit
1369 704 1404 729 ut
1421 708 1476 729 cor
1492 711 1516 725 10
1530 699 1632 728 littera
1643 699 1670 734 *‚
1687 698 1904 729 sacerdotibus
1921 698 2092 728 commissa
2108 702 2155 726 est
2170 701 2311 736 potestas
2327 695 2509 726 remittendi
2523 704 2600 735 pec-

411 759 428 779 a
452 748 565 788 culpae
589 747 715 778 macula
739 747 865 777 abluere
889 747 999 786 possit.
1531 748 1609 779 cata,
1633 752 1701 773 non
1725 748 1760 772 ut
1783 743 1912 783 propria
1935 743 2050 772 virtute
2073 741 2244 776 remittant,
2265 740 2341 780 quia
2363 740 2427 770 hoc
2450 739 2512 770 Dei
2535 744 2598 775 est;

466 792 528 823 SED
554 802 687 827 CONTRA,
704 801 799 831 supra
814 792 830 807 ⁴*
851 791 999 830 Magister
1018 789 1094 820 dixit
1111 788 1200 829 quod
1216 788 1303 818 Deus
1319 788 1401 818 hanc
1417 796 1476 827 po·
1530 787 1586 817 sed
1617 792 1653 817 ut
1689 787 1910 827 operationem
1940 786 2001 816 Dei
2030 785 2218 816 remittentis
2249 783 2418 814 ostendant
2446 789 2600 824 tanquam

411 841 555 867 testatem
579 846 646 866 non
671 835 806 866 contulit
829 835 974 865 ministro
999 833 1088 874 quod
1112 834 1151 864 ad
1174 833 1358 863 interiorem
1382 841 1476 861 mun·
1530 832 1675 862 ministri.
1700 831 1762 862 Sed
1786 831 1849 861 hoc
1873 831 2030 870 contingit
2052 830 2152 860 tribus
2175 828 2290 859 modis.
2323 828 2398 859 Uno
2421 827 2540 864 modo,
2563 833 2601 858 ut

412 881 574 911 dationem
598 885 824 919 cooperaretur
849 880 887 909 ei.
919 878 991 914 Sed,
1013 879 1039 908 si
1062 883 1193 918 peccata
1212 876 1320 917 quoad
1348 876 1476 915 culpam
1531 875 1700 906 ostendant
1724 885 1795 906 eam
1818 885 1886 905 non
1909 880 2119 915 praesentem,
2137 873 2192 904 sed
2207 873 2395 914 promittant
2419 882 2490 903 eam
2513 871 2600 903 futu-

411 926 563 960 remittat‚
595 929 821 963 cooperaretur
850 924 879 953 ei
906 924 939 952 in
967 922 1177 952 mundatione
1207 921 1358 951 interiori.
1391 920 1475 959 Ergo
1492 932 1514 951 ¹5
1530 927 1614 956 ram,
1640 921 1707 950 sine
1735 920 1798 950 hoc
1826 919 1916 960 quod
1939 919 2060 960 aliquid
2087 923 2261 959 operentur
2285 917 2324 948 ad
2346 918 2459 957 ipsam.
2491 917 2532 947 Et
2555 917 2600 946 sic

171 661 210 682 'In
216 660 282 682 Ioan.
290 659 381 687 Evang.

169 691 235 709 tract.
247 685 338 708 Lxxx.

2628 705 2638 715 ·
2648 703 2704 726 Loe.
2713 703 2752 726 eit.
2759 703 2782 726 in
2790 709 2840 732 arg.

170 795 180 804 “
197 793 230 815 lv
245 792 382 824 Sent.„dist.

169 826 265 868 2253&
276 820 383 876 Qessmlqnlc'

170 873 307 900 quaeritur,·
330 872 382 893 dist.

171 905 312 930 xvim-cap.
337 899 385 920 Sed

169 928 302 954 quaerttur.

171 1063 181 1072 ”
197 1061 232 1082 Cf.
248 1061 310 1082 loan.
331 1066 381 1086 cap.

173 1094 211 1113 xx,
222 1093 280 1108 vers.
292 1092 324 1112 22,
336 1092 368 1113 23.

172 1115 182 1125 ⁸
193 1113 251 1134 Dist.
260 1119 306 1137 xiv,
315 1118 381 1139 capp.

172 1140 216 1161 Hic
245 1139 383 1167 quaeritur,

172 1172 223 1193 sqq.

172 1236 219 1257 ‘De
226 1236 334 1257 Sacram.
342 1235 380 1256 lib.

170 1262 199 1288 11,
211 1268 233 1289 p.
250 1268 281 1288 ιι,
297 1268 347 1290 cap.
361 1267 380 1283 2.

183 3219 238 3268 §.ci
255 3226 329 3269 ’.ἲέεέῖ
341 3221 372 3269 .⁶.·.
383 3231 393 3236 ·

186 3522 397 3575 {15:15732'1252'51‘5:

187 3577 211 3597 et
223 3575 330 3602 ιεεηιίηυ
347 3576 355 3601 s
369 3581 388 3603 5.
425 3578 549 3609 poenae
573 3575 706 3607 tantum,
723 3577 758 3601 ut
775 3572 904 3611 quidam
917 3574 932 3590 '⁶
949 3573 1068 3610 dicunt,
1086 3585 1152 3605 non
1175 3577 1350 3616 exigeretur
1372 3582 1486 3607 votum
1500 3590 1523 3611 75
1540 3575 1640 3614 Quod
1663 3580 1709 3606 est
1731 3574 1970 3606 inconveniens.

411 974 550 1009 potestas
575 968 712 998 clavium
736 977 802 997 non
828 966 967 997 extendit
990 976 1024 996 se
1048 966 1087 996 ad
1109 966 1222 1005 culpae
1246 964 1475 995 dimissionem.

467 1022 496 1042 2.
521 1013 716 1046 Pane-raam,
741 1016 910 1050 peccatum
933 1019 1000 1040 non
1024 1011 1193 1039 remittitur
1215 1009 1276 1038 nisi
1299 1018 1356 1048 per
1379 1007 1476 1048 Spiri-

410 1062 479 1086 tum
504 1056 656 1086 Sanctum
671 1057 698 1084 *.
723 1055 785 1085 Sed
810 1054 882 1084 dare
907 1054 1061 1093 Spiritum
1084 1054 1237 1084 Sanctum
1260 1062 1328 1082 non
1351 1057 1398 1082 est
1422 1051 1477 1081 ali-

411 1101 501 1130 cuius
525 1100 680 1129 hominis:
706 1104 741 1128 ut
763 1099 797 1128 in
820 1098 918 1127 Libro
942 1098 1050 1127 Primo
1066 1098 1082 1113 ⁴*
1106 1097 1256 1136 Magister
1280 1095 1365 1125 dixit.
1391 1095 1476 1134 Ergo

410 1154 469 1174 nec
492 1148 623 1183 peccata
646 1143 805 1172 remittere
829 1141 938 1181 quoad
962 1142 1100 1181 culpam.

464 1188 651 1217 Respommo
676 1195 835 1216 DICENDUM
860 1185 948 1225 quod
972 1189 1186 1219 sacramenta,
1211 1182 1390 1213 secundum
1406 1183 1477 1212 Hu-

409 1241 527 1271 gonem
543 1232 569 1267 *‚
587 1240 628 1261 ex
642 1230 899 1270 sanctificatione
922 1229 1111 1260 invisibilem
1133 1228 1278 1269 gratiam
1302 1227 1475 1257 continent.

410 1276 471 1307 Sed
501 1276 579 1305 haec
610 1274 816 1304 sanctificatio
849 1273 1045 1314 quandoque
1069 1272 1109 1302 ad
1132 1272 1351 1302 necessitatem
1376 1280 1477 1300 sacra-

409 1320 509 1350 menti
532 1319 701 1359 requiritur
725 1324 790 1348 tam
813 1319 846 1348 in
870 1318 1001 1348 materia
1029 1326 1127 1357 quam
1150 1317 1184 1346 in
1207 1316 1370 1351 ministro,
1395 1315 1477 1345 sicut

410 1369 495 1404 patet
522 1364 555 1393 in
583 1362 846 1393 confirmatione:
879 1367 909 1392 et
932 1367 1009 1392 tunc
1037 1361 1083 1390 vis
1112 1360 1346 1391 sacramentalis
1374 1364 1421 1389 est
1444 1359 1477 1388 in

410 1415 547 1448 utroque
571 1407 779 1437 coniunctim.
805 1406 1012 1446 Quandoque
1036 1411 1144 1435 autem
1169 1414 1207 1434 ex
1226 1404 1413 1434 necessitate
1429 1412 1476 1433 sa-

410 1453 561 1482 cramenti
588 1461 655 1481 non
679 1451 850 1490 requiritur
877 1451 938 1481 nisi
966 1449 1175 1480 sanctificatio
1204 1449 1370 1483 materiae,
1396 1448 1477 1477 sicut

410 1502 455 1527 est
471 1497 503 1526 in
520 1496 689 1535 baptismo,
708 1496 782 1535 quia
803 1504 871 1525 non
894 1495 989 1524 habet
1012 1494 1194 1524 ministrum
1218 1493 1476 1528 determinatum,

410 1546 565 1580 quantum
589 1539 628 1570 ad
652 1540 701 1570 sui
724 1540 961 1569 necessitatem:
988 1544 1018 1569 et
1041 1543 1118 1568 tunc
1142 1543 1209 1568 tota
1228 1538 1275 1567 vis
1298 1546 1477 1567 sacramen-

409 1585 477 1615 talis
501 1585 644 1614 consistit
667 1585 700 1613 in
723 1584 863 1614 materia.
897 1582 1104 1622 Quandoque
1128 1591 1204 1612 vero
1229 1582 1268 1612 de
1291 1581 1477 1611 necessitate

409 1629 596 1659 sacramenti
619 1629 790 1668 requiritur
813 1628 1011 1658 consecratio
1035 1627 1086 1657 vel
1110 1625 1318 1657 sanctificatio
1342 1625 1477 1656 ministri

410 1674 477 1704 sine
506 1673 611 1712 aliqua
639 1671 890 1702 sanctificatione
917 1672 1084 1702 materiae:
1114 1677 1145 1702 et
1168 1677 1246 1701 tunc
1266 1675 1337 1700 tota
1359 1670 1406 1700 vis
1430 1679 1478 1699 sa-

410 1718 606 1747 cramentalis
634 1717 777 1747 consistit
800 1717 833 1746 in
856 1717 1013 1752 ministro,
1037 1717 1119 1746 sicut
1143 1721 1189 1746 est
1212 1716 1246 1745 in
1268 1714 1476 1755 poenitentia.

410 1762 503 1792 Unde
527 1761 642 1792 eodem
665 1760 765 1791 modo
782 1771 815 1791 se
830 1761 926 1791 habet
949 1766 1090 1801 potestas
1114 1760 1252 1790 clavium
1277 1768 1360 1799 quae
1382 1764 1429 1789 est
1445 1759 1478 1788 in

410 1805 571 1836 sacerdote
603 1805 642 1835 ad
673 1804 822 1835 effectum
854 1805 1042 1835 sacramenti
1072 1804 1307 1845 poenitentiae,
1332 1804 1414 1834 sicut
1445 1812 1477 1833 se

410 1851 504 1880 habet
527 1851 624 1880 virtus
648 1859 730 1889 quae
755 1855 801 1880 est
823 1850 856 1879 in
873 1859 956 1890 aqua
979 1849 1129 1889 baptismi
1145 1848 1185 1879 ad
1201 1847 1352 1879 effectum
1375 1848 1478 1888 bapti-

410 1895 479 1925 smi.
505 1895 685 1934 Baptismus
709 1899 816 1924 autem
841 1899 871 1924 et
894 1899 1128 1924 sacramentum
1157 1893 1374 1933 poenitentiae
1399 1901 1476 1922 con-

410 1939 542 1969 veniunt
565 1938 809 1978 quodammodo
834 1939 866 1968 in
891 1937 1023 1968 effectu:
1058 1939 1133 1978 quia
1163 1942 1338 1977 utrumque
1369 1941 1479 1966 contra

411 1984 538 2023 culpam
569 1983 732 2013 ordinatur
763 1982 898 2017 directe,
924 1982 1013 2023 quod
1043 1992 1110 2012 non
1142 1987 1188 2012 est
1219 1981 1258 2012 de
1286 1981 1353 2011 aliis
1377 1990 1478 2011 sacra-

410 2028 534 2057 mentis.
566 2027 628 2057 Sed
652 2028 684 2056 in
708 2028 770 2057 hoc
801 2026 968 2063 differunt,
993 2027 1068 2066 quia
1099 2031 1333 2056 sacramentum
1364 2025 1478 2065 poeni-

410 2073 535 2107 tentiae,
553 2081 592 2101 eo
610 2070 699 2111 quod
721 2072 816 2101 habet
840 2077 928 2101 actus
953 2071 1153 2111 suscipientis
1178 2070 1268 2110 quasi
1289 2069 1477 2105 materiales,

410 2126 477 2146 non
500 2121 605 2155 potest
629 2115 695 2145 dari
718 2116 779 2146 nisi
803 2115 927 2151 adultis,
952 2117 985 2146 in
1009 2116 1126 2155 quibus
1152 2115 1323 2154 requiritur
1346 2123 1478 2154 praepa-

410 2161 488 2190 ratio
506 2160 545 2190 ad
561 2159 800 2200 suscipiendum
818 2159 967 2190 effectum
984 2165 1266 2190 sacramentorum.
1292 2158 1354 2189 Sed
1377 2159 1479 2198 bapti-

411 2214 496 2235 smus
521 2204 717 2244 quandoque
749 2204 840 2235 datur
872 2204 1003 2240 adultis,
1029 2210 1060 2234 et
1091 2203 1287 2244 quandoque
1317 2203 1424 2243 pueris
1449 2208 1480 2233 et

411 2249 478 2278 aliis
495 2249 673 2279 carentibus
694 2259 755 2279 usu
772 2249 918 2279 rationis:
945 2254 975 2279 et
991 2248 1065 2279 ideo
1089 2258 1146 2288 per
1169 2249 1364 2288 baptismum
1388 2247 1479 2277 datur

411 2293 508 2332 gratia
525 2299 555 2323 et
570 2294 713 2323 remissio
738 2298 945 2333 peccatorum
969 2294 1076 2333 pueris
1100 2294 1168 2323 sine
1192 2293 1298 2332 aliqua
1321 2292 1370 2322 sui
1389 2301 1479 2332 prae-

411 2338 573 2377 paratione
597 2337 824 2377 praecedente3
849 2347 916 2368 non
941 2343 1048 2368 autem
1065 2337 1190 2373 adultis,
1207 2338 1239 2367 in
1257 2337 1373 2376 quibus
1389 2345 1479 2376 prae-

413 2382 544 2421 exigitur
574 2383 772 2422 praeparatio
807 2391 976 2412 removens
1008 2381 1184 2412 fictionem.
1220 2381 1312 2419 Quae
1347 2380 1480 2420 quidem

411 2427 608 2466 praeparatio
633 2426 829 2466 quandoque
854 2425 1013 2466 praecedit
1039 2425 1200 2456 sufficiens
1225 2425 1263 2456 ad
1287 2426 1403 2465 gratiae
1427 2435 1480 2455 su-

413 2471 610 2510 sceptionem
634 2475 806 2510 antequam
829 2471 1005 2511 baptismus
1029 2476 1102 2501 actu
1121 2471 1323 2511 percipiatur,
1341 2469 1396 2500 sed
1411 2479 1480 2500 non

413 2520 484 2544 ante
514 2521 627 2545 votum
658 2515 822 2555 baptismi,
854 2521 928 2555 post
958 2521 1086 2555 tempus
1116 2515 1300 2555 propalatae
1331 2514 1479 2544 veritatis.

413 2558 618 2599 Quandoque
635 2565 742 2589 autem
758 2560 827 2590 talis
844 2560 1042 2600 praeparatio
1062 2565 1208 2599 ternpore
1224 2568 1292 2589 non
1308 2558 1479 2599 praecedit,

414 2602 469 2633 sed
493 2609 538 2633 est
561 2603 655 2633 simul
679 2613 753 2634 cum
778 2604 927 2644 baptismi
951 2604 1171 2643 susceptione:
1196 2608 1227 2633 et
1250 2609 1327 2633 tunc
1351 2612 1408 2643 per
1426 2603 1480 2633 ba-

414 2648 518 2687 ptismi
544 2649 781 2687 susceptionem
812 2649 909 2688 gratia
940 2648 1134 2678 remissionis
1165 2648 1279 2688 culpae
1307 2646 1479 2678 confertur.

415 2691 477 2722 Sed
500 2701 556 2731 per
579 2693 795 2731 poenitentiae
819 2698 1053 2723 sacramentum
1076 2701 1245 2732 nunquam
1269 2691 1360 2722 datur
1383 2692 1481 2732 gratia

414 2736 473 2765 nisi
501 2737 696 2775 praeparatio
729 2736 825 2773 adsit,
849 2737 899 2767 vel
923 2737 1010 2777 prius
1039 2736 1142 2767 fuerit.
1175 2736 1268 2767 Unde
1296 2737 1395 2766 virtus
1419 2736 1481 2766 cla-

415 2781 503 2809 vium
526 2786 674 2820 operatur
690 2781 729 2811 ad
745 2782 858 2821 culpae
882 2781 1114 2817 remissionem,
1132 2781 1182 2811 vel
1198 2781 1231 2811 in
1247 2786 1324 2810 voto
1345 2781 1481 2810 existens

415 2824 465 2854 vel
489 2825 521 2853 in
545 2830 617 2854 actu
641 2835 673 2855 se
698 2835 857 2862 exercens,
882 2826 964 2856 sicut
988 2831 1018 2856 et
1042 2835 1125 2865 aqua
1148 2826 1306 2865 baptismi.

470 2868 542 2904 Sed,
559 2869 640 2899 sicut
656 2870 831 2910 baptismus
847 2879 914 2900 non
931 2870 994 2910 agit
1010 2870 1092 2900 sicut
1107 2869 1283 2910 principale
1302 2878 1408 2909 agens,
1426 2869 1481 2900 sed

416 2913 497 2942 sieut
519 2913 776 2950 instrumentum,
793 2924 860 2944 non
885 2914 1017 2954 quidem
1040 2915 1223 2954 pertingens
1240 2913 1279 2944 ad
1295 2914 1397 2954 ipsam
1413 2923 1482 2953 gra-

416 2957 477 2986 tiae
500 2958 737 2997 susceptionem
768 2958 953 2994 creandam,
978 2959 1074 2988 etiam
1105 2958 1402 2994 instrumentaliter,
1427 2957 1482 2988 sed

418 3000 589 3040 disponens
605 3001 644 3031 ad
659 3003 801 3041 gratiam,
819 3012 875 3043 per
891 3012 989 3043 quam
1010 3002 1045 3033 fit
1067 3003 1211 3033 remissio
1229 3002 1352 3042 culpae,
1370 3003 1412 3032 ita
1436 3007 1482 3032 est

419 3044 457 3074 de
473 3050 627 3084 potestate
648 3046 795 3077 clavium.
820 3046 914 3078 Unde
935 3047 1022 3077 solus
1039 3047 1126 3078 Deus
1142 3047 1273 3077 remittit
1293 3056 1349 3086 per
1365 3056 1398 3076 se
1415 3046 1482 3077 cul-

419 3097 510 3127 pam;
535 3095 565 3119 et
587 3090 621 3119 in
643 3091 758 3120 virtute
783 3092 850 3121 eius
867 3092 930 3131 agit
946 3091 1228 3122 instrumentaliter
1251 3096 1282 3121 et
1306 3091 1482 3131 baptismus

1531 969 1726 994 sacramenta
1737 964 1850 994 veteris
1861 964 1939 1004 legis
1955 964 2177 1004 operationem
2189 963 2249 993 Dei
2261 961 2490 1002 significabant.
2507 960 2600 992 Unde

1532 1008 1734 1082 etbsacerdos
1757 1009 1871 1039 veteris
1894 1008 1972 1048 legis
1996 1007 2184 1038 ostendebat
2206 1012 2342 1043 tantum,
2367 1011 2398 1036 et
2419 1006 2499 1037 nihil
2523 1015 2601 1046 ope-

1531 1062 1564 1082 ra
1587 1062 1605 1082 a
1619 1062 1667 1082 ur.

1586 1096 1661 1125 Alio
1684 1096 1795 1132 modo,
1820 1101 1856 1126 ut
1879 1095 2059 1136 significent
2081 1100 2292 1135 praesentem,
2309 1100 2341 1125 et
2363 1095 2442 1125 nihil
2466 1094 2507 1125 ad
2529 1103 2600 1124 eam

1493 1150 1518 1163 ²⁰
1532 1145 1715 1179 operentur.
1741 1140 1781 1170 Et
1797 1140 1841 1170 sic
1858 1139 1989 1179 quidam
2004 1141 2021 1156 ’θ
2044 1139 2154 1170 dicunt
2174 1138 2263 1179 quod
2286 1143 2483 1170 sacramenta
2497 1147 2601 1169 novae

1531 1183 1609 1222 legis
1632 1183 1812 1223 significant
1842 1183 2049 1214 collationem
2078 1184 2210 1223 gratiae,
2240 1192 2338 1223 quam
2365 1183 2453 1213 Deus
2475 1183 2510 1213 in
2532 1183 2602 1223 ipsa

1532 1232 1805 1257 sacramentorum
1836 1227 2009 1257 collatione
2041 1226 2107 1263 dat,
2139 1228 2207 1257 sine
2236 1227 2300 1257 hoc
2332 1226 2421 1267 quod
2443 1227 2478 1257 in
2500 1236 2601 1257 sacra-

1532 1271 1647 1301 mentis
1670 1271 1709 1300 sit
1733 1271 1839 1311 aliqua
1861 1271 1960 1301 virtus
1985 1280 2120 1310 operans
2144 1270 2183 1301 ad
2199 1271 2341 1310 gratiam.
2365 1270 2407 1301 Et
2422 1270 2602 1301 secundum

1531 1316 1614 1345 hanc
1630 1315 1820 1355 opinionem
1837 1315 1932 1345 etiam
1947 1320 2087 1356 potestas
2104 1315 2243 1346 clavium
2259 1319 2340 1345 esset
2355 1319 2480 1345 tantum
2495 1319 2603 1345 osten-

1492 1369 1515 1389 25
1532 1359 1610 1390 dens
1634 1359 1774 1390 divinam
1806 1360 2027 1400 operationem
2057 1360 2091 1389 in
2122 1359 2236 1399 culpae
2265 1358 2451 1389 remissione
2478 1358 2513 1389 in
2534 1359 2603 1400 ipsa

1532 1403 1750 1434 sacramentali
1775 1403 1947 1434 collatione
1970 1402 2062 1434 facta.
2076 1413 2085 1418 “

1588 1448 1699 1478 Tertio
1722 1448 1834 1484 modo,
1852 1453 1887 1478 ut
1903 1447 2083 1488 significent
2101 1447 2242 1478 divinam
2266 1447 2488 1487 operationem
2505 1448 2538 1478 in
2553 1457 2603 1478 te-

1531 1493 1718 1523 missionem
1743 1492 1856 1532 culpae
1879 1498 2090 1532 praesentem,
2108 1497 2139 1522 et
2161 1491 2202 1522 ad
2224 1492 2326 1532 ipsam
2350 1491 2472 1532 aliquid
2494 1491 2603 1532 dispo-

1532 1537 1623 1567 sitive
1639 1542 1670 1567 et
1685 1537 1967 1567 instrumentaliter
1982 1541 2166 1577 operentur.
2185 1536 2227 1567 Et
2242 1536 2297 1572 sic,
2314 1535 2493 1566 secundum
2509 1536 2603 1567 aliam

1494 1590 1519 1609 30
1533 1582 1723 1621 opinionem
1739 1582 1765 1618 *ζ
1791 1591 1874 1621 quae
1897 1582 2070 1612 sustinetur
2093 1581 2311 1617 communius,
2332 1586 2528 1611 sacramenta
2542 1589 2603 1611 no-

1532 1635 1590 1656 vae
1605 1626 1684 1665 legis
1701 1625 1964 1656 emundationem
1980 1625 2154 1656 ostendunt
2169 1624 2320 1667 divinitus
2333 1623 2461 1656 factam.
2483 1625 2525 1655 Et
2539 1625 2603 1656 hoc

1532 1670 1633 1701 modo
1658 1671 1753 1701 etiarn
1777 1670 1924 1701 sacerdos
1947 1670 2025 1700 novi
2048 1669 2247 1700 Testamenti
2274 1668 2412 1700 ostendit
2439 1669 2604 1700 absolutos

1532 1725 1551 1744 a
1567 1715 1676 1755 culpa:
1694 1715 1770 1755 quia
1785 1714 2067 1755 proportionaliter
2083 1719 2211 1754 oportet
2226 1713 2318 1754 loqui
2333 1713 2374 1744 de
2389 1713 2602 1750 sacramentis,

1533 1765 1564 1790 et
1586 1764 1744 1799 potestate
1766 1755 1996 1789 ministrorum.
2012 1777 2037 1781 -
2050 1758 2120 1789 Nec
2143 1759 2247 1789 obstat
2270 1759 2350 1798 quin
2373 1758 2476 1790 claves
2491 1757 2603 1789 Eccle-

1495 1816 1516 1836 ῖς
1533 1805 1596 1834 siae
1620 1803 1660 1834 ad
1682 1804 1905 1834 remissionem
1929 1803 2042 1843 culpae
2065 1802 2237 1843 disponant
2258 1802 2334 1843 quia
2357 1802 2452 1843 culpa
2469 1802 2535 1832 iam
2556 1807 2604 1834 est

1532 1849 1680 1878 remissa:
1705 1848 1788 1878 sicut
1810 1857 1871 1878 nec
1894 1847 1985 1888 quod
2007 1847 2184 1888 baptismus
2207 1846 2365 1887 disponat,
2389 1851 2547 1887 quantum
2569 1847 2604 1878 in

1532 1903 1566 1923 se
1591 1897 1647 1929 est,
1671 1893 1705 1922 in
1729 1902 1769 1923 eo
1794 1893 1850 1932 qui
1872 1893 1936 1923 iam
1959 1891 2173 1922 sanctificatus
2197 1896 2253 1922 est.

1587 1937 1638 1967 Ar>
1663 1946 1826 1967 sneunnuu
1849 1946 2010 1967 mmmmm
2033 1935 2124 1976 quod
2143 1945 2251 1976 neque
2274 1940 2509 1966 sacramentum
2523 1944 2604 1976 poe-

1531 1982 1694 2017 nitentiae,
1710 1990 1818 2021 neque
1834 1986 2070 2011 sacramentum
2092 1980 2252 2020 baptismi,
2269 1978 2434 2020 operando
2453 1979 2604 2021 pertingit

1493 2037 1519 2057 40
1533 2026 1651 2056 directe
1674 2025 1714 2056 ad
1736 2026 1868 2066 gratiam
1898 2034 1959 2056 nec
1983 2024 2022 2055 ad
2045 2024 2159 2065 culpae
2186 2024 2424 2055 remissionem:
2455 2022 2512 2054 sed
2541 2021 2604 2054 dis-

1557 2071 1679 2100 osrtive.

1532 2080 1554 2111 p
1588 2114 1683 2145 Unde
1707 2114 1802 2144 etiam
1825 2119 1912 2154 patet
1934 2114 2102 2154 responsio
2126 2113 2166 2144 ad
2189 2113 2328 2144 tertium.

1589 2159 1680 2189 Aliae
1703 2159 1842 2189 rationes
1857 2159 1874 2175 ⁴¹*
1898 2157 2072 2188 ostendunt
2091 2156 2180 2198 quod
2197 2156 2236 2188 ad
2251 2157 2474 2198 remissionem
2490 2156 2603 2197 culpae

1534 2203 1652 2234 directe
1681 2203 1819 2234 clavium
1847 2207 1987 2244 potestas
2010 2211 2078 2233 non
2101 2206 2262 2243 operetur.
2293 2201 2393 2240 Quod
2423 2200 2603 2232 conceden-

1494 2259 1517 2278 45
1534 2248 1612 2279 dum
1637 2253 1693 2279 est.

1578 2315 1678 2345 ART.
1702 2314 1739 2345 11.
1767 2324 1872 2344 urium
1896 2323 2052 2344 sacnanos
2075 2323 2178 2344 rossrr
2201 2321 2374 2344 nemun
2397 2321 2559 2343 racemum

1941 2368 2049 2388 auom
2073 2367 2199 2388 poznan

1888 2413 1921 2435 lv
1937 2413 2004 2435 Cont.
2020 2412 2096 2439 Gent„
2111 2418 2163 2441 cap.
2177 2418 2252 2435 uzu.

1496 2483 1521 2503 50
1538 2479 1620 2542 An
1653 2477 1815 2499 sacrmmm
1848 2478 1894 2498 sm
1924 2477 2129 2498 rnocnmrua.
2164 2465 2299 2497 Videtur
2333 2465 2424 2506 quod
2458 2465 2604 2497 sacerdos

1600 2523 1667 2544 non
1683 2513 1785 2553 possit
1800 2513 1959 2543 remittere
1980 2517 2150 2552 peccatum
2171 2510 2280 2551 quoad
2299 2520 2450 2552 poenam.
2466 2510 2603 2541 Peccato

1536 2558 1622 2588 enim
1639 2557 1772 2588 debetur
1795 2566 1902 2597 poena
1925 2562 2052 2586 aeterna
2067 2561 2099 2586 et
2113 2555 2308 2596 temporalis
2333 2554 2396 2586 Sed
2411 2554 2515 2586 adhuc
2530 2559 2605 2596 post

1535 2602 1771 2632 absolutionem
1795 2600 1966 2632 sacerdotis
1988 2605 2097 2631 manet
2111 2600 2281 2641 poenitens
2297 2599 2455 2640 obligatus
2470 2599 2510 2630 ad
2525 2607 2605 2640 poe·

1534 2656 1611 2677 nam
1633 2646 1854 2686 temporalem,
1871 2646 1905 2676 in
1920 2645 2106 2686 purgatorio
2121 2645 2172 2675 vel
2195 2644 2229 2674 in
2252 2645 2316 2675 hoc
2338 2643 2462 2675 mundo
2485 2642 2604 2674 facien-

1497 2705 1519 2725 55
1536 2690 1619 2722 dam.
1644 2691 1730 2730 Ergo
1753 2700 1822 2721 non
1845 2689 1974 2720 dimittit
1997 2689 2106 2730 aliquo
2129 2688 2229 2719 modo
2252 2697 2403 2730 poenam.

1593 2745 1622 2765 2.
1646 2735 1842 2770 Pnimnnm,
1859 2733 2006 2764 sacerdos
2021 2743 2089 2764 non
2104 2738 2211 2774 potest
2232 2732 2448 2774 praeiudicare
2467 2731 2604 2763 iustitiae

1536 2779 1671 2810 divinae.
1684 2779 1748 2810 Sed
1759 2789 1797 2810 ex
1810 2779 1916 2809 divina
1931 2778 2049 2809 iustitia
2063 2783 2167 2808 taxata
2182 2783 2229 2809 est
2245 2777 2483 2818 poenitentibus
2497 2785 2605 2817 poena

1536 2833 1635 2864 quam
1658 2823 1776 2854 debent
1799 2823 1914 2854 subire.
1939 2822 2025 2862 Ergo
2048 2822 2195 2853 sacerdos
2218 2831 2287 2853 non
2309 2826 2416 2862 potest
2437 2820 2478 2852 de
2496 2829 2535 2851 ea
2549 2819 2604 2851 ali-

1536 2868 1615 2908 quid
1638 2869 1806 2898 remittere.

1593 2913 1622 2943 3.
1647 2913 1844 2947 Prumramu,
1860 2911 1913 2942 ille
1929 2912 1986 2952 qui
2001 2920 2136 2951 parvum
2157 2915 2326 2951 peccatum
2349 2909 2520 2944 commisit,
2535 2916 2604 2939 non

1537 2963 1583 2988 est
1598 2958 1705 2987 minus
1729 2956 1928 2997 susceptivus
1951 2955 2083 2986 effectus
2106 2955 2244 2986 clavium
2260 2963 2359 2995 quam
2373 2953 2426 2984 ine
2442 2953 2500 2994 qui
2514 2961 2605 2983 com-

1536 3002 1622 3032 misit
1644 3002 1747 3031 maius
1774 3006 1953 3041 peccatum.
1985 3000 2048 3034 Sed
2071 3000 2097 3030 si
2119 2999 2240 3040 aliquid
2263 2998 2302 3029 de
2325 3007 2432 3038 poena
2453 3006 2511 3037 per
2534 2995 2605 3027 offi-

1537 3047 1624 3076 cium
1647 3044 1818 3076 sacerdotis
1842 3044 1882 3076 de
1904 3045 2018 3075 maiori
2040 3049 2174 3084 peccato
2198 3042 2374 3078 dimittitur,
2390 3041 2543 3082 possibile
2558 3046 2605 3071 est

1537 3100 1605 3120 esse
1636 3089 1716 3121 adeo
1746 3098 1881 3130 parvum
1910 3093 2080 3129 peccatum
2111 3088 2164 3118 cui
2192 3096 2260 3118 non
2288 3086 2439 3118 debeatur
2468 3085 2541 3126 plus
2564 3084 2605 3116 de

419 3138 454 3162 ut
469 3133 715 3164 instrumentum
731 3135 952 3171 inanimatum,
966 3141 996 3166 et
1020 3135 1168 3166 sacerdos
1183 3141 1219 3165 ut
1236 3135 1482 3165 ins-trumentum
1497 3141 1521 3166 65
1537 3144 1643 3174 poena
1667 3143 1765 3174 quam
1787 3132 1867 3164 illud
1890 3131 1980 3173 quod
2003 3131 2043 3163 de
2065 3132 2179 3162 maiori
2201 3135 2335 3172 peccato
2360 3129 2526 3160 dimissum
2547 3134 2603 3160 est.

420 3177 606 3213 animatum,
624 3178 713 3217 quod
737 3178 851 3209 dicitur
879 3189 1001 3216 servus,
1026 3179 1206 3210 secundum
1229 3179 1481 3219 Philosophum,

420 3220 453 3249 in
475 3220 546 3250 VIII
569 3221 671 3252 Ethic.
689 3223 705 3238 ἥ
738 3223 778 3252 Et
802 3223 874 3254 ideo
905 3223 1051 3254 sacerdos
1075 3225 1138 3264 agit
1161 3229 1197 3254 ut
1220 3224 1371 3254 minister.

475 3264 515 3293 Et
542 3265 586 3294 sic
614 3271 700 3304 patet
727 3267 816 3306 quod
843 3273 982 3307 potestas
1014 3268 1152 3298 clavium
1182 3268 1346 3299 ordinatur
1374 3268 1483 3308 aliquo

422 3307 520 3338 modo
545 3308 584 3338 ad
599 3310 819 3341 remissionem
843 3312 965 3351 culpae,
982 3321 1050 3342 non
1067 3313 1148 3343 sicut
1172 3322 1314 3348 causans,
1331 3311 1387 3342 sed
1403 3312 1485 3342 sicut

1537 3178 1623 3218 Ergo
1646 3178 1765 3218 poterit
1787 3182 1889 3207 totam
1911 3185 2051 3217 poenam
2074 3176 2158 3206 illius
2181 3175 2304 3216 peccati
2326 3175 2415 3215 parvi
2436 3173 2603 3204 dimittere.

1538 3221 1638 3260 Quod
1661 3221 1777 3252 falsum
1800 3226 1856 3252 est.

1593 3275 1624 3305 4.
1648 3266 1845 3301 Pluinnam,
1861 3270 1929 3295 tota
1944 3273 2051 3305 poena
2072 3263 2257 3304 temporalis
2279 3268 2414 3304 peccato
2438 3262 2544 3299 debita
2559 3268 2607 3294 est

1538 3311 1634 3341 unius
1649 3310 1789 3340 rationis.
1814 3309 1848 3340 Si
1864 3318 1940 3349 ergo
1955 3317 2013 3349 per
2027 3309 2164 3349 primam
2179 3308 2416 3338 absolutionem
2431 3306 2606 3338 dimittatur

423 3350 594 3390 disponens
611 3353 649 3383 ad
665 3363 745 3384 eam.
770 3354 873 3390 Unde,
890 3356 915 3385 si
931 3362 1003 3386 ante
1027 3357 1264 3387 absolutionem
1287 3356 1402 3396 aliquis
1416 3365 1485 3386 non
1498 3366 1526 3387 70
1538 3354 1659 3395 aliquid
1682 3353 1722 3385 de
1744 3363 1861 3395 poena,
1877 3358 1909 3384 et
1923 3362 1981 3394 per
2001 3351 2176 3383 secundam
2199 3353 2238 3383 ab
2262 3351 2379 3383 eodem
2401 3356 2535 3392 peccato
2552 3351 2606 3382 ab·

423 3393 532 3425 fuisset
555 3396 694 3435 perfecte
710 3397 880 3437 dispositus
896 3399 935 3429 ad
951 3401 1082 3439 gratiam
1102 3400 1351 3441 suscipiendam,
1368 3401 1401 3431 in
1417 3401 1485 3440 ipsa

425 3438 625 3469 confessione
642 3446 672 3470 et
688 3441 888 3472 absolutione
911 3445 1127 3474 sacramentali
1150 3446 1282 3484 gratiam
1306 3454 1485 3485 conseque-

425 3487 519 3518 retur,
537 3483 562 3512 si
578 3484 704 3514 obicem
727 3494 794 3514 non
816 3492 960 3524 poneret.
985 3487 1017 3517 Si
1041 3489 1127 3518 enirn
1151 3489 1246 3519 clavis
1269 3489 1360 3519 nullo
1384 3488 1484 3519 modo

426 3524 465 3555 ad
488 3526 600 3566 culpae
629 3528 848 3558 remissionem
879 3529 1092 3567 ordinaretur,
1117 3532 1172 3562 sed
1199 3532 1239 3563 ad
1267 3532 1485 3563 dimissionem

1538 3399 1736 3430 solutionem
1759 3398 1876 3439 poterit
1903 3396 2023 3437 aliquid
2051 3397 2177 3427 remitti.
2209 3397 2251 3427 Et
2273 3397 2318 3427 sic
2341 3401 2466 3427 tantum
2488 3396 2607 3436 poterit

1538 3443 1742 3483 multiplicari
1765 3442 1925 3473 absolutio
1942 3440 2032 3482 quod
2046 3441 2078 3471 vi
2094 3441 2231 3471 clavium
2247 3446 2315 3472 tota
2330 3449 2437 3481 poena
2458 3439 2604 3470 tolletur:

1540 3497 1615 3519 cum
1645 3486 1785 3518 secunda
1815 3485 1974 3516 absolutio
1997 3495 2065 3516 non
2093 3485 2132 3515 sit
2159 3485 2292 3516 minoris
2322 3483 2480 3516 efficaciae
2508 3493 2606 3524 quam

1539 3533 1651 3572 prima.
1684 3531 1725 3562 Et
1752 3531 1796 3561 sic
1823 3535 1992 3571 peccatum
2023 3530 2198 3560 remanebit
2231 3529 2365 3560 omnino
2397 3528 2605 3569 impunitum.

2628 1144 2639 1155 ·
2649 1143 2674 1166 S.
2685 1143 2753 1165 Boi-n.
2763 1142 2839 1166 Sem.

2629 1169 2840 1224 32‘1'2‘31‘322'32:

2629 1229 2649 1245 2.
2661 1234 2673 1239 -
2683 1222 2704 1245 C
2729 1223 2790 1245 Pan.
2801 1222 2840 1250 111,

2629 1255 2669 1278 qu.
2679 1254 2735 1276 ιιιι,
2749 1252 2791 1272 an.
2809 1256 2827 1272 ι.

2631 2158 2723 2207 :rw-
2730 2157 2780 2180 Sed
2787 2163 2845 2180 con-
