2918 4088
221 343 299 370 Temp.
312 341 417 363 XXXVL

222 1356 233 1366 '
242 1353 293 1375 Lib.
305 1352 333 1378 Π,
342 1358 392 1380 cap.
402 1357 436 1378 111,

222 1386 282 1438 {20²5
290 1378 437 1428 {tqiefflb

222 1433 325 1455 ΑπιηιαΙ.
362 1431 437 1454 Gene-

222 1462 269 1508 ζῗΐ.
281 1459 321 1480 lib.
333 1458 372 1485 lu,
384 1464 435 1485 cap.

227 1885 238 1895 '¹
249 1884 300 1906 Art.
315 1889 335 1911 3,
351 1883 379 1905 ad
393 1889 413 1912 3.

241 3105 251 3115 '¹
265 3104 316 3125 Art.
331 3108 350 3131 3.

460 177 509 213 66
1132 173 1395 221 QUAESTIO
1423 171 1562 217 LXVI,
1596 166 1889 206 ARTICULUS
1917 167 1967 203 IV

216 266 227 275 ·
265 263 289 284 1n
324 262 431 310 Apgend‘
453 256 619 304 phaniae
636 254 675 291 ²⁸:
712 255 817 296 Quae
844 254 889 290 de
917 254 1119 291 Salvatoris
1147 254 1362 301 baptismate
1381 249 1522 287 benedi·
1579 247 1782 284 adhibetur
1816 256 1958 303 aquae,
1989 256 2069 281 non
2107 251 2162 280 est
2190 243 2237 280 de
2266 242 2486 302 necessitate
2521 241 2642 292 bapti-

220 290 433 340 &gfff-„5⁸34
459 309 528 344 ctio
539 309 667 356 fluxit,
687 313 864 356 tanquam
875 308 1017 356 fluvius
1036 306 1221 354 spiritalis,
1243 305 1410 341 omnium
1431 313 1522 352 gur-
1579 299 1663 345 smi,
1685 298 1752 335 sed
1780 305 1942 346 pertlnet
1963 297 2013 334 ad
2031 296 2231 346 quandam
2259 297 2552 342 solemmtatem,
2573 307 2644 344 per

457 362 576 410 gitum
595 366 742 406 tractus,
764 361 1021 397 universorum
1038 360 1199 405 fontium
1219 368 1332 394 venas
1351 355 1522 403 implevit.

1579 363 1700 401 quam
1737 349 1921 387 excitatur
1955 349 2111 387 devotio
2145 349 2336 397 fidelium,
2366 357 2402 386 et
2436 348 2645 398 impeditur

513 414 570 450 AD
591 425 751 456 QulNTuM
771 425 952 450 DICENDUM
973 411 1080 461 quod
1102 411 1162 447 illa
1187 407 1403 446 benedictio
1423 417 1523 455 quae
1578 403 1715 441 astutia
1742 402 1955 451 daemonis,
1975 414 2026 439 ne
2045 401 2229 452 impediat
2246 401 2426 451 baptismi
2449 402 2643 439 effectum.

1134 511 1470 546 Commentario.
1491 509 1746 542 Oardjnalis
1769 508 1971 542 Caietam·

521 608 627 628 twLus
651 598 752 628 clarus
776 603 831 627 est.
855 615 878 619 —
908 596 943 626 In
974 603 1108 634 corpore
1138 602 1203 622 una
1227 590 1409 621 conclusio:
1434 590 1527 630 Aqua

463 610 568 673 Test
583 642 722 682 propria
738 641 874 672 materia
889 639 1045 680 baptismi.
1076 637 1169 674 Quae
1193 634 1359 666 conclusio
1383 633 1528 663 absolute

1580 589 1734 629 probatur
1753 598 1791 619 ex
1806 589 2007 619 institutione
2022 588 2138 619 divina.
2163 587 2282 626 Quoad
2301 588 2543 628 congruentiam
2558 596 2646 623 vero,

1582 633 1736 673 probatur
1751 633 1784 663 in
1800 633 1903 663 littera
1918 632 2177 673 quadrupliciter.
2203 632 2238 663 In
2255 641 2319 672 qua
2337 632 2447 662 omnia
2463 631 2546 662 clara
2560 636 2646 662 sunt.

1239 775 1560 818 ARTICULUS
1590 774 1866 824 QUARTUS

965 871 1122 904 UTRUM
1146 871 1205 901 AD
1230 869 1485 900 BAPTISMUM
1507 868 1795 907 REQUIRATUR
1817 869 1942 907 AQUA
1964 869 2150 900 SIMPLEX

1285 949 1320 974 1v
1339 949 1423 979 Sent„
1442 949 1500 974 dist.
1518 956 1557 979 ιιι,
1576 953 1623 974 art.
1643 948 1668 980 3,
1687 948 1736 982 qu·
1757 955 1781 980 2,
1801 948 1825 975 3.

581 1064 611 1081 „J
673 1047 695 1071 D
715 1045 887 1076 QUARTUM
909 1044 960 1068 SIC
981 1042 1219 1068 PRerDrrUR.
1240 1029 1403 1067 Videtur
1420 1029 1529 1078 quod

492 1078 545 1132 §fiir
588 1079 653 1131 ³²⁷²„-
674 1087 721 1123 ad
763 1085 1001 1135 baptismum
1044 1095 1125 1120 non
1167 1082 1383 1132 requiratur
1426 1094 1529 1131 aqua

479 1122 846 1197 1³y‘sxrr'simplex.
885 1139 999 1186 Aqua
1036 1136 1139 1173 enim
1175 1148 1276 1185 quae
1314 1135 1420 1185 apud
1457 1147 1529 1172 nos

518 1183 739 1239 N'Kesu
769 1203 850 1228 non
878 1198 933 1227 est
961 1201 1063 1239 aqua
1090 1201 1208 1239 pura:
1243 1189 1351 1238 quod
1383 1187 1529 1237 praeci-

461 1256 539 1293 pue
568 1240 726 1293 apparet
758 1244 806 1281 de
834 1256 936 1293 aqua
971 1241 1108 1290 maris,
1138 1241 1178 1279 in
1206 1254 1284 1291 qua
1315 1241 1529 1290 plurimum

463 1296 696 1334 admiscetur
710 1298 757 1335 de
777 1296 954 1344 terrestri,
970 1304 1012 1334 ut
1026 1302 1129 1346 patet
1147 1307 1217 1344 per
1231 1294 1528 1344 Philosophum,

462 1350 502 1387 in
521 1349 618 1387 libro
637 1351 834 1388 Meteorol.
854 1350 874 1372 '¹‘
903 1351 951 1387 Et
969 1357 1100 1387 tamen
1128 1348 1168 1385 in
1195 1347 1259 1385 tali
1287 1360 1388 1397 aqua
1406 1354 1531 1397 potest

462 1403 546 1440 fieri
575 1403 800 1453 baptismus.
831 1405 933 1452 Ergo
967 1415 1048 1440 non
1077 1401 1283 1451 requiritur
1310 1413 1413 1451 aqua
1440 1400 1530 1437 sim-

462 1458 550 1506 plex
579 1464 615 1493 et
641 1469 741 1506 pura
769 1457 818 1494 ad
845 1455 1095 1506 baptismum.

518 1521 553 1546 2.
583 1510 823 1557 PRAETEREA,
853 1509 893 1547 in
928 1509 1092 1547 solemni
1126 1507 1381 1546 celebratione
1409 1506 1531 1556 bapti-

465 1563 538 1600 smi
566 1575 689 1612 aquae
718 1562 930 1600 infunditur
957 1561 1135 1600 chrisma.
1171 1561 1248 1599 Sed
1276 1562 1353 1598 hoc
1379 1559 1533 1597 videtur

464 1615 651 1665 impedire
672 1616 879 1665 puritatem
898 1623 934 1652 et
953 1615 1235 1664 simplicitatem
1262 1625 1398 1663 aquae.
1428 1614 1531 1661 Ergo

465 1681 567 1718 aqua
593 1681 692 1718 pura
720 1677 756 1717 et
784 1669 946 1719 simplex
978 1680 1059 1706 non
1087 1667 1293 1717 requiritur
1326 1667 1375 1704 ad
1410 1666 1532 1716 bapti-

466 1734 608 1759 smum.
871 1741 874 1743 Α

521 1775 555 1812 3.
585 1776 827 1822 PRAETEREA,
861 1787 964 1824 aqua
1002 1774 1129 1811 fluens
1166 1774 1213 1811 de
1251 1775 1366 1811 latere
1393 1771 1534 1810 Christi

466 1828 667 1878 pendentis
702 1827 742 1864 in
779 1840 891 1865 cruce
926 1827 995 1864 fuit
1027 1826 1275 1875 significativa
1295 1832 1312 1847 ‘²
1339 1825 1532 1875 baptismi,

467 1889 510 1918 ut
538 1881 683 1918 dictum
712 1889 767 1918 est
789 1881 819 1917 ²¹².
851 1881 927 1918 Sed
948 1893 1050 1930 aqua
1069 1881 1130 1917 illa
1149 1892 1230 1917 non
1248 1879 1400 1916 videtur
1418 1879 1533 1916 fuisse

468 1947 570 1984 aqua
596 1946 714 1983 pura:
754 1946 800 1971 eo
830 1933 937 1983 quod
965 1933 1006 1970 in
1038 1945 1200 1983 corpore
1235 1932 1377 1979 mixto,
1407 1931 1534 1968 cuius-

468 1987 576 2024 modi
603 1987 673 2024 fuit
700 1999 841 2036 corpus
871 1985 1021 2034 Christi,
1052 1999 1132 2023 non
1161 1993 1250 2023 sunt
1278 1987 1467 2022 elementa
1495 1984 1534 2022 in

469 2047 566 2077 actu.
604 2041 705 2087 Ergo
738 2039 892 2076 videtur
926 2040 1034 2089 quod
1067 2051 1148 2076 non
1183 2038 1400 2088 requiratur
1433 2050 1536 2087 aqua

468 2105 567 2143 pura
594 2094 656 2129 vel
683 2092 845 2142 simplex
872 2093 922 2130 ad
950 2092 1199 2142 baptismum.

521 2158 558 2193 4.
586 2146 818 2192 ΡΒΑΕΤΕΗΕΑ,
839 2145 1014 2182 lixivium
1042 2157 1123 2182 non
1143 2144 1296 2182 videtur
1323 2156 1405 2181 esse
1434 2155 1536 2193 aqua

469 2211 586 2249 pura:
617 2198 733 2235 habet
761 2198 866 2235 enim
894 2198 1101 2236 contrarias
1129 2197 1379 2247 proprietates
1398 2209 1535 2246 aquae,

470 2252 609 2300 scilicet
643 2251 886 2289 calefaciendi
915 2259 952 2288 et
979 2251 1209 2289 desiccandi.
1250 2251 1298 2288 Et
1332 2259 1463 2288 tamen
1498 2249 1538 2287 in

470 2304 599 2342 lixivio
627 2304 780 2342 videtur
806 2317 920 2354 posse
948 2304 1033 2342 fieri
1060 2304 1290 2354 baptismus:
1319 2303 1416 2340 sicut
1443 2310 1480 2340 et
1498 2302 1538 2340 in

471 2357 582 2407 aquis
609 2358 851 2405 balneorum,
872 2370 972 2407 quae
1000 2365 1198 2395 transeunt
1225 2369 1295 2406 per
1322 2368 1441 2394 venas
1462 2357 1538 2393 sul-

472 2412 662 2460 phureas,
692 2410 788 2447 sicut
823 2418 859 2447 et
893 2410 1068 2448 lixivium
1105 2411 1252 2448 colatur
1282 2421 1353 2459 per
1380 2409 1537 2446 cineres.

473 2465 576 2512 Ergo
603 2463 756 2500 videtur
775 2463 883 2513 quod
902 2476 1004 2513 aqua
1031 2463 1194 2513 simplex
1217 2475 1298 2500 non
1325 2462 1540 2512 requiratur

474 2517 524 2554 ad
551 2516 800 2565 baptismum.

531 2570 564 2606 5.
594 2570 827 2616 PRAETEREA,
844 2582 946 2619 aqua
965 2582 1121 2607 rosacea
1139 2576 1342 2617 generatur
1357 2567 1372 2598 β
1389 2580 1460 2618 per
1478 2581 1540 2605 su-

474 2621 741 2659 blimationem
769 2635 792 2659 a
819 2622 930 2660 rosis:
961 2623 1057 2660 sicut
1085 2622 1200 2659 etiam
1227 2634 1351 2672 aquae
1371 2621 1541 2659 alchimi-

475 2687 542 2712 cae
569 2682 800 2723 generantur
826 2688 896 2725 per
924 2675 1237 2713 sublimationem
1271 2675 1320 2712 ab
1349 2674 1541 2724 aliquibus

475 2728 715 2777 corporibus.
746 2728 823 2765 Sed
850 2728 890 2765 in
918 2728 977 2765 his
1006 2728 1127 2778 aquis,
1157 2736 1200 2765 ut
1227 2728 1390 2774 videtur,
1417 2735 1542 2778 potest

475 2781 559 2818 fieri
578 2781 810 2831 baptismus:
832 2781 928 2818 sicut
947 2789 983 2818 et
1002 2781 1041 2818 in
1056 2781 1166 2831 aquis
1180 2781 1425 2831 pluvialibuS,
1441 2793 1542 2830 quae

475 2847 546 2883 per
580 2834 893 2871 sublimationem
926 2847 1120 2884 vaporum
1156 2842 1397 2883 generantur.
1439 2834 1542 2871 Cum

476 2887 589 2936 igitur
616 2887 841 2925 huiusmodi
861 2900 984 2937 aquae
1011 2900 1092 2925 non
1111 2886 1185 2924 sint
1203 2899 1323 2937 purae
1343 2895 1380 2924 et
1398 2886 1542 2936 simpli-

477 2952 551 2985 ces,
571 2940 724 2978 videtur
743 2941 850 2990 quod
876 2953 978 2990 aqua
1005 2953 1103 2991 pura
1132 2948 1168 2978 et
1195 2940 1357 2990 simplex
1376 2952 1458 2978 non
1486 2952 1542 2977 re-

478 2993 652 3043 quiratur
679 2994 727 3031 ad
755 2993 1004 3044 baptismum.

532 3047 605 3083 SED
635 3059 779 3084 CONTRA
811 3059 876 3084 EST
914 3047 1020 3096 quod
1048 3047 1205 3096 propria
1236 3045 1396 3084 materia
1422 3046 1543 3096 bapti-

480 3098 553 3135 smi
572 3107 627 3136 est
646 3112 758 3148 aqua,
779 3107 821 3136 ut
840 3099 986 3137 dictum
1006 3107 1061 3137 est
1074 3099 1105 3137 ⁹⁸.
1135 3100 1212 3138 Sed
1231 3099 1400 3150 speciem
1420 3112 1544 3149 aquae

480 3163 561 3188 non
588 3152 703 3188 habet
722 3152 794 3188 nisi
813 3165 915 3201 aqua
942 3152 1115 3202 simplex.
1147 3154 1248 3201 Ergo
1269 3165 1371 3202 aqua
1391 3165 1490 3202 pura
1509 3160 1545 3189 et

482 3203 643 3253 simplex
671 3217 717 3241 ex
745 3205 965 3242 necessitate
994 3205 1200 3254 requiritur
1227 3206 1277 3242 ad
1295 3205 1543 3255 baptismum.

536 3334 564 3369 α)
583 3336 771 3368 significativa.
789 3335 961 3368 —firmativa
980 3335 1009 3366 F,
1028 3336 1134 3368 signum
1155 3336 1289 3360 editiones.

537 3370 561 3405 β)
580 3375 767 3404 generatur.—
785 3372 846 3396 Om.
866 3372 920 3400 ΕΗ,
933 3371 969 3404 fit
988 3371 1122 3396 editiones.
1135 3385 1153 3389 -
1173 3371 1223 3395 Pro
1237 3371 1450 3400 sublimationem
1464 3371 1547 3396 subti-

483 3407 620 3432 liationem
638 3407 711 3431 tertia
731 3412 832 3439 praeter
851 3407 868 3430 1.

537 3443 564 3476 γ)
584 3442 706 3475 efficitur.
729 3457 748 3461 —
772 3442 810 3466 Fa
836 3448 861 3467 et
878 3442 951 3467 tertia
970 3446 1071 3474 praeter
1090 3442 1128 3472 H;
1153 3441 1294 3474 conficitur
1311 3441 1343 3471 D.
1359 3442 1397 3474 fit
1419 3442 1451 3472 H,
1466 3441 1548 3475 perfi-

483 3477 555 3501 citur
573 3477 659 3502 ceteri.

1635 1030 1862 1066 RESPONDEO
1890 1041 2072 1067 mcENDUM
2102 1030 2210 1079 quod
2238 1042 2340 1079 aqua
2367 1042 2480 1068 suam
2506 1030 2650 1080 purita—

1583 1089 1662 1119 tem
1691 1089 1727 1119 et
1754 1081 2036 1132 simplicitatem
2063 1090 2189 1132 potest
2222 1082 2395 1120 amittere
2430 1083 2647 1133 dupliciter:

1583 1146 1664 1172 uno
1693 1135 1827 1182 modo,
1847 1147 1918 1184 per
1936 1135 2165 1173 mixtionem
2183 1135 2336 1174 alterius
2355 1136 2545 1186 corporis3
2574 1137 2649 1175 alio

1584 1188 1717 1235 modo,
1736 1200 1807 1237 per
1825 1188 2099 1226 alterationem.
2120 1189 2338 1238 Utrumque
2357 1196 2488 1226 autem
2506 1190 2651 1228 horum

1584 1240 1767 1288 contingit
1798 1240 1883 1278 fieri
1917 1240 2134 1290 dupliciter:
2171 1241 2310 1279 scilicet
2342 1254 2413 1291 per
2444 1249 2586 1290 artem,
2615 1249 2653 1280 et

1584 1305 1655 1343 per
1682 1299 1886 1331 naturam.
1909 1294 1983 1330 Ars
2016 1301 2148 1331 autem
2181 1293 2310 1332 deficit
2341 1294 2390 1332 ab
2427 1294 2652 1344 operatione

1584 1354 1761 1384 naturae:
1792 1346 1885 1396 quia
1911 1354 2049 1384 natura
2075 1347 2139 1384 dat
2165 1347 2333 1385 formam
2351 1347 2652 1395 substantialem,

1585 1400 1706 1450 quod,
1721 1411 1782 1437 ars
1809 1399 1933 1436 facere
1961 1411 2042 1437 non
2069 1407 2210 1449 potest,
2238 1401 2307 1437 sed
2341 1412 2479 1438 omnes
2505 1401 2654 1439 formae

1586 1452 1800 1490 artificiales
1819 1460 1908 1490 sunt
1926 1452 2195 1499 accidentales3
2217 1453 2289 1491 nisi
2307 1453 2403 1491 forte
2418 1454 2653 1504 apponendo

1585 1505 1790 1556 proprium
1825 1518 1942 1554 agens
1979 1506 2028 1543 ad
2059 1506 2259 1556 propriam
2295 1506 2518 1555 materiam,
2557 1507 2655 1545 siem

1585 1560 1715 1608 ignem
1744 1558 2003 1596 combustibili
2021 1558 2051 1607 ³¹²,
2081 1571 2151 1608 per
2178 1572 2298 1608 quem
2325 1560 2492 1598 modum
2520 1573 2544 1597 a
2568 1560 2654 1610 qui-
2681 1570 2693 1581 ·
2727 1583 2735 1591 ·

1586 1612 1758 1650 busdam
1784 1612 1979 1661 quaedam
2016 1611 2196 1650 animalia
2231 1625 2302 1662 per
2334 1613 2655 1663 putrefactionem

1585 1672 1826 1714 generantur.
2644 1676 2647 1678 ’

1641 1719 1924 1768 Quaecumque
1950 1717 2062 1766 igitur
2089 1718 2356 1756 transmutatio
2383 1719 2484 1757 circa
2510 1731 2656 1769 aquam

1586 1772 1684 1810 faeta
1703 1779 1759 1808 est
1775 1783 1847 1821 per
1874 1779 2006 1818 artem,
2034 1771 2114 1808 sive
2140 1771 2432 1810 commiscendo
2455 1772 2536 1810 sive
2565 1774 2655 1811 alte-

1587 1825 1730 1872 rando,
1751 1836 1832 1861 non
1859 1831 2107 1862 trasmutatur
2134 1825 2280 1874 species
2308 1837 2445 1874 aquae.
2474 1825 2588 1863 Unde
2611 1825 2657 1864 in

1587 1878 1652 1915 tali
1679 1890 1782 1927 aqua
1817 1884 1943 1927 potest
1966 1877 2051 1914 fieri
2074 1877 2303 1927 baptismus:
2340 1877 2413 1915 nisi
2429 1878 2526 1917 forte
2554 1890 2657 1929 aqna
2707 1868 2711 1877 ⁵

1589 1930 1847 1968 admisceatur
1879 1942 1949 1980 per
1976 1937 2098 1967 artem
2126 1930 2166 1967 in
2193 1938 2274 1968 tam
2299 1943 2421 1980 parva
2447 1931 2657 1980 quantitate

1588 1983 1702 2021 alicui
1730 1983 1883 2033 corpori
1912 1983 2020 2033 quod
2039 1983 2301 2033 compositum
2327 1983 2450 2032 magis
2478 1983 2525 2021 sit
2551 1984 2657 2035 aliud

1589 2049 1711 2086 quam
1745 2049 1866 2086 aqua;
1896 2036 1993 2074 sicut
2025 2037 2163 2074 lutunr
2178 2037 2300 2086 magis
2320 2044 2379 2074 est
2405 2039 2506 2075 terra
2537 2048 2655 2087 quam

1590 2102 1713 2139 aqua,
1743 2097 1779 2127 et
1815 2088 1952 2133 vinum
1989 2090 2235 2139 lymphatum
2271 2089 2392 2138 magis
2429 2098 2486 2128 est
2519 2090 2659 2129 vinum

1591 2154 1708 2192 quam
1739 2154 1852 2192 aqua.
2579 2160 2652 2193 ,ηιμ

1645 2195 1723 2233 Sed
1741 2195 2009 2233 transmutatio
2035 2207 2136 2245 quae
2154 2195 2199 2232 fit
2216 2208 2239 2233 a
2257 2203 2404 2244 natura,
2420 2196 2659 2246 quandoque

1592 2248 1753 2298 quidem
1781 2248 1950 2298 speciem
1969 2261 2094 2298 aquae
2122 2249 2254 2287 solvit:
2284 2256 2322 2286 et
2343 2250 2419 2286 hoc
2436 2249 2481 2286 fit
2498 2249 2658 2299 quando

1593 2314 1696 2352 aqua
1730 2301 1893 2339 efficitur
1915 2307 1931 2331 Υ
1958 2314 2029 2351 per
2064 2309 2240 2340 naturam
2278 2302 2328 2340 de
2355 2302 2567 2341 substantia
2590 2302 2659 2341 -ali-

1593 2355 1704 2392 cuius
1732 2354 1905 2404 corporis
1933 2354 2061 2401 mixti;
2090 2354 2187 2392 sicut
2214 2367 2318 2404 aqua
2344 2367 2533 2393 conversa
2558 2355 2601 2395 in
2618 2355 2660 2394 li-

1593 2420 1760 2457 quorem
1788 2420 1888 2445 uvae
1921 2414 1978 2444 est
2004 2407 2162 2455 vinum,
2191 2408 2296 2445 unde
2323 2420 2406 2446 non
2433 2409 2549 2446 habet
2575 2419 2662 2459 spe-

1594 2460 1695 2498 ciem
1731 2473 1867 2510 aquae.
1901 2460 2123 2510 Aliquando
2150 2469 2281 2499 autem
2314 2461 2359 2498 fit
2385 2474 2455 2511 per
2482 2469 2681 2502 naturam*

1594 2513 1861 2551 transmutatio
1882 2526 2006 2563 aquae
2026 2513 2107 2551 sine
2125 2513 2317 2551 solutione
2337 2514 2500 2564 speciei:
2530 2519 2568 2552 'et
2585 2515 2664 2553 hoc

1594 2575 1673 2604 tam
1702 2579 1772 2616 per
1799 2566 2075 2613 alterationem,
2103 2566 2201 2605 sicut
2227 2575 2331 2617 patet
2350 2568 2407 2605 'de
2435 2580 2538 2618 aqua
2567 2568 2663 2607 cale-

1595 2620 1692 2657 facta
1719 2633 1742 2657 a
1770 2621 1870 2667 sole;
1905 2632 2025 2670 quam
2053 2619 2169 2658 etiam
2196 2632 2266 2670 per
2293 2620 2539 2668 mixtionem,
2566 2620 2664 2659 sicut

1596 2681 1699 2723 patet
1727 2673 1774 2710 de
1807 2685 1910 2722 aqua
1941 2672 2114 2711 fluminis
2145 2673 2299 2711 turbida
2334 2686 2382 2711 ex
2408 2673 2663 2724 permixtione

1596 2726 1831 2764 terrestrium
1850 2726 2029 2776 partium.
2052 2726 2116 2764 Sic
2133 2726 2247 2775 igitur
2259 2726 2471 2765 dicendum
2485 2734 2542 2764 est
2555 2726 2664 2776 qu'od

1597 2779 1637 2816 in
1670 2779 1839 2829 qualibet
1875 2792 1994 2829 aqua,
2024 2779 2357 2830 qualitercumque
2391 2785 2662 2826 transmutata,

1598 2833 1817 2870 dummodo
1855 2845 1936 2870 non
1970 2834 2142 2870 solvatur
2177 2832 2324 2883 species
2359 2845 2503 2882 aquae,
2539 2839 2665 2882 potest

1597 2885 1681 2923 fieri
1708 2886 1933 2936 baptismus,
1965 2885 2006 2924 Si
2024 2893 2155 2924 autem
2174 2887 2344 2924 solvatur
2361 2885 2507 2936 species
2525 2897 2662 2935 aquae,

1598 2952 1679 2977 non
1707 2947 1832 2989 potest
1859 2938 1944 2976 fieri
1971 2939 2197 2988 baptismus.

1651 2994 1708 3030 AD
1744 3005 1879 3030 PRIMUM
1909 3004 2008 3030 ERGO
2043 3004 2225 3030 meannum
2257 2991 2366 3041 quod
2397 2991 2663 3029 transmutatio

1598 3047 1695 3084 facta
1722 3045 1762 3083 in
1791 3057 1893 3095 aqua
1911 3044 2039 3091 maris,
2060 3051 2096 3082 et
2123 3044 2164 3082 in
2183 3043 2263 3082 aliis
2283 3044 2393 3094 aquis
2417 3056 2517 3094 quae
2544 3055 2664 3094 penes

1599 3112 1671 3137 nos
1708 3106 1797 3135 sunt
1815 3096 1846 3144 ὅ,
1875 3109 1957 3135 non
1985 3105 2040 3135 est
2073 3104 2177 3135 tanta
2211 3109 2310 3147 quae
2339 3098 2462 3135 solvat
2496 3097 2665 3147 speciem

1600 3163 1736 3201 aquae.
1773 3151 1822 3188 Et
1850 3150 1938 3188 ideo
1958 3149 1998 3188 in
2025 3149 2253 3188 huiusmodi
2284 3149 2394 3200 aquis
2428 3157 2554 3200 potest
2580 3150 2666 3189 fieri

1598 3203 1824 3254 baptismus.

1655 3334 1681 3368 δ)
1696 3342 1779 3367 penes
1798 3342 1846 3360 nos
1863 3338 1935 3360 sunt.
1946 3348 1966 3354 —
1977 3334 2037 3359 FsG
2056 3339 2082 3359 et
2094 3334 2219 3360 editiones
2238 3333 2248 3367 (
2256 3335 2287 3361 cf.
2302 3335 2327 3359 in
2346 3340 2499 3368 argumento
2512 3343 2580 3369 quae
2592 3336 2666 3369 apud

1603 3378 1650 3395 nos
1669 3370 1734 3405 est);
1752 3374 1816 3396 sunt
1836 3370 1935 3403 species
1953 3377 2039 3403 aquae
2058 3370 2100 3396 ed.
2117 3377 2149 3401 a,
2168 3371 2267 3403 species
2291 3374 2354 3396 sunt
2378 3371 2464 3396 ceteri.
2483 3385 2502 3390 -
2526 3372 2576 3397 Pro
2598 3378 2668 3405 quae

1603 3406 1697 3436 solvat,
1718 3406 1789 3439 quod
1806 3406 1894 3431 solvat
1911 3406 1986 3430 tertia
2004 3411 2029 3430 et
2047 3413 2074 3431 a.
