2878 4088
391 196 464 222 212
881 184 1145 231 QUAESTIO
1175 184 1256 231 XC,
1278 180 1571 220 ARTICULUS
1599 182 1645 217 III
1665 203 1690 207 —
1711 181 1976 227 QUAESTIO
2005 181 2091 218 XCI

148 268 158 278 ·
171 267 237 288 Vers·
253 272 287 288 22·
389 265 616 300 communicat,
633 263 812 295 secundum
827 264 917 304 quod
940 264 1054 294 dicitur
1070 264 1156 294 loan.
1173 273 1237 294 xvn
1251 264 1284 299 *,
1312 261 1452 292 Clarita-
1509 258 1599 299 quod
1622 260 1756 290 essentia
1779 259 1983 290 beatitudinis
2001 260 2035 290 in
2058 260 2120 290 Dei
2142 261 2265 291 visione
2281 263 2434 293 consistit.
2459 262 2522 293 Sed
2538 262 2577 293 de

386 315 446 341 tem
470 319 565 350 quam
589 308 703 339 dedisti
725 308 820 344 mihi,
846 308 919 339 dedi
942 309 996 339 eis.
1033 308 1219 340 Secundum
1251 307 1314 337 hoc
1345 311 1452 335 autem
1507 303 1631 333 ratione
1647 302 1850 334 beatitudinis
1866 309 1914 334 est
1926 303 2090 343 gaudium.
2111 304 2197 344 Ergo
2214 304 2360 336 divinitas
2375 306 2443 337 sine
2457 306 2576 347 gaudio

386 360 560 394 utrumque
590 353 742 383 convenit
772 353 800 383 ei
832 352 923 393 quod
953 362 1029 383 cum
1061 358 1201 392 utroque
1234 350 1452 381 communicat
1507 347 1607 378 videri
1630 357 1698 378 non
1720 348 1848 388 poterit.

386 404 617 429 extremorum:
642 397 835 438 inquantum
859 398 946 428 enim
962 407 1038 428 cum
1061 397 1246 427 horninibus
1270 393 1452 424 communi·
1564 401 1593 422 2.
1618 391 1815 428 Paternum,
1840 392 1908 432 ipsa
1924 393 2059 422 essentia
2083 391 2254 423 divinitatis
2277 399 2326 424 est
2340 395 2474 424 essentia
2496 395 2576 425 veri-

386 449 445 479 cat‚
465 443 549 472 vices
573 442 744 472 hominum
767 442 848 482 gerit
877 441 963 482 apud
985 442 1128 477 Patrem;
1159 441 1351 479 inquantum
1374 446 1450 467 vero
1474 443 1484 463 5
1507 435 1588 466 tatis.
1613 435 1676 466 Sed
1704 436 1882 476 unicuique
1914 442 1961 467 est
1993 436 2179 467 delectabile
2202 437 2310 468 videre
2339 447 2468 469 verum:
2501 449 2577 470 nam

386 497 461 517 cum
477 487 567 517 Patre
583 487 812 521 communicat.
826 485 911 517 dona
923 486 1021 516 Patris
1037 484 1218 515 transmittit
1237 482 1276 512 ad
1292 482 1449 512 homines.
1507 490 1617 510 omnes
1639 480 1784 510 homines
1801 486 1921 511 natura
1943 481 2028 512 scire
2042 481 2235 517 desiderant,
2252 487 2289 512 ut
2303 481 2419 513 dicitur
2433 483 2467 513 in
2490 484 2577 523 prin-

386 531 471 569 Quia
494 540 570 570 ergo
594 531 627 560 in
650 531 755 570 primo
780 530 920 561 adventu
952 530 991 559 ad
1014 530 1077 559 hoc
1100 529 1186 558 venit
1209 532 1245 556 ut
1274 535 1334 566 pro
1358 525 1451 555 nobis
1506 525 1592 564 cipio
1616 525 1798 565 Metaplgrs.
1815 525 1832 542 ⁴*
1856 525 1942 565 Ergo
1973 525 2120 556 divinitas
2147 526 2216 556 sine
2238 525 2357 566 gaudio
2386 526 2486 557 videri
2508 536 2577 558 non

385 575 576 606 satisfaceret
600 574 687 615 apud
709 575 844 609 Patrem,
862 575 895 604 in
919 573 1022 604 forma
1037 578 1164 603 nostrae
1187 570 1377 601 infirmitatis
1396 578 1451 609 ap-
1505 574 1622 609 potest.

385 620 498 660 paruit.
532 619 618 658 Quia
640 629 717 649 vero
740 620 774 649 in
797 617 939 649 secundo
970 617 1109 647 adventu
1133 615 1172 646 ad
1199 616 1263 645 hoc
1286 614 1392 644 veniet
1415 618 1451 643 ut
1562 613 1592 643 3.
1616 613 1813 650 Pium-nana,
1831 614 1858 644 si
1881 614 1989 654 aliqua
2016 614 2097 644 visio
2120 623 2189 644 non
2215 623 2342 654 semper
2365 620 2413 645 est
2439 613 2576 646 delecta-

385 665 536 695 iustitiam
551 664 650 694 Patris
664 664 698 694 in
714 664 860 693 homines
877 666 1060 701 exequatur,
1076 661 1211 701 gloriam
1233 658 1451 689 demonstrare
1466 668 1492 683 ιο
1505 657 1586 694 bilis,
1604 658 1762 698 contingit
1785 667 1856 689 eam
1880 657 2077 698 quandoque
2097 667 2168 689 esse
2189 659 2384 690 tristabilem.
2409 659 2472 690 Sed
2494 660 2575 690 visio

386 708 513 739 debebit
536 717 618 749 quae
634 708 716 738 inest
740 708 768 737 ei
792 717 829 737 ex
846 706 1078 736 communione
1096 704 1136 735 ad
1159 704 1294 734 Patrem.
1319 702 1361 733 Et
1375 702 1449 733 ideo
1504 702 1698 732 intellectiva
1729 712 1899 743 nunquam
1923 707 1970 733 est
1993 703 2232 733 contristabitis:
2265 704 2340 743 quia
2370 703 2576 735 delectationi

384 754 418 783 in
442 752 544 783 forma
567 752 705 793 gloriosa
728 751 899 791 apparebit.
1505 756 1588 787 quae
1615 752 1662 777 est
1689 747 1721 777 in
1746 747 1957 788 intelligendo
1989 756 2054 777 non
2082 747 2257 787 opponitur
2287 748 2398 789 aliqua
2429 748 2574 785 tristitia,

440 798 490 827 An
515 807 630 827 PR1MUM
646 805 728 826 aneo
753 804 911 825 memnum
928 793 1018 833 quod
1040 794 1074 824 in
1099 792 1211 824 eadem
1235 801 1329 823 carne
1353 800 1450 832 appa·
1505 796 1541 821 ut
1556 790 1632 821 dicit
1647 791 1863 832 Philosophus
1879 793 1904 822 *.
1931 791 2018 823 Cum
2036 801 2112 831 ergo
2132 791 2278 822 divinitas
2293 793 2394 823 videri
2408 802 2477 823 non
2499 802 2575 833 pos-

385 842 474 878 rebit,
491 841 546 872 sed
568 850 635 871 non
659 840 800 870 similiter
823 848 856 869 se
879 838 1025 868 habente.
1505 835 1544 865 sit
1566 836 1627 866 nisi
1645 845 1703 876 per
1718 836 1928 873 intellectum,
1945 836 2070 867 videtur
2094 836 2185 876 quod
2207 836 2354 867 divinitas
2369 837 2437 868 sine
2455 837 2574 877 gaudio

439 886 489 916 An
514 894 676 915 saermntm
699 893 858 913 memnon
882 882 973 922 quod
1002 883 1130 922 signum
1154 882 1257 912 crucis
1286 880 1450 921 apparebit
1466 890 1488 910 ις
1504 879 1604 910 videri
1626 890 1693 910 non
1718 881 1828 921 possit.

384 931 416 960 in
440 929 569 964 iudicio,
587 938 654 959 non
670 927 710 958 ad
733 927 887 958 indicium
903 932 981 957 tunc
1000 927 1161 957 existentis
1176 925 1377 961 infirmitatis,
1394 924 1450 955 sed
1560 924 1750 955 Rnsponmzo
1783 935 1944 955 memntm
1976 924 2066 965 quod
2093 926 2127 956 in
2160 925 2305 965 quolibet
2333 925 2498 966 appetibili
2523 925 2575 956 vel

384 974 583 1014 praeteritae:
609 978 645 1002 ut
667 981 724 1012 per
746 972 810 1002 hoc
833 972 946 1001 iustior
970 980 1083 1001 eorum
1099 969 1327 1001 condemnatio
1352 978 1450 1009 appa·
1505 968 1684 999 delectabili
1707 969 1773 999 duo
1789 975 1926 1009 possunt
1949 969 2158 1000 considerari:
2183 969 2303 1001 scilicet
2317 969 2351 1001 id
2371 969 2462 1010 quod
2476 979 2575 1010 appe-

383 1024 448 1048 reat
464 1018 519 1057 qui
535 1022 655 1047 tantam
678 1015 928 1046 misericordiam
944 1015 1162 1055 neglexerunt,
1180 1020 1211 1045 et
1230 1023 1344 1044 eorum
1360 1022 1450 1053 prae·
1505 1013 1591 1048 titur,
1608 1013 1659 1043 vel
1675 1013 1766 1052 quod
1789 1019 1836 1044 est
1859 1013 2065 1051 delectabile;
2089 1019 2122 1045 et
2139 1013 2172 1044 id
2195 1013 2286 1054 quod
2302 1020 2349 1045 est
2371 1015 2452 1045 ratio
2475 1023 2575 1055 appe-

384 1063 477 1102 cipue
501 1062 556 1101 qui
580 1060 743 1091 Christum
766 1061 883 1090 iniuste
906 1060 1066 1100 persecuti
1089 1064 1172 1090 sunt.
1199 1058 1370 1089 Cicatrices
1394 1067 1450 1087 au-
1505 1057 1657 1087 tibilitatis
1673 1057 1723 1087 vel
1740 1057 1991 1088 delectabilitatis
2005 1058 2040 1088 in
2055 1059 2138 1098 ipso.
2155 1058 2245 1089 Sicut
2261 1064 2379 1095 autem,
2395 1058 2575 1090 secundum

383 1112 448 1137 tem
471 1115 554 1145 quae
577 1106 610 1135 in
634 1106 701 1135 eius
721 1114 857 1144 corpore
880 1104 1089 1144 apparebunt,
1105 1113 1174 1134 non
1189 1102 1396 1143 pertinebunt
1411 1100 1451 1132 ad
1465 1109 1492 1124 ²0
1505 1101 1667 1137 Boetiurn,
1684 1101 1718 1131 in
1741 1101 1823 1132 libro
1847 1101 1886 1132 de
1900 1101 2164 1133 Hebdomadibus
2179 1103 2206 1139 ⁹,
2223 1102 2257 1133 id
2278 1103 2365 1143 quod
2387 1108 2434 1134 est
2458 1103 2576 1134 habere

383 1151 522 1190 aliquam
544 1148 778 1185 infirmitatem,
805 1148 861 1179 sed
885 1154 978 1179 erunt
1000 1148 1118 1179 indicia
1146 1148 1305 1179 maximae
1327 1146 1450 1177 virtutis
1505 1145 1630 1185 aliquid
1647 1150 1879 1186 praeterquam
1902 1146 1989 1186 quod
2012 1147 2116 1187 ipsum
2139 1151 2203 1183 est,
2220 1152 2348 1187 potest‚'
2371 1147 2474 1188 ipsum
2498 1157 2575 1179 vero

383 1204 446 1235 qua
469 1194 614 1225 Christus
629 1203 686 1234 per
701 1194 858 1234 passionis
881 1192 1099 1224 infirmitatem
1116 1192 1156 1223 de
1174 1192 1319 1223 hostibus
1338 1191 1451 1221 trium-
1506 1199 1573 1220 esse
1596 1189 1678 1220 nihil
1700 1190 1792 1220 aliud
1809 1195 1944 1230 praeter
1966 1200 2000 1221 se
2022 1191 2116 1221 habet
2137 1191 2337 1222 admixtum:
2363 1192 2408 1222 ita
2429 1191 2463 1222 id
2486 1191 2577 1232 quod

382 1239 499 1279 phavit.
520 1239 839 1278 Exprobratissimam
855 1238 951 1268 etiarn
966 1243 1106 1268 mortem
1122 1236 1279 1272 ostendet,
1295 1245 1364 1266 non
1379 1245 1451 1266 sen—
1507 1238 1554 1265 est
1576 1234 1749 1274 appetibile
1772 1234 1824 1265 vel
1851 1234 2039 1265 delectabile
2066 1240 2173 1276 potest
2202 1235 2318 1266 habere
2345 1235 2467 1276 aliquid
2489 1235 2577 1267 aliud

382 1283 511 1313 sibiliter
527 1292 598 1313 eam
615 1283 717 1313 oculis
732 1283 889 1322 ingerens,
906 1292 942 1313 ac
966 1283 992 1312 si
1011 1288 1089 1313 tunc
1105 1291 1174 1312 eam
1192 1286 1370 1321 pateretur:
1395 1279 1451 1310 sed
1506 1277 1684 1309 admixtum
1706 1278 1793 1310 unde
1816 1286 1884 1309 non
1907 1280 1947 1309 sit
1970 1279 2156 1310 delectabile
2178 1279 2229 1310 vel
2252 1280 2442 1320 appetibile;
2465 1279 2522 1311 sed
2543 1279 2577 1312 id

383 1337 420 1358 ex
432 1328 480 1357 his
493 1337 576 1367 quae
588 1328 797 1367 apparebunt,
811 1327 932 1357 scilicet
943 1326 1068 1357 indiciis
1083 1327 1271 1367 praeteritae
1282 1325 1450 1365 passionis,
1465 1334 1490 1355 25
1506 1322 1597 1364 quod
1627 1328 1674 1353 est
1701 1324 1781 1354 ratio
1805 1322 2056 1354 delectabilitatis
2084 1324 2164 1355 nihil
2186 1324 2282 1355 habet
2305 1324 2501 1361 admixtum,
2524 1324 2576 1356 vel

381 1372 528 1402 homines
551 1372 584 1402 in
608 1372 871 1411 recogitationem
894 1372 1081 1412 praeteritae
1104 1371 1216 1402 mortis
1240 1369 1386 1400 adducet.
1505 1367 1622 1398 habere
1645 1373 1762 1407 potest,
1779 1373 1911 1408 propter
1934 1368 2025 1408 quod
2040 1378 2108 1399 non
2131 1369 2171 1399 sit
2194 1367 2388 1400 delectabilis
2403 1369 2455 1400 vel
2478 1378 2578 1410 appe-

437 1417 487 1447 An
511 1426 646 1446 rnatum
664 1425 824 1446 memnon
841 1415 931 1456 quod
957 1425 1075 1456 corpus
1098 1416 1277 1456 gloriosum
1299 1414 1395 1445 habet
1418 1414 1451 1444 in
1505 1412 1612 1442 tibilis.
1636 1412 1700 1442 Res
1722 1412 1819 1452 igitur
1841 1421 1925 1453 quae
1948 1418 2023 1443 sunt
2046 1412 2249 1444 delectabiles
2271 1422 2329 1453 per
2360 1412 2577 1454 participatioss

381 1466 538 1501 potestate
561 1470 619 1491 sua
637 1466 673 1491 ut
695 1470 729 1491 se
752 1459 948 1491 demonstret
966 1460 1017 1491 vel
1041 1470 1106 1491 non
1132 1460 1329 1490 demonstret
1352 1458 1450 1489 oculo
1505 1466 1582 1487 nem
1605 1457 1766 1493 bonitatis,
1783 1466 1867 1497 quae
1890 1462 1938 1488 est
1959 1458 2040 1488 ratio
2064 1457 2301 1498 appetibilitatis
2324 1462 2356 1488 et
2383 1457 2577 1489 delectabili-

146 1511 354 1538 ·Qu.1.xxxv,m.
381 1515 448 1535 non
471 1505 630 1545 glorioso:
656 1510 692 1536 ut
714 1510 801 1545 patet
820 1515 857 1535 ex
880 1505 929 1535 his
953 1514 1036 1545 quae
1059 1504 1143 1535 dicta
1165 1509 1239 1535 sunt
1254 1505 1281 1534 ὓ.
1313 1503 1354 1534 Et
1376 1501 1450 1533 ideo
1505 1502 1587 1537 tatiS‚
1604 1506 1741 1541 possunt
1765 1502 1982 1542 apprehensae
1997 1511 2066 1532 non
2089 1501 2262 1533 delectare:
2287 1501 2344 1533 sed
2362 1502 2396 1533 id
2415 1501 2505 1543 quod
2519 1512 2578 1543 per

143 1543 164 1564 ²'
179 1538 207 1559 ³⁶
222 1544 241 1566 ³·
381 1550 414 1580 in
437 1549 540 1580 forma
562 1550 702 1590 gloriosa
726 1549 870 1580 Christus
893 1551 932 1580 ab
957 1550 1108 1580 omnibus
1131 1549 1249 1589 poterit
1271 1547 1381 1579 videri.
1467 1556 1492 1577 3⁰
1506 1546 1676 1576 essentiam
1688 1555 1780 1576 suam
1796 1551 1844 1576 est
1859 1546 1994 1583 bonitas,
2007 1546 2206 1587 impossibile
2222 1551 2269 1577 est
2281 1546 2371 1587 quod
2386 1547 2454 1578 eius
2471 1555 2577 1578 essen-

435 1595 486 1624 An
512 1604 659 1624 unaarum
682 1604 842 1624 memnrm
858 1593 957 1634 quod,
974 1595 1057 1624 sicut
1072 1594 1167 1624 amici
1187 1593 1287 1634 gloria
1304 1598 1350 1624 est
1366 1591 1451 1623 dele·
1505 1591 1549 1620 tia
1571 1590 1770 1631 apprehensa
1791 1600 1860 1621 non
1876 1590 2020 1621 delectet.
2045 1590 2150 1628 Unde,
2167 1600 2244 1622 cum
2266 1591 2355 1622 Deus
2371 1591 2577 1623 essentialiter

383 1639 513 1675 ctabilis,
526 1639 569 1669 ita
583 1639 684 1678 gloria
700 1643 730 1668 et
746 1643 885 1678 potestas
902 1639 970 1669 eius
987 1639 1044 1678 qui
1060 1638 1136 1669 odio
1152 1638 1296 1674 habetur,
1312 1637 1451 1667 maxime
1505 1635 1545 1665 sit
1567 1635 1637 1675 ipsa
1659 1635 1795 1671 bonitas,
1811 1644 1880 1666 non
1902 1640 2009 1675 potest
2031 1636 2100 1666 sine
2123 1632 2250 1676 gaudio'
2265 1635 2376 1666 videri.

384 1684 555 1713 contristat.
592 1683 633 1713 Et
651 1682 735 1719 ideo,
753 1683 835 1713 sicut
857 1683 937 1713 visio
961 1683 1081 1723 gloriae
1104 1682 1310 1713 humanitatis
1334 1680 1452 1712 Christi
1560 1679 1611 1710 An
1635 1689 1752 1709 PRIMUM
1767 1689 1851 1710 nano
1875 1689 2035 1710 mcmntm
2051 1679 2141 1720 quod
2163 1680 2255 1720 impii
2270 1679 2439 1711 manifeste
2454 1689 2576 1720 cogno-

384 1728 441 1758 erit
464 1727 554 1758 iustis
572 1728 606 1757 in
629 1728 818 1767 praemium,
835 1727 879 1758 ita
897 1728 1034 1758 inimicis
1059 1727 1176 1758 Christi
1200 1727 1257 1757 erit
1271 1727 1306 1757 in
1329 1725 1451 1766 suppli-
1505 1729 1596 1754 scent
1611 1723 1776 1754 Christum
1791 1733 1860 1754 esse
1884 1724 2001 1760 Deum,
2017 1733 2086 1755 non
2100 1733 2158 1764 per
2181 1725 2246 1755 hoc
2268 1724 2359 1765 quod
2379 1723 2577 1756 divinitatem

144 1774 154 1784 “
171 1772 239 1794 Vers·
257 1779 288 1794 ¹¹·
384 1772 480 1802 cium.
505 1771 599 1803 Unde
615 1772 712 1802 Isaiae
727 1781 800 1801 xxvr
815 1772 847 1801 *:
878 1771 1013 1802 Videant
1031 1777 1062 1802 et
1081 1771 1328 1812 confundantur
1343 1770 1451 1810 zelan-
1467 1778 1490 1799 ις
1506 1768 1575 1798 eius
1597 1767 1737 1804 videant,
1753 1767 1809 1798 sed
1831 1773 1963 1808 propter
1985 1767 2243 1800 manifestissima
2258 1768 2430 1799 divinitatis
2448 1768 2576 1800 indicia.

145 1817 356 1839 ·Gloss.1merlin.
384 1821 429 1847 tes
445 1816 571 1856 populi,
589 1821 619 1846 et
643 1816 739 1857 ignis,
756 1816 875 1846 scilicet
895 1815 1033 1846 invidiae
1048 1816 1075 1852 *,
1091 1816 1198 1846 hostes
1214 1820 1287 1846 tuos
1309 1815 1450 1846 devoret.
1561 1812 1612 1842 An
1628 1822 1791 1842 snetmnmi
1803 1822 1962 1843 mcmmm
1978 1812 2068 1853 quod
2079 1812 2278 1844 divinitatem
2289 1812 2470 1844 secundum
2485 1813 2577 1853 quod

438 1861 489 1890 An
514 1870 654 1890 numi-tm
672 1870 832 1890 memnon
855 1859 945 1900 quod
961 1860 1065 1891 forma
1083 1861 1238 1900 accipitur
1253 1860 1297 1890 ibi
1320 1868 1379 1899 pro
1395 1868 1451 1890 na·
1507 1861 1554 1887 est
1568 1857 1602 1886 in
1618 1865 1662 1892 se,
1674 1856 1783 1887 nullus
1798 1862 1906 1897 POteSt.
1921 1856 1998 1887 OdiO
2014 1857 2147 1888 habere:
2165 1858 2248 1888 Sicut
2262 1867 2323 1888 nec
2339 1857 2454 1898 aliquis
2468 1863 2577 1898 potsst

383 1910 454 1935 tura
476 1905 626 1941 humana,
643 1905 676 1934 in
693 1914 756 1944 qua
779 1904 937 1935 iudicatus
952 1910 1000 1935 est
1023 1910 1054 1935 et
1078 1905 1173 1935 etiam
1191 1904 1359 1935 iudicabit:
1383 1912 1452 1934 non
1506 1900 1584 1931 odio
1599 1901 1716 1931 habere
1739 1901 1842 1942 ipsam
1865 1901 2052 1932 bonitatem.
2078 1901 2142 1932 Sed
2157 1907 2315 1942 quantum
2331 1901 2372 1932 ad
2387 1901 2514 1942 aliquos
2528 1901 2576 1933 di·

384 1954 491 1979 autem
514 1959 574 1989 pro
591 1949 741 1989 qualitate
765 1954 906 1985 naturae,
924 1958 1007 1989 quae
1022 1959 1091 1979 non
1114 1949 1173 1979 erit
1188 1948 1302 1979 eadem
1319 1948 1353 1979 in
1369 1947 1451 1978 iudi·
1506 1945 1645 1975 vinitatis
1665 1944 1798 1976 effectus
1822 1945 1937 1976 dicitur
1952 1946 2167 1986 ab-aliquibus
2191 1946 2268 1977 odio
2291 1946 2414 1978 haberi:
2438 1947 2576 1987 inquan-

352 2025 357 2030 ,
385 1998 486 2029 cante,
503 1993 622 2024 scilicet
645 1992 780 2029 infirma,
798 2002 882 2033 quae
904 1993 937 2023 in
961 1992 1101 2023 iudicato
1125 1993 1195 2024 fuit.
1465 1999 1492 2020 4Ω
1505 1994 1576 2020 tum
1592 1989 1713 2020 scilicet
1735 1989 1856 2030 aliquid
1872 1990 1935 2030 agit
1950 1990 2002 2020 vel
2016 1991 2172 2031 praecipit
2195 1990 2287 2031 quod
2309 1996 2356 2021 est
2379 1991 2576 2022 contrarium

1505 2033 1673 2064 voluntati.
1702 2034 1743 2064 Et
1766 2033 1839 2064 ideo
1863 2034 1944 2064 visio
1973 2034 2143 2065 divinitatis
2170 2035 2250 2066 nulli
2278 2039 2385 2075 potest
2413 2044 2482 2066 esse
2506 2045 2576 2067 non

481 2069 580 2099 ART.
605 2068 656 2099 III.
681 2078 786 2099 UTRUM
809 2078 964 2099 mvmrus
988 2079 1007 2098 A
1031 2078 1121 2099 mus
1145 2078 1212 2099 snm
1237 2077 1354 2099 oaumo
1506 2077 1710 2108 delectabilis,

796 2123 901 2143 VIDERI
931 2122 1034 2143 POSSIT
1560 2122 1612 2152 An
1636 2131 1771 2152 rnna-nm
1787 2132 1947 2152 memnon
1963 2121 2053 2163 quod
2075 2123 2210 2154 verbum
2226 2123 2397 2163 Augustini
2421 2128 2468 2154 est
2482 2123 2575 2155 intel-

726 2163 851 2191 Compend-
868 2163 959 2190 Theolu
975 2169 1025 2191 cap·
1041 2169 1107 2185 cuv-
1505 2165 1671 2207 ligendum
1690 2166 1825 2206 -quando
1848 2166 1882 2197 id
1904 2166 1995 2207 quod
2025 2167 2274 2207 apprehenditur
2295 2177 2354 2208 per
2375 2167 2575 2200 intellectum

448 2225 467 2245 n
492 2225 626 2245 ram-nm
658 2225 704 2245 sxc
738 2225 942 2245 pnoeamrun.
971 2214 1106 2245 Videtur
1136 2214 1226 2254 quod
1258 2213 1405 2244 divinitas
1433 2224 1451 2244 a
1465 2221 1489 2242 ⁴5
1505 2210 1750 2251 praecedentem
1774 2216 1821 2242 est
1844 2211 1969 2242 bonum
1992 2221 2049 2252 per
2071 2212 2350 2252 participationem
2373 2217 2406 2243 et
2427 2221 2496 2243 non
2518 2221 2576 2253 per

447 2260 538 2290 malis
569 2260 636 2290 sine
666 2259 784 2299 gaudio
816 2259 915 2290 viden'
939 2259 1048 2299 possit.
1084 2258 1219 2289 Constat
1243 2259 1330 2289 enim
1361 2258 1451 2299 quod
1506 2256 1684 2291 essentiam,
1701 2256 1784 2286 sicut
1806 2260 1881 2286 sunt
1900 2265 2014 2287 omnes
2037 2261 2217 2287 creaturae:
2242 2255 2329 2288 unde
2351 2261 2459 2297 potest
2480 2257 2515 2288 in
2530 2257 2576 2288 eis

383 2305 474 2345 impii
489 2304 744 2334 manifestissime
757 2309 954 2344 cognoscent
966 2303 1130 2334 Christum
1146 2313 1214 2334 esse
1227 2303 1344 2334 Deum.
1364 2303 1450 2343 Ergo
1505 2309 1574 2330 esse
1597 2299 1718 2339 aliquid
1741 2309 1841 2340 quare
1863 2299 1995 2331 affectus
2017 2310 2086 2331 non
2101 2305 2279 2332 moveatur.
2305 2300 2456 2332 Similiter
2479 2301 2575 2333 etiam

384 2348 580 2379 divinitatem
604 2349 671 2379 eius
701 2347 864 2378 videbunt.
898 2348 939 2379 Et
966 2354 1075 2378 tamen
1107 2347 1147 2378 de
1176 2348 1300 2378 visione
1333 2347 1451 2378 Christi
1505 2345 1539 2375 in
1562 2345 1613 2374 via
1645 2344 1733 2375 Deus
1766 2345 1972 2385 cognoscitur
1994 2354 2052 2385 per
2075 2344 2225 2382 effectus,
2250 2351 2282 2376 et
2303 2346 2484 2377 intellectus
2506 2354 2576 2377 non

383 2403 451 2424 non
473 2392 667 2433 gaudebunt.
692 2393 778 2432 Ergo
803 2392 949 2423 divinitas
972 2393 1040 2423 sine
1063 2392 1181 2431 gaudio
1202 2391 1301 2423 videri
1323 2393 1449 2432 poterit.
1506 2389 1630 2429 attingit
1645 2388 1685 2419 ad
1706 2389 1810 2429 ipsam
1827 2390 1997 2420 essentiam
2012 2389 2162 2420 bonitatis
2177 2390 2256 2421 eius.
2280 2389 2375 2421 Unde
2393 2399 2462 2420 non
2477 2399 2576 2430 opor·

439 2447 469 2468 2.
489 2438 691 2473 Prummu,
708 2437 856 2467 voluntas
879 2437 1055 2477 impiorum
1085 2446 1233 2476 perversa
1255 2446 1323 2467 non
1351 2437 1451 2476 magis
1466 2442 1492 2463 5⁰
1505 2438 1551 2464 tet
1574 2432 1664 2473 quod
1687 2433 1818 2464 affectus
1842 2433 2041 2465 intellectum
2063 2439 2224 2474 sequatur,
2241 2435 2324 2466 sicut
2347 2439 2534 2475 sequeretur
2548 2434 2575 2466 si

384 2481 564 2513 adversatur
579 2482 769 2512 humanitati
785 2480 903 2512 Christi
920 2490 1018 2521 quam
1035 2481 1103 2511 eius
1120 2480 1284 2512 divinitati.
1309 2480 1373 2512 Sed
1387 2481 1451 2511 hoc
1506 2478 1675 2508 essentiam
1698 2478 1767 2508 eius
1789 2477 1919 2515 videret,
1937 2487 2020 2518 quae
2044 2483 2091 2509 est
2113 2479 2182 2518 ipsa
2204 2478 2341 2509 bonitas.

385 2526 474 2567 quod
496 2525 651 2556 videbunt
673 2525 807 2565 gloriam
831 2525 1046 2561 humanitatis,
1065 2525 1156 2556 cedet
1175 2526 1220 2556 eis
1242 2526 1276 2556 in
1299 2535 1450 2566 poenam,
1560 2522 1612 2552 An
1630 2532 1778 2552 omarum
1793 2532 1953 2553 mcmntm
1969 2522 2060 2563 quod
2074 2523 2197 2554 tn'stitia
2219 2532 2287 2554 non
2305 2523 2452 2554 nominat
2467 2522 2575 2564 dispo·

146 2574 221 2626 {dAss’
242 2572 357 2600 praeced..
384 2576 419 2601 ut
435 2570 561 2621 djctum·
569 2576 615 2600 est
626 2571 653 2600 *,
670 2570 755 2620 Efgo
772 2570 876 2600 multo
893 2569 1016 2606 fortius,
1029 2570 1055 2600 si
1071 2569 1268 2600 divinitatem
1280 2570 1348 2601 eius
1363 2569 1451 2601 vide-
1505 2567 1666 2617 sinonem,
1683 2566 1739 2597 sed
1754 2567 1855 2618 magis
1870 2568 2063 2618 passionem.
2073 2566 2200 2618 ‘Omnis
2215 2573 2324 2619 autem
2338 2568 2445 2608 passio
2461 2577 2481 2598 a
2495 2577 2574 2598 con-

384 2620 463 2651 tent,
479 2624 579 2654 magis
603 2619 862 2645 contristarentur
886 2623 985 2654 quam
1006 2614 1191 2654 gauderent.
1505 2616 1597 2641 traria
1629 2620 1724 2642 causa
1756 2611 1880 2642 fortiori
1911 2616 2157 2652 supervemente
2187 2611 2328 2648 tollitur,
2352 2617 2384 2643 et
2411 2621 2480 2643 non
2504 2621 2575 2643 eam

441 2659 469 2690 3.
494 2659 690 2694 PRAETERRA‚
709 2667 746 2689 ea
769 2667 852 2699 quae
875 2663 950 2689 sunt
973 2659 1005 2688 in
1022 2657 1139 2689 affectu
1160 2668 1229 2689 non
1252 2658 1292 2689 de
1314 2659 1451 2690 necessi·
1467 2663 1489 2684 55
1505 2655 1597 2686 tollit.
1622 2655 1663 2686 Et
1685 2656 1728 2686 ita
1751 2656 1874 2686 tristitia
1900 2655 2126 2687 damnatorum
2153 2656 2317 2688 tolleretur
2338 2657 2365 2687 si
2388 2656 2496 2687 Deum
2517 2665 2576 2697 per

385 2708 448 2734 tate
471 2708 650 2743 sequuntur
665 2702 706 2733 ad
729 2712 766 2733 ea
789 2712 872 2743 quae
888 2707 963 2733 sunt
985 2703 1018 2733 in
1034 2703 1212 2734 intellectu:
1237 2702 1324 2733 unde
1339 2703 1451 2743 Augu·
1506 2700 1675 2730 essentiam
1698 2699 1851 2731 viderent.

147 2750 359 2780 '1nPsa1m·exv¹¹¹.
384 2748 484 2778 stinus
508 2747 584 2778 dicit
598 2749 631 2777 ἐ
656 2747 824 2778 Praecedit
839 2748 1027 2783 intellectus,
1045 2752 1076 2778 et
1094 2748 1240 2788 sequitur
1259 2747 1372 2778 tardus
1394 2752 1453 2778 aut
1561 2744 1612 2774 AD
1637 2754 1777 2774 omnum
1793 2754 1953 2775 mcmmm
1976 2744 2066 2785 quod
2088 2754 2146 2785 per
2160 2744 2440 2785 indispositionem
2463 2745 2575 2785 organi

146 2783 214 2799 serm.
230 2783 282 2805 ‘⁷¹¹¹’
297 2783 319 2799 ‘¹‘
334 2784 356 2804 ⁴·
385 2791 494 2823 nullus
509 2792 654 2833 affectus.
679 2791 743 2822 Sed
764 2792 845 2822 visio
862 2791 901 2822 ad
921 2791 1120 2822 intellectum
1134 2793 1282 2832 pertinet,
1297 2792 1451 2832 gaudium
1506 2788 1628 2819 tollitur
1642 2789 1811 2830 proportio
1827 2789 1977 2820 naturalis
1993 2790 2093 2830 ipsius
2116 2789 2227 2830 organi
2241 2788 2283 2820 ad
2304 2789 2469 2820 obiectum
2483 2788 2575 2830 quod

385 2842 491 2867 autem
515 2836 554 2866 ad
578 2835 737 2867 affectum.
763 2836 848 2876 Ergo
868 2837 986 2876 poterit
1009 2846 1078 2867 esse
1093 2836 1264 2868 divinitatis
1287 2837 1367 2868 visio
1383 2837 1452 2867 sine
1505 2838 1618 2863 natum
1642 2838 1689 2864 est
1711 2832 1884 2864 delectare:
1910 2839 1942 2864 et
1963 2839 2096 2874 propter
2117 2834 2182 2865 hoc
2205 2832 2373 2865 delectatio
2390 2832 2573 2874 impeditur.

384 2880 512 2921 gaudio.
1465 2884 1493 2904 6ο
1507 2876 1570 2908 Sed
1592 2877 1794 2918 indispositio
1810 2887 1893 2918 quae
1910 2883 1956 2909 est
1979 2879 2013 2909 in
2036 2877 2192 2909 damnatis
2207 2887 2277 2908 non
2298 2877 2383 2909 tollit
2395 2877 2574 2910 manualem

438 2934 469 2964 4.
494 2925 690 2961 PRAETEREA,
708 2934 802 2955 omne
823 2925 910 2966 quod
931 2925 1086 2966 recipitur
1101 2925 1134 2955 in
1159 2925 1281 2966 aliquo,
1297 2925 1452 2966 recipitur
1506 2922 1753 2962 proportionem
1781 2931 1844 2962 qua
1873 2927 1948 2954 sunt
1971 2922 2108 2953 ordinati
2138 2922 2179 2954 ad
2206 2921 2347 2953 divinam
2375 2922 2572 2953 bonitatem:

147 2971 356 3026 {fiefss‘t‘gff'gssss‘
379 2978 441 3009 per
464 2969 592 2999 modum
617 2969 798 3009 recipientis
813 2970 839 3006 ³²,
857 2975 888 3000 et
911 2979 979 3000 non
1002 2979 1060 3010 per
1075 2969 1211 3000 modum
1234 2970 1363 3010 recepti.
1389 2969 1451 3001 Sed
1507 2975 1583 2997 cum
1605 2966 1713 3006 imago
1729 2975 1856 3007 semper
1878 2967 1911 2998 in
1935 2967 1980 3005 eis
1994 2972 2132 2998 maneat·
2156 2967 2199 2998 Et
2217 2966 2292 2998 ideo
2306 2975 2375 2997 non
2397 2971 2445 2996 est
2459 2965 2572 2996 Simile-

147 3025 245 3046 Ariston
386 3023 482 3043 omne
506 3013 596 3053 quod
627 3013 770 3050 videtur,
798 3013 1042 3054 quodammodo
1065 3014 1099 3045 in
1129 3013 1257 3044 vidente
1289 3014 1449 3055 recipitur.
1659 3036 1913 3082 QUAESTIO
1936 3035 2420 3072 NONAGESIMAPRtMA

385 3057 480 3097 Ergo,
507 3058 652 3098 quamvis
675 3058 709 3088 in
732 3067 765 3088 se
797 3057 942 3089 divinitas
965 3059 1004 3088 sit
1027 3057 1317 3095 delectabilissima,
1343 3063 1451 3090 tamen

385 3102 451 3132 visa
474 3102 512 3132 ab
535 3102 596 3132 illis
619 3102 676 3142 qui
699 3107 773 3133 sunt
796 3103 919 3133 tristitia
941 3103 1093 3143 absorpti,
1109 3112 1177 3134 non
1200 3102 1378 3140 delectabit,
1395 3102 1452 3134 sed
1465 3105 1489 3131 65
1523 3090 1568 3115 DE
1589 3090 1788 3121 QUALlTATE
1806 3089 1917 3116 MUNDI
1936 3090 1982 3115 ET
2006 3089 2277 3116 RESURGENTIUM
2295 3088 2384 3114 POST
2402 3088 2555 3114 IUDICIUM

386 3146 485 3186 magis
508 3146 713 3176 connistabit.
1509 3157 1797 3222 constantim-121
1812 3147 1974 3188 agendum
1996 3153 2044 3178 est
2065 3146 2108 3178 de
2121 3146 2272 3187 qualitate
2293 3145 2408 3176 mundi
2423 3151 2455 3176 et
2469 3155 2571 3177 resur-

443 3190 471 3220 5.
496 3190 700 3226 Paanrmm,
725 3191 807 3220 sicut
836 3200 870 3221 se
893 3191 988 3222 habet
1017 3201 1128 3222 sensus
1152 3190 1192 3222 ad
1221 3192 1384 3227 sensibile,
1409 3192 1452 3222 ita
1571 3192 1718 3232 gentium
1739 3197 1814 3232 post
1835 3191 1992 3223 iudicium
2006 3192 2035 3222 ⁴².
2058 3191 2123 3222 Ubi
2142 3190 2257 3231 triplex
2279 3189 2492 3221 consideratio
2515 3199 2571 3221 oc-

386 3234 564 3264 intelleetus
588 3234 628 3264 ad
658 3235 864 3274 intelligibile.
898 3235 962 3266 Sed
984 3236 1026 3266 ita
1053 3241 1100 3266 est
1122 3236 1156 3266 in
1185 3236 1332 3267 sensibus
1361 3235 1452 3275 quod
1506 3236 1620 3267 currit:
1651 3236 1774 3276 prima,
1797 3235 1838 3267 de
1861 3241 1945 3266 statu
1966 3240 1998 3266 et
2021 3235 2173 3275 qualitate
2202 3233 2333 3271 mundi;
2357 3234 2508 3271 secunda,
2531 3234 2572 3266 de

150 3327 160 3336 .
183 3326 285 3354 Censen
321 3326 352 3347 m>
381 3278 584 3352 {igilmAmn
592 3288 693 3353 ⁵3:¹13}
707 3288 818 3353 {2er?
829 3280 1012 3354 sffiflpgnis,
1029 3280 1188 3354 qagigano
1198 3285 1259 3355 igit
1279 3280 1452 3354 suavisssuut
1464 3331 1492 3352 ⁷⁰
1505 3285 1589 3355 &stu
1611 3281 1779 3331 beatorum
1794 3281 1830 3316 *3
1853 3278 2011 3353 tertiatznde
2029 3278 2300 3353 gitgmugialorum
2314 3279 2359 3309 u,

286 3341 292 3348 ·
354 3342 359 3348 ·
734 3333 741 3353 ε
913 3334 924 3354 ι
957 3334 972 3354 r
1004 3334 1041 3354 ae
1140 3334 1175 3354 m
1251 3334 1265 3354 s
1352 3334 1379 3354 si
2152 3344 2161 3353 .

151 3353 201 3379 νη
217 3359 266 3380 ⁰³⁹·
282 3358 330 3374 ¹'¹'
387 3365 484 3405 Ergo,
500 3332 590 3397 cuugu
591 3366 731 3397 damnati
746 3367 883 3397 habeant
898 3334 1096 3399 intellecttciln
1111 3334 1352 3408 ἰηάίεροείῒιῖιῗ
1363 3333 1451 3399 vidg-
1560 3331 2145 3398 {triffiffimdfflussfflatioqmussdi
2167 3367 2208 3397 sit
2229 3365 2346 3397 futura.

387 3415 438 3439 tur
461 3410 551 3449 quod
579 3411 659 3440 visio
689 3411 770 3441 lucis
801 3411 959 3442 increatae
980 3413 1080 3452 magis
1112 3411 1220 3443 afferat
1243 3413 1288 3443 eis
1309 3421 1451 3452 poenam
1560 3411 1728 3443 Secundo:
1753 3416 1862 3442 utrum
1884 3415 1993 3441 motus
2015 3419 2190 3450 corporum
2214 3411 2399 3442 caelestium
2426 3411 2569 3442 cessabit.

389 3462 487 3492 quam
509 3453 673 3493 gaudium.
1560 3455 1690 3486 Tertio:
1714 3460 1823 3485 utrum
1846 3463 1983 3494 corpora
2005 3455 2151 3486 caelestia
2173 3460 2251 3486 tunc
2273 3456 2374 3496 magis
2397 3454 2548 3496 fulgeant.

151 3503 160 3512 ·
176 3501 242 3523 Ver..
257 3506 277 3529 3·
443 3496 506 3528 San
523 3507 645 3528 CONTRA
661 3503 708 3528 est
731 3498 820 3538 quod
843 3498 958 3529 dicitur
975 3499 1064 3530 Ioan.
1079 3509 1143 3530 xvu
1157 3500 1190 3529 ⁴':
1215 3499 1309 3530 Haec
1323 3505 1371 3531 est
1385 3500 1452 3531 vita
1560 3499 1684 3536 Quarto
1698 3509 1705 3529 :
1729 3503 1839 3529 utrum
1858 3498 2015 3529 elementa
2037 3499 2194 3530 maiorem
2209 3499 2384 3531 claritatem
2406 3500 2570 3540 recipient.

389 3545 540 3576 aeterna,
565 3546 600 3572 ut
622 3547 822 3583 cognoscant
844 3547 893 3578 te,
917 3552 1027 3573 verum
1050 3544 1176 3580 Deum‚·
1200 3552 1238 3574 ex
1268 3552 1335 3584 quo
1365 3549 1452 3583 patet
1465 3547 1489 3568 ⁷⁵
1560 3542 1703 3580 Quinto:
1728 3547 1837 3573 utrum
1865 3543 2014 3573 animalia
2037 3548 2068 3574 et
2096 3543 2224 3583 plantae
2245 3544 2466 3575 remanebunt.

2604 533 2704 556 'S-Th.
2719 534 2771 557 lect.
2787 540 2802 557 1.

2603 802 2612 812 ·
2629 800 2710 828 rapte.
2731 801 2772 823 nb.
2781 801 2818 851 e¹f’

2602 832 2775 882 ἳᾶὲέἱὶιῗὶΐ
2811 843 2818 876 :

2602 886 2708 929 lgenni'uz
2715 887 2817 931 ’Nemet-

2602 923 2762 956 aenau'rom.
2811 950 2818 956 .

2601 966 2666 988 xviu,
2679 960 2709 983 ιΙ.
2721 960 2762 984 lib.
2811 977 2817 988 ,

2603 992 2655 1014 cap.
2669 993 2691 1009 x.

2603 1110 2613 1120 ·
2633 1108 2672 1130 Al.
2691 1107 2730 1130 Aa
2750 1113 2819 1132 me

2602 1134 2668 1164 quod
2677 1135 2717 1156 eat
2730 1134 2766 1157 att
2789 1141 2817 1158 ο·

2602 1167 2712 1211 prum-wei·
2721 1160 2746 1184 S.
2791 1162 2816 1185 h.

2597 3199 2811 3250 mm...

2649 3283 2744 3301 mml-
