2918 4088
995 210 1257 257 QUAESTIO
1287 212 1426 258 LXIX,
1456 212 1748 250 ARTICULUS
1776 215 1827 250 IX
2424 218 2494 254 113

999 342 1331 375 Commentaria
1353 342 1604 375 Cardinalis
1627 343 1826 375 Caietani

356 432 376 452 n
388 422 523 452 articulo
537 427 662 458 octavo,
675 421 802 453 adverte
814 422 1000 458 Auctorem,
1013 422 1047 452 in
1059 427 1247 461 argumento
1260 427 1385 460 quarto,
1411 422 1415 448 ί
1441 427 1477 451 ut
1492 427 1624 452 testatur
1639 422 1770 458 Pladna,
1795 424 1828 453 in
1843 425 1907 454 vita
1923 425 2021 455 Marci
2037 425 2150 465 Papae.
2173 444 2195 448 -
2219 427 2304 457 Tum
2327 430 2497 469 praecipue

329 434 517 496 Irecitative
540 466 632 506 loqui
656 466 695 496 de
718 466 806 506 lepra
830 465 1043 496 Constantini.
1074 465 1156 495 Dico
1181 470 1288 495 autem
1311 465 1384 501 hoc,
1441 466 1516 505 quia
1531 466 1694 496 Ambrosii
1710 468 1880 497 auctoritas
1896 469 2009 504 obstat,
2027 469 2114 505 dum,
2130 470 2163 499 in
2180 469 2331 501 Oratione
2347 472 2385 502 de
2404 472 2497 503 Obitu

325 511 401 550 quia
423 510 543 540 nullius
566 511 753 540 auctoritate
776 515 900 540 constat
923 509 1171 540 Constantinum
1194 508 1385 539 mundatum
1445 509 1615 540 Theodosii
1630 511 1656 546 ⁴⁹,
1674 520 1819 550 expresse
1843 511 1918 541 dicit
1934 511 2181 543 Constantinum
2199 514 2233 543 in
2249 514 2366 545 ultimis
2383 517 2498 546 consti·
2524 518 2534 527 ''
2548 516 2618 538 Num.
2633 522 2673 542 ⁴0·

325 564 343 585 a
365 554 453 594 lepra
471 555 504 584 in
527 554 696 594 baptismo.
722 554 809 584 Tum
825 555 901 594 quia
918 554 1013 584 Gesta
1029 553 1197 594 ῥ’γῖνεείνί,
1215 562 1252 583 ex
1269 554 1385 592 quibus
1440 558 1546 583 tutum
1570 554 1764 594 baptizatum
1781 554 1894 585 fuisse:
1915 556 2004 595 quod
2019 556 2114 596 longe
2131 557 2222 586 distat
2238 559 2276 587 ab
2292 559 2364 594 hoc,
2381 561 2499 590 scilicet

324 598 388 629 hoc
402 598 528 629 videtur
542 599 662 634 haberi,
678 599 836 629 incertum
858 596 976 628 habent
991 602 1174 627 auctorem:
1200 602 1236 627 ut
1251 602 1337 636 patet
1352 598 1385 627 in
1441 597 1530 637 quod
1553 598 1586 627 in
1610 599 1769 638 principio
1793 608 1869 628 suae
1893 601 2109 630 conversionis
2132 599 2226 630 fuerit
2248 602 2432 641 baptizatus.

324 652 394 683 cap.
418 642 539 673 Sancta
561 643 726 678 Romana,
755 641 825 672 dist.
850 642 918 672 XV.
942 659 966 664 -
988 641 1076 671 Tum
1099 641 1175 680 quia
1189 640 1297 671 nullus
1320 642 1386 671 sive
1496 642 1537 671 Et
1559 647 1728 681 propterea
1750 643 1887 673 narratio
1904 643 1943 674 de
1966 644 2053 683 lepra
2077 644 2278 675 Constantini
2293 655 2360 676 non
2384 652 2430 677 est
2453 657 2499 677 as-

325 685 523 717 Christianus
546 687 611 717 sive
627 686 752 726 gentilis
767 686 936 716 historicus
955 685 1114 715 invenitur
1129 685 1192 715 hoc
1208 685 1384 725 scripsisse:
1440 686 1552 716 sertive
1575 686 1748 726 probanda.

1137 839 1459 882 ARTICULUS
1489 840 1691 882 NONUS

887 931 1046 962 UTRUM
1069 931 1216 962 Flcrlo
1241 932 1450 963 IMPEDIAT
1473 932 1711 964 EFFECTUM
1735 934 1935 965 BAPTISMI

615 1009 689 1039 Infra,
709 1017 754 1042 qu.
774 1017 881 1041 Lxxxvu,
900 1015 946 1035 art.
966 1010 989 1040 3,
1008 1010 1040 1035 ad
1061 1017 1090 1041 23
1111 1010 1144 1035 lV
1163 1010 1246 1040 Sent„
1266 1010 1324 1036 dist.
1344 1018 1377 1041 ιν,
1397 1019 1443 1043 qu.
1460 1018 1488 1043 11,
1507 1017 1553 1036 art.
1575 1018 1598 1040 1,
1617 1012 1667 1044 qu⁸
1687 1019 1697 1036 ι
1709 1031 1717 1043 ,
1736 1013 1768 1037 ad
1789 1013 1818 1044 3;
1837 1021 1881 1046 qu.
1899 1021 1936 1044 m,
1956 1018 2002 1038 art.
2023 1021 2046 1043 2,
2066 1014 2115 1047 qu·
2137 1021 2159 1045 ι,
2180 1021 2210 1044 2;

1138 1046 1197 1071 dist.
1216 1053 1259 1077 χιι,
1278 1054 1323 1079 qu.
1341 1054 1368 1077 ιι,
1389 1052 1434 1072 art.
1457 1054 1479 1078 1,
1499 1047 1549 1080 qu*
1570 1047 1593 1078 3,
1612 1048 1644 1072 ad
1665 1047 1687 1073 3.

81 1131 294 1155 ’νωοοοιιιιιιειιτ-
505 1149 509 1159 ,«
533 1136 556 1161 D
576 1135 703 1162 NONUM
721 1136 774 1161 stc
794 1135 1019 1162 PROCEmTUR
1037 1124 1068 1161 ³¹⁶.
1090 1124 1250 1162 Videtur
1276 1125 1383 1174 quod
1438 1127 1579 1174 modo,
1613 1140 1683 1177 per
1713 1129 1789 1165 hoc
1832 1129 1939 1178 quod
1972 1128 2183 1166 contemnit
2213 1128 2342 1178 ipsum
2381 1143 2501 1167 sacra-

81 1157 233 1244 {39:²⁹5
253 1162 295 1181 ω’
352 1154 504 1239 {sy
533 1176 637 1214 fictio
665 1189 746 1214 non
774 1176 957 1226 impediat
984 1178 1165 1215 effectum
1193 1178 1382 1227 baptismi.
1438 1188 1636 1226 mentum;
1665 1181 1774 1218 tertio
1803 1182 1935 1228 modo,
1955 1194 2026 1231 per
2044 1183 2119 1219 hoc
2147 1182 2254 1231 quod
2273 1182 2379 1219 aliter
2406 1185 2500 1220 cele-

342 1260 362 1275 Ι,
401 1246 459 1274 v,
479 1237 502 1272 ‘a
534 1229 634 1267 Dicit
662 1230 766 1267 enim
786 1231 1005 1279 Apostolus,
1030 1232 1150 1268 Galat.
1172 1243 1204 1268 111
1222 1231 1259 1268 *ε
1296 1232 1384 1274 Qui·
1439 1233 1522 1270 brat
1541 1241 1836 1281 sacramentum,
1857 1247 1938 1272 non
1966 1247 2122 1272 servans
2150 1234 2267 1272 ritum
2286 1236 2498 1283 Ecclesiae;

343 1277 353 1319 ’Ῐ
379 1259 475 1317 <²5¹0
491 1277 520 1310 Ν
533 1295 691 1333 cumque
718 1284 756 1320 in
784 1284 928 1321 Christo
956 1286 1129 1333 baptizati
1154 1286 1246 1331 estis,
1281 1285 1384 1322 Chri·
1439 1294 1594 1335 quarto,
1623 1299 1694 1336 per
1720 1288 1796 1324 hoc
1833 1289 1940 1337 quod
1969 1287 2106 1337 aliquis
2139 1288 2318 1325 indevote
2346 1289 2499 1326 accedit.

322 1336 621 1377 stumffinduistis.
651 1336 728 1374 Sed
747 1348 884 1373 omnes
903 1337 970 1386 qui
989 1337 1225 1386 baptismum
1246 1337 1385 1375 Christi
1439 1339 1550 1377 Unde
1585 1340 1831 1377 manifestum
1865 1349 1920 1378 est
1936 1339 2056 1390 'quod
2090 1341 2192 1378 fictio
2221 1342 2381 1391 impedit
2415 1343 2501 1380 effe-

323 1388 545 1438 suscipiunt,
574 1389 815 1439 baptizantur
842 1389 881 1426 in
910 1390 1074 1427 Christo.
1117 1391 1219 1439 Ergo
1248 1402 1385 1428 omnes
1439 1399 1545 1429 ctum
1564 1393 1755 1442 baptismi.

322 1441 490 1479 induunt
517 1442 726 1479 Christum.
755 1442 875 1489 Quod
899 1450 955 1479 est
980 1443 1178 1492 percipere
1206 1443 1385 1493 baptismi
1493 1446 1550 1482 An
1589 1458 1723 1484 prunum
1761 1458 1859 1484 ERGO
1891 1459 2073 1484 DICENDUM
2111 1447 2218 1496 quod
2255 1449 2434 1498 baptizari
2463 1449 2500 1484 in

322 1495 515 1533 effectum.
545 1495 594 1532 Et
620 1495 671 1532 ita
698 1494 802 1532 fictio
830 1507 911 1532 non
939 1495 1100 1546 impedit
1127 1496 1306 1546 baptismi
1334 1497 1392 1533 ef-'
1443 1499 1586 1535 Christo
1614 1506 1739 1548 potest
1766 1499 1919 1548 intelligi
1947 1500 2158 1549 dupliciter.
2188 1501 2276 1538 Uno
2301 1501 2433 1547 modo,
2462 1503 2500 1538 in

266 1583 268 1585 ,
321 1548 475 1586 fectum.
1443 1552 1599 1598 Christo,
1624 1552 1731 1598 idest,
1753 1554 1789 1589 in
1823 1553 1959 1590 Christi
1984 1555 2253 1601 conformitate.
2283 1554 2332 1591 Et
2350 1554 2403 1591 sic
2420 1554 2501 1603 qui-

376 1612 411 1638 2.
442 1601 674 1647 PRAETEREA‚
703 1600 743 1637 in
771 1600 962 1650 baptismo
991 1609 1173 1651 operatur
1190 1602 1310 1639 virtus
1331 1602 1385 1639 di·
1439 1616 1609 1653 cumque
1650 1605 1890 1654 baptizantur
1930 1606 1969 1642 in
2013 1606 2164 1643 Christo
2206 1607 2431 1644 conformati
2466 1607 2501 1644 ei

320 1653 422 1700 vina,
451 1665 552 1702 quae
579 1660 704 1705 potest
731 1654 970 1691 voluntatem
989 1654 1158 1692 hominis
1177 1663 1326 1692 mutare
1346 1655 1386 1692 in
1438 1670 1509 1707 per
1535 1657 1655 1694 fidem
1693 1666 1728 1695 et
1756 1658 1966 1705 caritatem,
2005 1658 2172 1696 induunt
2201 1659 2397 1696 Christum
2432 1672 2502 1709 per

319 1706 482 1744 bonum.
526 1706 604 1744 Sed
631 1706 789 1743 effeetus
817 1719 955 1744 causae
983 1707 1126 1756 agentis
1153 1720 1234 1746 non
1262 1716 1387 1757 potest
1438 1710 1609 1759 gratiam.
1630 1733 1654 1737 -
1683 1711 1769 1748 Alio
1798 1712 1918 1748 modo
1946 1711 2126 1749 dicuntur
2146 1712 2264 1762 aliqui
2283 1712 2464 1763 baptizari
2483 1718 2501 1734 α
2625 1716 2642 1732 ²

319 1758 499 1808 impediri
534 1770 606 1808 per
632 1758 671 1796 id
706 1760 813 1809 quod
848 1760 897 1797 ab
925 1759 987 1797 illa
1015 1772 1131 1798 causa
1164 1769 1290 1811 potest
1317 1774 1384 1799 au-
1439 1764 1479 1800 in
1508 1763 1659 1801 Christo
1672 1794 1681 1811 ,
1717 1764 1948 1814 inquantum
1985 1765 2175 1815 accipiunt
2209 1765 2347 1803 Christi
2379 1778 2500 1803 sacra-

319 1812 419 1850 ᾗσι-τί.
460 1812 562 1860 Ergo
590 1811 695 1850 fictio
727 1820 808 1850 non
835 1820 960 1862 potest
987 1812 1173 1863 impedire
1206 1814 1386 1864 baptismi
1439 1825 1628 1854 mentum.
1671 1818 1720 1854 Et
1756 1817 1809 1855 sic
1844 1829 1981 1855 omnes
2009 1817 2174 1855 induunt
2203 1818 2399 1856 Christum
2432 1830 2502 1868 per

321 1865 515 1903 effectum.
1439 1870 1785 1918 configurationem
1808 1870 2045 1918 characteris,
2066 1884 2147 1908 non
2166 1879 2295 1909 autem
2323 1883 2393 1921 per
2410 1884 2500 1909 con-

377 1918 411 1955 3.
440 1919 680 1965 ΡιιΑΕτεκΕΑ,
710 1918 889 1968 baptismi
913 1919 1071 1956 effectus
1099 1927 1155 1957 est
1174 1920 1302 1969 gratia,
1323 1921 1386 1958 cui
1438 1923 1669 1960 formitatem
1696 1923 1847 1971 gratiae.

320 1979 524 2021 peccatum
545 1971 765 2021 opponitur.
796 1973 872 2010 Sed
892 1974 1013 2010 multa
1032 1981 1120 2010 sunt
1139 1973 1211 2011 alia
1229 1982 1385 2023 peccata
1492 1977 1549 2013 AD
1578 1988 1768 2014 SECUNDUM
1787 1988 1968 2014 melerinum
1990 1977 2109 2026 quod,
2130 1977 2288 2026 quando
2307 1978 2413 2014 Deus
2431 1989 2499 2014 vo·
2511 1999 2519 2008 ·

320 2023 496 2073 graviora
519 2036 639 2074 quam
657 2024 774 2072 fictio,
794 2025 842 2062 de
862 2025 1004 2074 quibus
1022 2037 1103 2063 non
1122 2026 1260 2064 dicitur
1278 2028 1385 2076 quod
1439 2030 1624 2066 luntatem
1644 2028 1813 2066 hominis
1839 2029 1886 2066 de
1906 2031 2009 2067 malo
2029 2029 2068 2066 in
2088 2031 2238 2067 bonum
2256 2038 2388 2077 mutat,
2409 2038 2501 2067 tunc

321 2077 503 2115 effectum
531 2077 710 2127 baptismi
738 2077 960 2127 impediant.
990 2079 1092 2128 Ergo
1121 2091 1248 2129 neque
1280 2080 1385 2117 fictio
1439 2083 1561 2119 homo
1589 2094 1670 2118 non
1698 2082 1842 2119 accedit
1869 2081 1992 2119 fictus.
2033 2083 2110 2120 Sed
2138 2094 2217 2120 non
2245 2095 2398 2132 semper
2424 2083 2501 2119 hoc

98 2170 102 2174 ,
321 2129 483 2179 impedit
510 2131 692 2168 effectum
719 2130 909 2181 baptismi.
1438 2135 1545 2171 Deus
1572 2134 1668 2171 facit.
1698 2135 1782 2171 Nec
1810 2135 1859 2172 ad
1886 2135 1962 2171 hoc
1989 2143 2271 2172 sacramentum
2291 2135 2498 2182 ordinatur,

79 2183 208 2213 'Vm-⁵·
375 2183 450 2221 SED
470 2195 615 2221 CONTRA
633 2195 699 2220 EST
726 2185 834 2234 quod
861 2184 999 2222 dicitur
1026 2186 1112 2235 Sap.
1134 2185 1199 2222 1*:
1230 2187 1386 2235 Spiritus
1439 2195 1481 2224 ut
1508 2187 1557 2224 de
1585 2187 1674 2224 ficto
1707 2187 1774 2224 fiat
1802 2187 1937 2236 aliquis
1969 2199 2049 2224 non
2076 2188 2207 2225 fictus:
2247 2188 2313 2224 sed
2345 2195 2388 2225 ut
2419 2199 2499 2225 non

321 2237 477 2274 Sanctus
511 2237 725 2287 disczfflinae
751 2237 905 2288 effugiet
924 2240 1072 2286 fictum.
1116 2238 1194 2276 Sed
1228 2239 1385 2276 effectus
1438 2240 1551 2277 fictus
1579 2240 1715 2289 aliquis
1742 2240 1928 2277 accedens
1955 2239 2188 2278 iustificetur.

320 2288 501 2338 baptismi
520 2297 576 2326 est
594 2301 617 2326 a
637 2289 779 2338 Spiritu
799 2291 952 2328 Sancto.
982 2291 1084 2339 Ergo
1103 2290 1207 2328 fictio
1226 2291 1387 2340 impedit
1492 2294 1549 2330 Ab
1573 2305 1731 2330 TER’rmM
1749 2305 1930 2330 DICENDUM
1954 2294 2061 2342 quod
2079 2293 2191 2330 fictus
2210 2292 2347 2330 dicitur
2364 2292 2499 2342 aliquis

321 2341 504 2380 effectum
532 2342 722 2392 baptismi.
1440 2358 1487 2383 ex
1521 2358 1569 2383 eo
1604 2346 1711 2395 quod
1744 2346 1980 2383 demonstrat
2016 2359 2056 2383 se
2089 2346 2232 2396 aliquid
2259 2347 2356 2383 velle
2393 2346 2499 2394 quod

374 2396 600 2439 Respounsso
627 2408 809 2434 DICENDUM
838 2396 964 2445 quod,
998 2396 1094 2434 sicut
1122 2398 1386 2434 Damascenus
1440 2411 1520 2435 non
1548 2400 1640 2435 vult.
1685 2398 1934 2448 Quicumque
1971 2406 2101 2436 autem
2133 2399 2277 2436 accedit
2304 2399 2351 2435 ad
2380 2398 2500 2447 bapti-

323 2446 412 2486 dicit
428 2448 460 2496 *,
487 2448 589 2486 Deus
617 2461 692 2486 non
720 2451 821 2499 cogit
847 2451 1036 2487 hominem
1058 2450 1109 2487 ad
1126 2452 1309 2487 iustitiam.
1340 2452 1388 2487 Et
1441 2464 1591 2499 smum,
1630 2464 1676 2488 ex
1711 2452 1787 2488 hoc
1814 2451 1898 2500 ipso
1936 2451 2099 2489 ostendit
2131 2464 2170 2489 se
2205 2459 2347 2488 rectam
2381 2451 2500 2488 fidem

322 2500 410 2538 ideo
439 2501 487 2538 ad
516 2502 592 2539 hoc
619 2502 727 2552 quod
755 2502 891 2552 aliquis
920 2501 1145 2539 iustificetur
1171 2515 1241 2552 per
1267 2503 1387 2553 bapti·
1443 2504 1582 2542 Christi
1609 2505 1764 2550 habere,
1793 2511 1830 2541 et
1857 2505 1933 2541 hoc
1960 2512 2243 2542 sacramentum
2260 2503 2445 2551 venerari,
2465 2511 2502 2540 et

323 2565 467 2600 smum,
496 2553 700 2604 requiritur
727 2555 836 2605 quod
856 2557 1036 2593 voluntas
1054 2555 1224 2593 hominis
1243 2559 1387 2606 ample·
1441 2559 1537 2594 velle
1566 2570 1606 2594 se
1635 2556 1826 2594 Ecclesiae
1855 2557 2095 2594 conformare
2115 2556 2147 2604 β,
2177 2565 2213 2595 et
2239 2558 2336 2594 velle
2364 2569 2387 2593 a
2413 2568 2500 2606 pec·
2626 2558 2641 2591 β

323 2614 446 2644 ctatur
463 2614 500 2644 et
517 2607 754 2657 baptismum
773 2616 810 2646 et
827 2608 1008 2658 baptismi
1027 2609 1219 2646 effectum.
1240 2610 1389 2647 Dicitur
1441 2618 1525 2647 cato
1541 2610 1729 2647 recedere.
1745 2609 1857 2647 Unde
1873 2610 2104 2659 cuicumque
2119 2618 2275 2659 peccato
2285 2611 2366 2646 vult
2380 2610 2501 2646 homo

323 2667 452 2697 autem
482 2659 618 2709 aliquis
633 2663 750 2709 fictus
776 2674 846 2711 per
872 2662 949 2699 hoc
976 2662 1084 2711 quod
1107 2664 1286 2700 voluntas
1306 2663 1388 2700 eius
1441 2663 1652 2709 inhaerere,
1681 2662 1713 2700 si
1740 2663 1790 2700 ad
1818 2662 2053 2712 baptismum
2081 2663 2235 2709 accedit,
2258 2663 2369 2699 fictus
2397 2674 2501 2699 acce-

8 2751 9 2757 ,
34 2750 35 2754 ,
323 2712 547 2750 contradicit
574 2714 636 2750 vel
662 2713 867 2763 baptismo⁷
891 2716 953 2752 vel
981 2715 1063 2752 eius
1090 2716 1254 2753 effectui.
1284 2717 1388 2754 Nam
1442 2716 1506 2762 dit,
1527 2716 1635 2765 quod
1664 2723 1718 2752 est
1737 2715 1916 2753 indevote
1945 2716 2137 2753 accedere.
2169 2716 2245 2753 Sed
2269 2716 2344 2752 hoc
2371 2714 2502 2752 intelli-

6 2764 9 2775 ”
32 2798 34 2803 ,
82 2764 297 2816 'Cssf‘m
323 2766 541 2803 secundum
569 2764 827 2814 Augustinum
850 2767 882 2812 ²⁸²,
911 2775 1079 2817 quatuor
1096 2769 1223 2806 modis
1252 2769 1390 2807 dicitur
1441 2770 1613 2818 gendum
1633 2776 1688 2806 est
1706 2769 1754 2805 de
1773 2776 1930 2818 peccato
1950 2768 2112 2815 mortali,
2129 2769 2235 2818 quod
2253 2767 2392 2816 gratiae
2411 2778 2501 2804 con—

7 2830 9 2842 ¹
82 2794 181 2876 ξω
190 2808 297 2875 w·
323 2818 460 2868 aliquis
478 2818 606 2856 fictus:
627 2831 708 2857 uno
727 2820 860 2867 modo,
881 2819 940 2858 ille
960 2820 1028 2870 qui
1047 2833 1127 2859 non
1146 2822 1275 2870 credit,
1296 2834 1385 2860 cum
1442 2822 1635 2860 trariatur:
1674 2834 1755 2859 non
1783 2829 1913 2859 autem
1941 2822 1990 2859 de
2016 2829 2173 2871 peccato
2201 2820 2350 2858 veniali.
2390 2820 2501 2858 Unde

82 2882 126 2902 m.
140 2859 204 2908 5.ῗά
216 2885 239 2909 ³·
290 2869 296 2880 '
322 2878 454 2910 tamen
490 2871 704 2922 baptismus
739 2873 785 2910 sit
807 2871 908 2922 fidei
938 2880 1213 2912 sacramentum
1241 2874 1277 2922 *;
1314 2875 1388 2913 alio
1430 2877 1543 2924 fictio
1559 2875 1623 2912 hic
1642 2875 1941 2924 quodammodo
1960 2874 2117 2912 includit
2145 2886 2261 2911 omne
2288 2880 2500 2923 peccatum.

376 3003 405 3038 d)
424 3004 565 3038 bapizat-i.
583 3019 603 3023 -
619 3004 722 3035 Tertia;
741 3005 879 3038 baptizatI.
1497 3005 1523 3041 β)
1545 3007 1678 3032 Ecclesiae
1705 3007 1883 3040 conformare.
1901 3019 1920 3024 -
1939 3005 2071 3031 Ecclesiae
2098 3004 2263 3038 conformari
2282 3004 2290 3029 I
2309 3010 2334 3029 et
2358 3011 2405 3037 per
2425 3003 2502 3028 Aliae

1414 3005 1417 3027 Ι

1413 3028 1416 3071 Ι
1442 3048 1532 3075 margo
1550 3043 1578 3072 Ρ,
1600 3042 1705 3068 Οινίεἲο
1723 3042 1892 3076 conformare
1911 3039 2088 3074 (conformari
2106 3039 2136 3074 Ρ)
2155 3045 2238 3065 cetera
2256 3040 2337 3065 tertia.

465 3573 576 3599 Sumus
595 3573 699 3600 Tuom.
718 3574 749 3600 D.
764 3574 880 3599 Tamus
899 3574 931 3600 T.
944 3574 986 3600 IX.
2322 3568 2352 3593 15
