2878 4088
333 244 416 273 inter
433 239 663 281 impedimenta
678 230 880 280 prohibentia
894 238 1061 269 vinculum
1075 247 1117 268 ne
1133 236 1197 273 fiat,
1214 242 1246 267 et
1261 245 1298 267 ea
1314 243 1397 275 quae

333 286 501 317 vinculum
511 290 701 325 supponunt
712 283 768 315 sed
779 284 908 314 solvunt
919 288 974 313 aut
982 281 1090 323 quoad
1107 281 1274 312 vinculum
1291 280 1397 319 ipsum

334 337 389 362 aut
405 328 514 370 quoad
530 329 810 364 cohabitationem,
827 329 861 358 in
881 327 969 358 nulla
991 327 1111 367 analysi
1126 329 1347 365 praenotatum
1371 322 1398 352 si

333 376 366 406 in
390 374 510 414 analysi
533 383 589 413 qu.
613 383 641 403 1..
665 372 887 413 impedimenti
909 371 1078 401 notionem
1101 370 1143 400 ita
1166 368 1347 409 ampliasset
1361 371 1398 396 ut

333 421 412 450 haec
437 418 502 448 duo
527 417 822 457 comprehenderet,
845 416 991 446 materias
1007 414 1047 445 de
1062 420 1140 444 voto
1156 411 1397 443 matrimonium

333 469 438 494 ratum
461 462 605 492 solvente
628 467 660 492 et
682 461 722 491 de
745 460 943 500 separatione
966 469 984 489 a
1006 465 1078 489 toro
1102 457 1142 488 ad
1160 457 1279 487 vinculi
1293 456 1397 495 impe-

333 508 476 539 dimenta
488 506 715 537 convenienter
730 505 956 535 continuasset.
973 503 1000 533 E
1015 502 1209 532 variantibus
1229 509 1290 538 ¹24
1302 509 1319 530 a
1330 507 1397 539 71-

334 553 388 591 b4
411 551 573 591 arguimus
597 550 784 590 scripturam
808 547 1036 588 Compilatoris
1059 545 1227 576 confusam
1250 543 1348 574 fuisse
1367 548 1397 572 et

334 597 427 626 nobis
450 595 615 625 interiisse.

395 648 443 670 11.
459 658 482 662 -
498 639 533 669 In
549 638 668 679 analysi
685 647 738 678 qu.
760 646 802 666 xr.
825 645 885 676 pro
912 648 926 662 α
945 635 1064 670 Primo,
1081 639 1188 664 utrum
1203 633 1238 662 in
1253 631 1397 671 quolibet

335 694 411 715 casu
434 688 579 714 teneatur
600 683 696 713 homo
720 681 821 712 celare
844 689 883 710 ea
906 688 990 720 quae
1012 678 1107 708 habet
1122 677 1181 707 sub
1197 675 1301 716 sigillo
1317 685 1396 705 con-

335 729 481 759 fessionis
499 740 527 764 »,
554 737 636 768 quae
658 726 789 756 materia
811 725 940 764 proprie
956 723 996 754 ad
1017 728 1080 752 tres
1096 721 1245 752 articulos
1260 719 1397 759 Supple-

334 774 435 804 menti
458 773 604 813 pertinet,
621 769 824 801 scribendum
839 769 949 799 fuisset
973 780 988 794 «
1003 767 1122 802 Primo,
1142 770 1250 796 utrum
1265 765 1298 794 in
1315 773 1397 803 quo-

333 818 411 848 libet
426 827 502 848 casu
516 821 661 847 teneatur
675 813 827 845 sacerdos
843 813 945 843 celare
961 815 1095 852 peccata
1112 819 1195 850 quae
1218 809 1277 839 sub
1292 807 1396 848 sigillo

335 861 546 893 confessionis
567 860 658 890 novit
675 872 690 886 »
705 868 712 895 ;
736 858 800 888 hoc
823 857 942 887 scilicet
963 856 1071 886 thema
1087 859 1133 885 est
1151 854 1246 894 primi
1262 852 1396 882 articuli.

335 906 537 947 Compilator
567 912 606 935 ex
635 903 755 943 analysi
785 900 1018 932 Commentarii
1043 899 1185 940 primum
1214 897 1397 928 membrum

333 951 473 987 retinuit,
490 948 580 990 quod
602 948 695 978 latius
717 951 821 987 patet3
846 944 886 976 cf.
911 944 981 975 dist.
1002 954 1063 974 xxx.
1088 952 1143 984 qu.
1159 952 1203 973 m.

388 995 479 1026 Errat
493 998 611 1029 noster,
627 991 684 1022 sed
699 991 867 1025 haesitans,
884 998 938 1029 qu.
952 998 1057 1025 xxvm,
1073 988 1112 1018 52
1125 988 1145 1018 b
1160 986 1199 1018 33
1213 997 1220 1017 ε
1244 998 1258 1013 ι
1274 985 1396 1021 Tertio,

334 1045 442 1070 utrum
467 1037 596 1079 publica
618 1037 658 1067 sit
679 1033 877 1075 imponenda
903 1033 1101 1074 poenitentia
1120 1045 1134 1059 ι
1147 1055 1154 1068 ,
1179 1032 1232 1062 cui
1262 1030 1396 1060 articulo

333 1082 506 1124 respondet
520 1081 590 1112 dist.
606 1091 669 1111 xiv.
686 1089 741 1120 qu.
761 1089 782 1110 r.
806 1084 862 1110 art.
881 1078 910 1108 5.
927 1076 1171 1118 quaestiuncula
1186 1075 1286 1106 tertia.
1311 1075 1397 1105 Eum

333 1138 402 1159 non
431 1126 621 1158 intellexisse
651 1125 846 1165 peculiarem
875 1122 1030 1153 facturam
1062 1121 1283 1152 obiectionum
1314 1119 1398 1150 illius

334 1171 596 1213 quaestiunculae
618 1170 739 1210 patebit
766 1167 943 1199 conferenti
973 1167 1062 1197 initia
1083 1166 1181 1196 trium
1213 1164 1398 1205 quaestiun-

334 1217 490 1252 cularum,
507 1225 590 1256 quae
614 1223 652 1245 ex
675 1213 919 1245 Commentario
941 1211 1159 1242 rescribimus:

389 1311 404 1326 ι
420 1300 468 1328 Ad
488 1298 621 1336 quintum
642 1298 825 1334 (quaesitum,
847 1297 928 1333 quod
949 1302 1010 1323 erat
1031 1297 1073 1323 De
1095 1294 1276 1323 solemnitate
1297 1293 1398 1330 poeni-

332 1338 504 1375 tentiaelsic
517 1337 694 1375 proceditur.
709 1337 829 1365 Videtur
843 1336 923 1373 quod
937 1344 998 1364 non
1013 1336 1116 1363 debeat
1137 1335 1233 1372 aliqua
1248 1334 1398 1371 poeniten-

332 1380 374 1408 tia
397 1379 537 1416 publicari
558 1378 601 1407 vel
621 1377 813 1406 solemnizari.
827 1392 849 1399 —
863 1376 996 1404 Ulterius.
1019 1376 1138 1404 Videtur
1159 1376 1239 1412 quod
1260 1374 1399 1402 solemnis

334 1418 513 1456 poenitentia
533 1417 629 1447 iterari
649 1418 749 1455 possit.
772 1432 789 1438 -
811 1416 935 1445 Ulterius
955 1417 1106 1455 quaeritur
1126 1416 1162 1444 de
1184 1416 1241 1443 ritu
1262 1414 1400 1443 solemnis

330 1459 535 1498 poenitentiae.
565 1459 605 1486 Et
629 1458 745 1486 videtur
772 1457 851 1494 quod
880 1456 1047 1484 mulieribus
1073 1465 1133 1484 non
1162 1455 1198 1483 sit
1222 1454 1400 1491 imponenda

334 1499 475 1536 (sequitur
488 1507 580 1526 unum
599 1500 822 1536 argumentum).
841 1497 912 1525 Item
929 1496 1044 1525 videtur
1064 1496 1144 1532 quod
1159 1494 1267 1523 clericis
1288 1494 1324 1523 sit
1345 1494 1399 1522 iin-

333 1539 469 1577 ponenda
490 1538 602 1576 (idem).
623 1539 694 1566 Item
714 1537 829 1565 videtur
847 1537 927 1574 quod
947 1545 966 1564 a
986 1536 1115 1573 quolibet
1140 1536 1295 1564 sacerdote
1309 1534 1402 1571 possit

333 1579 446 1617 imponi
467 1578 568 1615 (idem)
585 1589 611 1606 ›.

387 1651 567 1684 Adversarii
582 1659 658 1690 ergo
675 1654 787 1680 contra
809 1653 872 1678 tres
894 1653 999 1689 partes
1015 1648 1150 1678 subiecti
1172 1648 1282 1679 tertiae
1302 1657 1400 1689 quae-

332 1696 511 1728 stiunculae
534 1694 717 1735 singulatim
739 1693 911 1729 obiiciunt3
935 1691 1010 1722 inde
1031 1697 1078 1722 est
1101 1691 1191 1732 quod
1215 1694 1399 1732 quaestiun-

333 1741 406 1772 cula
421 1746 453 1771 et
474 1739 672 1770 obiectiones
690 1737 904 1778 peculiaribus
923 1736 1070 1767 formulis
1093 1736 1350 1774 introducuntur,
1368 1743 1400 1768 et

332 1784 423 1827 quod
443 1785 605 1824 integrum
619 1783 728 1814 thema
750 1791 769 1812 a
790 1782 893 1822 prima
909 1782 1092 1812 obiectione
1107 1781 1233 1812 desumi
1255 1791 1323 1813 non
1338 1791 1399 1823 po-

332 1835 393 1862 test
408 1828 463 1870 (cf.
486 1838 518 1859 n.
545 1827 591 1868 4).
620 1827 695 1857 Hoc
718 1826 919 1866 aliquatenus
941 1827 1011 1867 ipse
1034 1827 1162 1857 sentivit
1185 1826 1397 1867 Compilator,

331 1883 408 1906 nam
423 1883 463 1904 ex
485 1872 606 1913 analysi
619 1872 755 1902 verbum
769 1870 957 1902 mulieribus
977 1871 1120 1902 exclusit.
1135 1889 1158 1894 —
1181 1871 1290 1902 Locus
1312 1872 1400 1902 simi-

332 1919 370 1951 lis
387 1918 510 1950 obtinet
526 1926 582 1957 qu.
597 1926 679 1953 xcvr,
698 1915 757 1946 231
774 1925 792 1946 a
805 1924 842 1955 7¹
874 1928 888 1942 ‹
907 1915 1124 1952 Duodecirno,
1141 1922 1250 1947 utrum
1269 1917 1400 1947 aureola

333 1964 373 1995 sit
394 1962 555 2003 virginum
573 1971 608 1998 »;
633 1970 732 2001 quam
754 1960 924 2000 perplexus
947 1961 1027 1990 haec
1047 1961 1187 1991 scribens
1209 1960 1305 1991 fuerit
1326 1961 1400 1992 vide

333 2009 368 2039 in
389 2007 464 2039 loco
488 2007 571 2046 ipso.

391 2059 441 2082 12.
457 2068 479 2075 —
501 2049 606 2081 Laudi
628 2050 658 2080 ei
680 2049 834 2080 vertimus
850 2047 941 2088 quod
955 2049 989 2078 in
1004 2053 1093 2079 textu
1115 2049 1234 2079 horum
1250 2050 1399 2080 articulo—

332 2106 416 2133 rum,
433 2101 465 2127 et
480 2104 535 2135 qu.
551 2104 635 2125 me.
655 2098 711 2124 art.
729 2093 760 2129 3,
775 2102 878 2123 raram
893 2092 1067 2123 formulam
1082 2093 1163 2123 Item
1181 2102 1250 2124 non
1265 2095 1400 2124 mutavit

332 2142 367 2172 in
387 2141 574 2171 Praeterea.
602 2138 728 2168 Harum
751 2138 838 2167 enim
861 2142 893 2167 et
920 2138 1068 2168 omnium
1091 2138 1224 2168 aliarum
1247 2136 1400 2169 formula-

333 2195 406 2216 rum
422 2184 583 2216 distinctio
607 2188 639 2213 et
653 2183 789 2213 mutatio
813 2181 900 2222 apud
923 2182 954 2212 S.
971 2182 1134 2213 Thomam
1157 2191 1283 2222 semper
1305 2184 1401 2214 ratio·

333 2238 410 2261 nem
425 2228 638 2260 sufficientem
661 2232 693 2257 et
715 2232 834 2257 certam
853 2226 959 2266 legem
974 2227 1101 2257 habent.
1124 2227 1300 2258 Praeterea
1323 2237 1402 2258 con-

334 2276 439 2306 tinuat
465 2277 653 2313 argumenta
674 2280 734 2312 pro
757 2271 839 2301 thesi
861 2272 956 2311 primi
979 2272 1174 2308 obiicientis;
1198 2272 1279 2303 Item
1301 2273 1401 2303 intro-

335 2319 424 2350 ducit
453 2326 574 2348 novam
595 2317 711 2347 thesim
734 2316 831 2356 partis
854 2315 1059 2346 adversariae.
1093 2315 1232 2347 Adverte
1256 2317 1346 2357 quod
1368 2318 1402 2347 in

336 2363 458 2404 analysi
488 2371 543 2402 qu.
573 2371 658 2391 nm.
690 2360 822 2390 materia
850 2361 935 2390 tertii
966 2360 1090 2390 articuli
1118 2361 1177 2391 rite
1207 2362 1401 2401 assignatur:

339 2421 353 2434 ‹
373 2407 495 2438 Tertio.
514 2412 624 2437 utrum
652 2404 812 2445 sponsalia
844 2404 949 2435 dirimi
971 2405 1096 2445 possint
1114 2418 1128 2432 ι
1156 2406 1235 2446 quin
1259 2405 1402 2443 addatur,

336 2461 375 2482 ex
398 2451 490 2482 initio
513 2450 646 2486 articuli,
674 2462 688 2476 ‹
707 2450 807 2480 altero
829 2449 1019 2489 religionem
1034 2450 1171 2480 intrante
1189 2463 1217 2480 ι.
1242 2451 1285 2480 At
1301 2451 1402 2482 Com-

335 2496 452 2537 pilator
470 2496 565 2526 huius
581 2494 716 2535 analysis
731 2494 867 2534 scriptor
881 2499 1006 2524 tantum
1022 2500 1079 2530 est,
1095 2504 1162 2525 non
1183 2500 1310 2526 auctor:
1335 2501 1403 2526 tota

336 2541 494 2581 praeiacet
516 2541 550 2570 in
578 2538 838 2574 Commentario,
862 2537 932 2568 dist.
957 2548 1050 2569 xxvn.
1075 2548 1129 2579 qu.
1154 2549 1186 2569 11.
1209 2558 1232 2562 -
1255 2539 1403 2571 Consilio

336 2590 460 2626 praeter
482 2593 608 2614 morem
630 2582 790 2624 prudenti,
807 2582 863 2613 sed
880 2591 948 2613 non
964 2584 1032 2613 sine
1047 2584 1156 2624 aliquo
1181 2585 1327 2624 quamvis
1350 2594 1404 2615 ve-

336 2630 413 2660 niali
425 2628 570 2664 artificio,
586 2628 729 2668 analysin
741 2637 796 2667 qu.
813 2637 885 2663 xcn,
903 2627 942 2657 de
957 2628 1090 2658 Visione
1105 2628 1266 2665 Beatifica,
1280 2638 1319 2659 ex
1334 2638 1404 2660 ver-

337 2674 386 2704 bis
409 2673 642 2704 Commentarii
664 2672 788 2702 selectis
810 2672 854 2702 ita
877 2673 1070 2712 composuit,
1087 2678 1123 2704 ut
1145 2679 1220 2714 post
1242 2674 1403 2714 quaestio-

336 2727 414 2749 nem
428 2718 496 2748 XII.
520 2718 645 2747 Primae
660 2717 770 2752 Partis,
786 2717 842 2746 ubi
858 2716 970 2747 eadem
985 2717 1117 2748 materia
1131 2723 1291 2754 tractatur,
1307 2723 1403 2749 retra-

337 2763 434 2794 ctatio
458 2763 493 2792 in
516 2761 750 2802 Supplemento
773 2770 841 2791 non
857 2760 1052 2801 superfluere
1081 2762 1250 2793 videretur.
1286 2762 1405 2793 Omnia

337 2808 390 2838 hic
405 2807 576 2837 rescribere
599 2806 735 2845 longum
759 2810 825 2842 est;
849 2804 994 2836 conferas
1010 2806 1069 2836 tria
1091 2807 1163 2838 loca
1187 2813 1218 2838 et
1240 2807 1348 2838 videas
1363 2817 1404 2838 an

338 2851 541 2891 Compilator
564 2850 732 2881 Summam
755 2850 871 2880 evitare
894 2849 1074 2881 intenderit.

398 2896 447 2926 13.
463 2914 487 2918 -
507 2894 672 2933 Quasdam
702 2894 858 2925 dictiones
886 2904 986 2925 novas
1014 2899 1045 2924 et
1074 2895 1191 2926 modos
1219 2897 1405 2936 peregrinos

337 2941 372 2971 in
395 2940 538 2981 analyses
562 2939 785 2980 Supplementi
807 2939 927 2969 invexit
949 2939 1159 2980 Compilator,
1184 2949 1267 2980 quae
1289 2941 1340 2972 vel
1363 2950 1404 2971 eo

338 2985 439 3025 magis
462 2983 654 3015 attendenda
676 2984 825 3015 videntur
844 2982 933 3023 quod
957 2983 1217 3016 Commentarius
1239 2995 1307 3016 non
1330 2985 1406 3016 alias

339 3029 469 3060 adhibet
487 3029 644 3060 dictiones
668 3034 699 3059 et
728 3028 882 3059 formulas
909 3037 945 3058 ac
968 3029 1002 3058 in
1025 3028 1158 3059 Summa
1181 3039 1242 3060 usu
1261 3031 1404 3060 veniunt.

339 3073 490 3104 Summa:
508 3074 560 3104 111.
577 3074 611 3104 P.
629 3083 684 3114 qu.
701 3083 782 3103 Lm.
803 3086 817 3100 ‹
833 3072 874 3103 de
886 3073 954 3113 ipso
971 3073 1159 3113 baptismate
1174 3084 1208 3111 »;
1229 3082 1284 3114 qu.
1300 3083 1405 3105 Lxxm.

343 3131 357 3144 ‹
377 3117 418 3148 de
436 3118 506 3158 ipso
521 3123 720 3148 sacramento
741 3130 754 3145 ›
782 3118 1008 3154 Eucharistiae;
1026 3126 1080 3157 qu.
1097 3127 1219 3148 Lxxxrv.
1247 3131 1261 3145 ‹
1280 3118 1320 3149 de
1336 3119 1406 3159 ipsa

339 3163 539 3202 poenitentia
556 3175 584 3193 ».
605 3162 879 3193 Commentarius:
900 3161 970 3192 dist.
987 3171 1072 3192 xxm.
1095 3174 1110 3189 ‹
1125 3161 1165 3192 de
1181 3162 1250 3203 ipsa
1267 3168 1407 3193 extrema

341 3207 499 3237 unctione
519 3217 556 3244 »3
573 3206 644 3237 dist.
660 3217 742 3237 xxrv.
766 3220 780 3234 ‹
800 3207 839 3237 de
856 3207 925 3246 ipso
942 3205 1054 3237 ordine
1073 3217 1107 3243 ›;
1128 3206 1199 3237 dist.
1216 3216 1309 3237 xxvn.
1333 3219 1348 3234 ‹
1367 3207 1407 3238 de

341 3250 411 3290 ipso
427 3251 634 3281 matrimonio
649 3263 664 3278 »
690 3251 742 3282 vel
762 3264 777 3278 ‹
793 3251 871 3292 quid
884 3250 928 3281 sit
942 3251 1184 3282 matrimonium
1195 3260 1224 3287 ›;
1237 3250 1308 3282 dist.
1320 3260 1405 3282 xvm.

345 3307 359 3321 α
375 3294 414 3325 de
427 3295 568 3326 clavibus
578 3295 753 3326 secundum
768 3305 803 3326 se
817 3309 844 3326 ».
868 3295 1028 3326 Nudiores
1050 3295 1107 3326 has
1130 3294 1283 3326 formulas
1307 3295 1408 3326 Com-

341 3339 458 3379 pilator
480 3339 677 3380 repudiavit;
694 3340 801 3370 scribit
817 3340 903 3371 enim
919 3349 974 3381 qu.
991 3349 1072 3370 xxxx.
1093 3351 1107 3367 ‹
1127 3338 1167 3370 de
1187 3339 1412 3371 essentialibus

340 3383 443 3423 ipsius
461 3396 475 3410 »
502 3388 660 3414 extremae
682 3385 862 3421 unctionis;
885 3393 941 3425 qu.
962 3393 1064 3415 xxxrv.
1092 3397 1106 3411 ι
1126 3383 1165 3414 de
1188 3383 1308 3415 ordinis
1328 3385 1408 3415 enti—

342 3432 408 3458 tate
426 3432 458 3458 et
480 3427 656 3468 quidditate
682 3438 717 3465 »;
741 3438 796 3468 qu.
812 3438 896 3459 nm.
924 3440 939 3456 ‹
959 3428 998 3459 de
1013 3429 1208 3459 matrimonii
1225 3429 1353 3459 ratione
1371 3438 1406 3466 »;

341 3481 398 3512 qu.
415 3481 488 3502 xvn.
516 3484 531 3499 «
546 3471 586 3502 de
602 3472 734 3503 emitote
747 3478 779 3503 et
793 3473 970 3513 quidditate
986 3472 1124 3503 clavium
1143 3485 1170 3503 ».

398 3516 545 3547 Summa:
563 3516 615 3546 111.
638 3516 672 3547 P.
697 3525 752 3557 qu.
764 3526 820 3547 Lx:
844 3529 859 3544 »
878 3517 956 3548 Post
978 3516 1270 3548 considerationem
1293 3525 1408 3548 eorum

2487 165 2512 189 V

1451 240 1534 271 quae
1556 232 1716 271 pertinent
1727 229 1767 261 ad
1781 231 1931 271 mysteria
1945 230 2042 260 Verbi
2057 231 2219 267 incarnati,
2244 230 2512 264 considerandum

1451 280 1498 305 est
1513 275 1553 305 de
1568 275 1730 305 Ecclesiae
1745 274 1949 304 sacramentis
1966 283 2048 314 quae
2064 275 2102 303 ab
2119 274 2190 314 ipso
2210 275 2317 305 Verbo
2338 275 2512 307 efficaciam

1450 319 1568 350 habent
1586 332 1614 349 ».
1639 318 1716 349 Ibid.
1741 318 1825 348 Prol.
1853 331 1867 344 ‹
1886 318 1990 353 tertio,
2013 317 2052 347 de
2075 317 2140 347 fine
2162 319 2348 349 immortalis
2363 321 2446 351 vitae
2473 321 2513 352 ad

1450 372 1550 403 quem
1574 372 1632 403 per
1658 364 1775 404 ipsum,
1802 362 2010 397 Salvatorem,
2037 362 2232 401 resurgendo
2259 364 2463 402 pervenimus
2482 378 2511 396 2».

1451 407 1725 438 Commentarius:
1754 407 1824 437 dist.
1851 415 1934 436 me.
1962 418 1976 432 ‹
1995 405 2171 445 Postquam
2198 406 2418 438 determinavit
2445 409 2512 439 Ma-

1449 452 1544 491 gister
1573 451 1613 482 de
1643 451 1846 481 sacramentis
1877 459 1959 490 quae
1990 450 2150 489 pertinent
2176 450 2216 480 ad
2239 450 2400 481 Ecclesiae
2422 462 2513 492 prae-

1449 501 1573 526 sentem
1588 501 1716 531 statum,
1731 496 1766 525 in
1780 496 1839 525 ista
1854 500 1943 535 parte
1959 494 2071 533 incipit
2091 493 2299 524 determinare
2315 494 2355 524 de
2371 496 2418 525 his
2430 506 2513 535 quae

1449 541 1610 580 pertinent
1624 539 1664 570 ad
1679 539 1841 570 Ecclesiae
1857 539 2007 569 ultimum
2022 538 2206 574 terminum,
2222 538 2342 568 scilicet
2356 539 2396 569 de
2411 549 2514 570 resur-

1449 585 1592 614 rectione
1608 589 1640 614 et
1655 583 1695 614 de
1710 583 1968 614 remuneratione
1983 595 2010 612 ι.
2030 582 2120 612 Haec
2135 581 2348 622 Compilatori
2363 583 2515 614 imitanda

1450 634 1548 664 erant,
1565 627 1696 668 quando
1712 628 1868 658 scribebat
1884 636 1968 667 quae
1990 631 2184 666 sequuntur:
2213 639 2226 652 «
2246 626 2323 656 Post
2337 627 2399 657 hoc
2414 637 2514 668 agen-

1450 672 1526 703 dum
1542 677 1590 702 est
1604 671 1643 702 de
1658 672 1707 702 his
1729 681 1812 712 quae
1835 677 1980 711 spectant
2003 671 2043 701 ad
2066 675 2240 701 tractatum
2263 673 2512 702 resurrectionis.

1450 717 1627 756 Postquam
1653 717 1737 746 enim
1761 716 1883 746 dictum
1907 721 1954 746 est
1980 715 2020 745 de
2043 715 2246 746 sacramentis
2270 715 2387 755 quibus
2413 716 2514 746 homo

1450 762 1600 791 liberatur
1621 770 1642 790 a
1665 765 1769 790 morte
1792 760 1914 800 culpae,
1943 765 2179 799 consequenter
2201 759 2374 790 dicendum
2399 766 2446 790 est
2476 760 2515 791 de

1449 805 1683 837 resurrectione
1703 814 1761 844 per
1784 813 1882 844 quam
1905 805 2005 834 homo
2024 804 2174 834 liberatur
2190 812 2210 834 a
2227 808 2330 834 morte
2338 813 2468 844 poenae
2486 817 2514 835 ›.

1450 849 1618 887 Quantum
1638 849 1781 879 Thomas
1810 854 1841 879 et
1865 848 2068 889 Compilator
2089 848 2205 879 distant
2227 853 2313 888 grata
2344 849 2417 889 styli
2438 858 2516 879 con-

1451 894 1600 924 cinnitate
1624 899 1656 923 et
1679 893 1761 924 clara
1783 894 1921 924 veritatis
1944 894 2084 923 visione!

1506 937 1783 968 Commentarius:
1812 937 1881 968 dist.
1909 947 1993 968 xvm.
2022 946 2077 977 qu.
2101 946 2133 967 11.
2163 949 2177 963 «
2197 936 2322 967 Deinde
2347 938 2517 978 quaeritur

1452 982 1498 1023 (in
1522 982 1655 1013 Summa
1678 982 1788 1013 fuisset
1814 981 2084 1013 considerandum
2107 981 2166 1021 est)
2194 980 2234 1011 de
2257 983 2517 1012 excommunica-

1450 1028 1549 1058 tione.
1577 1027 1618 1057 Et
1641 1027 1723 1057 circa
1749 1028 1812 1057 hoc
1837 1032 2034 1068 quaeruntur
2058 1026 2213 1066 quinque.
2237 1026 2355 1063 Primo,
2383 1026 2423 1057 de
2447 1027 2516 1067 ipsa

1452 1072 1786 1102 excommunicatione
1805 1082 1839 1108 »3
1857 1073 1979 1112 primus
2000 1071 2150 1101 articulus
2173 1075 2312 1110 quatuor
2333 1072 2517 1111 quaestiun-

1452 1116 1531 1146 culis
1558 1121 1691 1146 constat.
1720 1115 1931 1156 Compilator,
1949 1125 2003 1156 qu.
2025 1124 2086 1151 xxx,
2103 1115 2148 1145 sic
2169 1114 2331 1145 transfert:
2359 1125 2373 1142 α
2393 1116 2518 1147 Conse-

1452 1165 1587 1201 quenter
1602 1160 1772 1191 videndum
1789 1166 1836 1191 est
1851 1160 1890 1191 de
1910 1160 2260 1196 excommunicatione;
2277 1159 2317 1190 de
2331 1168 2395 1200 qua
2410 1162 2516 1200 primo

1453 1204 1721 1236 considerandum
1751 1211 1798 1235 est
1828 1205 1868 1235 de
1900 1204 2086 1246 definitione
2115 1205 2457 1235 excommunicationis
2487 1208 2519 1236 et

1452 1250 1659 1291 congruitate
1674 1255 1706 1280 et
1720 1258 1820 1280 causa
1839 1263 1866 1280 ».
1891 1249 1923 1280 Si
1940 1247 2109 1279 addidisset
2131 1253 2162 1278 et
2184 1249 2307 1289 effectu,
2335 1250 2431 1280 altera
2445 1259 2517 1289 pars

1456 1307 1469 1321 α
1486 1294 1579 1325 Circa
1594 1295 1735 1334 primum
1754 1299 1951 1334 quaeruntur
1961 1298 2104 1334 quatuor
2118 1305 2131 1320 ι
2151 1297 2222 1329 ete„
2235 1294 2434 1324 abundasset.
2455 1293 2518 1324 Sed

1451 1339 1516 1369 iam
1539 1339 1612 1368 sa‘ds
1637 1338 1676 1369 de
1700 1338 1921 1378 Compilatore
1945 1338 2133 1379 analyza'nti.

1727 1434 1745 1471 §
1770 1433 1800 1463 3.
1823 1432 1882 1463 DE
1906 1432 2214 1464 CITATIONIBUS

1512 1525 1561 1558 14.
1573 1537 1597 1541 -
1608 1519 1682 1557 Qua
1693 1518 1848 1549 methodo
1865 1518 2124 1549 Commentarius
2136 1518 2405 1559 Supplementum
2416 1519 2519 1550 factus

1453 1567 1510 1599 est,
1542 1563 1764 1593 commentarii
1797 1563 1940 1593 indolem
1972 1563 2084 1593 amisit.
2117 1562 2210 1599 Inde,
2235 1564 2317 1594 sicut
2338 1564 2519 1595 Divisiones

1452 1612 1557 1637 textus
1580 1613 1612 1637 et
1634 1608 1702 1638 eius
1726 1607 1964 1647 Explicationes
1991 1607 2187 1638 omittendae
2210 1613 2298 1638 erant
2322 1613 2353 1638 et
2376 1608 2519 1650 analyses

1452 1651 1684 1688 reformandae,
1709 1652 1752 1681 ita
1775 1655 1811 1682 ut
1833 1651 1958 1682 videtur
1981 1660 2084 1692 aeque
2107 1661 2237 1682 necesse
2261 1658 2327 1682 erat
2353 1653 2520 1683 citationes

1454 1695 1616 1726 eiusdem:
1640 1709 1654 1722 «
1673 1700 1709 1726 ut
1724 1696 1758 1725 in
1773 1696 1875 1726 littera
1891 1695 2015 1731 dicitur,
2033 1701 2069 1726 ut
2083 1696 2117 1726 in
2134 1696 2203 1726 dist.
2218 1696 2276 1726 tali
2292 1696 2414 1727 dictum
2430 1702 2477 1727 est
2491 1711 2519 1733 ›,

1454 1741 1545 1780 quasi
1560 1741 1624 1770 iam
1640 1745 1802 1771 extraneas
1822 1741 2032 1780 supprimere,
2050 1740 2117 1770 illas
2138 1746 2222 1771 certe
2235 1749 2318 1780 quae
2342 1740 2520 1772 Commen-

1452 1785 1522 1815 tarii
1544 1786 1645 1815 textui
1668 1794 1736 1815 non
1768 1790 1935 1815 concretae
1963 1786 2031 1815 sine
2054 1785 2196 1815 laesione
2227 1786 2296 1815 eius
2323 1785 2416 1816 avelli
2445 1795 2521 1826 pos-

1454 1834 1537 1860 sunt.
1553 1847 1578 1851 —
1595 1829 1654 1860 Vel
1677 1829 1835 1869 potuisset
1858 1829 2060 1870 Compilator
2082 1839 2142 1870 pro
2166 1829 2313 1860 formulis
2336 1829 2376 1860 ad
2398 1835 2522 1861 textum

1452 1874 1589 1904 relativis
1613 1874 1773 1904 absolutas
1795 1873 1960 1904 adhibere:
1989 1887 2003 1900 «
2022 1880 2058 1905 ut
2074 1874 2224 1914 Magister
2238 1874 2319 1904 libro
2337 1874 2396 1904 tali
2412 1874 2521 1905 distin-

1453 1919 1561 1949 ctione
1584 1919 1643 1949 tali
1658 1918 1734 1949 dicit
1752 1931 1780 1948 ›.
1798 1918 1850 1949 Sic
1866 1919 2007 1959 Magistri
2027 1920 2121 1949 verba
2145 1924 2326 1949 ceterorum
2350 1918 2522 1949 doctorum

1453 1963 1693 1994 auctoritatibus
1709 1963 1912 2003 aequiparata
1935 1969 2050 1999 essent,
2063 1969 2095 1993 et
2110 1963 2155 1993 sic
2178 1963 2438 1994 Commentarius
2453 1965 2522 2004 ipse

1453 2017 1548 2048 saepe
1572 2009 1655 2038 citat.
1671 2025 1694 2029 —
1715 2007 1859 2038 Omnino
1883 2017 1960 2038 vero
1986 2013 2240 2038 consentaneum
2270 2006 2381 2038 fuisset
2402 2013 2439 2038 ut
2461 2017 2521 2048 pro

1454 2052 1697 2083 Commentario
1714 2057 1871 2093 quantum
1887 2051 1956 2082 fieri
1974 2058 2084 2092 posset
2107 2052 2240 2083 Summa
2263 2052 2421 2082 citaretur.
2446 2052 2522 2082 Non

1455 2098 1558 2128 obstat
1587 2095 1734 2137 profecto
1761 2095 2040 2128 Commentarium
2071 2102 2143 2127 ante
2174 2096 2340 2127 Summam
2367 2097 2522 2137 scriptum

1454 2141 1567 2178 fuisse3
1591 2151 1667 2171 nam
1682 2141 1751 2177 iste,
1768 2141 1925 2180 cogitatus
1942 2147 1973 2171 et
1996 2146 2165 2181 apparatus
2187 2141 2222 2171 in
2244 2140 2396 2171 Summae
2419 2141 2523 2171 conti-

1454 2187 1643 2217 nuationem
1659 2191 1690 2216 et
1701 2186 1951 2226 suppletionem,
1964 2186 2072 2216 iunior
2083 2191 2130 2216 est
2147 2195 2245 2225 quam
2259 2185 2402 2216 Summa.
2419 2184 2522 2222 Quid-

1455 2240 1553 2272 quam
1576 2237 1700 2261 certum
1723 2231 1806 2261 circa
1829 2231 1995 2261 citationes
2022 2230 2151 2260 stabiliri
2179 2231 2315 2260 omnino
2343 2229 2520 2265 debuisset,

1455 2277 1531 2316 quia
1554 2276 1599 2305 sic
1621 2281 1658 2305 ut
1680 2275 1714 2305 in
1738 2275 1980 2305 Commentario
2004 2275 2109 2305 iacent
2136 2280 2259 2305 textum
2283 2274 2434 2314 Magistri,
2457 2274 2523 2304 iam

1455 2320 1625 2360 expulsum
1649 2325 1680 2349 et
1703 2319 1781 2350 foris
1799 2319 1954 2356 clausum,
1977 2329 2123 2360 expresse
2146 2319 2329 2349 reclamant.

1511 2364 1738 2404 Supplementi
1758 2364 1951 2404 experientia
1967 2364 2087 2400 docuit,
2105 2363 2359 2403 Compilatorem
2370 2363 2450 2392 haec
2465 2363 2524 2392 tria

1457 2414 1565 2440 mente
1592 2407 1724 2448 quidem
1751 2409 1901 2448 agitasse,
1933 2408 1988 2439 sed
2019 2407 2138 2439 nullius
2164 2417 2298 2438 normae
2321 2412 2522 2437 constantem

1456 2462 1553 2484 usum
1576 2453 1734 2483 habuisse.
1753 2451 1889 2489 Omittit,
1914 2452 2060 2488 admittit,
2077 2456 2180 2482 mutat
2203 2452 2291 2482 nulla
2314 2461 2396 2491 quae
2413 2451 2524 2490 attingi

1456 2498 1558 2539 possit
1568 2497 1639 2537 lege
1651 2502 1781 2527 servata.
1794 2497 1970 2528 Veniamus
1986 2497 2026 2528 ad
2037 2496 2171 2537 singula,
2184 2502 2220 2527 ut
2231 2506 2299 2527 rem
2311 2502 2343 2527 et
2356 2496 2524 2526 hominem

1455 2551 1639 2573 noscamus.

1516 2587 1564 2617 15.
1588 2605 1611 2609 —
1634 2586 1718 2616 Inter
1750 2585 1899 2616 locorum
1931 2585 2168 2617 Sententiarum
2198 2585 2381 2620 citationes,
2407 2584 2524 2624 quibus

1457 2631 1718 2662 Commentarius
1741 2629 1891 2666 abundat,
1908 2639 2021 2670 parum
2042 2629 2125 2660 infra
2140 2635 2271 2660 centum
2292 2629 2524 2669 quinquaginta

1456 2677 1542 2706 vices
1566 2676 1705 2705 Occurrit
1719 2674 1858 2705 formula
1884 2687 1898 2701 «
1917 2675 1951 2705 in
1974 2675 2076 2704 littera
2095 2687 2123 2710 »,
2147 2674 2198 2704 vel
2214 2675 2345 2704 variata:
2374 2686 2389 2700 ‹
2410 2673 2522 2708 littera,

1458 2721 1608 2760 Magister
1637 2720 1669 2749 in
1699 2719 1820 2755 littera,
1845 2728 1940 2759 supra
1973 2719 2141 2758 Magister,
2165 2719 2237 2753 hic,
2261 2717 2342 2748 infra
2361 2727 2394 2753 »;
2426 2726 2523 2757 porro

1461 2778 1474 2792 «
1489 2765 1558 2805 ipse
1574 2778 1587 2791 »
1609 2764 1649 2794 86
1661 2773 1678 2793 a
1694 2771 1751 2799 103
1772 2777 1785 2790 «
1801 2764 1860 2793 ista
1871 2764 2045 2803 prohibitio
2061 2776 2088 2798 ›,
2106 2762 2146 2793 de
2158 2771 2222 2802 qua
2234 2763 2353 2792 scilicet
2364 2762 2398 2791 in
2409 2761 2521 2796 littera,

1462 2809 1520 2840 113
1536 2809 1626 2847 b64;
1655 2821 1669 2834 «
1688 2817 1755 2838 non
1782 2807 1856 2837 facit
1883 2808 2083 2838 mentionem
2103 2820 2116 2833 »
2153 2807 2302 2846 Magister
2331 2806 2382 2835 vel
2411 2806 2522 2840 littera,

1459 2854 1499 2894 98
1513 2854 1533 2883 b
1547 2853 1598 2883 62.
1623 2853 1697 2882 Pars
1720 2852 1817 2891 longe
1843 2853 1982 2882 maxima
1997 2852 2030 2881 in
2050 2851 2319 2891 Supplementum
2344 2850 2465 2879 transiit
2487 2854 2523 2878 ut

1457 2898 1603 2931 iacebant
1626 2897 1659 2927 in
1683 2896 1865 2935 exemplari,
1889 2905 1957 2926 non
1975 2900 2083 2926 tamen
2099 2896 2177 2935 quin
2194 2894 2407 2925 inconstantia
2423 2892 2522 2924 Com-

1457 2942 1600 2983 pilatoris
1616 2941 1851 2971 transcribentis
1869 2950 1903 2970 se
1926 2939 2181 2970 manifestaverit.
2197 2957 2221 2961 -
2236 2938 2342 2969 Semel
2366 2947 2403 2968 ex
2426 2938 2523 2967 initiis

1459 2986 1667 3017 articulorum
1690 2985 1724 3015 in
1747 2984 1889 3025 analyses
1912 2984 2033 3024 recepit
2058 2996 2072 3010 ‹
2091 2984 2125 3014 in
2147 2984 2251 3014 littera
2269 2996 2301 3018 ι»,
2327 2991 2382 3022 qu.
2406 2991 2458 3011 xn.
2484 2981 2524 3012 ad

1459 3031 1588 3067 Terti03
1606 3031 1706 3060 sexies
1732 3037 1800 3059 non
1826 3029 1962 3068 recepit:
1987 3036 2041 3068 qq.
2066 3037 2168 3058 xxxrv.
2193 3027 2232 3058 ad
2254 3026 2405 3058 Secundo
2428 3031 2460 3056 et
2483 3025 2524 3056 ad

1459 3075 1599 3113 Quarto;
1624 3083 1738 3104 xxxvn.
1755 3072 1795 3103 ad
1819 3073 1960 3111 Quarto;
1985 3081 2066 3102 xm.
2091 3072 2131 3102 ad
2146 3072 2274 3108 Terti03
2299 3080 2379 3101 erx.
2405 3070 2444 3100 ad
2468 3070 2524 3101 Se—

1459 3119 1587 3156 cundo;
1614 3128 1716 3148 Lxxrv.
1743 3117 1783 3147 ad
1810 3117 1945 3147 Octavo.
1960 3135 1984 3138 —
1999 3116 2034 3146 ln
2058 3117 2155 3146 initiis
2181 3115 2401 3146 Articulorum
2424 3114 2524 3145 semel

1460 3164 1576 3199 omisit,
1606 3171 1660 3203 qu.
1688 3161 1803 3192 ultimo
1827 3162 1878 3192 cit.
1906 3166 1962 3191 art.
1988 3160 2024 3197 83
2052 3161 2100 3191 bis
2123 3160 2318 3195 reformavit,-
2342 3169 2396 3199 qu.
2420 3169 2523 3189 xxxxv.

1460 3213 1515 3239 art.
1534 3217 1564 3238 2.
1584 3220 1598 3234 ‹
1618 3216 1636 3237 a
1651 3206 1803 3246 Magistro
1819 3205 2055 3236 Sententiarum
2070 3214 2145 3235 xxm
2157 3204 2227 3235 dist.
2248 3216 2262 3231 »-
2281 3204 2351 3244 (art.
2368 3212 2399 3242 4.
2416 3212 2524 3233 rursus

1464 3265 1478 3279 ε
1497 3253 1531 3282 in
1553 3252 1656 3282 littera
1675 3250 1717 3290 ›),
1737 3255 1769 3280 et
1784 3259 1838 3290 qu.
1858 3259 1939 3280 xmx.
1957 3254 2012 3279 art.
2039 3258 2068 3279 2.
2096 3261 2110 3276 α
2129 3258 2148 3280 a
2171 3249 2322 3289 Magistro
2346 3248 2525 3278 Sententia-

1460 3303 1533 3327 rum
1552 3309 1580 3326 ».
1596 3313 1617 3319 -
1640 3294 1692 3325 Ad
1706 3294 1895 3334 Respondeo
1918 3293 2087 3324 dicendum
2103 3293 2169 3323 sive
2185 3293 2224 3323 ad
2238 3293 2327 3323 initia
2349 3301 2524 3332 corporum

1460 3340 1678 3375 articulorum,
1702 3338 1758 3369 ubi
1782 3338 1813 3369 S.
1838 3338 1981 3368 Thomas
2009 3343 2094 3368 amat
2109 3337 2151 3368 ad
2172 3338 2331 3368 anteriora
2352 3337 2523 3372 remittere,

1461 3384 1634 3416 duodecim
1645 3383 1725 3413 locis
1741 3383 1932 3423 comparatis
1944 3382 2083 3413 formula
2094 3383 2210 3422 septies
2222 3386 2344 3412 servata
2355 3386 2412 3416 est,
2430 3381 2525 3421 quin-

1460 3430 1551 3470 quies
1567 3434 1744 3468 suppressa.
1757 3440 1780 3449 —
1792 3425 1856 3465 Qu.
1872 3436 1933 3457 mv.
1947 3431 2004 3457 art.
2019 3426 2048 3457 3.
2062 3426 2093 3458 S.
2107 3426 2146 3457 C.
2177 3439 2192 3453 ‹
2206 3431 2244 3457 ut
2266 3435 2304 3456 ex
2323 3426 2427 3456 verbis
2444 3424 2524 3455 Gre-

1460 3474 1541 3514 gorii
1556 3473 1690 3502 habetur
1705 3483 1732 3507 ν,
1749 3480 1808 3511 pro
1835 3483 1851 3498 «
1869 3476 1906 3502 ut
1919 3471 1953 3501 in
1969 3471 2071 3502 littera
2087 3480 2125 3501 ex
2144 3484 2172 3507 ι,
2186 3471 2245 3501 etsi
2260 3470 2327 3501 aliis
2342 3470 2422 3500 locis
2439 3470 2525 3499 simi-

1461 3518 1544 3548 libus
1559 3516 1696 3547 litteram
1717 3523 1786 3546 non
1802 3514 1947 3556 expellit;
1971 3514 2012 3546 cf.
2035 3522 2074 3554 41
2091 3524 2109 3545 a
2122 3515 2174 3551 62,
2197 3515 2239 3555 96
2252 3524 2270 3545 a
2282 3524 2312 3555 9,
2333 3521 2394 3554 129
2405 3514 2425 3543 b
2436 3523 2489 3552 72.
2502 3531 2526 3535 -
