2918 4088
986 140 1248 187 QUAEST10
1276 141 1435 188 LXXV,
1464 141 1755 180 ARTICULUS
1783 144 1833 181 IV
2419 151 2489 198 167

323 218 417 251 sium.
440 216 473 247 id
496 215 586 257 quod
609 222 673 247 erat
696 217 796 257 panis,
821 222 867 248 est
890 227 1006 257 corpus
1023 217 1149 248 Christi.
1173 218 1245 254 Ubi,
1262 218 1302 248 ad
1318 218 1380 248 cla·
1434 218 1474 248 Id
1495 219 1583 259 quod
1605 225 1677 250 erat
1693 221 1807 259 panis,
1839 227 1886 252 est
1908 224 2046 264 aliquid,
2080 227 2198 258 scilicet
2221 238 2336 268 corpus
2360 228 2488 266 Christi,

322 262 446 292 ritatem
469 260 642 296 doctrinae,
667 261 799 291 observa
822 266 913 292 caute
936 263 1118 292 varietatem
1136 271 1282 292 verarum
1305 271 1380 302 pro·
1434 271 1494 301 ego
1519 263 1684 302 exposui*
1708 264 1797 313 quod
1820 265 1852 305 ly
1875 266 1908 295 id
1930 268 2015 306 quod
2037 269 2230 301 demonstrat
2253 278 2283 302 et
2306 272 2399 303 refert
2414 273 2488 303 sub-

321 305 531 346 positionum.
566 305 616 341 Et,
640 309 676 335 ut
699 305 918 345 exemplariter
940 304 1071 341 dicatur,
1096 305 1225 346 quando
1249 315 1302 336 aer
1323 315 1380 335 na-
1433 307 1596 343 stantiam,
1621 308 1775 347 quoniam
1799 309 1971 340 substantia
1994 320 2076 350 quae
2099 319 2163 343 erat
2186 315 2275 354 panis
2302 322 2347 346 est
2371 326 2487 356 corpus

320 348 462 380 turaliter
485 349 678 379 convertitur
704 349 738 379 in
761 349 888 388 ignem,
920 349 995 379 licet
1015 359 1108 379 verae
1134 350 1196 379 sint
1218 350 1294 379 istae
1318 355 1379 379 tres
1434 349 1566 385 Christi,
1599 351 1673 390 quia
1695 356 1816 381 mutata
1839 358 1885 382 est
1911 353 1944 382 in
1968 363 2084 394 corpus
2108 356 2233 387 Christi.
2268 358 2488 390 Diversimode

321 393 556 423 enuntiationes
579 397 653 432 post
676 393 919 423 conversionem
943 393 1021 422 aeris
1044 394 1076 423 in
1099 393 1224 432 ignem,
1249 393 1378 429 scilicet,
1432 373 1591 433 siquidein
1618 394 1814 425 substantiae
1841 397 1973 426 nomine
2002 398 2124 428 Auctor
2152 405 2182 429 et
2204 410 2264 430 nos
2295 403 2343 432 usi
2367 412 2486 434 sumus.

319 437 387 466 Aer
409 446 473 467 non
497 442 552 472 est,
576 437 643 466 Aer
665 445 730 466 non
747 441 795 467 est
815 436 948 477 aliquid,
972 437 1039 467 Aer
1053 441 1100 467 est
1114 436 1214 466 nihil:
1237 437 1311 476 quia
1333 442 1379 466 ta·
1432 437 1515 467 Nam
1538 437 1662 468 Auctor
1691 438 1883 469 substantiae
1905 441 2037 471 nornine
2070 451 2146 472 usus
2170 449 2216 473 est
2245 444 2319 474 loco
2348 448 2487 477 nominis

319 489 396 511 men
418 481 549 511 materia
571 489 655 520 quae
677 479 738 510 fuit
760 481 849 516 aeris,
872 480 973 511 modo
989 485 1036 510 est
1050 481 1180 510 materia
1195 481 1286 519 ignis,
1303 479 1379 510 falsa
1432 480 1573 520 specifici
1595 482 1704 521 panis,
1729 483 1943 522 supponendo
1967 494 2083 523 panem
2107 495 2174 519 esse
2198 488 2411 519 substantiam.
2447 491 2487 521 Et

321 529 368 555 est
389 525 448 554 ista
471 529 597 564 quarta,
620 525 687 554 Aer
709 529 757 555 est
778 524 986 554 annihilatus.
1021 524 1062 554 Et
1084 523 1226 553 similiter
1248 524 1282 553 in
1303 533 1379 563 pro·
1432 523 1507 555 fecit
1530 525 1593 555 hoc
1616 525 1739 555 Auctor
1761 531 1797 556 ut
1819 533 2030 576 praeservaret
2046 538 2079 558 se
2102 529 2140 559 ab
2157 530 2370 562 accidentibus
2386 534 2485 572 panis.

318 569 437 608 posito,
457 569 602 609 quamvis
626 568 686 599 alia
700 569 832 604 ratione,
849 577 941 598 verae
956 572 1031 597 sunt
1045 572 1119 606 post
1135 568 1379 598 conversionem
1432 568 1478 598 Ita
1500 568 1590 608 quod
1613 578 1730 608 panem
1753 570 1846 609 ponit
1869 571 1902 600 in
1925 571 2074 611 obliquo,
2104 578 2135 602 et
2157 572 2319 613 distinguit
2345 576 2487 607 substan-

318 613 397 644 istae
419 618 491 649 tres,
515 612 644 648 scilicet,
667 611 766 642 Panis
790 621 854 642 non
883 616 942 648 est,
965 611 1064 641 Panis
1087 620 1151 640 non
1176 616 1223 641 est
1245 611 1377 651 aliquid,
1431 613 1507 642 tiam
1537 613 1627 652 panis
1658 617 1768 643 contra
1798 613 1971 644 accidentia
2001 616 2110 655 panis:
2142 626 2178 646 ac
2202 617 2227 646 si
2250 617 2385 655 dixisset,
2412 620 2489 650 Post

318 655 418 687 Panis
440 661 488 687 est
510 656 607 686 nihil:
629 655 706 686 falsa
728 653 836 686 autem
860 660 906 685 est
929 660 1049 695 quarta,
1073 654 1207 691 scilicet,
1231 654 1271 685 Id
1292 655 1379 695 quod
1431 656 1705 686 consecrationem
1727 656 1807 687 haec
1822 662 1869 687 est
1881 658 1987 698 falsa,
2011 659 2110 690 Panis
2133 665 2179 690 est
2193 661 2324 701 aliquid.
2348 662 2416 692 Nos
2432 673 2487 693 au-

318 705 392 731 erat
407 698 515 741 panis,
540 709 604 730 non
629 704 677 730 est
697 699 830 739 aliquid,
854 708 922 735 seu,
946 703 994 729 est
1016 698 1105 734 nihil,
1130 699 1206 738 quia
1227 708 1284 729 sua
1299 708 1377 729 con·
1430 705 1496 729 tem
1519 700 1711 730 substantiae
1738 701 1871 731 nomine
1898 702 2042 733 absolute
2072 704 2209 739 utimur,
2237 705 2445 736 abstrahendo
2469 717 2487 737 a

317 744 498 775 tradictoria
520 749 567 774 est
588 744 760 779 verissima,
783 743 912 778 scilicet,
936 742 976 772 Id
997 742 1085 782 quod
1106 747 1179 772 erat
1193 743 1308 782 panis,
1332 748 1380 773 est
1430 743 1579 783 qualitate
1596 743 1856 775 differentiarum:
1878 750 1909 775 et
1924 751 2091 785 propterea
2107 748 2226 777 utimur
2241 758 2323 788 pane
2339 750 2371 779 in
2387 755 2486 787 recto,

318 797 436 829 corpus
461 787 590 819 Christi.
625 786 701 817 Ideo
725 786 929 816 falsissimum
952 791 999 816 est
1020 795 1152 826 panem,
1175 787 1241 816 sive
1263 796 1321 826 per
1343 796 1376 817 se
1429 787 1585 823 dicentes,
1609 787 1794 818 Substantia
1817 798 1900 829 quae
1922 795 1994 820 erat
2009 790 2116 830 panis.
2150 791 2257 829 Quam
2280 793 2486 824 substantiam

316 833 383 863 sive
405 841 463 872 per
485 830 642 866 accidens,
664 830 766 870 redigi
786 830 820 860 in
842 830 932 860 nihil.
955 829 1060 866 Unde,
1076 830 1103 860 si
1116 830 1207 870 panis
1223 830 1376 860 annihila-
1427 831 1616 862 Ambrosius
1648 841 1705 872 per
1727 832 1894 862 relativum
1917 833 2108 864 substantiae
2132 834 2333 874 significavit,
2357 836 2482 868 dicens:

316 881 403 906 retur
424 876 458 905 in
480 875 543 905 hoc
566 879 775 910 sacramento,
799 883 866 904 non
890 874 980 904 omni
1003 873 1119 904 eodem
1141 873 1241 904 modo
1265 883 1298 904 se
1321 875 1376 904 ha·
1427 875 1471 904 Et
1484 875 1531 905 sic
1546 874 1632 916 quod
1647 880 1718 906 erat
1726 875 1834 915 panis,
1860 876 1924 907 iam
1940 882 1987 907 est
2001 887 2118 918 corpus
2136 878 2265 915 Christi,
2289 880 2365 920 quia
2379 890 2483 911 sermo

315 919 405 950 beret
428 928 495 959 quo
517 927 606 949 nunc
629 927 662 948 se
685 918 789 948 habet.
813 917 899 955 Quia
921 926 1009 947 nunc
1032 917 1077 947 sic
1093 926 1126 947 se
1141 917 1237 948 habet
1252 917 1291 948 ad
1308 927 1375 948 esse
1430 919 1550 950 Christi
1572 925 1756 950 creaturam
1772 925 1883 956 mutat,
1908 926 1940 951 et
1952 921 1999 951 sic
2015 931 2056 951 ex
2065 931 2154 962 pane
2161 923 2208 963 fit
2222 932 2338 963 corpus
2357 924 2484 955 Christi.

316 968 348 994 et
374 972 526 993 non-esse
555 961 645 1002 quod
667 962 711 992 ita
732 971 800 992 non
828 967 875 992 est
903 961 992 1001 quod
1015 961 1048 991 id
1074 961 1164 1001 quod
1187 967 1251 992 erat
1274 963 1375 1002 panis,
1427 963 1503 993 Non
1526 964 1613 993 enim
1635 969 1741 1003 Ρο1851
1764 963 1826 994 (1181
1850 964 1939 1004 quod
1961 965 1994 1005 ly
2009 965 2096 1005 quod
2110 971 2182 996 erat
2190 967 2289 1006 panis
2306 967 2419 997 referat
2434 978 2485 998 ac-

315 1012 363 1038 est
384 1016 433 1038 res
456 1006 638 1042 ratissima,
661 1005 781 1036 scilicet
803 1015 920 1046 corpus
945 1004 1072 1036 Christi.
1107 1005 1140 1036 Si
1163 1011 1271 1036 autem
1295 1012 1376 1037 esset
1429 1006 1565 1037 cidentia
1587 1008 1677 1047 panis
1693 1009 1904 1038 remanentia:
1929 1009 2004 1048 quia
2019 1009 2072 1040 illa
2087 1019 2155 1040 non
2170 1016 2243 1040 sunt
2259 1020 2376 1051 corpus
2395 1011 2486 1042 Chri-

314 1050 460 1082 redactus
481 1051 515 1081 in
535 1050 682 1086 nihilum,
705 1050 749 1080 ita
763 1050 853 1090 panis
869 1059 936 1080 non
953 1055 1034 1080 esset
1053 1049 1142 1090 quod
1157 1049 1190 1080 id
1206 1049 1295 1090 quod
1311 1056 1376 1081 erat
1429 1052 1477 1087 sti,
1501 1061 1562 1082 nec
1584 1057 1659 1082 sunt
1680 1057 1801 1082 mutata
1815 1053 1849 1082 in
1866 1062 1982 1093 corpus
1999 1053 2134 1090 Christi3
2159 1063 2298 1094 quorum
2314 1061 2486 1096 utrumque

313 1095 415 1136 panis,
439 1094 527 1125 nulla
549 1104 599 1124 res
622 1099 712 1124 esset.
735 1094 854 1124 Procul
869 1094 931 1124 sint
954 1103 1029 1134 ergo
1054 1104 1072 1124 a
1086 1094 1216 1124 Patrum
1232 1093 1376 1125 doctrina
1426 1095 1615 1126 Ambrosius
1639 1095 1715 1126 dicit
1737 1094 1776 1126 de
1793 1105 1831 1126 eo
1856 1096 1945 1136 quod
1961 1102 2026 1127 erat
2040 1098 2141 1137 panis,
2159 1098 2286 1135 scilicet,
2306 1099 2400 1135 Quod
2415 1105 2487 1130 erat

313 1138 500 1170 huiusmodi
523 1138 684 1179 figmenta.
1423 1139 1536 1180 panis,
1561 1144 1609 1170 est
1634 1149 1752 1180 corpus
1782 1140 1918 1176 Christi,
1946 1141 2022 1182 quia
2053 1146 2210 1172 mutatum
2236 1149 2283 1173 est
2313 1143 2344 1173 in
2369 1152 2485 1184 corpus

369 1183 408 1213 X.
433 1182 527 1214 Circa
544 1183 640 1214 verba
655 1183 805 1213 Auctoris
827 1182 860 1212 in
877 1182 936 1212 hac
951 1183 1160 1222 responsione
1179 1181 1219 1212 ad
1234 1183 1373 1219 tertium,
1431 1183 1551 1214 Christi
1574 1183 1691 1214 virtute
1713 1185 1871 1215 sermonis
1896 1185 2024 1215 Christi.

314 1236 391 1258 cave
413 1237 456 1258 ne
477 1226 609 1263 fallaris,
633 1232 750 1267 putans
771 1226 948 1257 Auctorem
971 1227 1143 1257 Ambrosio
1168 1227 1373 1263 contrarium,
1482 1228 1575 1258 Hanc
1599 1227 1715 1258 eodem
1737 1228 1837 1259 modo
1861 1234 2022 1269 sumptam
2044 1229 2251 1260 substantiam
2281 1230 2422 1261 Salvator
2445 1233 2484 1261 si-

312 1271 365 1302 vel
387 1280 440 1302 me
456 1272 640 1311 exposuisse
655 1271 766 1311 inepto
782 1271 941 1301 vocabulo
957 1270 1119 1301 Ambrosii
1134 1271 1278 1307 verbum,
1295 1270 1373 1302 dum
1427 1270 1588 1311 gnificavit
1603 1281 1640 1302 ac
1657 1271 1884 1303 demonstravit
1906 1282 1964 1313 per
1978 1273 2011 1314 ly
2033 1273 2103 1309 hoc,
2128 1273 2245 1310 dicens,
2261 1274 2337 1304 Hoc
2352 1279 2398 1305 est
2412 1284 2484 1305 cor-

312 1316 348 1346 in
369 1316 429 1347 hac
451 1315 554 1351 littera
575 1315 691 1346 dicitur
713 1314 803 1355 quod
826 1320 906 1355 post
926 1315 1200 1346 consecrationem
1226 1315 1305 1346 haec
1327 1320 1375 1346 est
1426 1325 1487 1356 pus
1517 1326 1631 1346 meum.
1665 1316 1722 1346 Est
1752 1317 1839 1347 enim
1867 1317 2104 1357 propriissimus
2134 1327 2260 1348 sensus:
2291 1318 2384 1348 Haec
2413 1320 2484 1350 sub-

302 1359 412 1402 salsa,
436 1358 623 1391 Substantia
632 1360 732 1400 panis
754 1364 802 1390 est
823 1358 947 1400 aliquid
956 1366 969 1396 ;
992 1364 1032 1396 et,
1049 1359 1221 1390 Ambrosio
1238 1359 1373 1396 dicente,
1426 1360 1546 1390 stantia
1570 1365 1617 1391 εει
1638 1370 1756 1400 corpus
1778 1370 1892 1396 meum,
1916 1366 1952 1391 ut
1975 1360 2105 1392 inferius
2121 1363 2138 1378 Ῥ
2161 1362 2296 1402 amplius
2311 1363 2440 1402 patebit.

1083 1493 1403 1536 ARTICULUS
1433 1495 1708 1544 QUARTUS

808 1587 966 1619 UTRUM
988 1587 1112 1618 PANIS
1134 1587 1282 1619 PosslT
1307 1587 1530 1618 CONVERTI
1554 1588 1598 1618 IN
1622 1588 1791 1620 CORPUS
1815 1589 1988 1620 CHRISTI

684 1667 718 1691 1v
737 1666 821 1695 Sent„
841 1666 899 1690 dist.
918 1673 951 1695 ¹1,
970 1673 1014 1698 qu.
1033 1672 1050 1696 1,
1070 1670 1116 1691 art.
1138 1665 1161 1695 3,
1180 1665 1230 1698 qu⁸
1249 1672 1260 1690 1
1271 1672 1278 1695 ;
1298 1666 1332 1690 IV
1353 1666 1430 1691 Cont.
1445 1667 1532 1695 Gent„
1552 1674 1607 1698 cap.
1626 1673 1701 1696 Lxm;
1722 1667 1818 1697 Quodl.
1839 1667 1869 1698 V,
1890 1675 1933 1700 qu.
1952 1675 1986 1699 Vt,
2006 1674 2051 1694 art.
2073 1675 2101 1699 1;

872 1701 948 1726 Cont.
971 1702 1074 1730 Graec„
1093 1702 1211 1731 Armen„
1231 1706 1287 1732 etc.,
1307 1709 1364 1734 cap.
1381 1709 1428 1726 vm
1435 1708 1442 1731 3
1462 1701 1471 1725 1
1489 1701 1527 1726 ad
1547 1702 1622 1731 Con,
1642 1709 1698 1734 cap.
1717 1709 1750 1733 ¹1,
1770 1702 1828 1728 lect.
1847 1710 1882 1734 iv,
1900 1711 1926 1728 v.

428 1823 431 1826 ,
459 1812 479 1827 ,
444 1805 495 1845 <
519 1794 542 1819 D
571 1793 742 1824 QUARTUM
761 1792 813 1818 s1c
828 1791 1064 1817 PROCEDITUR.
1083 1779 1245 1816 Videtur
1263 1779 1370 1828 quod
1424 1779 1521 1816 sicut
1557 1780 1656 1817 duae
1690 1781 1837 1817 formae
1872 1782 2081 1819 contrariae
2119 1790 2207 1819 sunt
2226 1782 2241 1813 β
2268 1785 2483 1823 secundum

348 1816 436 1893 'UA
447 1834 490 1895 ζ’·ἑο
520 1834 630 1884 Ρ31115
667 1846 748 1871 11011
789 1832 908 1883 possit
944 1832 1116 1870 converti
1151 1832 1192 1869 in
1229 1844 1369 1882 corpus
1425 1844 1464 1869 se
1492 1832 1646 1880 divisae,
1673 1841 1805 1882 utpote
1833 1833 2019 1884 principia
2045 1835 2214 1872 formalis
2248 1836 2482 1875 differentiae

360 1879 374 1888 ’
388 1905 445 1933 r,
457 1873 487 1932 ’ἦ
503 1886 672 1925 Christi.
704 1886 918 1924 Conversio
939 1885 1044 1922 8111111
1072 1885 1265 1934 quaedam
1283 1897 1369 1922 mu·
1424 1885 1641 1932 existentes3
1670 1886 1720 1923 ita
1739 1886 1838 1923 duae
1857 1887 2037 1924 materiae
2057 1888 2222 1936 signatae
2241 1897 2330 1926 sunt
2348 1902 2482 1928 secun-

1424 1938 1520 1975 dum
1548 1951 1588 1975 se
1616 1916 1781 1987 divisae,
1811 1946 1943 1989 utpote
1971 1940 2171 1978 existentes
2207 1942 2438 1992 principium
2466 1949 2481 1972 Υ

1423 1991 1626 2028 111318113115
1654 1991 1860 2030 divisionis.
1890 1994 1991 2041 Ergo
2015 2005 2096 2031 non
2114 2001 2238 2043 potest
2264 2007 2346 2032 esse
2374 1996 2482 2045 quod

1423 2044 1519 2080 haec
1546 2043 1705 2081 materia
1731 2045 1841 2094 panis
1869 2044 1935 2082 fiat
1962 2046 2058 2082 haec
2091 2047 2250 2084 materia
2280 2060 2358 2096 qua
2385 2048 2480 2086 indi-

366 1935 506 1969 '5-235,
476 1933 609 1978 &tatio
629 1947 694 1977 est.
725 1939 802 1977 Sed
829 1939 869 1976 in
897 1938 1005 1976 omni
1026 1938 1237 1975 mutatione
1257 1950 1368 1987 opor-

307 1986 360 2031 'tet
378 2004 461 2030 esse
480 1993 638 2043 aliquod
666 1992 895 2052 subiectum,
915 1991 1022 2041 quod
1043 1991 1149 2041 prius
1169 1998 1224 2028 est
1242 1990 1282 2027 in
1299 2003 1369 2050 po-

307 2045 424 2084 tentia
451 2052 488 2082 et
514 2053 648 2096 postea
675 2053 731 2082 est
762 2045 802 2082 in
829 2052 933 2088 actu:
963 2051 1006 2081 ut
1033 2044 1138 2081 enim
1166 2043 1303 2081 dicitur
1329 2043 1369 2080 in

268 2109 282 2117 ·
307 2099 354 2136 111
371 2099 520 2148 Physic.
540 2099 572 2147 ²³²,
592 2104 712 2136 motus
730 2103 781 2135 est
807 2103 910 2135 actus
936 2098 1120 2134 existentis
1138 2098 1176 2134 in
1189 2098 1366 2146 potentia.
1422 2096 1604 2134 viduatur
1631 2109 1772 2146 corpus
1801 2098 1951 2135 Christi.
1981 2099 2030 2135 Et
2056 2098 2106 2136 ita
2133 2111 2235 2136 non·
2221 2108 2371 2159 ·potest
2398 2113 2479 2138 esse

273 2149 281 2159 ⁸
307 2152 401 2189 Non
420 2159 476 2188 est
503 2159 634 2189 autem
654 2151 746 2188 dare
759 2150 932 2211 aliquod
951 2149 1168 2187 subiectum
1196 2149 1368 2186 substan·
1423 2149 1530 2198 quod
1558 2150 1766 2187 substantia
1785 2150 1900 2187 huius
1927 2150 2037 2199 panis
2055 2160 2299 2190 convertatur
2325 2153 2363 2190 in
2391 2154 2479 2190 sub-

307 2203 380 2242 tiae
407 2204 518 2254 panis
545 2212 582 2242 et
617 2203 788 2254 corporis
827 2203 982 2241 Christi:
1021 2202 1113 2252 quia
1140 2203 1188 2239 de
1223 2201 1368 2239 ratione
1423 2202 1600 2239 stantiam
1628 2203 1799 2252 corporis
1828 2203 1977 2240 Christi.

307 2257 540 2298 substantiae
567 2265 623 2295 est
650 2257 759 2307 quod
779 2269 854 2294 non
881 2258 926 2293 sit
953 2258 990 2293 in
1018 2257 1189 2302 subiecto,
1209 2262 1251 2292 ut
1279 2254 1368 2291 dici-
1476 2255 1550 2292 SED
1570 2267 1714 2292 com-RA
1732 2268 1798 2292 1-:s’r
1816 2255 1923 2305 quod
1942 2256 2132 2294 Eusebius
2153 2258 2367 2296 Emesenus
2385 2258 2405 2280 ’¹‘
2424 2258 2479 2295 di-

306 2317 370 2349 tur
396 2310 436 2348 in
462 2311 776 2349 Praedicamentis
800 2309 831 2346 *.
874 2310 967 2346 Non
1000 2320 1091 2356 ergo
1126 2315 1250 2358 Ρο1851
1285 2319 1367 2344 8558
1422 2307 1490 2344 cit:
1519 2308 1673 2345 Novum
1691 2310 1756 2345 tibi
1772 2315 1806 2345 et
1824 2310 2044 2357 impossibile
2070 2322 2146 2347 esse
2166 2323 2241 2347 non
2261 2311 2363 2348 debet
2382 2311 2482 2361 quod

307 2363 416 2412 quod
433 2370 512 2404 tota
530 2363 739 2401 substantia
765 2362 875 2412 panis
894 2369 1138 2399 convertatur
1165 2361 1204 2398 in
1227 2372 1368 2409 corpus
1422 2362 1459 2397 in
1492 2361 1628 2397 Christi
1642 2363 1880 2398 substantiam
1899 2367 2047 2399 terrena
2075 2369 2108 2399 et
2135 2364 2307 2401 mortalia
2326 2376 2478 2402 conver-

308 2415 459 2453 Christi.
509 2416 525 2426 '
1422 2419 1558 2450 tuntur.

269 2514 272 2517 ‚
362 2480 397 2505 2.
418 2469 650 2515 PRAETEREA‚
670 2469 794 2506 forma
813 2467 938 2505 illius'
930 2479 969 2504 111
988 2467 1095 2526 quod
1115 2466 1259 2516 aliquid
1277 2479 1367 2504 con·
1474 2467 1699 2503 RESPONDEO
1718 2478 1898 2504 memnon
1918 2468 2036 2516 quod,
2052 2467 2148 2505 sicut
2167 2480 2282 2518 supra
2295 2468 2315 2490 *
2334 2469 2516 2509 dictum.

306 2521 486 2568 vertitur,
517 2521 565 2558 de
601 2533 707 2558 novo
743 2520 875 2580 incipit
911 2532 992 2558 esse
1020 2519 1060 2557 in
1096 2519 1255 2556 materia
1285 2519 1367 2557 eius
1422 2526 1488 2566 est,
1515 2531 1607 2555 cum
1634 2519 1673 2555 in
1710 2519 1785 2556 hoc
1821 2528 2059 2557 sacramento
2088 2521 2134 2558 sit
2166 2533 2305 2558 verum
2339 2534 2479 2571 corpus

307 2574 416 2624 quod
442 2574 483 2612 in
509 2574 639 2623 ipsum
664 2573 916 2611 convertitur:
947 2572 1053 2619 sicut,
1074 2584 1165 2609 cum
1193 2584 1258 2609 aer
1276 2585 1366 2610 con-
1423 2571 1572 2618 Christi,
1593 2584 1665 2608 nec
1683 2571 1837 2621 incipiat
1854 2573 1906 2610 ibi
1926 2585 2007 2610 esse
2036 2573 2084 2610 de
2102 2585 2208 2611 novo
2235 2586 2305 2623 per
2327 2582 2478 2612 motum

306 2627 466 2665 vertitur
501 2627 541 2664 in
568 2627 697 2675 ignem
723 2626 830 2676 prius
857 2637 938 2662 non
974 2625 1215 2671 existentem,
1243 2625 1368 2663 forma
1422 2626 1603 2671 localem,
1632 2637 1723 2662 cum
1757 2624 1873 2662 etiam
1907 2638 1978 2663 nec
2005 2638 2146 2676 corpus
2184 2626 2322 2664 Christi
2354 2627 2400 2664 sit
2427 2627 2479 2664 ibi

307 2679 404 2729 ignis
438 2679 568 2729 incipit
595 2680 643 2716 de
680 2691 785 2716 novo
813 2690 895 2715 esse
923 2678 963 2715 in
994 2677 1153 2715 materia
1185 2678 1301 2724 aeris3
1332 2685 1368 2715 et
1420 2677 1517 2714 sicut
1535 2678 1575 2714 in
1593 2654 1693 2724 loco,-
1712 2685 1755 2714 ut
1773 2689 1820 2714 ex
1845 2678 1990 2715 dictis*
2016 2686 2138 2728 patet:
2168 2691 2322 2716 necesse
2350 2687 2405 2716 est
2423 2680 2478 2716 di-

306 2732 488 2779 similiter,
505 2745 596 2770 cum
615 2732 723 2769 cibus
737 2731 971 2769 convertitur
988 2730 1028 2767 in
1046 2730 1247 2767 hominem
1261 2730 1367 2780 prius
1419 2742 1505 2767 cere
1542 2730 1650 2780 quod
1685 2729 1738 2766 ibi
1759 2729 1928 2790 incipiat
1963 2743 2045 2768 esse
2078 2743 2149 2781 per
2184 2732 2477 2770 conversionem

305 2798 388 2824 non
415 2785 650 2828 existentem.
676 2785 800 2822 forma
834 2782 1003 2821 hominis
1036 2782 1166 2833 incipit
1201 2795 1283 2820 esse
1318 2783 1366 2820 de
1419 2783 1650 2820 substantiae
1677 2782 1788 2832 panis
1815 2782 1855 2819 in
1882 2783 2021 2832 1Ρ511111.

306 2851 412 2877 110νο
441 2838 481 2876 111
508 2837 666 2876 111318113
693 2837 778 2875 cibi.
811 2836 851 2874 Si
879 2848 968 2885 ergo
996 2835 1106 2885 panis
1134 2835 1367 2873 convertitur
1471 2835 1579 2872 Haec
1605 2843 1735 2872 tamen
1753 2836 1953 2873 conversio
1972 2848 2052 2872 non
2080 2843 2135 2872 est
2161 2835 2292 2873 similis
2317 2849 2475 2874 conver-

306 2891 348 2929 in
374 2903 516 2941 corpus
537 2890 688 2936 Christi,
709 2902 863 2927 necesse
883 2896 938 2926 est
956 2888 1063 2938 quod
1083 2888 1208 2925 forma
1230 2900 1366 2937 corpo-
1419 2887 1591 2925 sionibus
1618 2887 1864 2934 naturalibus,
1886 2888 1953 2925 sed
1981 2896 2036 2925 est
2063 2888 2223 2925 omnino
2251 2897 2476 2938 supernatu-

306 2944 357 2983 115
385 2943 525 2982 Christi
553 2944 600 2981 de
628 2955 733 2980 novo
757 2942 911 2992 incipiat
938 2953 1020 2979 esse
1048 2940 1088 2978 in
1115 2940 1273 2978 materia
1298 2953 1366 2990 pa·
1419 2940 1516 2986 ralis,
1546 2941 1627 2977 sola
1654 2939 1726 2977 Dei
1754 2939 1891 2977 virtute
1923 2941 2066 2978 effecta.
2109 2941 2220 2978 Unde
2247 2941 2475 2979 Ambrosius

1418 2992 1518 3038 dicit,
1539 2992 1578 3029 in
1597 2992 1693 3029 libro
1713 2992 1759 3029 de
1776 2994 2024 3030 Sacramentis
2041 2993 2079 3030 *ε
2109 2995 2238 3043 Liquet
2256 2995 2355 3044 quod
2364 3007 2475 3044 prae-

1417 3051 1473 3082 ter
1492 3051 1648 3082 naturae
1666 3045 1834 3083 ordinem
1861 3047 1976 3096 Virgo
1994 3047 2197 3096 generavit.
2225 3048 2273 3085 Et
2290 3048 2360 3084 hoc
2379 3047 2478 3096 quod

1419 3100 1654 3159 conficimus,
1683 3110 1818 3148 corpus
1853 3110 1903 3135 ex
1935 3100 2089 3160 Virgine
2124 3105 2184 3136 est.
2229 3099 2328 3142 Quid
2362 3101 2476 3150 igitur

1421 3153 1566 3201 quaeris
1585 3157 1741 3188 naturae
1767 3150 1935 3188 ordinem
1964 3153 2000 3188 in
2025 3152 2160 3188 Christi
2184 3164 2364 3202 corpore.-
2390 3165 2476 3190 cum

1412 3210 1565 3254 praeter
1583 3209 1756 3242 naturam
1783 3205 1827 3240 sit
1854 3205 1930 3253 ipse
1946 3205 2130 3241 Dominus
2147 3206 2251 3241 Iesus
2269 3211 2402 3254 partus
2427 3217 2477 3242 ex

1426 3256 1610 3307 Virgine?
1637 3257 1686 3293 Et
1713 3268 1829 3306 super
1865 3256 1958 3294 illud
1991 3258 2094 3294 Ioan.
2121 3269 2156 3294 v1
2174 3257 2205 3296 ³¹³.
2233 3258 2353 3295 Verba
2381 3270 2476 3308 quae

306 2997 383 3035 nis:
413 2997 521 3047 quod
549 3004 605 3034 est
631 2997 780 3034 falsum.
809 2996 902 3032 Non
930 3006 1019 3042 ergo
1042 2993 1152 3043 panis
1179 2993 1366 3031 converti-

305 3049 368 3088 tur
394 3049 435 3088 in
463 3049 714 3088 substantiam
742 3047 913 3098 corporis
943 3046 1092 3084 Christi.

361 3102 396 3141 3.
425 3104 659 3148 Palmam,
678 3113 778 3151 quae
798 3109 886 3138 sunt
904 3099 1120 3137 secundum
1139 3111 1179 3135 se
1198 3098 1364 3145 divisa,
1335 3104 1353 3120 ‘²

305 3167 510 3205 nunquam
528 3167 652 3193 unum
673 3167 812 3192 eorum
830 3153 873 3190 fit
896 3155 1074 3190 alterum:
1104 3152 1201 3189 518111
1227 3152 1365 3189 albedo

262 3220 510 3266 ...nunquam
527 3208 572 3246 fit
599 3208 768 3257 nigredo,
789 3207 857 3244 sed
876 3205 1092 3243 subiectum
1120 3204 1304 3242 albedinis
1322 3204 1366 3241 fit

267 3259 523 3300 .subiectum
540 3260 757 3310 nigredinis,
773 3267 815 3297 ut
833 3258 997 3297 dicitur
988 3270 1027 3295 m
1046 3259 1221 3307 IPhysic.
1236 3257 1256 3280 ’¹‘
1275 3257 1363 3305 Sed,

359 3383 376 3401 α
406 3375 502 3401 divisa.
519 3389 539 3395 —-
557 3375 662 3401 diversa
680 3375 703 3400 D
721 3380 747 3399 et
765 3375 905 3405 editiones;
924 3372 989 3406 81.β
1006 3381 1030 3407 γ.
1470 3369 1498 3404 γ)
1512 3370 1686 3402 principium.
1712 3384 1732 3388 -
1753 3369 1891 3402 principia
1917 3368 2051 3399 editiones,
2069 3377 2123 3395 om.
2140 3370 2172 3395 Α.
2194 3369 2245 3394 Pro
2269 3370 2414 3400 divisionis,
2433 3370 2474 3395 di-

359 3374 388 3445 βζ
404 3414 476 3437 sunt.
494 3425 512 3431 -
529 3411 591 3437 Om.
604 3411 672 3444 HpG
685 3415 710 3436 et
723 3410 746 3436 b.
758 3424 777 3429 -
795 3410 846 3435 Pro
864 3409 966 3434 divisae
984 3414 1096 3441 utroque
1115 3408 1180 3437 loco.
1195 3407 1317 3432 diversae
1330 3407 1364 3438 P;
1416 3405 1566 3431 stinctionis
1584 3405 1612 3431 Ρ.

303 3446 429 3480 signatae
445 3449 508 3472 sunt
525 3446 669 3472 secundum
687 3453 715 3471 se
733 3445 835 3471 divisae
853 3452 906 3470 om.
924 3444 992 3477 HpG
1011 3449 1036 3469 et
1055 3444 1092 3469 bc.

2516 279 2611 302 ‘Nm
2625 286 2673 302 vm.

2511 1348 2522 1358 '¹
2529 1346 2560 1368 Cf
2570 1351 2611 1369 m.
2617 1354 2641 1374 ⁴»
2649 1347 2722 1370 Com-

2511 1377 2581 1395 meat.
2593 1380 2655 1397 num.
2666 1380 2705 1397 vu.

2506 2261 2717 2315 ἶέ“ἷὲ“ροἕκχικ

2505 2314 2535 2335 Ρ5
2537 2294 2622 2335 eudo·
2633 2314 2654 2335 ls
2655 2314 2714 2336 idor.

2505 2340 2717 2366 Homil.1v‚de

2505 2366 2581 2420 g‘brss,
2590 2357 2715 2414 ἰηιΡίςεῖἶς.

2505 2419 2716 2473 -Cf.can.degu1a

2505 2451 2564 2493 {ecia
2535 2445 2645 2493 musam·
2660 2471 2688 2493 11.

2506 2499 2582 2521 ‘At-t.
2595 2504 2615 2520 2.

2505 2687 2575 2708 ‘Art.
2592 2694 2610 2713 ¹,
2625 2686 2653 2708 ad
2667 2693 2687 2715 3.

2502 2999 2654 3048 imm.
2661 3001 2713 3053 ἑέῖξ.

2501 3058 2601 3106 11.-’.33
2603 3041 2714 3101 ἐστὶ

2502 3111 2571 3132 secr„
2588 3095 2640 3127 dist.
2656 3105 2684 3127 11.

2501 3257 2591 3280 ·Ver=.
2608 3257 2646 3284 ⁶4-
