2878 4088
0 3135 5 3154 v-
0 2940 13 3129 *WW
0 2810 9 2927 ’.τε-«νη
0 2574 9 2804 *wa—*w-

65 486 75 495 ·
89 483 127 505 Cf.
143 488 193 510 eap.
217 482 276 504 Con-

62 509 191 531 sultatiom'
247 509 278 530 de

66 535 158 564 Ρηῑςῐα.
169 525 278 557 nisae—

62 562 103 588 fic.

62 966 276 1015 meam

63 1019 103 1042 lib.
118 1019 160 1047 lv,
169 1025 220 1048 eap-
231 1025 247 1042 ι.

60 1139 141 1188 {gap-
155 1139 225 1166 Quod
237 1145 274 1162 se-

61 1319 74 1330 ‘
81 1317 120 1340 Cf.
125 1317 178 1346 uig-
185 1317 213 1345 L,
218 1324 274 1341 xvn.

63 1343 94 1366 de
107 1344 202 1366 muers.
217 1343 237 1366 R
269 1359 276 1365 .

61 1370 236 1399 &nimuh
255 1377 274 1398 5.

63 2173 74 2183 ·
87 2172 146 2201 cap.
160 2171 199 2194 Ex
214 2172 276 2194 litte-

61 2198 162 2247 geude
179 2198 275 2228 Frneid.

63 2262 74 2272 ·
86 2260 99 2283 1
107 2260 142 2283 ad
150 2259 216 2288 Cor„
224 2266 276 2289 cap.

62 2293 102 2314 vu,
117 2293 179 2309 vens
191 2293 227 2317 3ο.

64 2440 76 2451 '
89 2439 148 2467 Cup.
157 2438 278 2461 Laudabi-

61 2465 277 2521 {rasere-

65 2575 76 2585 '
89 2573 152 2596 lbid.

67 2885 78 2895 ·
91 2882 151 2905 lbid.

930 222 1194 269 QUAESTIO
1223 222 1350 268 LVIII,
1371 219 1664 257 ARTICULUS
1685 219 1713 255 lI

363 301 392 332 3.
416 301 613 337 PRAETEREA,
631 310 744 331 omnes
763 310 854 331 senes
877 305 951 331 sunt
974 299 1088 339 frigidi.
1113 298 1176 330 Sed
1191 309 1282 330 senes
1297 309 1372 339 pos-

307 351 382 376 sunt
397 345 638 375 matrimonium
662 345 858 376 contrahere.
883 345 969 385 Ergo
991 343 1142 384 frigiditas
1156 353 1224 374 non
1240 343 1374 384 impedit

305 390 557 421 matrimonium.

360 443 391 473 4.
412 434 608 470 PRAETEREA,
626 434 651 463 si
667 434 726 464 scit
740 433 855 464 mulier
870 434 975 463 virum
991 442 1058 462 esse
1074 431 1226 472 frigidum
1241 431 1372 472 quando

305 488 381 509 cum
405 487 444 508 eo
470 478 638 514 contrahit,
656 487 768 508 verum
792 484 838 508 est
861 477 1104 507 matrimonium
1119 477 1146 506 *.
1177 476 1263 516 Ergo
1288 475 1373 516 frigi·
1395 491 1403 511 ς

304 522 394 559 ditas,
412 528 570 562 quantum
594 527 640 552 est
664 521 703 552 de
727 531 770 558 se,
787 522 1029 552 matrimonium
1052 530 1120 550 non
1142 520 1286 560 impedit.

361 568 390 597 5.
415 567 612 603 PRAETRRRA,
629 566 786 606 contingit
808 567 842 596 in
865 566 974 606 aliquo
998 575 1066 595 esse
1090 565 1264 595 siccitatem
1286 563 1372 594 suffi-

304 611 424 642 cienter
447 616 634 641 moventem
657 610 696 640 ad
720 610 878 640 carnalem
902 609 1054 649 copulam
1078 618 1153 639 cum
1177 609 1282 648 aliqua
1302 617 1372 638 cor-

303 661 406 696 rupta,
431 665 499 685 non
523 661 631 685 autem
655 664 730 685 cum
754 655 860 694 aliqua
883 654 1020 694 virgine:
1047 653 1122 693 quia
1145 653 1209 683 cito
1233 651 1372 683 calidum

304 705 472 740 evaporat,
497 700 620 730 ratione
650 708 726 729 suae
756 698 942 734 debilitatis,
966 703 1003 727 ut
1031 696 1070 727 ad
1098 695 1372 737 corrumpendum
1387 710 1413 725 ιο

303 745 460 784 virginem
482 753 550 774 non
574 742 718 773 sufficiat.
744 742 785 773 Et
807 742 951 772 similiter
967 746 1014 771 est
1028 742 1062 771 in
1078 740 1188 781 aliquo
1212 740 1372 771 sufficiens

304 788 444 819 caliditas
468 787 508 818 ad
530 788 686 828 pulcram,
704 796 786 827 quae
805 787 906 826 magis
929 786 1224 825 concupiscentiam
1247 783 1372 814 inflam-

303 838 379 868 mat,
397 841 480 873 quae
495 842 564 862 non
580 831 773 862 sufficienter
795 836 906 861 movet
921 829 961 860 ad
976 835 1114 869 turpem.
1138 830 1224 869 Ergo
1248 828 1373 859 videtur

304 876 395 918 quod
418 876 586 916 frigiditas,
611 876 668 906 etsi
690 874 844 915 impediat
866 879 1014 914 respectu
1037 874 1149 910 unius,
1173 883 1241 904 non
1264 878 1372 903 tamen

302 920 439 962 impedit
461 920 655 960 simpliciter.

359 965 389 996 6.
413 965 616 1000 Pmnmmza,
641 963 758 994 mulier
781 968 829 993 est
851 962 1070 993 universaliter
1093 961 1237 1002 frigidior
1259 962 1328 992 viro
1344 962 1371 991 ἦ

303 1008 366 1040 Sed
393 1009 543 1039 mulieres
569 1018 637 1039 non
662 1007 882 1048 impediuntur
905 1017 923 1038 a
946 1007 1163 1037 matrimonio.
1196 1007 1282 1047 Ergo
1311 1015 1373 1036 nec

301 1053 361 1084 viri
383 1052 497 1093 frigidi.

358 1097 420 1128 San
452 1107 575 1127 CONTRA
608 1106 662 1127 EST
696 1096 786 1136 quod
817 1096 932 1127 dicitur
963 1096 1076 1131 Extra,
1106 1095 1145 1126 de
1167 1094 1314 1136 Frigidis
1343 1100 1372 1125 et

302 1141 444 1183 Malefic.
461 1142 494 1171 *ε
519 1141 611 1171 Sicut
633 1150 734 1181 puer,
759 1141 815 1182 qui
843 1151 908 1171 non
927 1145 1037 1180 potest
1059 1140 1194 1170 reddere
1217 1140 1371 1175 debitum,
1387 1151 1414 1165 20

303 1196 368 1217 non
393 1191 440 1217 est
462 1191 557 1226 aptus
579 1186 753 1227 coniugio,
777 1186 824 1216 sic
846 1185 901 1226 qui
924 1185 1111 1225 impotentes
1134 1189 1218 1221 sunt,
1243 1184 1373 1214 minime

302 1231 370 1272 apti
385 1230 428 1261 ad
443 1230 664 1261 contrahenda
688 1230 897 1261 matrimonia
921 1235 1123 1270 reputantur.
1148 1229 1242 1260 Tales
1265 1234 1373 1259 autem

303 1281 378 1306 sunt
400 1274 515 1315 frigidi.
539 1275 637 1315 Ergo,
662 1280 722 1305 etc.

356 1329 391 1352 2.
413 1316 610 1356 Famam,
627 1319 735 1350 nullus
745 1325 858 1362 *potest
873 1329 906 1349 se
923 1319 1064 1359 obligare
1080 1317 1120 1348 ad
1135 1318 1332 1358 impossibile
1344 1318 1371 1348 *.

303 1356 368 1396 Sed
382 1364 417 1395 in
431 1364 639 1394 matrimonio
663 1364 764 1394 homo
781 1373 814 1394 se
831 1364 951 1404 Obligat
966 1363 1006 1394 ad
1022 1363 1181 1393 carnalem
1204 1362 1370 1402 copulam:
1387 1372 1410 1392 25

304 1409 381 1450 quia
403 1407 443 1438 ad
466 1409 530 1438 hoc
553 1408 606 1439 dat
629 1408 718 1438 alteri
741 1409 791 1438 sui
815 1409 958 1448 corporis
982 1413 1184 1448 potestatem.
1209 1406 1295 1447 Ergo
1319 1406 1372 1436 fri-

302 1453 406 1494 gidus,
431 1453 487 1492 qui
510 1462 578 1483 non
601 1458 708 1493 potest
732 1453 898 1483 carnaliter
920 1452 1076 1492 copulari,
1092 1461 1160 1482 non
1183 1457 1290 1492 potest
1305 1461 1387 1481 ma-¹

301 1497 492 1528 trimonium
516 1498 712 1528 contrahere.

357 1541 548 1572 Rnsrommo
573 1551 733 1571 mmmmm
749 1540 840 1581 quod
855 1541 889 1571 in
905 1541 1111 1571 matrimonio
1128 1545 1175 1570 est
1191 1544 1373 1569 contractus

303 1585 436 1627 quidam
460 1595 527 1626 quo
551 1595 635 1616 unus
659 1585 748 1615 alteri
772 1585 930 1625 obligatur
946 1585 986 1615 ad
1002 1585 1146 1615 debitum
1168 1584 1293 1614 carnale
1309 1583 1372 1613 sol-
1388 1592 1413 1612 ³0

301 1629 455 1661 vendum.
480 1629 584 1666 Unde,
601 1629 684 1660 sicut
706 1630 739 1659 in
764 1629 831 1659 aliis
855 1630 1070 1660 contractibus
1093 1639 1160 1659 non
1185 1633 1232 1659 est
1255 1637 1373 1659 conve-

302 1675 394 1706 niens
425 1674 578 1714 obligatio
609 1674 635 1704 si
659 1673 780 1714 'aliquis
810 1683 843 1703 se
875 1674 995 1714 obliget
1024 1673 1065 1703 ad
1094 1673 1158 1704 hoc
1189 1672 1279 1713 quod
1305 1682 1373 1703 non

302 1724 410 1761 potest
433 1718 506 1749 dare
529 1718 581 1749 vel
604 1717 718 1754 facere,
734 1718 777 1748 ita
792 1728 860 1748 non
877 1724 924 1748 est
947 1718 1143 1748 conveniens
1166 1718 1372 1748 matrimonio

304 1769 487 1795 contractus
511 1764 537 1793 si
559 1762 615 1793 fiat
637 1763 676 1792 ab
699 1762 809 1802 aliquo
834 1763 890 1802 qui
919 1762 1064 1793 debiturn
1095 1762 1220 1792 carnale
1250 1762 1374 1792 solvere

302 1818 372 1840 non
403 1809 514 1848 possit.
549 1807 591 1838 Et
622 1807 687 1837 hoc
718 1807 988 1847 impedimentum
1021 1812 1154 1837 vocatur
1186 1807 1374 1847 impotentia
1389 1823 1411 1842 ³5

304 1851 451 1888 coeundi,
467 1853 601 1882 nomine
619 1852 774 1892 generali.

360 1897 453 1935 Quae
481 1896 613 1937 quidem
636 1901 743 1937 potest
773 1905 840 1926 esse
870 1895 921 1926 vel
945 1905 982 1926 ex
1019 1905 1114 1926 causa
1144 1895 1315 1926 intrinseca
1343 1901 1375 1926 et

303 1941 456 1978 naturali;
487 1941 538 1971 vel
571 1951 610 1972 ex
643 1950 738 1971 causa
769 1941 944 1971 extrinseca
975 1940 1179 1976 accidentali,
1212 1941 1294 1970 sicut
1317 1951 1374 1981 per

303 1985 516 2022 maleficium,
548 1984 588 2016 de
619 1994 683 2025 qua
710 1990 784 2026 post
807 1986 824 2002 ⁴*
853 1984 986 2015 dicetur.
1009 2003 1032 2007 -—
1063 1984 1096 2015 Si
1126 1990 1235 2015 autem
1266 1985 1305 2015 sit
1335 1995 1374 2015 ex

304 2040 400 2062 causa
431 2030 584 2066 naturali,
608 2030 672 2060 hoc
696 2035 802 2070 potest
825 2039 893 2060 esse
924 2029 1102 2069 dupliciter.
1138 2029 1224 2067 Quia
1246 2029 1297 2060 vel
1327 2035 1375 2060 est
1388 2044 1415 2064 40

303 2075 506 2116 temporalis,
538 2075 590 2105 cui
614 2080 720 2115 potest
750 2074 911 2104 subvenin’
939 2073 1098 2104 beneficio
1122 2073 1300 2114 medicinae
1323 2074 1374 2105 vel

303 2129 458 2161 processu
487 2120 614 2150 aetatis:
640 2125 672 2150 et
702 2125 781 2149 tunc
804 2128 871 2149 non
902 2118 996 2148 solvit
1026 2118 1279 2149 matrimonium.
1313 2119 1374 2149 Vel

304 2169 352 2196 est
366 2169 531 2205 perpetua.
555 2164 598 2194 Et
617 2169 694 2194 tunc
718 2163 813 2193 solvit
835 2163 1124 2193 matrimonium*:
1149 2163 1192 2193 ita
1208 2162 1298 2203 quod
1321 2163 1374 2194 ille

304 2219 343 2240 ex
358 2215 447 2250 parte
471 2210 563 2239 cuius
587 2208 740 2248 allegatur
762 2207 1042 2248 impedimentum,
1065 2213 1222 2247 perpetuo
1246 2213 1374 2238 maneat

304 2255 425 2294 absque
449 2263 505 2293 spe
529 2253 688 2293 coniugii,
714 2252 793 2282 alius
824 2252 924 2282 nubat
951 2252 1004 2282 cui
1030 2252 1100 2282 vult
1123 2252 1155 2281 in
1179 2252 1322 2283 Domino
1345 2253 1372 2283 *.
1387 2265 1411 2285 45

358 2297 411 2328 Ad
426 2298 490 2328 hoc
507 2302 614 2328 autem
634 2295 908 2337 cognoscendum,
925 2301 1034 2327 utrum
1050 2297 1090 2326 sit
1104 2296 1373 2336 impedimentum

304 2347 499 2383 perpetuum
521 2341 573 2372 vel
595 2351 673 2377 non,
698 2341 842 2372 Ecclesia
864 2347 992 2382 tempus
1016 2340 1262 2372 determinatum
1286 2341 1374 2372 adhi-

304 2387 375 2418 buit
397 2387 430 2417 in
454 2390 521 2427 quo
545 2386 641 2416 huius
665 2386 710 2416 rei
732 2390 842 2426 posset
869 2395 937 2417 esse
961 2386 1230 2425 experimentum,
1255 2386 1375 2416 scilicet

304 2431 479 2462 triennium
495 2432 529 2461 *z
553 2431 596 2460 ita
619 2429 710 2470 quod
732 2430 768 2466 si,
793 2435 867 2470 post
889 2431 1073 2465 triennium,
1090 2431 1123 2460 in
1147 2440 1214 2471 quo
1239 2429 1375 2461 fideliter

305 2485 343 2506 ex
359 2481 495 2516 utraque
511 2480 599 2515 parte
615 2474 772 2505 dederunt
788 2484 920 2515 operam
940 2475 1077 2515 copulae
1101 2475 1218 2506 carnali
1238 2475 1375 2515 implen-
1391 2490 1416 2510 50

305 2520 381 2557 dae,
411 2520 592 2550 inveniatur
623 2519 866 2550 matrimonium
895 2529 964 2550 non
995 2529 1063 2550 esse
1096 2525 1374 2556 consummatum,

304 2564 426 2595 iudicio
449 2564 611 2595 Ecclesiae
635 2563 817 2595 dissolvitur
832 2564 859 2594 “.

361 2609 403 2639 Et
424 2614 533 2639 tamen
555 2609 588 2639 in
611 2608 675 2638 hoc
699 2608 897 2649 quandoque
924 2607 1068 2639 Ecclesia
1091 2614 1188 2639 errat:
1220 2609 1296 2649 quia
1319 2618 1376 2649 per

305 2653 481 2683 triennium
504 2652 701 2693 quandoque
724 2663 792 2683 non
816 2652 1009 2683 sufficienter
1033 2654 1167 2693 experiri
1183 2659 1290 2694 potest
1305 2663 1376 2693 per-

306 2699 444 2738 petuitas
467 2698 686 2737 impotentiae.
711 2697 816 2734 Unde,
833 2698 859 2728 si
874 2697 1019 2728 Ecclesia
1040 2707 1074 2728 se
1098 2697 1266 2738 deceptam
1286 2698 1375 2728 inve·
1391 2711 1414 2732 ςς

306 2743 382 2778 niat,
399 2751 457 2782 per
471 2742 535 2772 hoc
551 2741 642 2782 quod
659 2741 712 2772 ille
727 2742 762 2772 in
778 2751 845 2782 quo
869 2747 935 2772 erat
957 2742 1236 2782 impedimentum,
1253 2742 1376 2773 inveni-

306 2792 358 2817 tur
374 2786 533 2817 camalem
557 2786 709 2826 copulam
734 2796 808 2816 cum
825 2786 885 2816 alia
901 2786 951 2816 vel
967 2796 1043 2817 cum
1060 2786 1172 2818 eadem
1194 2786 1375 2827 perfecisse,

306 2832 476 2871 reintegrat
499 2831 742 2861 matrimonium
765 2830 969 2870 praecedenS,
990 2836 1021 2861 et
1045 2830 1163 2862 dirimit
1185 2831 1375 2868 secundum,

307 2875 455 2916 quamvis
479 2875 519 2905 de
543 2875 611 2905 eius
634 2875 763 2905 licentia
786 2876 825 2905 sit
848 2874 969 2905 factum
984 2876 1011 2905 *.

362 2920 414 2950 An
437 2929 555 2949 pamma
577 2929 660 2949 ERGO
682 2929 842 2950 mmmmm
858 2919 958 2960 quod,
976 2920 1122 2959 quamvis
1139 2925 1227 2950 actus
1244 2920 1376 2951 carnalis
1390 2929 1417 2949 60

308 2964 446 3005 copulae
463 2973 532 2994 non
548 2963 587 2993 sit
603 2963 643 2994 de
659 2964 794 2994 essentia
816 2964 1022 2999 maffimonii,
1046 2969 1154 2994 tamen
1177 2965 1322 3004 potentia
1337 2965 1377 2995 ad

307 3009 372 3039 hoc
399 3014 446 3038 est
474 3007 513 3038 de
537 3008 605 3038 eius
637 3009 789 3038 essentia:
821 3009 897 3048 quia
926 3018 984 3048 per
1013 3009 1255 3039 matrimonium
1285 3008 1377 3039 datur

308 3053 437 3093 utrique
468 3053 646 3092 coniugum
675 3057 817 3092 potestas
844 3054 877 3083 in
905 3062 1042 3093 corpore
1074 3053 1202 3084 alterius
1229 3059 1377 3093 respectu

309 3097 441 3128 carnalis
464 3096 611 3137 copulae.

363 3141 415 3171 An
446 3151 608 3171 szcmmuu
642 3150 803 3171 mmmmm
837 3140 927 3181 quod
958 3141 1098 3171 caliditas
1131 3140 1293 3181 superflua
1324 3142 1377 3172 vix
1390 3149 1415 3175 σς

309 3190 417 3226 potest
443 3195 512 3216 esse
539 3184 809 3226 impedimentum
832 3191 1036 3226 perpetuum.
1068 3185 1101 3216 Si
1123 3191 1232 3216 tamen
1254 3186 1376 3217 inveni·

308 3234 396 3260 retur
419 3228 510 3269 quod
535 3238 593 3269 per
615 3230 790 3260 triennium
817 3230 987 3270 impediret
1018 3229 1177 3260 carnalem
1207 3230 1376 3270 copulam,

310 3272 503 3304 iudicaretur
531 3279 736 3314 perpetuum.
767 3274 910 3311 Tamen,
935 3275 1011 3314 quia
1040 3273 1192 3315 frigiditas
1222 3275 1323 3315 magis
1347 3281 1378 3305 et

310 3317 510 3357 frequentius
531 3317 666 3358 impedit
682 3318 779 3358 (tollit
795 3320 882 3350 enim
897 3328 965 3349 non
981 3318 1088 3349 solum
1112 3319 1378 3350 commixtionem

2421 230 2491 266 117

1428 308 1503 329 men
1518 298 1637 328 habent
1660 295 1851 327 caliditatem
1875 296 2084 327 sufficientem
2101 296 2140 327 ad
2157 297 2314 327 carnalem
2330 297 2491 336 copulam.

1427 343 1469 374 Et
1491 342 1565 372 ideo
1589 340 1776 372 conceditur
1800 340 1844 370 eis
1867 341 2109 371 matrimonium
2133 341 2310 371 secundum
2335 341 2424 381 quod
2447 346 2494 371 est

1427 388 1461 418 in
1476 386 1671 417 remedium:
1697 385 1842 425 quamvis
1865 394 1933 414 non
1956 390 2118 424 competat
2142 386 2186 415 eis
2209 385 2387 416 secundum
2404 385 2493 425 quod

1428 438 1474 462 est
1497 432 1531 461 in
1555 430 1699 461 officium
1722 435 1863 459 naturae.

1481 476 1532 506 An
1557 484 1706 506 auam-un
1729 482 1888 503 mmmmm
1911 472 2001 512 quod
2023 473 2056 502 in
2080 473 2226 512 quolibet
2249 479 2414 504 contractu
2429 474 2493 504 hoc

1427 520 1645 552 universaliter
1667 523 1807 554 tenetur,
1832 516 1922 557 quod
1945 516 1998 546 ille
2026 517 2082 556 qui
2110 524 2156 547 est
2183 518 2343 557 impotens
2367 518 2407 548 ad
2430 518 2493 548 sol-

1426 564 1569 596 vendum
1599 562 1736 603 aliquid,
1767 571 1835 592 non
1865 566 2030 600 reputatur
2060 561 2196 591 idoneus
2227 562 2267 591 ad
2294 567 2493 592 contractum

1426 610 1519 640 illum
1542 618 1609 648 quo
1633 618 1667 638 se
1691 607 1811 646 obligat
1838 605 1878 635 ad
1901 605 1969 635 eius
1997 605 2203 636 solutionem.
2235 606 2360 636 Tamen
2388 612 2494 646 potest

1426 655 1589 694 impotens
1613 662 1682 682 esse
1705 651 1878 691 tripliciter.
1903 650 1978 680 Uno
2002 649 2113 686 m0d0‚
2131 650 2206 689 quia
2222 659 2290 680 non
2306 656 2412 690 potest
2430 651 2494 681 sol-

1426 708 1500 728 vere
1524 697 1563 728 de
1586 697 1665 727 iure.
1690 696 1731 726 Et
1754 695 1799 725 sic
1821 694 1891 724 talis
1914 694 2105 733 impotentia
2129 694 2278 724 omnibus
2300 694 2403 725 modis
2421 694 2495 725 facit

1427 747 1628 773 contractum
1652 749 1720 771 esse
1744 739 1888 769 nullum:
1914 739 1979 768 sive
2000 739 2077 768 sciat
2091 738 2145 769 ille
2162 748 2236 769 cum
2253 748 2319 779 quo
2336 738 2411 769 facit
2426 739 2494 769 talis

1427 791 1628 817 contractum
1644 785 1726 815 hanc
1742 783 1977 823 impotentiam,
1991 784 2056 813 sive
2072 793 2149 814 non.
2161 801 2184 805 —
2199 783 2274 814 Alio
2291 783 2402 819 m0d0‚
2420 784 2495 823 quia

1426 841 1494 861 non
1517 831 1557 860 sit
1580 828 1735 860 solvendo
1760 828 1799 858 de
1823 827 1918 858 facto.
1943 827 1984 857 Et
2007 833 2095 864 tunc,
2112 828 2137 857 si
2154 828 2231 857 sciat
2253 828 2306 858 ille
2331 838 2405 858 cum
2427 837 2494 868 quo

1427 875 1586 906 contrahit
1600 875 1682 904 hanc
1698 873 1922 913 impotentiam
1939 877 1970 902 et
1981 872 2190 902 nihilominus
2207 873 2374 908 contrahit,
2388 878 2494 903 osten-

1388 930 1396 943 1
1427 919 1512 950 ditur
1528 918 1618 959 quod
1633 918 1732 949 alium
1755 917 1854 948 finem
1871 926 1909 947 ex
1925 923 2091 947 contractu
2115 918 2254 957 quaerit:
2279 923 2310 948 et
2326 917 2399 948 ideo
2417 927 2495 948 con-

1427 970 1545 995 tractus
1568 969 1637 994 stat.
1671 962 1704 993 Si
1728 968 1836 993 autem
1858 963 1976 997 nescit,
2000 967 2078 992 tunc
2102 967 2283 993 contractus
2306 963 2413 992 nullus
2438 968 2493 992 est.

1482 1009 1524 1039 Et
1546 1008 1620 1039 ideo
1643 1006 1812 1047 frigiditas,
1837 1016 1920 1046 quae
1950 1012 2058 1037 causat
2087 1006 2184 1037 talem
2210 1007 2435 1047 impotentiam
2459 1012 2495 1037 ut

1427 1054 1528 1084 homo
1556 1063 1624 1083 non
1647 1052 1749 1092 possit
1772 1051 1811 1082 de
1834 1050 1918 1081 facto
1951 1051 2074 1082 solvere
2105 1051 2264 1088 debitum;
2297 1057 2327 1082 et
2351 1050 2493 1082 conditio

1427 1098 1585 1129 servitutis
1607 1098 1640 1133 *‚
1664 1106 1722 1136 per
1745 1105 1843 1136 quam
1873 1105 1940 1126 non
1964 1102 2070 1136 potest
2092 1096 2193 1127 horno
2217 1096 2257 1127 de
2280 1096 2365 1127 facto
2396 1096 2494 1126 libere

1426 1142 1574 1179 reddere;
1598 1140 1779 1182 impediunt
1802 1142 2043 1171 matrimonium
2067 1141 2196 1181 quando
2221 1142 2298 1171 alter
2318 1141 2494 1181 coniugum

1426 1188 1551 1228 ignorat
1583 1187 1663 1222 hoc,
1695 1185 1785 1226 quod
1819 1186 1898 1216 alius
1932 1195 2000 1216 non
2034 1192 2141 1226 potest
2174 1186 2304 1216 reddere
2339 1187 2492 1217 debitum.

1427 1232 1698 1272 Impedimentum
1722 1236 1830 1260 autern
1853 1240 1910 1270 per
1933 1230 2023 1271 quod
2047 1232 2118 1271 quis
2141 1241 2209 1261 non
2233 1237 2339 1271 potest
2362 1230 2402 1260 de
2425 1232 2493 1261 iure

1426 1276 1557 1306 reddere
1581 1275 1742 1311 debitum,
1767 1281 1802 1305 ut
1825 1276 2101 1315 consanguinitas,
2126 1276 2268 1306 annullat
2294 1281 2495 1306 contractum

1426 1321 1669 1351 matrimonium
1703 1320 1768 1350 sive
1802 1320 1879 1350 sciat
1911 1320 1988 1350 alter
2020 1321 2198 1360 coniugum
2231 1321 2296 1351 sive
2333 1330 2411 1350 non.
2453 1321 2495 1351 Et

1426 1371 1559 1406 propter
1581 1365 1645 1395 hoc
1661 1364 1811 1404 Magister
1833 1364 1926 1404 ponit
1941 1366 1958 1381 θ
1982 1364 2070 1404 quod
2094 1366 2173 1396 haec
2197 1364 2263 1395 duo
2287 1364 2408 1395 faciunt
2423 1375 2495 1405 per-

1427 1420 1522 1440 sonas
1546 1419 1611 1439 non
1636 1410 1767 1439 omnino
1793 1409 1989 1450 illegitimas.

1481 1455 1532 1484 An
1555 1464 1695 1484 dumi-tm
1719 1463 1879 1484 DICENDUM
1902 1454 1991 1493 quod
2006 1463 2074 1483 non
2094 1459 2202 1493 potest
2217 1463 2285 1483 esse
2301 1460 2495 1494 perpetuum

1427 1498 1695 1538 impedimentum
1724 1499 1867 1528 naturale
1890 1499 1958 1529 viro
1983 1503 2130 1539 respectu
2160 1498 2256 1528 unius
2285 1507 2442 1538 personae
2465 1505 2497 1530 et

1427 1553 1494 1574 non
1510 1548 1658 1583 respectu
1682 1543 1820 1573 alterius.
1845 1542 1918 1578 Sed,
1935 1545 1961 1574 si
1977 1553 2044 1573 non
2060 1543 2161 1583 possit
2179 1543 2313 1583 implere
2337 1545 2496 1575 carnalem

1428 1593 1536 1618 actum
1564 1597 1639 1618 curn
1662 1587 1783 1627 virgine
1815 1592 1846 1617 et
1867 1589 1969 1627 possit
1999 1597 2075 1618 cum
2099 1594 2266 1627 corrupta,
2290 1592 2368 1618 tunc
2395 1589 2496 1620 medi-

1428 1633 1571 1662 cinaliter
1593 1631 1702 1671 aliquo
1727 1632 1940 1662 instrumento
1963 1637 2072 1672 posset
2096 1633 2230 1663 claustra
2258 1631 2390 1671 pudoris
2415 1634 2496 1665 fran-

1427 1686 1502 1716 gere
1526 1682 1557 1706 et
1581 1677 1610 1706 ei
1634 1677 1798 1716 coniungi.
1822 1676 1890 1706 Nec
1915 1683 1996 1707 esset
2015 1678 2077 1707 hoc
2102 1683 2213 1707 contra
2235 1678 2495 1710 matrimonium:

1428 1722 1504 1761 quia
1526 1730 1594 1750 non
1617 1719 1708 1750 fieret
1731 1720 1770 1750 ad
1794 1720 2050 1757 delectationem,
2071 1722 2126 1752 sed
2150 1722 2189 1752 ad
2212 1721 2496 1755 medicamentum.

1482 1765 1692 1795 Abominatio
1717 1770 1824 1795 autem
1848 1766 1990 1796 mulieris
2006 1775 2073 1796 non
2090 1773 2137 1796 est
2153 1776 2246 1796 causa
2266 1768 2426 1805 naturalis,
2442 1769 2497 1799 sed

1429 1819 1524 1840 causa
1547 1809 1749 1840 accidentalis
1774 1810 1957 1840 extrinseca.
1982 1810 2023 1840 Et
2038 1811 2111 1841 ideo
2133 1810 2172 1841 de
2189 1821 2226 1841 ea
2247 1811 2332 1842 idern
2354 1818 2401 1842 est
2415 1813 2498 1844 iudi-

1429 1855 1516 1884 cium
1541 1854 1631 1894 quod
1654 1854 1694 1885 de
1716 1853 1887 1890 maleficio,
1913 1854 1952 1885 de
1976 1864 2042 1895 quo
2066 1862 2141 1895 post
2157 1857 2173 1872 ⁴*
2197 1855 2329 1887 dicetur.

1483 1899 1534 1929 An
1552 1909 1672 1929 sax-rum
1690 1909 1852 1929 memnon
1868 1899 1958 1939 quod
1972 1909 2040 1930 mas
2058 1906 2104 1930 est
2120 1910 2216 1940 agens
2232 1902 2264 1930 in
2281 1902 2497 1941 generatione,

1428 1943 1485 1974 sed
1500 1943 1620 1974 femina
1644 1949 1691 1974 est
1705 1943 1829 1983 patiens
1845 1944 1872 1974 *.
1897 1944 1938 1974 Et
1958 1943 2032 1975 ideo
2052 1945 2155 1975 maior
2171 1945 2311 1976 caliditas
2327 1947 2499 1986 requiritur

1427 1989 1461 2019 in
1484 1989 1553 2018 viro
1577 1987 1616 2018 ad
1640 1998 1723 2028 opus
1746 1989 1959 2028 generationis
1984 1999 2081 2030 quam
2105 1990 2138 2020 in
2162 1991 2304 2021 muliere.
2331 1991 2422 2022 Unde
2445 1991 2496 2022 fri·

1428 2032 1551 2073 giditaS,
1569 2042 1652 2073 quae
1668 2033 1743 2063 facit
1758 2034 1863 2063 virum
1878 2034 2101 2073 impotentem,
2114 2045 2182 2065 non
2198 2035 2314 2066 faceret
2329 2036 2497 2068 mulierem

1428 2079 1654 2118 impotentem.
1688 2077 1751 2108 Sed
1773 2078 1807 2107 in
1830 2077 1964 2108 muliere
1994 2084 2101 2119 potest
2131 2089 2199 2110 esse
2230 2080 2498 2121 impedimentum

1428 2122 1572 2152 naturale
1596 2132 1634 2153 ex
1658 2122 1717 2152 alia
1741 2132 1851 2158 causa,
1877 2123 1998 2153 scilicet
2025 2125 2209 2155 arctatione.
2242 2125 2283 2156 Et
2306 2131 2384 2156 tunc
2411 2126 2498 2157 idem

1430 2172 1477 2197 est
1506 2166 1664 2197 iudicium
1688 2166 1727 2197 de
1751 2168 1925 2198 arctatione
1954 2168 2096 2199 mulieris
2120 2175 2151 2199 et
2174 2169 2213 2200 de
2237 2169 2405 2210 frigiditate
2428 2172 2497 2202 viri.

1450 2242 1550 2273 ART.
1575 2242 1612 2272 ΙΙ.
1636 2252 1741 2272 urium
1760 2252 1951 2273 MALEFICIUM
1969 2254 2072 2274 possrr
2091 2254 2311 2275 marmonium
2330 2256 2475 2277 namnum

1795 2292 1883 2320 Quodl.
1898 2293 1938 2319 XI,
1953 2300 1992 2322 qu.
2008 2300 2038 2321 xx,
2053 2298 2096 2316 art.
2114 2302 2132 2318 1.

1431 2353 1514 2417 An
1546 2353 1708 2373 sncmvmm
1732 2353 1777 2374 SIC
1800 2353 2005 2375 PRocemi-UR.
2029 2345 2163 2376 Videtur
2186 2346 2276 2386 quod
2302 2347 2498 2379 maleficium

1494 2397 1562 2418 non
1592 2389 1693 2428 possit
1724 2389 1966 2419 matrimonium
1993 2390 2157 2430 impedire.
2188 2391 2383 2422 Huiusmodi
2412 2394 2498 2424 enim

1429 2432 1587 2463 maleficia
1602 2431 1684 2462 fiunt
1705 2434 1892 2472 operatione
1917 2433 2123 2466 daemonum.
2148 2435 2211 2466 Sed
2234 2435 2408 2467 daemones
2430 2448 2498 2468 non

1429 2478 1549 2507 habent
1582 2482 1775 2517 potestatem
1809 2477 1849 2508 ad
1881 2478 2125 2518 impediendum
2160 2481 2356 2512 matrimonii
2389 2488 2498 2513 actum

1429 2522 1530 2562 magis
1560 2530 1658 2561 quam
1686 2522 1765 2551 alios
1793 2523 1975 2562 corporales
2003 2530 2107 2554 actus:
2141 2533 2223 2564 quos
2253 2526 2408 2566 impedire
2431 2537 2498 2557 non

1429 2571 1580 2607 possunt,
1605 2566 1682 2606 quia
1704 2567 1749 2596 sic
1772 2572 1879 2597 totum
1901 2567 2061 2599 mundum
2084 2575 2316 2609 perverterent,
2340 2571 2366 2600 si
2390 2581 2499 2602 come-

1430 2611 1570 2641 stionem
1593 2616 1625 2640 et
1646 2620 1791 2651 gressum
1820 2617 1851 2642 et
1875 2612 1934 2642 alia
1962 2613 2150 2644 huiusmodi
2179 2614 2380 2654 impedirent.
2412 2616 2498 2656 Ergo

1430 2665 1488 2696 per
1510 2654 1668 2685 maleficia
1691 2665 1759 2685 non
1782 2662 1889 2696 potest
1911 2657 2059 2697 impediri
2081 2659 2333 2689 matrimonium.

1487 2709 1517 2730 2.
1541 2699 1738 2736 PRAETEREA,
1756 2709 1839 2740 opus
1855 2701 1916 2731 Dei
1940 2708 1987 2732 est
2010 2701 2123 2733 fortius
2147 2713 2245 2743 quam
2270 2713 2352 2743 opus
2369 2703 2497 2735 diaboli.

1430 2743 1494 2775 Sed
1508 2743 1705 2775 maleficium
1722 2750 1769 2774 est
1785 2754 1868 2785 opus
1884 2745 2012 2777 diaboli.
2038 2747 2123 2787 Ergo
2139 2758 2207 2778 non
2223 2754 2330 2788 potest
2345 2749 2499 2790 impedire

1429 2789 1683 2825 matrimonium,
1709 2789 1799 2829 quod
1823 2795 1870 2820 est
1893 2800 1976 2830 opus
2000 2791 2070 2822 Dei.

1487 2833 1517 2864 3.
1530 2833 1727 2870 PRAETEREA,
1739 2834 1866 2864 nullum
1878 2835 2147 2875 impedimentum
2164 2836 2282 2867 dirimit
2298 2843 2498 2868 contractum

1429 2878 1674 2908 matrimonium
1705 2879 1766 2909 nisi
1799 2879 1838 2909 sit
1870 2886 2073 2920 perpetuum.
2110 2881 2172 2912 Sed
2204 2881 2400 2912 maleficium
2431 2892 2499 2912 non

1430 2928 1537 2962 potest
1553 2932 1621 2952 esse
1636 2923 1907 2963 impedimentum
1922 2930 2132 2965 perpetuum:
2159 2927 2244 2966 quia,
2262 2935 2337 2956 cum
2353 2926 2498 2957 diabolus

1430 2976 1499 2997 non
1532 2967 1647 2997 habeat
1680 2973 1873 3007 potestatem
1906 2970 1967 3000 nisi
2001 2979 2097 3009 super
2130 2976 2330 3010 peccatores,
2366 2971 2498 3011 expulso

1431 3016 1566 3051 peccato
1589 3011 1720 3042 tolletur
1742 3011 1956 3050 maleficium;
1987 3014 2038 3044 vel
2062 3015 2157 3045 etiam
2185 3024 2242 3055 per
2265 3015 2351 3045 aliud
2377 3015 2498 3046 malefi-

1431 3056 1537 3091 cium;
1561 3056 1612 3086 vel
1635 3065 1693 3096 per
1716 3058 1912 3088 exorcismos
1936 3058 2107 3095 Ecclesiae,
2133 3060 2188 3099 qui
2212 3065 2286 3089 sunt
2309 3059 2444 3090 ordinati
2460 3060 2499 3090 ad

1430 3099 1668 3139 reprimendam
1683 3101 1749 3131 vim
1765 3101 1972 3132 daemonum.
1997 3103 2083 3142 Ergo
2100 3103 2294 3134 maleficium
2310 3113 2377 3134 non
2393 3109 2499 3144 potest

1430 3144 1587 3184 impedire
1610 3145 1862 3176 matrimonium.

1486 3197 1517 3227 4.
1542 3189 1739 3225 PRAETEREA,
1756 3190 1888 3220 carnalis
1913 3191 2031 3231 copula
2053 3201 2122 3222 non
2144 3197 2250 3232 potest
2273 3191 2420 3231 impediri
2438 3193 2498 3222 nisi

1431 3232 1624 3272 impediatur
1647 3234 1791 3273 potentia
1817 3235 2000 3274 generandi,
2025 3245 2108 3276 quae
2132 3242 2179 3266 est
2201 3236 2395 3276 principium
2419 3237 2496 3266 eius.

1432 3276 1495 3307 Sed
1517 3277 1614 3308 unius
1632 3278 1691 3308 viri
1712 3279 1894 3318 generativa
1916 3281 2061 3319 potentia
2077 3290 2110 3310 se
2126 3280 2220 3310 habet
2239 3280 2278 3310 ad
2298 3290 2410 3310 omnes
2425 3290 2497 3310 mu-

1431 3321 1524 3352 lieres
1540 3322 1630 3361 quasi
1646 3322 1829 3362 aequaliter.
1842 3323 1928 3363 Ergo
1944 3333 2001 3364 per
2016 3323 2211 3355 maleficium
2227 3334 2293 3355 non
2309 3330 2415 3364 potest
2430 3334 2497 3354 esse

311 3370 489 3397 semum,
513 3360 569 3391 sed
596 3362 692 3392 etiam
714 3363 860 3403 vigorem
887 3363 1124 3400 membrorum,
1150 3373 1216 3403 quo
1240 3362 1276 3394 fit
1299 3373 1378 3394 con·
1391 3375 1418 3395 7⁰
1431 3365 1701 3406 impedimentum
1723 3373 1872 3407 respectu
1895 3368 1991 3398 unius
2022 3369 2083 3398 nisi
2111 3369 2150 3399 sit
2171 3374 2317 3408 respectu
2339 3369 2495 3398 omniurn.

310 3405 434 3436 iunctio
458 3405 657 3445 corporum),
673 3405 747 3437 ideo
770 3406 923 3448 frigiditas
945 3408 1045 3448 magis
1060 3408 1113 3438 hic
1129 3408 1261 3447 ponitur
1275 3408 1377 3448 impe-

312 3449 492 3481 dimentum
515 3458 614 3489 quam
637 3450 794 3482 caliditas:
827 3462 903 3483 cum
926 3453 1032 3483 omnis
1055 3451 1198 3483 defectus
1227 3452 1378 3483 naturalis

312 3494 352 3525 ad
374 3492 578 3534 frigiditatem
599 3493 779 3526 reducatur.

366 3538 417 3568 An
441 3546 575 3568 raarrtm
598 3547 757 3569 metuntur
780 3538 870 3579 quod
892 3550 994 3577 senes,
1011 3541 1157 3581 quamvis
1181 3540 1378 3582 quandoque

1488 3409 1551 3440 San
1568 3420 1692 3441 CONTRA
1708 3421 1762 3441 Esr
1775 3410 1865 3451 quod
1881 3411 1995 3443 dicitur
2010 3414 2043 3443 in
2056 3413 2208 3449 Decretis,
2221 3413 2361 3449 XXXIII,
2376 3422 2430 3452 qu.
2443 3422 2454 3442 1
2466 3413 2496 3442 ἢ

1432 3453 1468 3484 Si
1484 3463 1549 3494 per
1570 3455 1745 3485 sortiarias
1761 3456 1811 3486 vel
1833 3456 2006 3497 maleficas,
2024 3462 2056 3487 et
2077 3456 2158 3487 infra
2173 3458 2206 3487 *z
2238 3457 2274 3487 Si
2294 3457 2409 3488 sanari
2431 3466 2496 3487 non

1427 3503 1592 3539 poterunt,
1617 3499 1766 3540 separari
1789 3500 1948 3531 valebunt.

1489 3552 1518 3573 2.
1535 3543 1731 3580 PRAETRREA,
1743 3550 1884 3584 potestas
1901 3545 2096 3576 daemonum
2113 3551 2159 3576 est
2175 3546 2277 3575 maior
2292 3554 2390 3585 quam
2405 3550 2497 3585 pote—

2521 1103 2532 1114 ·
2546 1102 2582 1124 Cf.
2597 1109 2636 1131 qu.
2650 1108 2686 1124 ui.

2522 1374 2532 1384 ·
2554 1373 2612 1395 Dist.
2635 1379 2720 1399 xxxiv,

2524 1406 2574 1428 cap.
2590 1406 2607 1422 ι.

2526 1866 2536 1876 ·
2551 1866 2600 1886 Art.
2616 1871 2665 1893 seq.

2527 1954 2536 1964 ·
2550 1953 2648 1974 Ariston.
2663 1952 2693 1973 de
2706 1952 2737 1974 A·

2526 1979 2606 2000 nimai.
2625 1978 2736 2000 Generat.

2526 2006 2566 2027 lib.
2585 2005 2606 2032 1,
2625 2011 2676 2033 cap.
2692 2012 2737 2032 xx,

2526 2039 2574 2054 xn-

2526 3414 2535 3423 '
2550 3412 2605 3434 Can.
2620 3419 2643 3439 4.

2525 3463 2535 3473 '
2549 3461 2608 3483 lbid.

311 3592 379 3613 non
402 3582 540 3612 habeant
563 3581 754 3613 caliditatem
776 3583 986 3615 sufficientem
1010 3584 1050 3616 ad
1073 3585 1308 3625 generandum,
1332 3591 1378 3616 ta-
1392 3595 1416 3616 75
1433 3592 1494 3617 stas
1509 3587 1666 3618 hominis:
1684 3588 1742 3619 Iob
1754 3598 1805 3618 xm
1817 3590 1843 3624 ’ἢ
1857 3589 1932 3619 Νοη
1953 3594 2001 3620 est
2014 3594 2158 3630 potestas
2177 3599 2274 3629 super
2289 3594 2418 3625 terram,
2437 3595 2495 3619 etc.
2524 3594 2534 3603 ·
2549 3591 2615 3613 Ven.
2630 3597 2667 3618 24-
