2918 4088
947 226 1211 273 QUAESTIO
1239 225 1400 273 LXXX,
1429 224 1720 263 ARTICULUS
1748 226 1814 262 ΧΠ

291 309 325 335 et
346 309 454 345 potus.
488 303 530 334 Et
555 303 698 334 similiter
727 313 795 335 non
821 305 927 335 solum
958 305 1078 335 dictum
1105 310 1167 341 est,
1196 305 1353 334 Torrente

291 348 465 388 voluptatis
487 352 562 378 tuae
579 347 708 387 potabis
727 357 790 383 eos,
815 348 880 384 sed,
897 349 1141 379 inebriabuntur
1155 349 1194 379 ab
1211 348 1353 379 ubertate

290 391 406 423 domus
428 396 524 422 ntae:
553 391 610 421 ubi
631 396 698 422 tam
719 392 845 422 ubertas
868 392 984 423 domus
1014 402 1112 432 quam
1134 393 1282 432 voluptas
1312 391 1352 422 ad

290 441 408 476 potum
429 435 526 466 relata
548 440 604 471 est,
628 440 664 466 ut
686 441 914 466 monstraretur
936 436 1081 466 identitas
1105 437 1167 467 cibi
1191 441 1221 466 et
1243 441 1351 476 potus.

346 479 399 510 Ad
422 478 701 510 confirmationem
723 489 800 510 vero
824 479 864 510 de
887 479 1064 510 diversitate
1089 481 1272 520 signorum,
1306 479 1352 510 di-

291 523 374 554 citur
396 522 487 564 quod
508 532 576 554 non
591 528 720 563 oportet
742 522 871 554 diversis
887 524 982 563 signis
998 524 1197 554 sensibilibus
1219 533 1351 564 respon-

291 566 367 598 dere
389 566 512 598 diversa
533 567 655 607 signata
676 567 893 607 intelligibilia.
928 568 996 598 Nec
1019 573 1150 608 propter
1171 569 1234 598 hoc
1262 567 1352 608 quod

290 611 393 642 multa
415 611 505 651 signa
527 620 630 642 unum
653 616 686 642 et
706 610 793 641 idem
816 611 976 651 signatum
999 611 1193 651 significant,
1221 611 1352 651 aliquod

291 654 467 695 superfluit.
502 656 590 686 Tum
621 655 697 696 quia
725 654 935 695 inadaequate
964 656 1088 695 singula
1117 661 1352 695 repraesentant

290 698 371 730 illud
393 699 599 740 intelligibile.
635 699 722 730 Tum
745 700 821 739 quia
843 699 1000 739 sapienter
1026 699 1132 730 divina
1154 699 1352 739 providentia

291 743 478 774 huiusmodi
500 744 589 784 signa
610 743 762 780 instituit,
786 742 827 773 ad
847 749 990 773 nostram
1013 743 1240 780 eruditionem,
1265 753 1352 774 exer-

291 787 487 823 citationem,
510 788 778 823 humiliationem,
802 786 1069 824 conformitatem,
1087 793 1145 818 etc.

346 831 399 862 Ad
420 832 567 862 ultimam
589 830 886 867 confirmationem,
910 830 950 861 de
973 832 1196 871 appropriatis,
1219 841 1352 871 respon-

291 874 384 906 detur
406 874 632 915 distinguendo
656 874 696 905 de
717 874 959 915 significatione,
975 876 1027 906 vel
1046 875 1234 911 collatione;
1258 881 1290 905 et
1311 875 1352 905 si-

290 918 407 949 militer
429 918 469 950 de
491 920 633 959 proprio,
656 919 708 949 vel
731 919 946 959 appropriato.
977 919 1019 950 Et
1041 919 1155 950 dicitur
1178 918 1277 959 quod,
1303 929 1352 949 re-

290 968 404 1002 spectu
426 968 515 993 actus
530 962 729 1003 significandi
744 963 891 1003 explicite
915 962 968 1003 (de
983 963 1038 994 tali
1053 964 1139 993 enim
1154 962 1352 1003 significandi

290 1005 391 1037 modo
408 1006 552 1047 loquor),
575 1006 697 1047 aliquid
712 1012 759 1037 est
772 1008 941 1048 proprium
955 1008 1012 1037 uni
1027 1008 1154 1047 speciei,
1179 1013 1210 1037 et
1232 1007 1352 1047 aliquid

289 1050 459 1091 proprium
486 1051 591 1081 alteri:
622 1056 770 1091 respectu
800 1057 909 1082 autem
932 1057 1020 1082 actus
1044 1050 1244 1087 conferendi,
1274 1051 1353 1081 nihil

290 1098 339 1124 est
367 1094 464 1125 alicui
485 1095 672 1135 proprium,
703 1095 859 1135 quoniam
885 1101 991 1126 toturn
1023 1095 1113 1135 quod
1143 1095 1305 1125 confertur
1334 1105 1352 1125 a

291 1136 419 1169 Christo
450 1139 509 1169 sub
537 1148 602 1169 una
624 1139 748 1179 specie,
780 1139 943 1170 confertur
965 1140 1061 1170 etiam
1084 1139 1123 1169 ab
1148 1139 1263 1170 eodem
1293 1139 1351 1169 sub

290 1181 360 1212 alia.
375 1200 399 1204 —
413 1182 667 1223 Appropriatum
689 1188 796 1214 tamen
815 1184 950 1214 invenin'
964 1189 1070 1224 potest
1080 1188 1227 1223 respectu
1238 1184 1352 1214 utrius-

290 1234 356 1267 que
379 1231 478 1257 actus.
501 1226 586 1257 Nam
599 1226 779 1267 redemptio
802 1237 860 1268 per
875 1227 993 1258 Christi
1007 1233 1145 1258 mortem
1169 1228 1352 1267 appropria-

289 1274 343 1300 tur
365 1270 456 1301 calici
478 1271 513 1301 in
535 1271 820 1311 repraesentando,
846 1277 877 1302 et
899 1272 963 1302 vita
985 1272 1110 1302 animae
1132 1272 1353 1311 appropriatur

291 1313 397 1345 eidem
419 1315 454 1345 in
476 1314 690 1357 conferendo,
714 1316 796 1346 sicut
818 1316 881 1346 vita
904 1316 1047 1355 corporis
1076 1316 1297 1355 appropriatur
1319 1316 1352 1345 in

291 1357 488 1400 conferendo
508 1360 652 1390 hostiae:
675 1360 764 1390 iuxta-
785 1359 864 1390 iliud
879 1361 906 1396 ⁸,
934 1360 977 1389 Ut
998 1359 1136 1400 duplicis
1157 1359 1354 1390 substantiae

291 1406 393 1433 totum
417 1403 538 1434 cibaret
567 1403 738 1434 hominem.
771 1403 814 1434 Et
835 1403 978 1434 similiter
1000 1403 1117 1434 laetitia
1147 1404 1354 1443 appropiatur

291 1446 384 1478 calici
411 1448 446 1478 in
477 1446 692 1484 conferendo,
723 1453 754 1478 et
781 1446 912 1478 firmitas
941 1448 1082 1478 hostiae:
1113 1447 1200 1477 iuxta
1230 1446 1311 1477 illud
1325 1447 1352 1483 *‚

289 1490 391 1522 Dedit
397 1491 583 1533 fragilibus
598 1492 747 1531 corporis
760 1492 929 1533 ferculum
941 1499 952 1521 .-
974 1491 1062 1522 dedit
1075 1496 1107 1522 et
1121 1491 1263 1522 tristibus
1277 1500 1352 1521 san-

254 1535 267 1562 ἰ
289 1534 403 1576 guinis
425 1536 594 1576 poculum.
624 1535 688 1566 Sed
709 1535 895 1566 huiusmodi
923 1536 1207 1575 appropriationes,
1231 1540 1296 1565 tam
1319 1535 1353 1565 in

290 1578 500 1619 significando
519 1588 618 1620 quam
635 1580 669 1610 in
693 1579 899 1613 conferendo.
922 1579 956 1609 in
971 1579 1062 1610 nullo
1077 1580 1198 1609 variant
1211 1578 1352 1609 fructum

291 1624 495 1659 sacramenti,
520 1624 600 1664 quin
621 1628 719 1660 totus,
744 1629 775 1654 et
797 1624 840 1653 ita
862 1623 958 1663 plene
980 1628 1012 1654 et
1033 1622 1184 1663 perfecte,
1209 1622 1352 1653 confera-

290 1671 343 1698 tm·
364 1667 424 1697 sub
446 1677 512 1698 una
534 1668 651 1707 specie,
674 1668 756 1698 sicut
778 1668 836 1698 sub
852 1672 1004 1707 utraque:
1029 1668 1111 1697 sicut
1132 1667 1166 1697 in
1185 1666 1298 1697 divinis
1315 1676 1352 1697 ex

290 1711 356 1741 hoc
378 1710 469 1751 quod
498 1711 582 1741 Patri
612 1708 834 1751 appropriatur
862 1712 1007 1751 potentia
1033 1717 1064 1742 et
1085 1711 1170 1741 Filio
1199 1711 1354 1750 sapientia

290 1759 329 1786 etv
349 1754 482 1795 Spiritui
504 1754 622 1786 Sancto
651 1755 796 1791 bonitas,
825 1764 892 1786 non
919 1755 1027 1785 minus
1052 1754 1177 1795 singula
1203 1764 1352 1795 quaeque

290 1800 430 1839 ‘persona
445 1803 499 1829 sest
521 1799 684 1839 sapientia,
707 1799 861 1839 potentia,
885 1799 1020 1829 bonitas.

295 1855 313 1871 ‘L
345 1841 388 1873 Et
416 1851 474 1883 per
503 1843 567 1873 hoc
598 1848 686 1883 patet
714 1843 881 1883 responsio
913 1842 954 1873 ad
983 1851 1209 1883 quaecumque
1239 1842 1353 1873 similia

289 1891 428 1926 possunt
450 1886 548 1917 obiici
563 1886 603 1917 de
624 1887 833 1927 appropriatis
852 1886 1007 1917 fructibus
1022 1887 1138 1917 calicis.
1162 1887 1250 1917 Nihil
1266 1887 1352 1917 enim

290 1930 399 1961 minus
421 1931 570 1961 omnium
592 1930 756 1961 fructuum
772 1931 1049 1971 appropriatorum
1066 1930 1156 1961 calici
1179 1931 1353 1971 percipitur

182 1993 187 2000 κ
230 1981 234 1986 ·
291 1983 332 2005 ex
353 1982 441 2005 sacra
466 1974 581 2005 hostia.
615 1974 657 2005 Et
679 1975 759 2005 ratio
789 1976 853 2005 iam
876 1974 1047 2005 dicta-est:
1079 1975 1155 2014 quia
1176 1975 1256 2005 haec
1284 1984 1352 2005 non

291 2023 367 2050 sum
386 2019 528 2059 propria,
551 2018 608 2049 sed
631 2019 843 2059 appropriata.

254 2074 259 2081 ·
310 2088 330 2091 ᾗ,
349 2062 435 2093 XVI.
466 2062 520 2093 Ad
547 2068 698 2102 quartum
728 2068 952 2103 argumentum
974 2063 992 2080 ⁴*
1015 2062 1131 2093 dicitur
1162 2062 1353 2093 declinando

290 2111 466 2147 utrumque
489 2111 667 2137 extremum
690 2107 885 2147 quaestionis
908 2107 1092 2147 propositae
1115 2106 1297 2146 arguendo,
1323 2112 1355 2137 et

290 2149 397 2183 media
418 2151 470 2181 via
492 2150 682 2187 incedendo,
707 2156 739 2181 et
761 2150 985 2191 distinguendo
1010 2150 1049 2181 de
1073 2150 1282 2191 dispositione
1305 2160 1353 2181 sa-

290 2194 428 2226 cadotis
438 2195 473 2225 in
484 2195 546 2225 Dei
556 2195 655 2235 gratia
665 2195 861 2226 celebrantis.
886 2195 1063 2235 Dupliciter
1077 2194 1236 2235 siquidem
1247 2200 1354 2235 potest

90 2251 108 2263 ι·
151 2244 173 2260 '³
188 2246 243 2289 νζ*
290 2239 428 2271 inveniri
450 2238 622 2279 dispositus
644 2244 719 2279 post
733 2244 900 2279 sumptum
915 2244 1149 2269 sacramentum
1172 2239 1230 2270 sub
1247 2239 1354 2279 specie

291 2283 402 2324 panis:
424 2283 478 2313 vel
499 2283 569 2313 sine
591 2289 765 2324 augmento
788 2283 943 2323 spirituali
958 2283 991 2319 ἡ
1013 2283 1065 2313 vel
1084 2292 1160 2313 cum
1180 2288 1353 2323 augmento

248 2353 261 2366 v,
290 2327 456 2368 qirinnli.
475 2327 517 2358 Et
531 2328 558 2358 si
573 2327 705 2368 quidem
719 2328 880 2357 invenitur
895 2326 1067 2366 dispositus
1085 2336 1161 2357 cum
1179 2332 1353 2367 augmento

238 2383 242 2391 ¹
258 2380 261 2388 ’
291 2371 458 2412 spirituali,
480 2372 524 2402 ita
545 2377 583 2402 ut
601 2371 728 2412 dignior
743 2371 782 2401 sit
797 2370 1001 2411 suscipiendo
1017 2372 1076 2401 sub
1093 2370 1233 2401 secunda
1248 2371 1354 2411 specie

421 2414 533 2446 fuerit·
546 2415 750 2456 suscipiendo
781 2416 934 2455 primam,
965 2415 1078 2455 recipit
1106 2415 1222 2455 procul
1244 2414 1354 2450 dubio,

292 2458 453 2490 mendo
467 2458 610 2496 calicem,
622 2459 819 2500 spiritualem
834 2458 975 2489 fructum
991 2460 1178 2489 sacramenti
1190 2460 1247 2499 qui
1257 2459 1356 2498 gratia

292 2503 398 2534 maior
419 2508 467 2534 est
483 2504 640 2534 intensive
662 2509 717 2534 aut
740 2502 910 2534 extensive.
933 2503 975 2533 Et
998 2504 1043 2533 sic
1066 2503 1225 2543 dispositis
1248 2503 1355 2534 nullus

292 2556 439 2588 unquam
467 2546 623 2578 dubitavit
645 2548 754 2578 utilius
777 2556 845 2577 esse
869 2547 1108 2578 communicare
1137 2547 1196 2577 sub
1220 2552 1356 2587 utraque

293 2591 400 2632 specie
424 2600 522 2631 quam
544 2591 604 2621 sub
627 2591 723 2621 altera
743 2595 880 2621 tannim.

349 2635 383 2666 Si
405 2644 483 2665 vero
506 2635 668 2665 invenitur
696 2635 765 2665 sine
790 2634 946 2674 spirituali
971 2640 1145 2675 augmento
1172 2634 1355 2676 dispositus,

293 2679 373 2710 nihil
395 2679 566 2719 spiritualis
580 2678 703 2709 fructus
725 2687 764 2708 ex
779 2679 964 2718 sumptione
979 2679 1085 2709 calicis
1100 2679 1248 2719 percipit:
1274 2688 1356 2719 quo-

292 2724 382 2754 niam
404 2722 490 2753 idem
513 2727 561 2753 est
577 2723 750 2762 utrobique
766 2731 872 2762 agens,
896 2727 928 2752 et
942 2721 1029 2752 idem
1043 2723 1167 2762 patiens
1182 2723 1356 2763 aequaliter

294 2767 467 2807 utrobique
491 2766 691 2806 dispositum.
723 2766 764 2796 Et
786 2765 928 2806 perinde,
953 2766 1062 2805 quoad
1083 2766 1268 2797 interiorem
1290 2766 1355 2797 fru-

294 2817 395 2847 ctum,
419 2820 454 2841 se
476 2811 572 2841 habet
594 2819 630 2840 ac
653 2810 679 2840 si
701 2815 776 2850 post
797 2814 959 2849 sumptam
980 2809 1118 2839 hostiam
1141 2819 1239 2840 unam
1262 2810 1356 2841 aliam

293 2860 444 2890 sumeret,
456 2860 493 2885 ut
504 2855 661 2894 contingit
671 2853 871 2884 sumentibus
886 2853 1034 2893 reliquias
1049 2854 1246 2884 sacramenti.
1262 2853 1356 2885 Unde

293 2899 534 2931 infructuositas
552 2899 611 2929 ista
627 2907 696 2928 non
711 2902 758 2928 est
773 2906 812 2927 ex
826 2902 915 2936 parte
930 2897 976 2927 rei
991 2902 1160 2927 contentae
1175 2898 1234 2927 sub
1250 2898 1357 2937 specie

294 2944 380 2980 vini,
409 2942 464 2974 sed
492 2948 539 2974 est
568 2952 607 2973 ex
633 2942 759 2982 aequali
789 2940 998 2981 dispositione
1021 2941 1302 2978 communicantis,
1327 2947 1358 2972 et

294 2987 460 3018 identitate
481 2986 639 3017 numerali
661 2986 706 3016 rei
729 2990 899 3016 contentae
921 2985 979 3015 sub
1002 2989 1138 3024 utraque
1161 2985 1277 3024 specie,
1300 2994 1358 3025 per

293 3032 433 3072 seipsam
454 3030 639 3061 immediate
663 3029 854 3060 conferentis
881 3028 1021 3059 fructum
1043 3028 1246 3058 sacramenti:
1278 3029 1357 3059 haec

295 3076 384 3107 enim
406 3075 502 3106 simul
533 3074 757 3105 concurrentia
790 3073 932 3103 efficiunt
955 3071 1044 3112 quod
1072 3081 1140 3103 non
1169 3073 1270 3112 magis
1292 3071 1357 3103 fru-

295 3125 409 3151 ctuosa
431 3124 479 3150 est
502 3118 690 3150 communio
715 3118 773 3148 sub
789 3123 925 3157 utraque
939 3117 1045 3156 specie
1065 3125 1162 3157 quam
1180 3117 1239 3146 sub
1254 3117 1357 3156 prima

295 3169 432 3195 tantum.

352 3207 394 3238 Et
417 3208 443 3237 si
465 3207 514 3237 his
532 3206 711 3237 adiunxeris
734 3205 824 3246 quod
838 3205 980 3245 populus
999 3205 1212 3235 communiter
1227 3214 1294 3235 non
1311 3210 1357 3235 est

297 3256 404 3282 tantae
426 3250 631 3291 perfectionis
661 3255 698 3280 ut
723 3249 762 3280 ad
788 3251 867 3280 haec
894 3250 1089 3280 incrementa
1119 3257 1152 3279 se
1174 3253 1356 3289 praeparet,

297 3294 420 3326 videbis
441 3299 676 3335 consequenter
705 3293 794 3334 quod
816 3302 883 3324 non
907 3298 953 3323 est
981 3293 1091 3323 utilius
1112 3292 1237 3332 populo
1268 3301 1358 3323 com-

297 3339 463 3370 municare
485 3338 544 3369 sub
566 3344 703 3378 utraque
725 3339 831 3378 specie
855 3346 953 3378 quam
976 3337 1215 3367 communicare
1237 3337 1296 3367 sub
1315 3336 1358 3366 al-

297 3388 366 3414 tera
395 3387 532 3413 tannim.
566 3382 603 3412 In
633 3383 724 3413 cuius
753 3383 899 3422 signum,
930 3390 997 3411 non
1030 3385 1182 3421 apparent
1210 3380 1358 3411 meliores

298 3427 449 3458 homines
470 3426 505 3456 in
527 3426 668 3466 partibus
683 3426 740 3456 ubi
756 3425 995 3456 communicant
1017 3425 1076 3455 sub
1092 3430 1227 3464 utraque
1242 3425 1357 3464 specie,

298 3470 486 3501 hominibus
507 3470 583 3500 alibi
604 3478 662 3501 seu
685 3470 728 3500 ibi
752 3469 1063 3500 communicantibus
1090 3468 1149 3499 sub
1173 3468 1269 3498 altera
1290 3473 1359 3498 tan-

298 3519 372 3545 tum
394 3514 511 3554 specie.

357 3558 448 3589 Haec
470 3557 511 3588 de
534 3557 674 3588 secunda
698 3558 895 3598 quaestione.

2390 225 2464 262 253

1405 345 1618 386 Quaestio
1641 348 1784 380 tertia.
1806 366 1830 370 -
1852 347 2023 380 Utrum
2051 350 2261 389 expediat
2282 349 2464 383 Eooole-

1493 393 1585 423 siae
1606 391 1773 424 Christi
1801 393 1926 431 quod
1948 393 2142 432 populus
2169 396 2464 427 communicet

1493 437 1576 467 sub
1599 438 1793 476 utraque
1816 438 1974 476 specie.

1484 567 1625 608 populus
1648 568 1867 598 communicet
1890 568 1948 598 sub
1972 573 2106 608 utraque
2129 569 2244 608 specie.

1488 611 1593 642 idetur
1615 613 1702 643 enim
1724 611 1814 652 quod
1836 612 1891 642 sic.
1913 612 2033 647 Primo,
2054 612 2201 652 exemplo
2218 611 2334 642 Christi
2350 614 2382 643 *z
2407 614 2463 653 qui

1405 655 1499 686 etiam
1522 655 1633 686 Iudam
1657 655 1906 686 communicavit
1928 656 1987 686 sub
2013 661 2148 696 utraque
2174 657 2280 696 specie
2296 657 2323 692 *,
2350 662 2381 687 et
2403 658 2463 687 im-

1404 699 1541 730 mediate
1564 705 1637 730 ante
1659 699 1780 730 dixerat
1794 701 1828 735 ⁴²,
1857 699 2050 740 Exemplum
2073 700 2158 730 enim
2180 709 2284 730 meum
2312 700 2386 731 dedi
2407 711 2463 732 νο·

1404 743 1460 779 bis,
1478 749 1539 774 etc.

1459 787 1618 823 Secundo,
1643 787 1791 828 exemplo
1814 787 1994 828 primitivae
2016 788 2177 818 Ecclesiae
2196 789 2223 818 *.
2258 788 2352 819 Tunc
2376 789 2463 820 enim

1404 831 1546 871 populus
1569 832 1828 862 communicabat
1849 832 1908 862 sub
1931 837 2066 872 utraque
2089 832 2205 872 specie,
2229 837 2265 862 ut
2287 837 2374 872 patet
2392 832 2405 863 1
2421 832 2464 863 ad

1407 875 1485 905 Cor.
1500 885 1534 905 11
1549 876 1576 906 *.

1463 919 1582 955 Tertio,
1607 919 1756 959 exemplo
1772 919 1941 950 diuturnae
1955 920 2191 960 prosecutionis
2206 921 2232 950 ⁵.
2252 920 2335 951 Nam
2354 920 2463 951 huius-

1405 962 1495 993 modi
1524 963 1724 994 consuetudo
1754 964 1966 1003 perseveravit
1993 973 2062 994 non
2083 964 2190 995 solum
2212 969 2358 1004 tempore
2380 973 2463 994 mar-

1405 1011 1528 1047 tyrum,
1552 1016 1635 1047 quos
1658 1006 1838 1048 Cyprianus
1864 1007 2038 1038 Dominico
2060 1007 2182 1048 poculo
2204 1007 2463 1048 praeconfortan-

1405 1050 1463 1081 dos
1487 1051 1611 1081 censuit
1625 1052 1652 1087 *‚
1668 1051 1724 1082 sed
1747 1052 1843 1081 etiam
1858 1056 2003 1091 tempore
2021 1053 2108 1092 pacis
2124 1052 2300 1082 Ecclesiae:
2325 1061 2400 1083 cum
2417 1052 2463 1082 le-

1404 1103 1516 1134 gamus
1539 1094 1636 1125 factas
1658 1104 1726 1126 non
1742 1095 1850 1126 solum
1871 1100 2011 1135 patenas,
2035 1095 2091 1126 sed
2114 1096 2209 1126 etiam
2232 1096 2346 1126 calices
2369 1096 2463 1126 mini-

1404 1139 1552 1169 steriales
1566 1140 1593 1169 ἦ
1617 1139 1726 1177 Quare
1749 1140 1835 1170 enim
1857 1140 2076 1170 ministeriales
2099 1138 2174 1170 dicti
2197 1145 2281 1176 sunt,
2303 1140 2365 1170 nisi
2387 1141 2463 1180 quia

1404 1192 1472 1213 non
1495 1182 1535 1213 ad
1558 1182 1767 1219 offerendum,
1791 1182 1848 1214 sed
1869 1183 1910 1214 ad
1932 1182 2176 1214 ministrandum
2197 1183 2323 1224 populo
2346 1183 2463 1215 Christi

1405 1227 1592 1267 sanguinem
1616 1225 1857 1258 deserviebant?

1459 1271 1500 1301 Et
1523 1272 1549 1301 si
1571 1271 1708 1311 amplius
1730 1277 1934 1311 perspectum
1954 1270 2049 1302 fuerit
2064 1271 2153 1312 quod
2168 1272 2202 1302 in
2217 1270 2329 1302 ordine
2345 1271 2462 1302 Cister-

1406 528 1634 643 Q'uaamwa
1652 524 1756 560 tertio,
1772 529 1880 554 utrum
1897 523 2043 563 expediat
2058 523 2218 555 Ecclesiae
2235 524 2352 555 Christi
2375 525 2463 565 quod

2490 617 2499 626 ·
2515 615 2550 637 Cf.
2566 621 2629 638 num.
2645 622 2678 638 ιιι.

2490 663 2500 674 ·
2510 662 2580 685 Marc.
2591 669 2641 690 cap.
2651 669 2701 688 xiv,

2489 694 2548 710 vers.
2556 694 2589 715 22,
2599 695 2632 717 23.
2643 701 2653 705 -
2664 690 2700 711 Cf.

2489 720 2700 769 assam

2489 773 2550 815 a:
2565 773 2628 815 :‚.⁵.·..

2490 877 2500 887 ·
2515 876 2582 899 Vers.
2595 876 2622 898 26
2637 883 2686 905 sqq.

2490 927 2501 936 ·
2515 924 2549 947 Cf.
2566 931 2630 947 num.
2644 931 2674 947 ιν.

2489 1051 2499 1062 ·
2505 1050 2580 1078 Epist.
2588 1050 2700 1078 Synodic.

2489 1076 2556 1098 dela
2573 1077 2615 1099 eis.
2639 1077 2701 1099 Con-

2489 1103 2527 1124 cil.

2489 1135 2614 1187 Ξῖἶηωμ.
2619 1155 2703 1177 nimia

2488 1182 2549 1203 thee.
2562 1181 2627 1203 Vitae
2635 1182 2700 1204 Rom.

2489 1208 2577 1236 Pontis.
2586 1224 2593 1234 ,
2615 1214 2634 1230 s.
2649 1208 2700 1236 Syl-

2489 1238 2547 1256 vest.
2568 1240 2645 1261 xxxiv,
2665 1241 2700 1263 ¹32

2488 1266 2587 1313 ἷῗὲιῖιῗῇ
2593 1266 2700 1308 ξ’ἷιῗιὶιῖιῗῖ

2597 1094 2648 1131 hig.
2663 1110 2700 1125 an.

1406 1315 1504 1345 ciensi
1526 1314 1642 1345 alicubi
1658 1316 1847 1346 communio
1869 1315 1939 1346 fieri
1960 1315 2075 1355 legitur
2092 1316 2151 1346 sub
2167 1320 2301 1355 utraque
2317 1316 2422 1356 specie
2434 1317 2461 1352 “,
2505 1319 2534 1334 ¹¹

1405 1359 1570 1398 apparebit
1595 1358 1684 1399 quod
1705 1364 1851 1399 tempore
1873 1360 2080 1390 institutionis
2103 1358 2222 1390 ordinis
2245 1359 2463 1390 Cisterciensis

1405 1403 1625 1442 perseverabat
1636 1403 1838 1434 consuetudo
1854 1402 2115 1434 communicandi
2130 1403 2188 1433 sub
2200 1408 2334 1443 utraque
2345 1404 2462 1443 specie.

1405 1446 1571 1484 Quoniam
1592 1456 1661 1476 non
1684 1452 1732 1477 est
1752 1447 1931 1484 verisimile,
1953 1448 1979 1477 si
1995 1446 2196 1477 consuetudo
2211 1447 2264 1477 illa
2279 1453 2462 1483 cessaverat,

1387 1489 1496 1530 ‘quod
1517 1491 1749 1521 monasterium
1771 1491 1903 1531 aliquod
1928 1492 2190 1531 praesumpsisset
2212 1491 2363 1521 abolitam
2386 1500 2463 1522 con-

1405 1533 1610 1564 suetudinem
1631 1543 1796 1564 renovare.

1459 1578 1501 1608 Et
1524 1577 1741 1608 confirmatur.
1764 1578 1850 1616 Quia
1872 1584 1937 1608 tam
1952 1579 2035 1609 actio
2060 1588 2157 1618 quam
2180 1577 2324 1609 doctrina
2343 1579 2463 1619 prisco—

1404 1631 1478 1652 rum
1500 1621 1692 1652 Sanctorum
1721 1622 1896 1661 praefertur
1918 1622 2037 1652 actioni
2066 1627 2098 1652 et
2120 1621 2282 1652 doctrinae
2307 1623 2464 1662 posterio-

1405 1668 1487 1696 rum.
1522 1666 1570 1695 Ac
1599 1675 1658 1705 per
1686 1666 1769 1701 hoc,
1805 1665 1976 1707 expediens
2008 1665 2133 1696 videtur
2159 1666 2320 1696 Ecclesiae
2347 1665 2464 1696 Christi

1405 1710 1497 1749 sequi
1518 1710 1650 1749 vestigia
1671 1710 1852 1749 priscorum
1873 1710 2014 1745 Panum,
2038 1715 2070 1740 et
2090 1710 2206 1740 imitari
2230 1719 2284 1740 eos
2308 1715 2464 1750 quantum

1404 1762 1588 1793 possumus.

1459 1797 1634 1828 Praeterea
1649 1798 1676 1833 *‚
1700 1796 1840 1827 duorum
1855 1797 2016 1828 licitorum
2030 1797 2110 1828 illud
2125 1802 2161 1827 ut
2175 1797 2276 1837 magis
2295 1797 2465 1837 expediens

1405 1847 1453 1872 est
1483 1840 1666 1881 eligendum
1689 1841 1780 1881 quod
1802 1841 1915 1871 clarius
1939 1846 1970 1872 et
1992 1842 2091 1872 tutius
2114 1846 2146 1871 et
2166 1842 2267 1881 magis
2298 1847 2465 1871 consenta-

1404 1895 1504 1916 neum
1527 1891 1584 1916 est.
1615 1885 1678 1916 Sed
1701 1886 1941 1915 communicare
1963 1886 2022 1916 sub
2045 1890 2180 1925 utraque
2203 1885 2310 1925 specie
2333 1890 2380 1916 est
2402 1885 2465 1916 cla—

1405 1930 1487 1966 rius,
1511 1930 1611 1960 tutius
1641 1935 1672 1960 et
1693 1930 1794 1969 magis
1825 1935 2088 1960 consentaneum.
2116 1929 2212 1969 Ergo.
2235 1947 2260 1951 —
2281 1929 2466 1959 Declaratur

1404 1975 1522 2004 minor.
1552 1973 1653 2011 Quod
1668 1974 1708 2004 sit
1723 1972 1855 2013 quidem
1870 1973 1995 2009 clarius,
2012 1974 2088 2013 quia
2101 1973 2224 2003 nullam
2239 1973 2335 2003 habet
2350 1973 2465 2003 obscu-

1405 2019 1530 2048 ritatem
1546 2017 1769 2048 difficultatum
1785 2027 1863 2057 quas
1879 2017 1975 2047 habet
1990 2018 2178 2048 communio
2194 2017 2253 2047 sub
2268 2027 2334 2047 una
2348 2018 2464 2057 specie.

1406 2061 1506 2100 Quod
1528 2071 1604 2092 vero
1628 2062 1667 2092 sit
1689 2062 1799 2098 tutius,
1820 2061 1895 2101 quia
1917 2061 2036 2092 nullius
2059 2061 2242 2092 omissionis
2264 2061 2408 2101 periculo
2431 2070 2465 2091 se

1405 2107 1553 2146 exponit:
1571 2106 1624 2136 cui
1640 2115 1675 2136 se
1689 2106 1823 2146 exponit
1838 2106 2080 2136 communicans
2093 2105 2152 2135 sub
2164 2105 2260 2135 altera
2275 2105 2381 2144 specie
2395 2110 2465 2135 tan-

1405 2156 1485 2186 tum,
1510 2149 1689 2180 omittendo
1714 2150 1980 2180 communionem
2003 2149 2139 2179 alterius.
2175 2147 2275 2186 Quod
2296 2149 2336 2178 sit
2357 2154 2465 2179 autem

1405 2195 1504 2235 magis
1520 2199 1784 2230 consentaneum,
1801 2194 1877 2233 quia
1892 2199 2048 2224 consonat
2062 2193 2255 2223 institutioni
2277 2193 2465 2223 sacramenti

1406 2245 1438 2270 et
1459 2239 1630 2278 integritati
1651 2239 1762 2278 ipsius,
1786 2243 1818 2268 et
1839 2238 2008 2277 integritati
2031 2237 2185 2267 sensibilis
2207 2235 2400 2267 refectionis.

1460 2284 1634 2313 Praeterea
1649 2283 1675 2318 *‚
1700 2281 1790 2322 quod
1818 2282 1966 2321 congruit
1995 2291 2033 2311 ex
2054 2282 2213 2320 hisquae
2241 2286 2316 2311 sunt
2341 2290 2399 2320 per
2420 2289 2464 2316 se,

1407 2332 1454 2357 est
1475 2327 1576 2367 magis
1599 2326 1771 2366 expediens
1800 2335 1840 2356 eo
1862 2325 1953 2365 quod
1975 2325 2124 2365 congruit
2146 2334 2185 2355 ex
2206 2325 2255 2354 his
2286 2333 2369 2364 quae
2391 2329 2466 2354 sunt

1406 2381 1463 2411 per
1486 2370 1643 2401 accidens.
1667 2369 1730 2400 Sed
1753 2370 1941 2400 communio
1965 2369 2023 2399 sub
2039 2374 2174 2409 utraque
2190 2369 2295 2408 specie
2319 2368 2466 2408 congruit

1407 2424 1446 2446 ex
1467 2415 1516 2445 his
1540 2424 1622 2455 quae
1644 2419 1719 2444 sunt
1733 2423 1790 2453 per
1805 2423 1855 2444 se:
1879 2413 1956 2453 quia
1971 2413 2119 2452 congruit
2133 2422 2172 2443 ex
2185 2413 2254 2452 ipsa
2269 2411 2466 2452 perfectione

1406 2459 1604 2490 sacramenti.
1639 2457 1838 2488 Communio
1870 2463 1977 2488 autem
2005 2457 2064 2487 sub
2091 2457 2197 2497 specie
2219 2457 2311 2496 panis
2341 2461 2466 2486 tantum

1407 2503 1556 2543 congruit
1582 2512 1620 2533 ex
1646 2502 1695 2532 his
1725 2511 1808 2542 quae
1836 2507 1910 2532 sunt
1932 2510 1990 2541 per
2012 2500 2175 2531 accidens:
2207 2501 2282 2540 quia
2305 2501 2406 2530 oritur
2428 2509 2466 2530 ex

1407 2548 1528 2587 ineptia
1550 2545 1755 2587 quorundam
1778 2545 2098 2576 communicantium.
2121 2545 2206 2584 Ergo
2221 2545 2322 2583 magis
2341 2543 2467 2583 expedit

1407 2591 1570 2622 Ecclesiae
1581 2590 1699 2621 Christi
1714 2590 1953 2620 communicare
1968 2589 2128 2629 populum
2140 2589 2198 2618 sub
2211 2594 2345 2628 utraque
2360 2588 2466 2628 specie

1409 2645 1507 2676 quam
1530 2635 1588 2665 sub
1612 2635 1719 2674 specie
1742 2634 1832 2674 panis
1855 2639 1990 2663 tantum.

1462 2679 1502 2710 In
1519 2677 1700 2719 oppositum
1716 2683 1764 2708 est
1778 2677 1979 2708 consuetudo
1995 2677 2235 2707 innumerarum
2251 2675 2466 2706 ecclesiarum.

1463 2723 1501 2754 11.
1525 2722 1577 2753 Ad
1596 2721 1787 2753 evidentiam
1802 2722 1897 2752 huius
1913 2721 2118 2761 quaestionis,
2134 2719 2300 2750 sciendum
2316 2725 2363 2749 est
2378 2718 2467 2759 quod

1408 2777 1486 2798 usus
1508 2762 1724 2797 Eucharistiae
1747 2764 1873 2796 medius
1896 2770 1943 2795 est
1965 2765 2046 2795 inter
2068 2769 2213 2794 utentem
2236 2768 2267 2793 et
2289 2772 2466 2793 sacramen-

1407 2817 1494 2842 tum:
1519 2816 1551 2841 et
1572 2815 1742 2850 propterea
1765 2818 1928 2839 consonus
1945 2809 2073 2848 utrique
2088 2807 2183 2837 debet
2201 2816 2277 2837 esse.
2302 2806 2374 2842 Sed,
2391 2815 2466 2836 cum

1409 2855 1528 2895 duplex
1555 2854 1594 2884 sit
1623 2853 1840 2884 Eucharistiae
1862 2861 1955 2887 usus,
1978 2852 2029 2882 vel
2051 2851 2235 2891 primarius,
2259 2855 2404 2890 spectans
2427 2849 2467 2880 ad

1409 2903 1659 2933 consecrantem,
1678 2897 1729 2927 vel
1745 2896 1959 2931 secundarius,
1982 2900 2127 2935 spectans
2143 2893 2183 2924 ad
2197 2894 2371 2934 populum3
2388 2893 2466 2924 haec

1410 2947 1465 2977 est,
1486 2946 1644 2981 quantum
1659 2940 1699 2970 ad
1713 2940 1917 2980 propositum
1932 2944 2063 2979 spectat,
2086 2939 2168 2968 inter
2181 2943 2355 2977 utrumque
2370 2946 2466 2967 usum

1409 2985 1594 3020 differentia,
1619 2983 1708 3024 quod
1726 2993 1803 3014 usus
1817 2983 1984 3023 primarius
1999 2981 2093 3012 debet
2109 2990 2285 3011 consonare
2300 2981 2466 3020 speciebus

1409 3029 1606 3063 sacramenti,
1624 3037 1664 3058 eo
1680 3026 1770 3067 quod
1789 3026 1942 3066 perfectio
1957 3035 2035 3056 usus
2049 3025 2189 3065 primarii
2204 3029 2326 3064 spectat
2340 3023 2380 3054 ad
2394 3033 2466 3064 per-

1409 3073 1584 3103 fectionem
1606 3071 1794 3101 sacramenti
1814 3075 1851 3100 ut
1865 3069 1936 3100 finis
1954 3070 1999 3109 (et
2017 3074 2195 3109 propterea,
2211 3074 2248 3098 ut
2268 3067 2466 3108 praedictum

1411 3122 1458 3147 est
1475 3117 1502 3152 ὓ,
1526 3115 1680 3154 sacrilegii
1708 3123 1781 3144 reus
1811 3118 1892 3144 esset
1921 3112 2067 3144 sacerdos
2097 3112 2258 3142 celebrans
2288 3111 2465 3142 omittendo

1412 3160 1677 3191 communionem
1701 3157 1834 3197 calicis):
1865 3167 1941 3187 usus
1967 3162 2074 3186 autem
2100 3155 2303 3186 secundarius
2326 3155 2365 3186 de
2389 3164 2466 3186 con-

1411 3213 1491 3244 gruo
1515 3203 1607 3234 decet
1628 3201 1718 3242 quod
1741 3206 1897 3232 consonet
1921 3200 2088 3241 speciebus
2109 3200 2311 3235 sacramenti,
2336 3199 2412 3239 quia
2433 3199 2467 3229 in

1411 3249 1482 3288 ipso
1498 3256 1566 3278 non
1582 3246 1725 3277 consistit
1738 3244 1892 3286 perfectio
1907 3244 2104 3280 sacramenti,
2120 3249 2157 3274 ut
2170 3243 2368 3283 praedictum
2384 3247 2431 3273 est
2439 3244 2466 3272 ³.

1464 3291 1506 3323 Et
1528 3291 1604 3332 quia
1626 3290 1815 3320 communio
1838 3289 1952 3329 populi
1974 3289 2008 3318 in
2022 3297 2085 3318 usu
2099 3287 2286 3318 secundario
2309 3287 2405 3318 huius
2419 3296 2468 3317 sa—

1413 3335 1566 3366 cramenti
1588 3334 1748 3369 consistit,
1771 3332 1845 3363 ideo
1872 3342 1911 3363 ex
1936 3338 2024 3372 parte
2049 3331 2237 3362 sacramenti
2259 3331 2351 3362 decet
2371 3330 2468 3361 talem

1412 3388 1524 3414 usum,
1553 3378 1634 3408 idest
1663 3377 1928 3408 communionem
1953 3376 2077 3416 populi,
2101 3383 2276 3415 congruere
2302 3374 2468 3415 speciebus

1413 3422 1707 3458 sacramentalibus,
1736 3422 1799 3451 hoc
1823 3426 1885 3456 est,
1910 3419 1999 3460 quod
2028 3419 2083 3450 fiat
2111 3420 2170 3449 sub
2193 3425 2327 3459 utraque
2350 3419 2466 3458 specie.

1413 3467 1462 3498 Ex
1484 3472 1572 3507 parte
1595 3475 1671 3496 vero
1694 3465 1812 3495 utentis
1834 3464 1958 3505 populi,
1982 3463 2115 3494 debetur
2137 3463 2212 3493 huic
2226 3463 2299 3493 usui
2321 3471 2467 3493 reveren-

1413 3511 1472 3541 tia:
1504 3515 1629 3541 tenetur
1656 3510 1742 3540 enim
1771 3508 1913 3549 populus
1943 3507 2182 3538 communicare
2212 3507 2332 3546 absque
2354 3506 2468 3536 irreve-

1413 3555 1529 3591 rentia3
1552 3555 1654 3585 immo
1678 3559 1709 3584 et
1732 3561 1807 3583 cum
1830 3552 2003 3583 reverentia
2027 3550 2131 3582 debita
2152 3555 2241 3581 tanto
2260 3555 2467 3581 sacramento.

2488 1319 2504 1350 ξ’
2515 1329 2550 1361 Cf.
2559 1319 2629 1370 ¹{ona
2637 1355 2643 1366 ‚
2657 1339 2700 1369 Ιζε-

2489 1371 2540 1386 rum
2554 1365 2644 1393 Lutum.
2660 1366 2699 1387 lib.

2489 1391 2518 1416 11.
2527 1397 2576 1419 cap.
2583 1397 2699 1419 nunna.

2491 1798 2502 1808 ·
2516 1796 2553 1818 cf.
2567 1802 2630 1818 num.
2645 1803 2667 1818 v.

2491 2279 2502 2290 '
2516 2277 2553 2300 Cf.
2566 2283 2630 2299 num.
2644 2284 2674 2300 vi.

2493 3115 2503 3125 ·
2524 3113 2598 3140 Supra
2618 3113 2642 3134 in
2663 3118 2702 3140 qu.

2493 3139 2576 3167 prima,
2585 3146 2648 3161 num.
2657 3145 2703 3160 xm.

2493 3244 2504 3255 ‘
2517 3243 2576 3266 lbid.
