2918 4088
411 142 486 179 330

409 233 498 270 ergo
527 234 595 271 per
617 221 893 271 poenitentiam
913 223 1034 260 homo
1054 231 1252 272 recuperat
1271 223 1470 272 pristinam

408 274 640 322 dignitatem.

464 327 496 364 3.
526 329 757 375 PRAETEREA,
787 336 873 365 ante
893 336 1094 378 peccatum
1122 336 1245 378 potest
1265 328 1400 377 aliquis
1420 327 1468 363 ad

408 380 597 418 maiorem
615 381 778 429 gradum
793 382 1010 418 ascendere.
1032 382 1124 418 Non
1139 389 1268 418 autem
1289 381 1363 417 hoc
1382 386 1469 428 post

407 441 608 482 peccatum
650 434 872 471 conceditur
912 434 1139 483 poenitenti:
1188 433 1324 469 dicitur
1364 431 1468 468 enim

408 487 546 524 Ezech.
567 499 651 524 xmv
669 487 703 524 ²¹²:
734 489 884 525 Levitae
911 489 977 536 qui
998 491 1222 523 recesserunt
1241 497 1264 521 a
1283 497 1353 530 me,
1375 496 1467 520 nun-

408 552 519 588 quam
556 542 905 589 appropinquabunt
932 540 1042 584 mihi,
1079 544 1116 574 ut
1149 538 1354 574 sacerdotio
1372 538 1467 584 fun-

168 493 178 503 ·
193 490 260 512 Vei-s.
277 496 312 517 ιο,
329 496 360 518 ¹3.

168 601 296 649 {gg-{gf
310 601 382 649 agg-
406 599 557 642 gantur.
589 594 646 640 Et,
664 593 759 629 sicut
778 593 942 629 habetur
960 591 998 627 in
1018 590 1198 636 Decretis,
1220 589 1302 626 dist.
1323 591 1356 626 L
1376 590 1407 636 ³⁸,
1428 588 1468 625 in

167 643 380 707 gggslibid-‚not-
408 645 623 682 Hilerdensi
653 645 825 682 Concilio
853 644 1002 692 legitur:
1032 645 1091 680 Hi
1107 645 1314 692 quisancto
1333 642 1467 679 altario

265 707 279 741 β
407 699 627 744 deserviunt,
652 700 685 735 si
709 700 825 734 subito
844 697 976 746 flenda
1004 696 1185 732 debilitate
1203 697 1327 732 carnis
1347 694 1361 724 β
1388 707 1468 732 cor-

407 753 565 797 ruerint,
596 757 644 796 et,
674 752 835 787 Domino
864 750 1087 798 respiciente,
1111 749 1382 798 poenituerint,
1412 749 1467 796 of-

395 806 577 852 ficiorum
610 815 762 840 suorum
799 803 881 839 loca
918 802 1116 850 recipiant,
1157 813 1225 838 nec
1246 803 1388 850 possint
1419 802 1470 838 ad

406 857 539 894 altiora
567 857 692 904 officia
721 856 869 891 ulterius
890 856 1120 902 promoveri.
1150 854 1243 891 Non
1262 866 1352 902 ergo
1376 866 1467 903 poe-

406 909 561 945 nitentia
601 907 758 944 restituit
795 906 995 943 hominem
1036 906 1075 943 in
1113 906 1313 955 pristinam
1348 907 1467 955 digni-

405 969 533 998 tatem.

459 1015 531 1051 SED
560 1025 702 1050 CONTRA
731 1024 795 1049 Εετ
823 1011 941 1060 quod,
971 1011 1068 1048 sicut
1095 1012 1134 1048 in
1168 1013 1304 1049 eadem
1338 1012 1467 1050 distin-

167 1073 306 1120 ·,Ctggfua
315 1073 377 1094 San·
405 1067 527 1104 ctione
547 1066 566 1088 ²⁸
584 1065 727 1114 legitur,
749 1064 968 1112 Gregorius,
989 1065 1157 1101 scribens
1178 1065 1400 1103 Secundino
1414 1066 1465 1114 *ἦ

166 1106 377 1174 ἓ’8εέίετ·1ῑ1ῡ·11,)1ξ,
405 1119 511 1156 dixit:
541 1121 626 1155 Post
654 1118 808 1167 dignam
840 1118 1148 1165 satisfactionem,
1187 1119 1370 1155 credimus
1403 1121 1467 1157 ho—

167 1158 376 1206 vi'i‚LE¹1¹³’-i¹'v·¹'
404 1175 540 1209 minem
576 1183 681 1220 posse
718 1170 840 1207 redire
875 1171 926 1207 ad
964 1183 1071 1207 suum
1111 1172 1304 1208 honorem.
1347 1172 1395 1208 Et
1427 1172 1467 1209 in

165 1236 176 1245 ·
195 1234 312 1282 &ny-„2
328 1233 363 1255 Cf·
405 1224 575 1263 Concilio
600 1223 807 1272 Agathensi
825 1223 845 1245 '¹‘
872 1223 1022 1272 legitur:
1057 1225 1302 1262 Contumaces
1329 1225 1465 1272 clerici,

165 1266 215 1314 ἓξὲξ
229 1266 285 1308 diff-¹
298 1266 363 1308 ism*
396 1284 509 1328 prout
527 1277 715 1326 dignitatis
742 1277 834 1314 ordo
857 1279 1080 1326 permiserit,
1109 1280 1156 1315 ab
1185 1280 1362 1327 episcopis
1384 1291 1466 1316 cor-

403 1333 594 1380 rigantur:
622 1332 671 1366 ita
700 1335 757 1376 ut,
786 1342 872 1367 cum
900 1343 962 1367 eos
988 1332 1211 1379 poenitentia
1239 1334 1464 1378 correxerit,

400 1384 563 1435 gradum
598 1395 705 1419 suum
733 1383 1022 1433 dignitatemque
1050 1386 1240 1432 recipiant.

454 1437 677 1473 RESPONDEO
698 1448 878 1473 DICENDUM
898 1436 1006 1485 quod
1034 1437 1155 1474 homo
1174 1450 1244 1486 per
1261 1445 1465 1487 peccatum

401 1489 596 1538 duplicem
624 1488 845 1537 dignitatem
873 1489 1027 1526 amittit:
1057 1502 1178 1527 unam
1206 1498 1397 1539 quantum
1416 1491 1465 1528 ad

401 1544 541 1589 Deum,
562 1542 677 1579 aliam
695 1554 789 1579 vero
809 1550 1000 1591 quantum
1018 1543 1068 1579 ad
1087 1543 1309 1580 Ecclesiam.
1331 1545 1465 1591 Quan-

401 1604 484 1633 tum
513 1603 643 1632 autem
672 1596 720 1632 ad
748 1596 890 1641 Deum,
920 1595 1056 1632 amittit
1083 1596 1278 1645 duplicem
1307 1597 1465 1645 dignita-

400 1658 489 1686 tem.
520 1650 648 1686 Unam
671 1648 934 1697 principalem,
964 1661 1042 1698 qua
1070 1649 1209 1686 scilicet
1236 1657 1466 1699 computatus

164 1707 258 1761 {egei}
274 1713 324 1735 cap·
347 1713 374 1734 v,
402 1709 481 1740 erat
500 1704 594 1741 inter
610 1702 716 1750 filios
734 1703 808 1738 Dei
823 1701 843 1723 ’¹‘
870 1714 939 1750 per
958 1702 1129 1750 gratiam.
1159 1703 1207 1739 Et
1226 1703 1326 1740 hanc
1345 1703 1464 1752 digni-

401 1764 514 1793 tatem
545 1762 744 1803 recuperat
771 1766 841 1803 per
860 1755 1146 1804 poenitentiam.
1177 1756 1296 1803 Quod
1324 1755 1465 1805 signifi-

402 1817 509 1846 catur
535 1809 629 1845 Luc.
650 1821 698 1845 xv
717 1808 736 1830 ’¹‘
764 1808 811 1844 de
832 1813 847 1835 Υ
865 1807 945 1845 filio
974 1808 1148 1857 prodigo,
1169 1809 1229 1845 cui
1250 1817 1357 1858 pater
1375 1822 1465 1859 poe-

402 1862 534 1899 nitenti
568 1861 675 1898 iussit
712 1860 856 1898 restitui
886 1862 1018 1898 stolam
1045 1863 1213 1909 primam
1251 1868 1283 1899 et
1310 1863 1466 1899 anulum

402 1922 435 1953 et
462 1916 723 1953 calceamenta.
754 1937 779 1940 —
807 1913 934 1950 Aliam
961 1926 1054 1951 vero
1083 1914 1305 1962 dignitatem
1331 1915 1466 1952 amittit

402 1967 679 2014 secundariam,
709 1966 849 2004 scilicet
876 1966 1155 2004 innocentiam:
1186 1968 1234 2005 de
1254 1980 1344 2017 qua,
1370 1968 1466 2005 sicut

402 2022 546 2059 ibidem
574 2020 708 2069 legitur
726 2020 756 2067 ²⁸,
786 2019 1017 2068 gloriabatur
1034 2020 1136 2057 filius
1156 2020 1293 2068 senior,
1323 2021 1464 2069 dicens,

401 2077 509 2122 Ecce,
539 2080 588 2111 tot
615 2075 723 2111 annis
750 2076 870 2110 servio
889 2075 963 2119 tibi,
984 2079 1017 2110 et
1037 2086 1228 2122 nunquam
1248 2075 1465 2111 mandatum

402 2135 503 2165 tuum
535 2129 748 2177 praeterivi.
792 2127 839 2163 Et
873 2127 974 2163 hanc
1008 2126 1229 2174 dignitatem
1265 2127 1466 2176 poenitens

403 2192 627 2230 recuperare
647 2192 728 2216 non
747 2187 881 2228 potest.
903 2202 927 2205 —
948 2180 1164 2229 Recuperat
1191 2187 1321 2217 tamen
1345 2193 1465 2229 quan-

402 2235 531 2283 doque
560 2233 704 2282 aliquid
733 2233 869 2269 maius.
905 2232 1020 2279 Quia,
1049 2240 1092 2269 ut
1125 2233 1332 2281 Gregorius
1365 2233 1465 2281 dicit,

165 2292 375 2341 ffnflgffgkxxxlv
403 2288 441 2324 in
470 2285 639 2323 Homilia
671 2286 716 2322 de
747 2287 902 2322 Centum
936 2285 1071 2323 Ovibus
1095 2285 1130 2333 ²¹⁸,
1170 2288 1233 2336 qui
1263 2299 1407 2323 errasse
1443 2299 1467 2324 a

164 2327 172 2341 ¹
270 2326 296 2347 ξ’
402 2343 483 2378 Deo
517 2352 556 2377 se
589 2339 844 2385 considerant,
883 2338 1022 2375 damna
1053 2340 1318 2388 praecedentia
1354 2340 1467 2377 lucris

402 2394 631 2443 sequentibus
664 2397 955 2440 recompensant.
998 2394 1128 2429 Maius
1165 2405 1257 2442 ergo
1285 2394 1467 2442 gaudium

403 2448 448 2484 de
475 2448 526 2482 eis
542 2447 592 2493 fit
620 2447 656 2481 in
686 2445 811 2481 caelo:
848 2446 934 2493 quia
967 2450 1000 2480 et
1032 2445 1111 2482 dux
1146 2447 1183 2482 in
1207 2446 1354 2494 praelio
1381 2446 1468 2494 plus

405 2511 488 2536 eum
516 2498 667 2535 militem
695 2498 814 2546 diligit
851 2500 913 2546 qui
934 2504 1018 2546 post
1034 2499 1178 2547 fugam
1208 2511 1375 2536 reversus
1403 2500 1466 2536 ho-

163 1812 174 1822 “
189 1811 254 1832 Vei-s.
270 1816 303 1832 22.

164 2028 174 2038 ·
189 2026 255 2047 Vers.
271 2032 307 2053 29.

403 2559 494 2590 stem
519 2553 673 2599 fortiter
702 2552 855 2599 premit,
893 2563 1004 2600 quam
1041 2552 1144 2588 illum
1180 2553 1243 2601 qui
1276 2564 1466 2601 nunquam

403 2612 511 2654 terga
536 2605 706 2652 praebuit
740 2609 773 2639 et
801 2615 991 2652 nunquam
1024 2605 1164 2654 aliquid
1185 2605 1339 2652 fortiter
1360 2605 1465 2652 fecit.

264 2659 278 2684 δ
458 2657 688 2705 Dignitatem
724 2663 851 2693 autern
889 2657 1180 2694 ecclesiasticam
1217 2658 1338 2694 homo
1358 2656 1371 2679 δ
1398 2669 1468 2707 per

405 2718 606 2760 peccatum
634 2709 772 2758 perdit,
802 2709 869 2758 qui
897 2709 1098 2757 indignum
1127 2723 1166 2748 se
1196 2710 1318 2747 reddit
1345 2710 1394 2747 ad
1423 2723 1467 2747 ea

405 2776 504 2813 quae
524 2770 748 2811 competunt
768 2762 936 2810 dignitati
951 2763 1222 2800 ecclesiasticae
1243 2764 1465 2800 exercenda.

406 2818 537 2864 Quam
549 2815 707 2864 quidem
723 2827 948 2864 recuperare
962 2816 1227 2864 prohibentur,
1238 2829 1318 2853 uno
1333 2817 1466 2862 modo,

267 2878 278 2893 Ξ
405 2870 495 2919 quia
514 2881 595 2905 non
614 2868 810 2917 poenitent
824 2874 847 2905 ε.
876 2869 987 2906 Unde
1007 2869 1173 2906 Isidorus
1193 2870 1243 2907 ad
1259 2871 1467 2920 Misianum

167 2924 320 2952 ’ΨΜ-Ν·
404 2925 628 2972 Episcopum
646 2921 666 2942 '¹‘
694 2921 838 2967 scribit,
869 2921 964 2958 sicut
988 2922 1027 2959 in
1056 2923 1193 2959 eadem
1227 2922 1467 2959 distinctione

405 2975 557 3023 legitur,
587 2986 669 3023 cap.
693 2975 876 3012 Domino:
912 2975 1002 3012 Illos
1037 2976 1087 3013 ad
1113 2977 1291 3024 pristinos
1326 2975 1469 3026 gradus

461 3099 485 3133 β)
499 3100 593 3134 flenda
612 3099 747 3124 debilitate
766 3100 865 3126 carnis.
877 3114 896 3118 -
914 3098 952 3132 (in
974 3098 1004 3133 Ρ)
1016 3100 1110 3134 flenda
1127 3100 1217 3125 carnis
1230 3100 1387 3133 fragilitate
1404 3099 1424 3123 F
1444 3104 1470 3123 et

406 3135 488 3160 tertia.
508 3136 574 3160 Ante
590 3135 773 3166 poenituerint
793 3135 822 3159 Pl
842 3136 940 3160 addunt
959 3135 1047 3168 digne.
1067 3136 1116 3160 Pro
1136 3135 1194 3160 loca
1212 3136 1345 3167 recipiant
1363 3142 1417 3164 nec,
1431 3135 1470 3161 sic

407 3171 465 3195 loca
484 3171 615 3202 recipiant
634 3174 662 3194 ut
682 3178 732 3195 non
754 3171 782 3195 P.

460 3205 487 3238 γ)
508 3206 547 3229 de.
565 3219 584 3223 —
603 3206 628 3229 in
647 3206 729 3230 tertia.
741 3219 759 3223 —
775 3206 824 3230 Pro
842 3206 885 3230 cui
900 3210 980 3238 pater
995 3206 1144 3238 poenitenti
1158 3206 1242 3236 iussit,
1262 3207 1306 3231 cui
1319 3206 1471 3238 poenitenti

411 3241 486 3266 iussit
502 3244 582 3272 pater
600 3240 688 3273 (pater
708 3241 783 3265 iussit
802 3240 939 3275 editiones)
958 3243 1039 3267 tertia.

462 3275 487 3307 δ)
505 3275 707 3300 ecclesiasticam
726 3276 814 3300 homo.
825 3290 844 3294 -
857 3277 894 3300 Fa
914 3282 938 3301 et
957 3277 1047 3307 tertia;
1066 3277 1143 3302 homo
1157 3277 1371 3302 ecclesiasticam.
1383 3290 1402 3295 -
1419 3277 1469 3301 Pro

409 3311 463 3343 qui,
483 3311 545 3343 quia
564 3311 645 3335 tertia.
837 3312 841 3313 ⁷

462 3346 483 3379 ε)
501 3346 701 3377 prohibentur...
717 3346 862 3377 poenitent.
875 3360 893 3364 —
908 3347 1091 3377 prohibetur...
1107 3347 1226 3377 poenitet
1245 3347 1272 3371 P.
1285 3362 1304 3366 -
1322 3347 1467 3372 Misianum

410 3382 463 3412 Ea;
483 3382 642 3406 Missianum
661 3382 742 3405 tertia.
763 3381 895 3405 Iulianum
916 3382 1006 3411 ceteri;
1024 3382 1100 3406 Alias
1118 3382 1274 3407 Massanum
1295 3391 1384 3415 margo
1404 3384 1432 3408 Ρ.

463 3415 488 3449 ζ)
507 3419 600 3449 agunt.
618 3430 637 3434 —
650 3416 758 3449 faciunt
777 3417 813 3446 bc,
826 3416 898 3449 facit
917 3417 945 3442 Ρ.

462 3453 489 3486 η)
509 3452 679 3485 negligentia.
697 3466 715 3470 —
734 3452 819 3476 Tertia
837 3457 937 3483 praeter
956 3452 979 3475 H
986 3459 992 3482 ;
1013 3452 1161 3484 diligentia.

1048 144 1311 191 QUAESTIO
1341 144 1555 190 LXXXIX,
1585 143 1878 181 ARTICULUS
1906 145 1951 181 111

1524 234 1685 258 canones
1713 222 1835 258 redire
1848 224 2083 271 praecipiunt
2112 235 2201 272 quos
2213 226 2462 273 poenitentiae
2474 238 2588 275 prae-

1524 276 1627 310 cessit
1653 275 1863 322 satisfactiO,
1892 275 1951 312 vel
1977 275 2167 325 condigna
2185 283 2426 325 peccatorum
2444 280 2587 327 confes-

1522 328 1588 363 sio.
1608 327 1658 362 At
1671 332 1801 363 contra
1820 328 1860 363 hi
1877 329 1941 375 qui
1958 339 1981 363 a
1999 329 2085 365 vitio
2105 331 2351 378 corruptionis
2370 343 2444 368 non
2464 343 2587 368 emen-

1524 378 1677 424 dantur,
1716 391 1784 415 nec
1810 379 1974 428 gradum
2002 381 2173 427 honoris,
2203 394 2271 419 nec
2296 385 2462 432 gratiam
2495 386 2587 421 reci-

1517 432 1626 478 piunt
1658 433 1941 469 communionis.
1970 454 1995 458 —
2025 433 2226 480 Secundo,
2264 435 2356 483 quia
2388 435 2587 484 poeniten-

1522 482 1616 519 tiam
1644 483 1874 532 negligenter
1901 492 2018 532 agunt
2037 484 2060 521 ζ.
2090 486 2202 523 Unde
2230 486 2269 524 in
2298 488 2435 525 eadem
2458 489 2587 526 distin-
2711 489 2727 518 ζ

1523 535 1669 581 ctione,
1699 548 1781 585 cap.
1809 538 1850 574 Si
1876 539 1955 586 quis
1988 538 2185 584 diaconus,
2219 539 2375 577 dicitur:
2416 542 2511 578 Cum
2549 543 2586 578 in

1523 589 1703 637 aliquibus
1731 602 1799 626 nec
1826 592 2058 638 compunctio
2078 591 2300 638 humilitatis,
2330 605 2398 630 nec
2416 595 2587 631 instantia

1523 642 1659 678 orandi
1685 649 1882 692 appareat,
1919 655 1987 680 nec
2022 645 2166 681 ieiuniis
2201 645 2260 682 vel
2285 645 2498 683 lectionibus
2526 658 2589 683 eos

1522 706 1660 731 vacare
1685 696 1887 741 videamus,
1914 708 2109 745 possumus
2137 709 2353 747 agnoscere,
2381 700 2414 734 si
2440 699 2491 735 ad
2509 701 2587 747 pri-

1522 749 1634 784 stinos
1661 749 1821 788 honores
1849 749 2022 795 redirent,
2051 762 2136 787 cum
2165 756 2302 799 quanta
2326 751 2586 801 negligentias
2711 756 2728 779 '¹

1517 807 1795 848 permanerent.
1825 823 1850 828 —
1879 801 2024 848 Tertio,
2053 801 2084 839 si
2110 803 2303 840 commisit
2322 803 2479 853 aliquod
2498 816 2586 853 pec-

1523 861 1653 890 catum
1668 854 1814 891 habens
1824 852 1836 875 θ
1852 854 2164 902 irregularitatem
2179 856 2349 905 aliquam
2363 856 2585 895 admixtam.
2711 859 2724 884 ⁰

2613 913 2624 922 '
2630 912 2686 934 Can.
2693 912 2781 940 Siquis
2790 913 2827 934 ui·

2613 939 2691 961 duam.

2613 975 2623 986 ·
2637 973 2728 1006 Martipi
2742 974 2826 996 Βησι-

2612 1006 2675 1023 ηηι.
2704 1004 2825 1028 interpret.

2613 1033 2663 1049 can.
2691 1027 2777 1055 Apo-t.
2801 1033 2811 1050 ι

2612 1057 2749 1110 ἕήῖῗιῖὶὲἇῖ
2763 1053 2825 1102 ’1ἓοῖ

2613 1109 2662 1133 cit„
2677 1109 2726 1129 not.
2741 1106 2776 1136 63.

1522 907 1635 944 Unde
1654 906 1694 943 in
1714 907 1851 944 eadem
1869 907 2110 945 distinctione
2123 908 2156 955 *,
2177 921 2223 946 ex
2238 909 2412 946 Concilio
2430 909 2587 947 Martini

1523 960 1651 1008 Papae
1670 959 1700 1006 ³¹⁶,
1730 959 1886 997 dicitur:
1917 962 1958 998 Si
1983 963 2062 1010 quis
2089 962 2252 1008 viduam,
2281 963 2340 1000 vel
2366 964 2413 1000 ab
2432 963 2506 1000 alio
2529 975 2584 1000 re-

1522 1013 1646 1049 lictam
1674 1013 1832 1058 duxerit,
1862 1025 1937 1050 non
1966 1014 2179 1051 admittatur
2206 1015 2257 1052 ad
2282 1016 2434 1054 clerum.
2477 1017 2588 1058 Quod

1521 1067 1555 1102 si
1580 1067 1778 1114 irrepserit,
1808 1066 2010 1103 deiiciatur.
2052 1067 2226 1104 Similiter
2251 1070 2285 1104 si
2309 1069 2498 1105 homicidii
2523 1075 2587 1106 aut

1512 1119 1622 1166 facto
1657 1124 1721 1155 aut
1747 1124 1948 1168 praecepto
1983 1125 2046 1156 aut
2073 1121 2225 1157 consilio
2263 1127 2326 1158 aut
2353 1121 2584 1169 defensione,

1517 1177 1601 1220 post
1629 1173 1862 1219 baptismum,
1891 1173 2059 1208 conscius
2082 1173 2206 1218 fuerit.
2238 1174 2315 1211 Sed
2336 1174 2412 1211 hoc
2430 1186 2512 1211 non
2531 1182 2588 1211 est

1522 1223 1668 1261 ratione
1687 1224 1843 1273 peccati,
1864 1225 1931 1261 sed
1946 1224 2092 1262 ratione
2107 1225 2398 1274 irregularitatis.
2418 1249 2443 1253 -
2464 1227 2586 1273 Quar-

1522 1285 1581 1324 to,
1611 1284 1768 1326 propter
1796 1277 2032 1315 scandalum.
2075 1278 2188 1315 Unde
2223 1278 2263 1315 in
2291 1279 2429 1316 eadem
2456 1279 2587 1316 distin·

1522 1330 1646 1367 ctione
1675 1330 1822 1378 legitur,
1851 1342 1934 1379 cap.
1955 1331 2014 1367 De
2040 1332 2096 1368 his
2115 1343 2225 1369 vero.-
2250 1332 2465 1369 Rabanus*
2483 1333 2589 1370 dicit.-

1521 1385 1580 1420 Hi
1614 1385 1677 1433 qui
1712 1379 1938 1431 deprehensi
1961 1384 2021 1421 vel
2060 1386 2159 1434 capti
2187 1385 2335 1432 suerint
2364 1385 2513 1435 publice
2549 1388 2586 1424 in

1515 1438 1699 1486 periurio,
1715 1437 1818 1483 furto
1844 1442 1907 1473 aut
1921 1437 2191 1484 fornicatione,
2212 1443 2245 1474 et
2267 1440 2396 1475 ceteris
2423 1440 2587 1477 crimini-

1521 1492 1587 1527 bus
1612 1496 1636 1537 ‘,
1674 1489 1876 1527 secundum
1911 1501 2099 1526 canonum
2134 1502 2330 1528 sacrorum
2366 1493 2527 1530 instituta
2562 1504 2588 1531 a
2714 1499 2723 1515 ‘

1515 1545 1674 1592 proprio
1708 1543 1832 1593 gradu
1867 1543 2055 1579 decidant:
2087 1545 2173 1593 quia
2199 1544 2418 1582 scandalum
2446 1551 2496 1583 est
2517 1558 2587 1595 po-

1513 1597 1606 1644 pulo
1634 1597 1707 1633 Dei
1732 1596 1822 1633 tales
1843 1608 2028 1645 personas
2054 1598 2304 1646 superpositas
2329 1599 2478 1635 habere.
2515 1599 2590 1641 Qui

1520 1656 1643 1688 autem
1678 1649 1723 1686 de
1748 1649 1945 1698 praedictis
1965 1651 2129 1696 peccatis
2160 1651 2339 1687 absconse
2369 1663 2394 1688 a
2419 1663 2460 1688 se
2485 1663 2586 1688 com-

1519 1704 1637 1740 missis
1663 1702 1848 1739 sacerdoti
1867 1708 1883 1724 ²
1911 1703 2143 1750 confitentur,
2171 1704 2206 1739 si
2229 1715 2270 1739 se
2290 1716 2362 1753 per
2388 1705 2526 1742 ieiunia
2554 1711 2588 1742 et
2712 1718 2727 1735 κ

1519 1756 1774 1804 eleemosynas
1800 1755 2020 1804 vigiliasque
2039 1761 2072 1792 et
2088 1767 2216 1792 sacras
2235 1758 2421 1794 orationes
2441 1769 2586 1808 purga-

1519 1811 1649 1854 verint,
1678 1809 1734 1845 his
1761 1809 1884 1854 etiam,
1913 1808 2037 1857 gradu
2060 1810 2221 1858 proprio
2239 1815 2397 1856 servato,
2425 1822 2507 1860 spes
2525 1823 2586 1848 ve-

1520 1864 1605 1899 niae
1632 1861 1677 1898 de
1704 1861 1960 1898 misericordia
1978 1862 2052 1898 Dei
2071 1862 2324 1910 promittenda
2351 1869 2414 1900 est.
2443 1864 2492 1900 Et
2510 1864 2587 1902 hoc

1520 1915 1635 1952 etiam
1654 1913 1792 1951 dicitur
1810 1914 1936 1960 Extra,
1950 1914 2002 1950 'de
2026 1914 2210 1956 Qualitate
2233 1915 2437 1953 Ordinand.
2453 1916 2484 1963 *,
2501 1928 2584 1966 cap.

1526 1969 1762 2011 Quaesitum.-
1805 1968 1846 2003 Si
1880 1968 2040 2004 crimina
2082 1967 2214 2004 ordine
2250 1968 2444 2006 iudiciario
2485 1981 2586 2007 com-

1515 2023 1698 2071 probata,
1735 2019 1794 2058 vel
1827 2019 1921 2056 alias
1957 2021 2104 2056 notoria
2137 2032 2212 2057 non
2243 2021 2403 2068 fuerint,
2433 2029 2587 2072 praeter

1521 2086 1604 2111 reos
1631 2072 1830 2118 homicidii,
1859 2078 1943 2120 post
1971 2074 2238 2121 poenitentiam
2266 2075 2303 2110 in
2332 2077 2505 2125 susceptis
2528 2077 2588 2114 vel

1520 2129 1597 2164 iam
1614 2126 1854 2175 suscipiendis
1873 2125 2063 2162 ordinibus
2090 2126 2269 2174 impedire
2286 2125 2300 2148 λ
2329 2140 2404 2165 non
2418 2135 2583 2178 possunt.
2707 2132 2726 2158 λ

1573 2181 1631 2216 AD
1664 2190 1799 2215 PRIMUM
1834 2190 1932 2215 ERGO
1965 2190 2147 2216 DICENDUM
2185 2179 2293 2228 quod
2325 2180 2463 2218 eadem
2489 2181 2585 2220 ratio

1521 2240 1576 2270 est
1603 2232 1652 2269 de
1681 2230 1970 2280 recuperatione
1998 2231 2219 2279 virginitatis
2247 2239 2284 2269 et
2311 2232 2359 2270 de
2387 2245 2586 2284 recupera-

1520 2286 1623 2323 tione
1644 2283 1884 2321 innocentiae
1899 2284 1930 2330 *,
1947 2296 2047 2333 quae
2068 2284 2231 2334 pertinet
2249 2286 2299 2323 ad
2318 2287 2586 2325 secundariam

1522 2338 1743 2386 dignitatern
1772 2337 1903 2386 quoad
1931 2337 2072 2374 Deum.

1573 2393 1631 2428 AD
1667 2402 1856 2428 SECUNDUM
1893 2402 2075 2428 DICENDUM
2107 2392 2215 2440 quod
2250 2391 2513 2442 Hieronymus
2545 2394 2587 2432 in

1521 2444 1648 2481 verbis
1675 2442 1745 2480 illis
1773 2455 1854 2480 non
1881 2442 1971 2480 dicit
1999 2455 2081 2480 esse
2110 2444 2368 2493 impossibile,
2403 2446 2470 2483 sed
2498 2445 2588 2485 dicit

1522 2509 1604 2534 esse
1626 2496 1778 2533 difficile
1807 2495 2007 2533 hominem
2034 2509 2260 2546 recuperare
2279 2506 2366 2547 post
2384 2507 2587 2548 peccatum

1522 2549 1726 2599 pristinum
1754 2549 1938 2596 gradum:
1968 2549 2060 2598 quia
2079 2550 2154 2587 hoc
2173 2562 2253 2587 non
2273 2551 2497 2589 conceditur
2514 2553 2587 2591 nisi

1521 2603 1685 2652 perfecte
1714 2601 1936 2651 poenitenti,
1966 2610 2008 2639 ut
2036 2602 2182 2640 dictum
2210 2611 2266 2640 est
2283 2603 2314 2640 *.

1575 2656 1636 2692 Ad
1664 2662 1801 2692 statuta
1836 2662 1966 2691 autem
1994 2667 2192 2694 canonum
2225 2656 2292 2706 qui
2310 2663 2328 2686 μ
2355 2658 2432 2695 hoc
2458 2658 2586 2708 prohi-
2709 2668 2728 2694 μ

1522 2708 1612 2745 bere
1640 2708 1837 2754 videntur,
1868 2708 2074 2757 respondet
2101 2709 2358 2758 AugustinuS,
2387 2711 2585 2749 Bonifacio

2614 1338 2684 1387 aa·
2702 1338 2737 1361 ⁶⁴
2753 1337 2826 1361 ’Μ

2614 1926 2676 1958 ·,A1.
2686 1925 2716 1947 de
2726 1925 2826 1953 Tempo-

2613 2297 2624 2308 ·
2637 2296 2666 2319 n.
2681 2296 2745 2326 1¹69.

2612 2614 2624 2626 '
2637 2613 2662 2636 In
2677 2619 2783 2642 corpore.

1522 2761 1690 2799 scribens
1709 2760 1745 2797 ³¹⁶:
1781 2762 1827 2799 Ut
1854 2763 2135 2799 constitueretur
2161 2764 2198 2800 in
2227 2764 2394 2800 Ecclesia
2422 2776 2468 2800 ne
2491 2766 2585 2814 quis-
2611 2769 2656 2818 ;,Ε
2674 2770 2825 2819 -ξξῑξῑζ,

1521 2827 1633 2864 quam
1655 2820 1740 2863 post
1768 2814 1924 2851 alicuius
1950 2816 2117 2852 criminis
2138 2817 2405 2865 poenitentiam
2433 2817 2585 2855 clerica·
2634 2812 2647 2870 ’1·
2669 2812 2825 2872 {magg-

1520 2874 1597 2904 tum
1625 2869 1794 2916 accipiat,
1823 2867 1882 2904 vel
1908 2868 1959 2904 ad
1975 2868 2189 2906 clericatum
2215 2869 2352 2915 redeat,
2379 2869 2439 2907 vel
2457 2871 2494 2906 in
2514 2870 2584 2907 cle·
2611 2877 2658 2903 mr,
2675 2876 2730 2899 ⁶³¹1·
2745 2876 2771 2899 L·

1521 2923 1638 2958 ricatu
1666 2925 1827 2966 maneat,
1859 2932 1932 2957 non
1962 2921 2216 2970 desperatione
2238 2922 2500 2971 indulgentiae,
2522 2924 2588 2961 sed

1521 2975 1649 3023 rigore
1666 2974 1817 3021 factum
1836 2979 1887 3010 est
1906 2973 2131 3025 disciplinae.
2160 2974 2335 3024 Alioquin
2360 2979 2491 3012 contra
2509 2976 2585 3014 cla-

1577 3095 1602 3129 0)
1621 3097 1727 3122 habens.
1741 3110 1760 3115 —
1772 3096 1844 3129 quod
1861 3097 1940 3121 habet
1957 3097 2039 3122 tertia.
2052 3111 2071 3116 -
2084 3097 2134 3122 Pro
2152 3097 2270 3130 aliquam
2286 3098 2448 3128 admixtam,
2467 3100 2586 3132 aliquam

1522 3139 1660 3157 annexam
1674 3132 1714 3157 ed.
1728 3139 1753 3162 a,
1767 3131 1922 3157 adiunctam
1936 3131 1965 3161 F.
1978 3132 2132 3157 admixtam
2149 3133 2207 3162 GH.
2220 3139 2357 3159 annexam
2377 3134 2386 3158 1
2406 3139 2432 3159 et
2450 3135 2586 3161 editiones.

1577 3166 1595 3200 ι)
1614 3167 1777 3192 criminibus.
1787 3181 1806 3185 -
1815 3167 1968 3192 huiusmodi
1980 3167 2135 3193 criminibus
2148 3168 2188 3193 ΡΙ.
2197 3182 2216 3186 -
2225 3175 2242 3192 a
2251 3169 2366 3200 proprio
2380 3169 2425 3201 P1;
2437 3170 2586 3202 proprio.—

1524 3202 1573 3227 Pro
1592 3202 1782 3234 superpositas,
1801 3209 1882 3234 super
1899 3209 1928 3227 se
1941 3202 2046 3234 positas
2064 3203 2103 3228 Pl.

1577 3236 1602 3271 κ)
1621 3237 1765 3262 sacerdoti.
1782 3251 1802 3256 —-
1819 3237 1920 3262 occulte
1944 3237 2079 3263 sacerdoti
2097 3238 2118 3262 F
2137 3243 2163 3263 et
2181 3238 2263 3264 tertia.
2280 3252 2300 3257 -
2325 3239 2375 3264 Pro
2393 3241 2584 3274 purgaverint,

1517 3280 1641 3306 purgare
1659 3272 1803 3298 c'caverint
1821 3272 1837 3303 1,
1853 3279 1975 3306 purgare
1993 3273 2148 3299 curaverint
2166 3278 2251 3299 cetera
2269 3274 2350 3300 tertia.
2362 3289 2381 3294 —
2394 3276 2475 3301 etiam
2494 3277 2584 3310 gradu

1523 3308 1531 3332 1
1551 3313 1576 3332 et
1601 3308 1740 3332 editiones:
1760 3308 1787 3332 in
1812 3308 1909 3340 gradu.
1928 3322 1947 3326 —
1971 3308 2004 3333 de
2032 3308 2216 3334 misericordia
2242 3309 2277 3340 1>;
2300 3317 2337 3334 ex
2362 3311 2548 3337 misericordia
2566 3312 2584 3343 1,

1523 3343 1707 3368 misericordia
1725 3343 1810 3367 ceteri.

1575 3377 1592 3402 λ
1623 3378 1760 3410 impedire.
1778 3392 1795 3396 -
1815 3377 1881 3408 Pac;
1901 3378 2033 3410 impediri.

1576 3422 1594 3446 μ
1623 3413 1675 3445 qui.
1694 3427 1713 3431 -
1731 3420 1798 3445 quae
1816 3413 1879 3438 DFa
1898 3419 1923 3438 et
1941 3414 2023 3439 tertia.
2040 3427 2060 3433 —
2078 3422 2110 3439 ne
2134 3415 2162 3439 la
2187 3420 2213 3440 et
2237 3415 2378 3448 editiones3
2397 3424 2480 3450 neque
2497 3417 2534 3448 F,
2555 3421 2585 3443 ut

1523 3455 1554 3472 ne
1573 3448 1630 3478 GH,
1651 3452 1680 3473 ut
1699 3455 1746 3473 nec
1764 3449 1848 3473 ceteri.
