<?xml version="1.0" encoding="UTF-8"?>
<!DOCTYPE html PUBLIC "-//W3C//DTD XHTML 1.0 Transitional//EN"
    "http://www.w3.org/TR/xhtml1/DTD/xhtml1-transitional.dtd">
<html xmlns="http://www.w3.org/1999/xhtml" xml:lang="en" lang="en">
 <head>
  <title>
</title>
<meta http-equiv="Content-Type" content="text/html;charset=utf-8" />
  <meta name='ocr-system' content='tesseract 3.04.00' />
  <meta name='ocr-capabilities' content='ocr_page ocr_carea ocr_par ocr_line ocrx_word'/>
</head>
<body>
  <div class='ocr_page' id='page_1' title='image "./operaomniaiussui12thom/operaomniaiussui12thom_0666.png"; bbox 0 0 2878 4088; ppageno 0'>
   <div class='ocr_carea' id='block_1_1' title="bbox 139 367 352 449">
    <p class='ocr_par' dir='ltr' id='par_1_1' title="bbox 139 367 352 449">
     <span class='ocr_line' id='line_1_1' title="bbox 139 367 350 391; baseline -0.009 0"><span class='ocrx_word' id='word_1_1' title='bbox 139 371 150 380; x_wconf 88' lang='grc'>·</span> <span class='ocrx_word' id='word_1_2' title='bbox 158 368 193 391; x_wconf 82' lang='lat' dir='ltr'>Cf.</span> <span class='ocrx_word' id='word_1_3' title='bbox 201 368 272 390; x_wconf 73' lang='lat' dir='ltr'>Hilar.</span> <span class='ocrx_word' id='word_1_4' title='bbox 284 367 350 389; x_wconf 88' lang='lat' dir='ltr'>Com-</span> 
     </span>
     <span class='ocr_line' id='line_1_2' title="bbox 140 394 352 420; baseline -0.009 -4"><span class='ocrx_word' id='word_1_5' title='bbox 140 397 207 417; x_wconf 80' lang='lat' dir='ltr'>ment.</span> <span class='ocrx_word' id='word_1_6' title='bbox 221 395 245 416; x_wconf 73' lang='lat' dir='ltr'>in</span> <span class='ocrx_word' id='word_1_7' title='bbox 258 394 352 420; x_wconf 55' lang='lat' dir='ltr'>Mami,</span> 
     </span>
     <span class='ocr_line' id='line_1_3' title="bbox 140 427 350 449; baseline -0.005 -6"><span class='ocrx_word' id='word_1_8' title='bbox 140 428 190 449; x_wconf 80' lang='lat' dir='ltr'>cap.</span> <span class='ocrx_word' id='word_1_9' title='bbox 212 427 279 448; x_wconf 81' lang='lat' dir='ltr'>xxvi,</span> <span class='ocrx_word' id='word_1_10' title='bbox 295 427 316 442; x_wconf 88' lang='lat' dir='ltr'>n.</span> <span class='ocrx_word' id='word_1_11' title='bbox 332 427 350 448; x_wconf 87' lang='lat'>5.</span> 
     </span>
    </p>
   </div>
   <div class='ocr_carea' id='block_1_2' title="bbox 140 501 349 576">
    <p class='ocr_par' dir='ltr' id='par_1_2' title="bbox 140 501 349 576">
     <span class='ocr_line' id='line_1_4' title="bbox 140 501 348 549; baseline -0.005 -26"><span class='ocrx_word' id='word_1_12' title='bbox 140 504 150 513; x_wconf 84' lang='lat'>·</span> <span class='ocrx_word' id='word_1_13' title='bbox 159 502 201 549; x_wconf 50' lang='lat' dir='ltr'>Egi</span> <span class='ocrx_word' id='word_1_14' title='bbox 211 501 313 527; x_wconf 81' lang='lat' dir='ltr'>CXCIX,</span> <span class='ocrx_word' id='word_1_15' title='bbox 322 502 348 522; x_wconf 79' lang='lat' dir='ltr'>al.</span> 
     </span>
     <span class='ocr_line' id='line_1_5' title="bbox 140 528 349 576; baseline -0.005 -26"><span class='ocrx_word' id='word_1_16' title='bbox 140 528 189 576; x_wconf 42' lang='lat'>{¹⁴72</span> <span class='ocrx_word' id='word_1_17' title='bbox 204 528 237 555; x_wconf 88' lang='lat' dir='ltr'>X,</span> <span class='ocrx_word' id='word_1_18' title='bbox 260 534 309 556; x_wconf 83' lang='lat' dir='ltr'>cap.</span> <span class='ocrx_word' id='word_1_19' title='bbox 330 534 349 554; x_wconf 86' lang='grc' dir='ltr'>ι,</span> 
     </span>
    </p>
   </div>
   <div class='ocr_carea' id='block_1_3' title="bbox 139 675 278 704">
    <p class='ocr_par' dir='ltr' id='par_1_3' title="bbox 139 675 278 704">
     <span class='ocr_line' id='line_1_6' title="bbox 139 675 278 704; baseline 0.014 -8"><span class='ocrx_word' id='word_1_20' title='bbox 139 677 150 687; x_wconf 82' lang='grc'><em>·</em></span> <span class='ocrx_word' id='word_1_21' title='bbox 164 675 230 697; x_wconf 81' lang='lat' dir='ltr'>Vers.</span> <span class='ocrx_word' id='word_1_22' title='bbox 245 682 278 704; x_wconf 81' lang='lat'>3²·</span> 
     </span>
    </p>
   </div>
   <div class='ocr_carea' id='block_1_4' title="bbox 139 759 351 835">
    <p class='ocr_par' dir='ltr' id='par_1_4' title="bbox 139 759 351 835">
     <span class='ocr_line' id='line_1_7' title="bbox 139 759 351 834; baseline 0.005 -27"><span class='ocrx_word' id='word_1_23' title='bbox 139 759 351 834; x_wconf 49' lang='lat' dir='ltr'>nigiigsligsspms</span> 
     </span>
     <span class='ocr_line' id='line_1_8' title="bbox 139 815 265 835; baseline 0 -1"><span class='ocrx_word' id='word_1_24' title='bbox 139 815 148 823; x_wconf 78' lang='lat'>¹</span> <span class='ocrx_word' id='word_1_25' title='bbox 186 819 209 834; x_wconf 85' lang='lat' dir='ltr'>er</span> <span class='ocrx_word' id='word_1_26' title='bbox 224 829 229 835; x_wconf 75' lang='lat'><strong>.</strong></span> <span class='ocrx_word' id='word_1_27' title='bbox 260 829 265 834; x_wconf 91' lang='lat'>.</span> 
     </span>
    </p>
   </div>
   <div class='ocr_carea' id='block_1_5' title="bbox 138 1021 349 1069">
    <p class='ocr_par' dir='ltr' id='par_1_5' title="bbox 138 1021 349 1069">
     <span class='ocr_line' id='line_1_9' title="bbox 138 1021 349 1048; baseline -0.005 -7"><span class='ocrx_word' id='word_1_28' title='bbox 138 1023 148 1032; x_wconf 81' lang='grc'><em>·</em></span> <span class='ocrx_word' id='word_1_29' title='bbox 159 1021 218 1042; x_wconf 83' lang='lat' dir='ltr'>Part.</span> <span class='ocrx_word' id='word_1_30' title='bbox 229 1021 245 1047; x_wconf 81' lang='lat'>1,</span> <span class='ocrx_word' id='word_1_31' title='bbox 254 1027 293 1048; x_wconf 90' lang='lat' dir='ltr'>qu.</span> <span class='ocrx_word' id='word_1_32' title='bbox 303 1027 349 1046; x_wconf 80' lang='lat' dir='ltr'>xiv,</span> 
     </span>
     <span class='ocr_line' id='line_1_10' title="bbox 138 1048 215 1069; baseline 0.013 -1"><span class='ocrx_word' id='word_1_33' title='bbox 138 1051 179 1069; x_wconf 84' lang='lat' dir='ltr'>art.</span> <span class='ocrx_word' id='word_1_34' title='bbox 194 1048 215 1069; x_wconf 88' lang='lat'>8.</span> 
     </span>
    </p>
   </div>
   <div class='ocr_carea' id='block_1_6' title="bbox 139 1596 267 1623">
    <p class='ocr_par' dir='ltr' id='par_1_6' title="bbox 139 1596 267 1623">
     <span class='ocr_line' id='line_1_11' title="bbox 139 1596 267 1623; baseline 0.016 -7"><span class='ocrx_word' id='word_1_35' title='bbox 139 1599 146 1606; x_wconf 87' lang='grc'><em>·</em></span> <span class='ocrx_word' id='word_1_36' title='bbox 164 1596 229 1617; x_wconf 84' lang='lat' dir='ltr'>Vers.</span> <span class='ocrx_word' id='word_1_37' title='bbox 246 1602 267 1623; x_wconf 95' lang='lat'>7.</span> 
     </span>
    </p>
   </div>
   <div class='ocr_carea' id='block_1_7' title="bbox 138 1772 348 1979">
    <p class='ocr_par' dir='ltr' id='par_1_7' title="bbox 138 1772 348 1979">
     <span class='ocr_line' id='line_1_12' title="bbox 147 1772 275 1801; baseline 0.016 -9"><span class='ocrx_word' id='word_1_38' title='bbox 147 1772 228 1794; x_wconf 69' lang='grc' dir='ltr'><strong>’νει-5.</strong></span> <span class='ocrx_word' id='word_1_39' title='bbox 245 1779 275 1801; x_wconf 78' lang='grc' dir='ltr'>ι5.</span> 
     </span>
     <span class='ocr_line' id='line_1_13' title="bbox 138 1953 348 1979; baseline 0 -5"><span class='ocrx_word' id='word_1_40' title='bbox 138 1953 190 1975; x_wconf 72' lang='grc' dir='ltr'>Ῥι.</span> <span class='ocrx_word' id='word_1_41' title='bbox 199 1958 348 1979; x_wconf 76' lang='lat' dir='ltr'>xux,vers.3.</span> 
     </span>
    </p>
   </div>
   <div class='ocr_carea' id='block_1_8' title="bbox 136 2130 345 2212">
    <p class='ocr_par' dir='ltr' id='par_1_8' title="bbox 136 2130 345 2212">
     <span class='ocr_line' id='line_1_14' title="bbox 136 2130 345 2179; baseline 0.005 -28"><span class='ocrx_word' id='word_1_42' title='bbox 136 2133 145 2142; x_wconf 87' lang='lat'><strong>·</strong></span> <span class='ocrx_word' id='word_1_43' title='bbox 155 2131 197 2179; x_wconf 51' lang='lat' dir='ltr'>iffi</span> <span class='ocrx_word' id='word_1_44' title='bbox 205 2130 307 2157; x_wconf 84' lang='lat' dir='ltr'>CXXIX,</span> <span class='ocrx_word' id='word_1_45' title='bbox 316 2132 345 2153; x_wconf 77' lang='lat' dir='ltr'>al.</span> 
     </span>
     <span class='ocr_line' id='line_1_15' title="bbox 136 2157 345 2212; baseline 0 -33"><span class='ocrx_word' id='word_1_46' title='bbox 136 2157 187 2212; x_wconf 35' lang='lat' dir='ltr'>&amp;qq-</span> <span class='ocrx_word' id='word_1_47' title='bbox 200 2157 218 2179; x_wconf 86' lang='lat' dir='ltr'>X</span> <span class='ocrx_word' id='word_1_48' title='bbox 229 2174 234 2184; x_wconf 87' lang='lat'><strong>‚</strong></span> <span class='ocrx_word' id='word_1_49' title='bbox 250 2164 300 2185; x_wconf 77' lang='lat' dir='ltr'>cap.</span> <span class='ocrx_word' id='word_1_50' title='bbox 323 2163 345 2179; x_wconf 77' lang='lat' dir='ltr'>tx</span> 
     </span>
    </p>
   </div>
   <div class='ocr_carea' id='block_1_9' title="bbox 135 2396 346 2530">
    <p class='ocr_par' dir='ltr' id='par_1_9' title="bbox 135 2396 346 2530">
     <span class='ocr_line' id='line_1_16' title="bbox 136 2396 345 2424; baseline 0 -6"><span class='ocrx_word' id='word_1_51' title='bbox 136 2399 145 2408; x_wconf 90' lang='grc'><em>·</em></span> <span class='ocrx_word' id='word_1_52' title='bbox 156 2396 190 2418; x_wconf 85' lang='lat' dir='ltr'>Cf.</span> <span class='ocrx_word' id='word_1_53' title='bbox 202 2397 261 2418; x_wconf 75' lang='lat' dir='ltr'>Part.</span> <span class='ocrx_word' id='word_1_54' title='bbox 277 2397 297 2423; x_wconf 81' lang='grc' dir='ltr'>Ι,</span> <span class='ocrx_word' id='word_1_55' title='bbox 307 2403 345 2424; x_wconf 89' lang='lat' dir='ltr'>qu.</span> 
     </span>
     <span class='ocr_line' id='line_1_17' title="bbox 136 2425 344 2451; baseline -0.005 -6"><span class='ocrx_word' id='word_1_56' title='bbox 136 2429 187 2448; x_wconf 69' lang='lat' dir='ltr'>viu,</span> <span class='ocrx_word' id='word_1_57' title='bbox 198 2425 249 2445; x_wconf 65' lang='lat' dir='ltr'>art.</span> <span class='ocrx_word' id='word_1_58' title='bbox 265 2429 288 2451; x_wconf 69' lang='lat'>33</span> <span class='ocrx_word' id='word_1_59' title='bbox 306 2430 344 2451; x_wconf 90' lang='lat' dir='ltr'>qu.</span> 
     </span>
     <span class='ocr_line' id='line_1_18' title="bbox 135 2453 290 2475; baseline -0.006 -3"><span class='ocrx_word' id='word_1_60' title='bbox 135 2456 198 2475; x_wconf 78' lang='lat' dir='ltr'>xun.</span> <span class='ocrx_word' id='word_1_61' title='bbox 214 2453 256 2472; x_wconf 75' lang='lat' dir='ltr'>nrt.</span> <span class='ocrx_word' id='word_1_62' title='bbox 285 2466 290 2471; x_wconf 90' lang='lat'>.</span> 
     </span>
     <span class='ocr_line' id='line_1_19' title="bbox 136 2476 346 2499; baseline -0.005 0"><span class='ocrx_word' id='word_1_63' title='bbox 136 2479 146 2489; x_wconf 82' lang='grc'><em>·</em></span> <span class='ocrx_word' id='word_1_64' title='bbox 156 2477 189 2499; x_wconf 78' lang='lat' dir='ltr'>Cf.</span> <span class='ocrx_word' id='word_1_65' title='bbox 201 2477 220 2497; x_wconf 91' lang='lat'>11</span> <span class='ocrx_word' id='word_1_66' title='bbox 232 2476 265 2498; x_wconf 89' lang='lat' dir='ltr'>ad</span> <span class='ocrx_word' id='word_1_67' title='bbox 294 2477 346 2498; x_wconf 76' lang='lat' dir='ltr'>hes-</span> 
     </span>
     <span class='ocr_line' id='line_1_20' title="bbox 136 2504 291 2530; baseline -0.006 -5"><span class='ocrx_word' id='word_1_68' title='bbox 136 2504 190 2530; x_wconf 67' lang='lat' dir='ltr'>sal„</span> <span class='ocrx_word' id='word_1_69' title='bbox 205 2509 255 2530; x_wconf 78' lang='lat' dir='ltr'>cap.</span> <span class='ocrx_word' id='word_1_70' title='bbox 270 2509 291 2525; x_wconf 81' lang='grc' dir='ltr'>ιι.</span> 
     </span>
    </p>
   </div>
   <div class='ocr_carea' id='block_1_10' title="bbox 137 2706 346 2778">
    <p class='ocr_par' dir='ltr' id='par_1_10' title="bbox 137 2706 346 2778">
     <span class='ocr_line' id='line_1_21' title="bbox 137 2706 346 2734; baseline 0 -7"><span class='ocrx_word' id='word_1_71' title='bbox 137 2708 146 2717; x_wconf 91' lang='grc'>·</span> <span class='ocrx_word' id='word_1_72' title='bbox 161 2706 228 2728; x_wconf 86' lang='lat' dir='ltr'>Vers.</span> <span class='ocrx_word' id='word_1_73' title='bbox 249 2706 275 2728; x_wconf 89' lang='grc' dir='ltr'>ι6</span> <span class='ocrx_word' id='word_1_74' title='bbox 295 2712 346 2734; x_wconf 79' lang='lat' dir='ltr'>sqq.</span> 
     </span>
     <span class='ocr_line' id='line_1_22' title="bbox 137 2749 331 2778; baseline 0.005 -8"><span class='ocrx_word' id='word_1_75' title='bbox 137 2750 143 2759; x_wconf 93' lang='grc'>·</span> <span class='ocrx_word' id='word_1_76' title='bbox 163 2749 228 2771; x_wconf 89' lang='lat' dir='ltr'>Vers.</span> <span class='ocrx_word' id='word_1_77' title='bbox 241 2749 268 2771; x_wconf 84' lang='lat'>28</span> <span class='ocrx_word' id='word_1_78' title='bbox 282 2755 331 2778; x_wconf 78' lang='lat' dir='ltr'>sqq.</span> 
     </span>
    </p>
   </div>
   <div class='ocr_carea' id='block_1_11' title="bbox 138 3016 345 3071">
    <p class='ocr_par' dir='ltr' id='par_1_11' title="bbox 138 3016 345 3071">
     <span class='ocr_line' id='line_1_23' title="bbox 138 3016 345 3044; baseline 0 -6"><span class='ocrx_word' id='word_1_79' title='bbox 138 3019 146 3027; x_wconf 91' lang='grc'><em>·</em></span> <span class='ocrx_word' id='word_1_80' title='bbox 159 3016 194 3038; x_wconf 87' lang='lat' dir='ltr'>Cf.</span> <span class='ocrx_word' id='word_1_81' title='bbox 210 3016 283 3044; x_wconf 76' lang='lat' dir='ltr'>Epist.</span> <span class='ocrx_word' id='word_1_82' title='bbox 298 3017 345 3042; x_wconf 59' lang='lat' dir='ltr'>cit„</span> 
     </span>
     <span class='ocr_line' id='line_1_24' title="bbox 138 3049 233 3071; baseline 0.011 -7"><span class='ocrx_word' id='word_1_83' title='bbox 138 3049 188 3071; x_wconf 73' lang='lat' dir='ltr'>cap.</span> <span class='ocrx_word' id='word_1_84' title='bbox 205 3049 233 3065; x_wconf 88' lang='grc' dir='ltr'>νι.</span> 
     </span>
    </p>
   </div>
   <div class='ocr_carea' id='block_1_12' title="bbox 138 3327 348 3408">
    <p class='ocr_par' dir='ltr' id='par_1_12' title="bbox 138 3327 348 3408">
     <span class='ocr_line' id='line_1_25' title="bbox 139 3327 348 3356; baseline 0.01 -8"><span class='ocrx_word' id='word_1_85' title='bbox 139 3329 148 3338; x_wconf 86' lang='grc'>·</span> <span class='ocrx_word' id='word_1_86' title='bbox 159 3327 243 3349; x_wconf 71' lang='grc' dir='ltr'>Ειιιεδ.</span> <span class='ocrx_word' id='word_1_87' title='bbox 257 3328 298 3350; x_wconf 82' lang='lat' dir='ltr'>lib.</span> <span class='ocrx_word' id='word_1_88' title='bbox 307 3328 348 3356; x_wconf 86' lang='lat' dir='ltr'>V1,</span> 
     </span>
     <span class='ocr_line' id='line_1_26' title="bbox 138 3359 272 3408; baseline 0.007 -6"><span class='ocrx_word' id='word_1_89' title='bbox 138 3359 272 3408; x_wconf 50' lang='lat' dir='ltr'>earn.</span> 
     </span>
    </p>
   </div>
   <div class='ocr_carea' id='block_1_13' title="bbox 382 189 1938 240">
    <p class='ocr_par' dir='ltr' id='par_1_13' title="bbox 382 189 1938 240">
     <span class='ocr_line' id='line_1_27' title="bbox 382 189 1938 240; baseline -0.001 -12"><span class='ocrx_word' id='word_1_90' title='bbox 382 193 456 228; x_wconf 84' lang='lat'>206</span> <span class='ocrx_word' id='word_1_91' title='bbox 896 213 898 215; x_wconf 96' lang='lat'>·</span> <span class='ocrx_word' id='word_1_92' title='bbox 1004 193 1266 240; x_wconf 90' lang='lat' dir='ltr'>QUAESTIO</span> <span class='ocrx_word' id='word_1_93' title='bbox 1296 190 1534 237; x_wconf 89' lang='lat' dir='ltr'>LXXXVIII,</span> <span class='ocrx_word' id='word_1_94' title='bbox 1565 189 1859 227; x_wconf 91' lang='lat' dir='ltr'>ARTICULUS</span> <span class='ocrx_word' id='word_1_95' title='bbox 1888 190 1938 226; x_wconf 93' lang='lat' dir='ltr'>lV</span> 
     </span>
    </p>
   </div>
   <div class='ocr_carea' id='block_1_14' title="bbox 378 271 2565 624">
    <p class='ocr_par' dir='ltr' id='par_1_14' title="bbox 378 271 2565 624">
     <span class='ocr_line' id='line_1_28' title="bbox 433 271 2564 314; baseline 0 -11"><span class='ocrx_word' id='word_1_96' title='bbox 433 282 463 312; x_wconf 89' lang='lat'>4.</span> <span class='ocrx_word' id='word_1_97' title='bbox 489 274 692 309; x_wconf 53' lang='lat' dir='ltr'>Panamara,</span> <span class='ocrx_word' id='word_1_98' title='bbox 717 279 845 314; x_wconf 89' lang='lat' dir='ltr'>tempus</span> <span class='ocrx_word' id='word_1_99' title='bbox 868 274 977 304; x_wconf 89' lang='lat' dir='ltr'>iudicii</span> <span class='ocrx_word' id='word_1_100' title='bbox 1000 284 1067 304; x_wconf 90' lang='lat' dir='ltr'>non</span> <span class='ocrx_word' id='word_1_101' title='bbox 1091 279 1218 314; x_wconf 82' lang='lat' dir='ltr'>oportet</span> <span class='ocrx_word' id='word_1_102' title='bbox 1242 283 1309 304; x_wconf 89' lang='lat' dir='ltr'>esse</span> <span class='ocrx_word' id='word_1_103' title='bbox 1333 272 1442 302; x_wconf 89' lang='lat' dir='ltr'>occul·</span> <span class='ocrx_word' id='word_1_104' title='bbox 1497 280 1595 311; x_wconf 89' lang='lat' dir='ltr'>quam</span> <span class='ocrx_word' id='word_1_105' title='bbox 1618 271 1748 301; x_wconf 91' lang='lat' dir='ltr'>brevem</span> <span class='ocrx_word' id='word_1_106' title='bbox 1772 271 1884 301; x_wconf 86' lang='lat' dir='ltr'>horam</span> <span class='ocrx_word' id='word_1_107' title='bbox 1907 271 2078 312; x_wconf 87' lang='lat' dir='ltr'>temporis:</span> <span class='ocrx_word' id='word_1_108' title='bbox 2103 271 2158 302; x_wconf 89' lang='lat' dir='ltr'>sed</span> <span class='ocrx_word' id='word_1_109' title='bbox 2181 271 2222 302; x_wconf 89' lang='lat' dir='ltr'>ad</span> <span class='ocrx_word' id='word_1_110' title='bbox 2237 272 2481 313; x_wconf 86' lang='lat' dir='ltr'>significandum</span> <span class='ocrx_word' id='word_1_111' title='bbox 2504 283 2564 304; x_wconf 94' lang='lat' dir='ltr'>no-</span> 
     </span>
     <span class='ocr_line' id='line_1_29' title="bbox 379 315 2562 358; baseline 0 -11"><span class='ocrx_word' id='word_1_112' title='bbox 379 323 448 348; x_wconf 92' lang='lat' dir='ltr'>tum</span> <span class='ocrx_word' id='word_1_113' title='bbox 471 318 531 347; x_wconf 88' lang='lat' dir='ltr'>nisi</span> <span class='ocrx_word' id='word_1_114' title='bbox 554 323 684 358; x_wconf 86' lang='lat' dir='ltr'>propter</span> <span class='ocrx_word' id='word_1_115' title='bbox 707 318 770 348; x_wconf 88' lang='lat' dir='ltr'>hoc</span> <span class='ocrx_word' id='word_1_116' title='bbox 794 317 883 358; x_wconf 92' lang='lat' dir='ltr'>quod</span> <span class='ocrx_word' id='word_1_117' title='bbox 907 318 1040 358; x_wconf 88' lang='lat' dir='ltr'>quilibet</span> <span class='ocrx_word' id='word_1_118' title='bbox 1064 319 1218 348; x_wconf 89' lang='lat' dir='ltr'>sollicitus</span> <span class='ocrx_word' id='word_1_119' title='bbox 1241 327 1274 348; x_wconf 91' lang='lat' dir='ltr'>se</span> <span class='ocrx_word' id='word_1_120' title='bbox 1298 316 1337 347; x_wconf 86' lang='lat' dir='ltr'>ad</span> <span class='ocrx_word' id='word_1_121' title='bbox 1360 315 1442 346; x_wconf 88' lang='lat' dir='ltr'>iudi·</span> <span class='ocrx_word' id='word_1_122' title='bbox 1496 316 1662 345; x_wconf 88' lang='lat' dir='ltr'><strong>vissimum</strong></span> <span class='ocrx_word' id='word_1_123' title='bbox 1686 320 1803 345; x_wconf 88' lang='lat' dir='ltr'>statum</span> <span class='ocrx_word' id='word_1_124' title='bbox 1832 315 1964 352; x_wconf 90' lang='lat' dir='ltr'>mundi,</span> <span class='ocrx_word' id='word_1_125' title='bbox 1990 316 2045 356; x_wconf 90' lang='lat' dir='ltr'>qui</span> <span class='ocrx_word' id='word_1_126' title='bbox 2070 321 2117 346; x_wconf 90' lang='lat' dir='ltr'>est</span> <span class='ocrx_word' id='word_1_127' title='bbox 2141 317 2231 356; x_wconf 86' lang='lat' dir='ltr'>quasi</span> <span class='ocrx_word' id='word_1_128' title='bbox 2263 318 2436 348; x_wconf 88' lang='lat' dir='ltr'>novissima</span> <span class='ocrx_word' id='word_1_129' title='bbox 2459 323 2562 354; x_wconf 82' lang='lat' dir='ltr'>aetas3</span> 
     </span>
     <span class='ocr_line' id='line_1_30' title="bbox 380 359 2563 402; baseline 0 -10"><span class='ocrx_word' id='word_1_130' title='bbox 380 362 465 392; x_wconf 91' lang='lat' dir='ltr'>cium</span> <span class='ocrx_word' id='word_1_131' title='bbox 488 367 663 402; x_wconf 84' lang='lat' dir='ltr'>praeparet,</span> <span class='ocrx_word' id='word_1_132' title='bbox 687 362 765 392; x_wconf 90' lang='lat' dir='ltr'>dum</span> <span class='ocrx_word' id='word_1_133' title='bbox 789 362 997 393; x_wconf 89' lang='lat' dir='ltr'>determinate</span> <span class='ocrx_word' id='word_1_134' title='bbox 1027 368 1154 402; x_wconf 91' lang='lat' dir='ltr'>tempus</span> <span class='ocrx_word' id='word_1_135' title='bbox 1178 363 1302 402; x_wconf 89' lang='lat' dir='ltr'>ignoret</span> <span class='ocrx_word' id='word_1_136' title='bbox 1318 362 1343 390; x_wconf 67' lang='lat'>⁴*-</span> <span class='ocrx_word' id='word_1_137' title='bbox 1380 359 1442 390; x_wconf 91' lang='lat' dir='ltr'>Sed</span> <span class='ocrx_word' id='word_1_138' title='bbox 1498 369 1580 400; x_wconf 91' lang='lat' dir='ltr'>quae</span> <span class='ocrx_word' id='word_1_139' title='bbox 1597 365 1718 400; x_wconf 92' lang='lat' dir='ltr'>quanto</span> <span class='ocrx_word' id='word_1_140' title='bbox 1735 360 1889 400; x_wconf 86' lang='lat' dir='ltr'>temporis</span> <span class='ocrx_word' id='word_1_141' title='bbox 1905 360 2008 399; x_wconf 91' lang='lat' dir='ltr'>spatio</span> <span class='ocrx_word' id='word_1_142' title='bbox 2025 359 2127 395; x_wconf 89' lang='lat' dir='ltr'>duret,</span> <span class='ocrx_word' id='word_1_143' title='bbox 2143 369 2212 390; x_wconf 89' lang='lat' dir='ltr'>non</span> <span class='ocrx_word' id='word_1_144' title='bbox 2231 366 2277 391; x_wconf 92' lang='lat' dir='ltr'>est</span> <span class='ocrx_word' id='word_1_145' title='bbox 2293 360 2471 398; x_wconf 87' lang='lat' dir='ltr'>definitum,</span> <span class='ocrx_word' id='word_1_146' title='bbox 2489 372 2563 392; x_wconf 90' lang='lat' dir='ltr'>cum</span> 
     </span>
     <span class='ocr_line' id='line_1_31' title="bbox 379 403 2564 446; baseline 0 -10"><span class='ocrx_word' id='word_1_147' title='bbox 379 405 491 436; x_wconf 90' lang='lat' dir='ltr'>eadem</span> <span class='ocrx_word' id='word_1_148' title='bbox 514 406 697 437; x_wconf 86' lang='lat' dir='ltr'>sollicitudo</span> <span class='ocrx_word' id='word_1_149' title='bbox 720 412 898 437; x_wconf 84' lang='lat' dir='ltr'>remaneret</span> <span class='ocrx_word' id='word_1_150' title='bbox 930 407 1025 437; x_wconf 90' lang='lat' dir='ltr'>etiam</span> <span class='ocrx_word' id='word_1_151' title='bbox 1049 407 1074 437; x_wconf 89' lang='lat' dir='ltr'>si</span> <span class='ocrx_word' id='word_1_152' title='bbox 1098 412 1220 437; x_wconf 91' lang='lat' dir='ltr'>certum</span> <span class='ocrx_word' id='word_1_153' title='bbox 1244 411 1341 436; x_wconf 84' lang='lat' dir='ltr'>esset:</span> <span class='ocrx_word' id='word_1_154' title='bbox 1367 405 1442 444; x_wconf 86' lang='lat' dir='ltr'>quia</span> <span class='ocrx_word' id='word_1_155' title='bbox 1498 405 1593 434; x_wconf 89' lang='lat' dir='ltr'>etiarn</span> <span class='ocrx_word' id='word_1_156' title='bbox 1616 413 1676 434; x_wconf 90' lang='lat' dir='ltr'>nec</span> <span class='ocrx_word' id='word_1_157' title='bbox 1692 405 1793 440; x_wconf 90' lang='lat' dir='ltr'>senio,</span> <span class='ocrx_word' id='word_1_158' title='bbox 1811 403 1900 444; x_wconf 91' lang='lat' dir='ltr'>quod</span> <span class='ocrx_word' id='word_1_159' title='bbox 1924 410 1970 434; x_wconf 92' lang='lat' dir='ltr'>est</span> <span class='ocrx_word' id='word_1_160' title='bbox 1985 404 2097 434; x_wconf 88' lang='lat' dir='ltr'>ultima</span> <span class='ocrx_word' id='word_1_161' title='bbox 2121 409 2205 434; x_wconf 89' lang='lat' dir='ltr'>aetas</span> <span class='ocrx_word' id='word_1_162' title='bbox 2221 405 2371 441; x_wconf 90' lang='lat' dir='ltr'>hominis,</span> <span class='ocrx_word' id='word_1_163' title='bbox 2389 407 2427 436; x_wconf 90' lang='lat' dir='ltr'>sit</span> <span class='ocrx_word' id='word_1_164' title='bbox 2451 406 2564 446; x_wconf 86' lang='lat' dir='ltr'>aliquis</span> 
     </span>
     <span class='ocr_line' id='line_1_32' title="bbox 379 447 2565 491; baseline 0 -11"><span class='ocrx_word' id='word_1_165' title='bbox 379 451 496 490; x_wconf 92' lang='lat' dir='ltr'>cuique</span> <span class='ocrx_word' id='word_1_166' title='bbox 529 451 686 481; x_wconf 90' lang='lat' dir='ltr'>incertum</span> <span class='ocrx_word' id='word_1_167' title='bbox 711 456 758 481; x_wconf 89' lang='lat' dir='ltr'>est</span> <span class='ocrx_word' id='word_1_168' title='bbox 781 456 909 491; x_wconf 90' lang='lat' dir='ltr'>tempus</span> <span class='ocrx_word' id='word_1_169' title='bbox 933 461 1008 482; x_wconf 87' lang='lat' dir='ltr'>suae</span> <span class='ocrx_word' id='word_1_170' title='bbox 1032 452 1158 486; x_wconf 88' lang='lat' dir='ltr'>mortis;</span> <span class='ocrx_word' id='word_1_171' title='bbox 1184 456 1224 486; x_wconf 85' lang='lat' dir='ltr'>et,</span> <span class='ocrx_word' id='word_1_172' title='bbox 1255 451 1337 480; x_wconf 89' lang='lat' dir='ltr'>sicut</span> <span class='ocrx_word' id='word_1_173' title='bbox 1367 449 1442 478; x_wconf 89' lang='lat' dir='ltr'>dicit</span> <span class='ocrx_word' id='word_1_174' title='bbox 1465 458 1473 477; x_wconf 69' lang='grc' dir='ltr'><strong>ς</strong></span> <span class='ocrx_word' id='word_1_175' title='bbox 1498 454 1602 479; x_wconf 91' lang='lat' dir='ltr'>certus</span> <span class='ocrx_word' id='word_1_176' title='bbox 1625 449 1780 478; x_wconf 87' lang='lat' dir='ltr'>terminus</span> <span class='ocrx_word' id='word_1_177' title='bbox 1810 447 1995 488; x_wconf 84' lang='lat' dir='ltr'>praefinitus</span> <span class='ocrx_word' id='word_1_178' title='bbox 2011 449 2038 485; x_wconf 51' lang='grc' dir='ltr'>ἦ,</span> <span class='ocrx_word' id='word_1_179' title='bbox 2063 458 2138 479; x_wconf 91' lang='lat' dir='ltr'>cum</span> <span class='ocrx_word' id='word_1_180' title='bbox 2162 449 2358 489; x_wconf 88' lang='lat' dir='ltr'>quandoque</span> <span class='ocrx_word' id='word_1_181' title='bbox 2386 451 2565 481; x_wconf 89' lang='lat' dir='ltr'>inveniatur</span> 
     </span>
     <span class='ocr_line' id='line_1_33' title="bbox 378 492 2565 537; baseline 0 -13"><span class='ocrx_word' id='word_1_182' title='bbox 378 495 586 534; x_wconf 87' lang='lat' dir='ltr'>Augustinus,</span> <span class='ocrx_word' id='word_1_183' title='bbox 602 496 636 525; x_wconf 93' lang='lat' dir='ltr'>in</span> <span class='ocrx_word' id='word_1_184' title='bbox 660 495 804 535; x_wconf 87' lang='lat' dir='ltr'>Epistola</span> <span class='ocrx_word' id='word_1_185' title='bbox 827 496 870 526; x_wconf 80' lang='lat' dir='ltr'>ad</span> <span class='ocrx_word' id='word_1_186' title='bbox 893 495 1093 537; x_wconf 72' lang='lat' dir='ltr'>Hesychium</span> <span class='ocrx_word' id='word_1_187' title='bbox 1109 496 1135 529; x_wconf 40' lang='grc' dir='ltr'>θ,</span> <span class='ocrx_word' id='word_1_188' title='bbox 1154 495 1185 525; x_wconf 86' lang='lat' dir='ltr'>in</span> <span class='ocrx_word' id='word_1_189' title='bbox 1210 504 1272 535; x_wconf 85' lang='lat' dir='ltr'>quo</span> <span class='ocrx_word' id='word_1_190' title='bbox 1289 502 1443 534; x_wconf 83' lang='lat' dir='ltr'>quemque</span> <span class='ocrx_word' id='word_1_191' title='bbox 1498 493 1610 523; x_wconf 88' lang='lat' dir='ltr'>durare</span> <span class='ocrx_word' id='word_1_192' title='bbox 1634 499 1791 533; x_wconf 90' lang='lat' dir='ltr'>quantum</span> <span class='ocrx_word' id='word_1_193' title='bbox 1816 502 1930 523; x_wconf 90' lang='lat' dir='ltr'>omnes</span> <span class='ocrx_word' id='word_1_194' title='bbox 1953 492 2179 533; x_wconf 89' lang='lat' dir='ltr'>praecedentes</span> <span class='ocrx_word' id='word_1_195' title='bbox 2202 499 2320 524; x_wconf 88' lang='lat' dir='ltr'>aetates</span> <span class='ocrx_word' id='word_1_196' title='bbox 2342 495 2394 524; x_wconf 94' lang='lat' dir='ltr'>vel</span> <span class='ocrx_word' id='word_1_197' title='bbox 2416 495 2505 534; x_wconf 81' lang='lat' dir='ltr'>plus3</span> <span class='ocrx_word' id='word_1_198' title='bbox 2530 500 2565 525; x_wconf 89' lang='lat' dir='ltr'>ut</span> 
     </span>
     <span class='ocr_line' id='line_1_34' title="bbox 379 537 2563 579; baseline 0 -11"><span class='ocrx_word' id='word_1_199' title='bbox 379 538 537 569; x_wconf 79' lang='lat' dir='ltr'>invenerit</span> <span class='ocrx_word' id='word_1_200' title='bbox 557 549 635 570; x_wconf 86' lang='lat' dir='ltr'>suus</span> <span class='ocrx_word' id='word_1_201' title='bbox 658 540 850 570; x_wconf 79' lang='lat' dir='ltr'>novissimus</span> <span class='ocrx_word' id='word_1_202' title='bbox 873 539 949 575; x_wconf 86' lang='lat' dir='ltr'>dies,</span> <span class='ocrx_word' id='word_1_203' title='bbox 967 541 998 570; x_wconf 89' lang='lat' dir='ltr'>in</span> <span class='ocrx_word' id='word_1_204' title='bbox 1023 540 1083 570; x_wconf 87' lang='lat' dir='ltr'>hoc</span> <span class='ocrx_word' id='word_1_205' title='bbox 1106 549 1177 569; x_wconf 89' lang='lat' dir='ltr'>eum</span> <span class='ocrx_word' id='word_1_206' title='bbox 1201 537 1445 578; x_wconf 84' lang='lat' dir='ltr'>comprehendet</span> <span class='ocrx_word' id='word_1_207' title='bbox 1498 537 1574 568; x_wconf 93' lang='lat' dir='ltr'>dicit</span> <span class='ocrx_word' id='word_1_208' title='bbox 1596 537 1805 577; x_wconf 88' lang='lat' dir='ltr'>Augustinus,</span> <span class='ocrx_word' id='word_1_209' title='bbox 1822 538 1855 567; x_wconf 91' lang='lat' dir='ltr'>in</span> <span class='ocrx_word' id='word_1_210' title='bbox 1879 537 1960 567; x_wconf 92' lang='lat' dir='ltr'>libro</span> <span class='ocrx_word' id='word_1_211' title='bbox 1989 537 2264 579; x_wconf 82' lang='lat' dir='ltr'>Octogintatrium</span> <span class='ocrx_word' id='word_1_212' title='bbox 2288 538 2522 574; x_wconf 78' lang='lat' dir='ltr'>Quaestionum</span> <span class='ocrx_word' id='word_1_213' title='bbox 2537 540 2563 569; x_wconf 75' lang='lat'>*.</span> 
     </span>
     <span class='ocr_line' id='line_1_35' title="bbox 378 581 2564 624; baseline 0 -11"><span class='ocrx_word' id='word_1_214' title='bbox 378 583 489 613; x_wconf 87' lang='lat' dir='ltr'>mundi</span> <span class='ocrx_word' id='word_1_215' title='bbox 513 584 704 614; x_wconf 83' lang='lat' dir='ltr'>novissimus</span> <span class='ocrx_word' id='word_1_216' title='bbox 719 584 795 614; x_wconf 87' lang='lat' dir='ltr'>dies.</span> <span class='ocrx_word' id='word_1_217' title='bbox 820 584 905 624; x_wconf 88' lang='lat' dir='ltr'>Ergo</span> <span class='ocrx_word' id='word_1_218' title='bbox 929 594 995 614; x_wconf 92' lang='lat' dir='ltr'>non</span> <span class='ocrx_word' id='word_1_219' title='bbox 1020 590 1066 614; x_wconf 86' lang='lat' dir='ltr'>est</span> <span class='ocrx_word' id='word_1_220' title='bbox 1081 583 1294 614; x_wconf 89' lang='lat' dir='ltr'>necessarium</span> <span class='ocrx_word' id='word_1_221' title='bbox 1315 588 1443 621; x_wconf 89' lang='lat' dir='ltr'>tempus</span> <span class='ocrx_word' id='word_1_222' title='bbox 1498 581 1591 612; x_wconf 91' lang='lat' dir='ltr'>Unde</span> <span class='ocrx_word' id='word_1_223' title='bbox 1616 582 1711 612; x_wconf 89' lang='lat' dir='ltr'>etiam</span> <span class='ocrx_word' id='word_1_224' title='bbox 1730 582 1917 622; x_wconf 86' lang='lat' dir='ltr'>Apostolus,</span> <span class='ocrx_word' id='word_1_225' title='bbox 1935 581 1961 612; x_wconf 92' lang='lat' dir='ltr'>II</span> <span class='ocrx_word' id='word_1_226' title='bbox 1982 582 2123 612; x_wconf 71' lang='lat' dir='ltr'>Tnessal.</span> <span class='ocrx_word' id='word_1_227' title='bbox 2140 592 2162 612; x_wconf 86' lang='lat'>11</span> <span class='ocrx_word' id='word_1_228' title='bbox 2178 583 2205 615; x_wconf 75' lang='lat'>*,</span> <span class='ocrx_word' id='word_1_229' title='bbox 2222 582 2363 613; x_wconf 87' lang='lat' dir='ltr'>excludit</span> <span class='ocrx_word' id='word_1_230' title='bbox 2385 583 2500 614; x_wconf 85' lang='lat' dir='ltr'>falsum</span> <span class='ocrx_word' id='word_1_231' title='bbox 2517 584 2564 613; x_wconf 88' lang='lat' dir='ltr'>in-</span> 
     </span>
    </p>
   </div>
   <div class='ocr_carea' id='block_1_15' title="bbox 377 626 2566 758">
    <p class='ocr_par' dir='ltr' id='par_1_15' title="bbox 377 626 2566 758">
     <span class='ocr_line' id='line_1_36' title="bbox 378 626 2566 668; baseline 0 -11"><span class='ocrx_word' id='word_1_232' title='bbox 378 627 486 658; x_wconf 90' lang='lat' dir='ltr'>iudicii</span> <span class='ocrx_word' id='word_1_233' title='bbox 511 637 578 658; x_wconf 90' lang='lat' dir='ltr'>esse</span> <span class='ocrx_word' id='word_1_234' title='bbox 602 629 778 659; x_wconf 90' lang='lat' dir='ltr'>occultum.</span> <span class='ocrx_word' id='word_1_235' title='bbox 1498 626 1661 656; x_wconf 89' lang='lat' dir='ltr'>tellectum</span> <span class='ocrx_word' id='word_1_236' title='bbox 1692 635 1790 666; x_wconf 88' lang='lat' dir='ltr'>quem</span> <span class='ocrx_word' id='word_1_237' title='bbox 1823 626 1953 666; x_wconf 91' lang='lat' dir='ltr'>quidam</span> <span class='ocrx_word' id='word_1_238' title='bbox 1985 635 2022 656; x_wconf 89' lang='lat' dir='ltr'>ex</span> <span class='ocrx_word' id='word_1_239' title='bbox 2051 627 2115 656; x_wconf 88' lang='lat' dir='ltr'>suis</span> <span class='ocrx_word' id='word_1_240' title='bbox 2139 627 2242 657; x_wconf 86' lang='lat' dir='ltr'>verbis</span> <span class='ocrx_word' id='word_1_241' title='bbox 2274 633 2505 668; x_wconf 86' lang='lat' dir='ltr'>conceperant,</span> <span class='ocrx_word' id='word_1_242' title='bbox 2530 634 2566 658; x_wconf 90' lang='lat' dir='ltr'>ut</span> 
     </span>
     <span class='ocr_line' id='line_1_37' title="bbox 434 669 2171 713; baseline 0 -12"><span class='ocrx_word' id='word_1_243' title='bbox 434 671 496 702; x_wconf 71' lang='lat' dir='ltr'>SED</span> <span class='ocrx_word' id='word_1_244' title='bbox 513 681 637 702; x_wconf 76' lang='lat' dir='ltr'>CONTRA</span> <span class='ocrx_word' id='word_1_245' title='bbox 652 683 707 703; x_wconf 72' lang='lat' dir='ltr'>sss&#39;r</span> <span class='ocrx_word' id='word_1_246' title='bbox 723 672 811 713; x_wconf 93' lang='lat' dir='ltr'>quod</span> <span class='ocrx_word' id='word_1_247' title='bbox 828 672 942 703; x_wconf 91' lang='lat' dir='ltr'>dicitur</span> <span class='ocrx_word' id='word_1_248' title='bbox 959 672 1056 702; x_wconf 91' lang='lat' dir='ltr'>Marci</span> <span class='ocrx_word' id='word_1_249' title='bbox 1069 673 1168 702; x_wconf 40' lang='lat' dir='ltr'>xm&amp;</span> <span class='ocrx_word' id='word_1_250' title='bbox 1186 672 1236 701; x_wconf 91' lang='lat' dir='ltr'>De</span> <span class='ocrx_word' id='word_1_251' title='bbox 1254 671 1306 701; x_wconf 90' lang='lat' dir='ltr'>die</span> <span class='ocrx_word' id='word_1_252' title='bbox 1322 670 1378 700; x_wconf 92' lang='lat' dir='ltr'>illa</span> <span class='ocrx_word' id='word_1_253' title='bbox 1392 669 1442 700; x_wconf 81' lang='lat' dir='ltr'>vel</span> <span class='ocrx_word' id='word_1_254' title='bbox 1460 678 1484 693; x_wconf 86' lang='lat'>¹⁰</span> <span class='ocrx_word' id='word_1_255' title='bbox 1499 670 1664 701; x_wconf 89' lang='lat' dir='ltr'>crederent</span> <span class='ocrx_word' id='word_1_256' title='bbox 1686 671 1769 701; x_wconf 90' lang='lat' dir='ltr'>diem</span> <span class='ocrx_word' id='word_1_257' title='bbox 1792 671 1927 701; x_wconf 87' lang='lat' dir='ltr'>Domini</span> <span class='ocrx_word' id='word_1_258' title='bbox 1951 671 2015 701; x_wconf 92' lang='lat' dir='ltr'>iam</span> <span class='ocrx_word' id='word_1_259' title='bbox 2040 671 2171 701; x_wconf 88' lang='lat' dir='ltr'>instare.</span> 
     </span>
     <span class='ocr_line' id='line_1_38' title="bbox 377 715 2565 758; baseline 0 -12"><span class='ocrx_word' id='word_1_260' title='bbox 377 716 460 746; x_wconf 87' lang='lat' dir='ltr'>hora</span> <span class='ocrx_word' id='word_1_261' title='bbox 484 726 576 746; x_wconf 88' lang='lat' dir='ltr'>nemo</span> <span class='ocrx_word' id='word_1_262' title='bbox 593 716 667 752; x_wconf 75' lang='lat' dir='ltr'>scit,</span> <span class='ocrx_word' id='word_1_263' title='bbox 686 727 743 747; x_wconf 88' lang='lat' dir='ltr'>nec</span> <span class='ocrx_word' id='word_1_264' title='bbox 765 717 876 758; x_wconf 79' lang='lat' dir='ltr'>angeli</span> <span class='ocrx_word' id='word_1_265' title='bbox 899 717 930 747; x_wconf 89' lang='lat' dir='ltr'>in</span> <span class='ocrx_word' id='word_1_266' title='bbox 948 717 1037 747; x_wconf 86' lang='lat' dir='ltr'>caelo</span> <span class='ocrx_word' id='word_1_267' title='bbox 1056 726 1112 746; x_wconf 89' lang='lat' dir='ltr'>nec</span> <span class='ocrx_word' id='word_1_268' title='bbox 1128 716 1241 752; x_wconf 87' lang='lat' dir='ltr'>Filius,</span> <span class='ocrx_word' id='word_1_269' title='bbox 1260 716 1321 746; x_wconf 88' lang='lat' dir='ltr'>nisi</span> <span class='ocrx_word' id='word_1_270' title='bbox 1337 715 1442 745; x_wconf 86' lang='lat' dir='ltr'>Pater.</span> <span class='ocrx_word' id='word_1_271' title='bbox 1553 715 1603 745; x_wconf 84' lang='lat' dir='ltr'>AD</span> <span class='ocrx_word' id='word_1_272' title='bbox 1629 725 1777 745; x_wconf 62' lang='lat' dir='ltr'>ausurum</span> <span class='ocrx_word' id='word_1_273' title='bbox 1807 725 1966 745; x_wconf 68' lang='lat' dir='ltr'>mensuum</span> <span class='ocrx_word' id='word_1_274' title='bbox 1999 715 2107 756; x_wconf 91' lang='lat' dir='ltr'>quod,</span> <span class='ocrx_word' id='word_1_275' title='bbox 2132 716 2227 746; x_wconf 87' lang='lat' dir='ltr'>etiam</span> <span class='ocrx_word' id='word_1_276' title='bbox 2258 717 2425 756; x_wconf 89' lang='lat' dir='ltr'>supposita</span> <span class='ocrx_word' id='word_1_277' title='bbox 2453 718 2565 747; x_wconf 89' lang='lat' dir='ltr'>mortis</span> 
     </span>
    </p>
   </div>
   <div class='ocr_carea' id='block_1_16' title="bbox 373 758 2567 3329">
    <p class='ocr_par' dir='ltr' id='par_1_16' title="bbox 374 758 2567 1728">
     <span class='ocr_line' id='line_1_39' title="bbox 379 758 2564 801; baseline 0 -11"><span class='ocrx_word' id='word_1_278' title='bbox 379 760 502 790; x_wconf 90' lang='lat' dir='ltr'>Dicitur</span> <span class='ocrx_word' id='word_1_279' title='bbox 518 766 624 791; x_wconf 89' lang='lat' dir='ltr'>autem</span> <span class='ocrx_word' id='word_1_280' title='bbox 635 761 734 791; x_wconf 90' lang='lat' dir='ltr'>Filius</span> <span class='ocrx_word' id='word_1_281' title='bbox 746 762 877 797; x_wconf 89' lang='lat' dir='ltr'>nescire,</span> <span class='ocrx_word' id='word_1_282' title='bbox 886 762 1079 801; x_wconf 91' lang='lat' dir='ltr'>inquantum</span> <span class='ocrx_word' id='word_1_283' title='bbox 1091 770 1150 791; x_wconf 90' lang='lat' dir='ltr'>nos</span> <span class='ocrx_word' id='word_1_284' title='bbox 1163 761 1242 790; x_wconf 87' lang='lat' dir='ltr'>scire</span> <span class='ocrx_word' id='word_1_285' title='bbox 1254 770 1321 790; x_wconf 88' lang='lat' dir='ltr'>non</span> <span class='ocrx_word' id='word_1_286' title='bbox 1334 758 1408 789; x_wconf 85' lang='lat' dir='ltr'>facit</span> <span class='ocrx_word' id='word_1_287' title='bbox 1415 759 1442 788; x_wconf 51' lang='grc' dir='ltr'>’ἦ</span> <span class='ocrx_word' id='word_1_288' title='bbox 1497 759 1722 790; x_wconf 87' lang='lat' dir='ltr'>incertitudine</span> <span class='ocrx_word' id='word_1_289' title='bbox 1733 783 1740 796; x_wconf 86' lang='lat'>‚</span> <span class='ocrx_word' id='word_1_290' title='bbox 1766 759 1935 800; x_wconf 85' lang='lat' dir='ltr'>dupliciter</span> <span class='ocrx_word' id='word_1_291' title='bbox 1963 760 2001 790; x_wconf 91' lang='lat' dir='ltr'>ad</span> <span class='ocrx_word' id='word_1_292' title='bbox 2033 760 2227 800; x_wconf 87' lang='lat' dir='ltr'>vigilantiam</span> <span class='ocrx_word' id='word_1_293' title='bbox 2258 760 2342 790; x_wconf 89' lang='lat' dir='ltr'>valet</span> <span class='ocrx_word' id='word_1_294' title='bbox 2373 761 2564 791; x_wconf 87' lang='lat' dir='ltr'>incertitudo</span> 
     </span>
     <span class='ocr_line' id='line_1_40' title="bbox 435 803 2566 845; baseline 0.001 -11"><span class='ocrx_word' id='word_1_295' title='bbox 435 814 463 834; x_wconf 90' lang='lat'>2.</span> <span class='ocrx_word' id='word_1_296' title='bbox 488 805 683 841; x_wconf 53' lang='lat' dir='ltr'>Punicam,</span> <span class='ocrx_word' id='word_1_297' title='bbox 701 806 713 835; x_wconf 96' lang='lat' dir='ltr'>I</span> <span class='ocrx_word' id='word_1_298' title='bbox 741 806 881 836; x_wconf 83' lang='lat' dir='ltr'>Thessal.</span> <span class='ocrx_word' id='word_1_299' title='bbox 897 815 918 835; x_wconf 89' lang='lat' dir='ltr'>v</span> <span class='ocrx_word' id='word_1_300' title='bbox 933 806 966 835; x_wconf 67' lang='lat' dir='ltr'>*z</span> <span class='ocrx_word' id='word_1_301' title='bbox 989 805 1069 835; x_wconf 87' lang='lat' dir='ltr'>Dies</span> <span class='ocrx_word' id='word_1_302' title='bbox 1083 805 1218 835; x_wconf 85' lang='lat' dir='ltr'>Domini</span> <span class='ocrx_word' id='word_1_303' title='bbox 1232 805 1315 835; x_wconf 88' lang='lat' dir='ltr'>sicut</span> <span class='ocrx_word' id='word_1_304' title='bbox 1327 804 1395 845; x_wconf 85' lang='lat' dir='ltr'>fur</span> <span class='ocrx_word' id='word_1_305' title='bbox 1410 803 1442 832; x_wconf 86' lang='lat' dir='ltr'>in</span> <span class='ocrx_word' id='word_1_306' title='bbox 1498 803 1617 834; x_wconf 91' lang='lat' dir='ltr'>iudicii.</span> <span class='ocrx_word' id='word_1_307' title='bbox 1642 804 1760 840; x_wconf 88' lang='lat' dir='ltr'>Primo,</span> <span class='ocrx_word' id='word_1_308' title='bbox 1778 804 1817 834; x_wconf 92' lang='lat' dir='ltr'>ad</span> <span class='ocrx_word' id='word_1_309' title='bbox 1833 805 1896 835; x_wconf 93' lang='lat' dir='ltr'>hoc</span> <span class='ocrx_word' id='word_1_310' title='bbox 1912 804 2002 845; x_wconf 92' lang='lat' dir='ltr'>quod</span> <span class='ocrx_word' id='word_1_311' title='bbox 2017 805 2180 845; x_wconf 81' lang='lat' dir='ltr'>ignoratur</span> <span class='ocrx_word' id='word_1_312' title='bbox 2203 809 2312 835; x_wconf 90' lang='lat' dir='ltr'>utrum</span> <span class='ocrx_word' id='word_1_313' title='bbox 2329 805 2425 836; x_wconf 88' lang='lat' dir='ltr'>etiam</span> <span class='ocrx_word' id='word_1_314' title='bbox 2440 811 2566 836; x_wconf 88' lang='lat' dir='ltr'>tantum</span> 
     </span>
     <span class='ocr_line' id='line_1_41' title="bbox 379 847 2564 890; baseline 0.001 -12"><span class='ocrx_word' id='word_1_315' title='bbox 379 853 479 884; x_wconf 88' lang='lat' dir='ltr'>nocte,</span> <span class='ocrx_word' id='word_1_316' title='bbox 498 849 543 879; x_wconf 85' lang='lat' dir='ltr'>ita</span> <span class='ocrx_word' id='word_1_317' title='bbox 559 850 671 879; x_wconf 82' lang='lat' dir='ltr'>veniet.</span> <span class='ocrx_word' id='word_1_318' title='bbox 689 850 775 889; x_wconf 89' lang='lat' dir='ltr'>Ergo</span> <span class='ocrx_word' id='word_1_319' title='bbox 791 849 925 885; x_wconf 84' lang='lat' dir='ltr'>videtur,</span> <span class='ocrx_word' id='word_1_320' title='bbox 943 859 1018 879; x_wconf 91' lang='lat' dir='ltr'>cum</span> <span class='ocrx_word' id='word_1_321' title='bbox 1035 849 1188 880; x_wconf 91' lang='lat' dir='ltr'>adventus</span> <span class='ocrx_word' id='word_1_322' title='bbox 1205 849 1281 880; x_wconf 83' lang='lat' dir='ltr'>furis</span> <span class='ocrx_word' id='word_1_323' title='bbox 1298 850 1330 878; x_wconf 94' lang='lat' dir='ltr'>in</span> <span class='ocrx_word' id='word_1_324' title='bbox 1346 852 1443 878; x_wconf 89' lang='lat' dir='ltr'>nocte</span> <span class='ocrx_word' id='word_1_325' title='bbox 1499 847 1660 879; x_wconf 88' lang='lat' dir='ltr'>differatur</span> <span class='ocrx_word' id='word_1_326' title='bbox 1675 854 1831 889; x_wconf 86' lang='lat' dir='ltr'>quantum</span> <span class='ocrx_word' id='word_1_327' title='bbox 1856 854 1903 879; x_wconf 92' lang='lat' dir='ltr'>est</span> <span class='ocrx_word' id='word_1_328' title='bbox 1918 850 2059 879; x_wconf 89' lang='lat' dir='ltr'>hominis</span> <span class='ocrx_word' id='word_1_329' title='bbox 2082 850 2161 879; x_wconf 89' lang='lat' dir='ltr'>vita:</span> <span class='ocrx_word' id='word_1_330' title='bbox 2186 855 2222 879; x_wconf 93' lang='lat' dir='ltr'>ut</span> <span class='ocrx_word' id='word_1_331' title='bbox 2237 850 2282 880; x_wconf 90' lang='lat' dir='ltr'>sic</span> <span class='ocrx_word' id='word_1_332' title='bbox 2299 859 2336 880; x_wconf 88' lang='lat' dir='ltr'>ex</span> <span class='ocrx_word' id='word_1_333' title='bbox 2353 849 2478 880; x_wconf 84' lang='lat' dir='ltr'>duabus</span> <span class='ocrx_word' id='word_1_334' title='bbox 2493 859 2564 890; x_wconf 89' lang='lat' dir='ltr'>par-</span> 
     </span>
     <span class='ocr_line' id='line_1_42' title="bbox 379 893 2565 934; baseline 0.001 -12"><span class='ocrx_word' id='word_1_335' title='bbox 379 893 417 922; x_wconf 88' lang='lat' dir='ltr'>sit</span> <span class='ocrx_word' id='word_1_336' title='bbox 441 893 576 923; x_wconf 85' lang='lat' dir='ltr'>omnino</span> <span class='ocrx_word' id='word_1_337' title='bbox 600 894 749 929; x_wconf 62' lang='lat' dir='ltr'>incestus,</span> <span class='ocrx_word' id='word_1_338' title='bbox 774 893 863 933; x_wconf 89' lang='lat' dir='ltr'>quod</span> <span class='ocrx_word' id='word_1_339' title='bbox 887 893 953 924; x_wconf 90' lang='lat' dir='ltr'>dies</span> <span class='ocrx_word' id='word_1_340' title='bbox 982 893 1085 923; x_wconf 88' lang='lat' dir='ltr'>ultimi</span> <span class='ocrx_word' id='word_1_341' title='bbox 1108 893 1217 924; x_wconf 92' lang='lat' dir='ltr'>iudicii</span> <span class='ocrx_word' id='word_1_342' title='bbox 1241 894 1280 924; x_wconf 89' lang='lat' dir='ltr'>sit</span> <span class='ocrx_word' id='word_1_343' title='bbox 1308 893 1443 923; x_wconf 87' lang='lat' dir='ltr'>omnino</span> <span class='ocrx_word' id='word_1_344' title='bbox 1460 904 1482 924; x_wconf 85' lang='lat'>¹5</span> <span class='ocrx_word' id='word_1_345' title='bbox 1498 893 1583 922; x_wconf 90' lang='lat' dir='ltr'>tibus</span> <span class='ocrx_word' id='word_1_346' title='bbox 1605 893 1798 923; x_wconf 86' lang='lat' dir='ltr'>incertitudo</span> <span class='ocrx_word' id='word_1_347' title='bbox 1822 894 1978 924; x_wconf 86' lang='lat' dir='ltr'>maiorem</span> <span class='ocrx_word' id='word_1_348' title='bbox 2009 893 2204 934; x_wconf 86' lang='lat' dir='ltr'>diligentiam</span> <span class='ocrx_word' id='word_1_349' title='bbox 2237 893 2340 925; x_wconf 85' lang='lat' dir='ltr'>faciat.</span> <span class='ocrx_word' id='word_1_350' title='bbox 2356 912 2380 916; x_wconf 85' lang='lat'>—</span> <span class='ocrx_word' id='word_1_351' title='bbox 2402 894 2565 930; x_wconf 88' lang='lat' dir='ltr'>Secundo,</span> 
     </span>
     <span class='ocr_line' id='line_1_43' title="bbox 377 936 2566 978; baseline 0.001 -12"><span class='ocrx_word' id='word_1_352' title='bbox 377 936 525 966; x_wconf 91' lang='lat' dir='ltr'>incertus.</span> <span class='ocrx_word' id='word_1_353' title='bbox 1499 942 1656 976; x_wconf 88' lang='lat' dir='ltr'>quantum</span> <span class='ocrx_word' id='word_1_354' title='bbox 1681 937 1720 967; x_wconf 90' lang='lat' dir='ltr'>ad</span> <span class='ocrx_word' id='word_1_355' title='bbox 1744 938 1806 968; x_wconf 92' lang='lat' dir='ltr'>hoc</span> <span class='ocrx_word' id='word_1_356' title='bbox 1831 938 1920 978; x_wconf 88' lang='lat' dir='ltr'>quod</span> <span class='ocrx_word' id='word_1_357' title='bbox 1937 939 2036 968; x_wconf 92' lang='lat' dir='ltr'>homo</span> <span class='ocrx_word' id='word_1_358' title='bbox 2060 947 2127 968; x_wconf 90' lang='lat' dir='ltr'>non</span> <span class='ocrx_word' id='word_1_359' title='bbox 2151 939 2231 978; x_wconf 92' lang='lat' dir='ltr'>gerit</span> <span class='ocrx_word' id='word_1_360' title='bbox 2246 938 2353 969; x_wconf 90' lang='lat' dir='ltr'>solum</span> <span class='ocrx_word' id='word_1_361' title='bbox 2377 939 2566 970; x_wconf 92' lang='lat' dir='ltr'>sollicitudi-</span> 
     </span>
     <span class='ocr_line' id='line_1_44' title="bbox 432 980 2565 1024; baseline 0.002 -14"><span class='ocrx_word' id='word_1_362' title='bbox 432 980 620 1010; x_wconf 63' lang='lat' dir='ltr'>Rusponmzo</span> <span class='ocrx_word' id='word_1_363' title='bbox 650 990 809 1010; x_wconf 76' lang='lat' dir='ltr'>DICENDUM</span> <span class='ocrx_word' id='word_1_364' title='bbox 842 980 931 1020; x_wconf 93' lang='lat' dir='ltr'>quod</span> <span class='ocrx_word' id='word_1_365' title='bbox 962 981 1050 1011; x_wconf 91' lang='lat' dir='ltr'>Deus</span> <span class='ocrx_word' id='word_1_366' title='bbox 1073 990 1131 1020; x_wconf 87' lang='lat' dir='ltr'>per</span> <span class='ocrx_word' id='word_1_367' title='bbox 1158 982 1323 1011; x_wconf 87' lang='lat' dir='ltr'>scientiam</span> <span class='ocrx_word' id='word_1_368' title='bbox 1353 989 1444 1010; x_wconf 88' lang='lat' dir='ltr'>suam</span> <span class='ocrx_word' id='word_1_369' title='bbox 1498 990 1574 1011; x_wconf 91' lang='lat' dir='ltr'>nem</span> <span class='ocrx_word' id='word_1_370' title='bbox 1598 981 1638 1011; x_wconf 89' lang='lat' dir='ltr'>de</span> <span class='ocrx_word' id='word_1_371' title='bbox 1661 991 1799 1021; x_wconf 91' lang='lat' dir='ltr'>persona</span> <span class='ocrx_word' id='word_1_372' title='bbox 1814 992 1881 1018; x_wconf 88' lang='lat' dir='ltr'>sua,</span> <span class='ocrx_word' id='word_1_373' title='bbox 1898 982 1954 1013; x_wconf 91' lang='lat' dir='ltr'>sed</span> <span class='ocrx_word' id='word_1_374' title='bbox 1978 982 2017 1013; x_wconf 92' lang='lat' dir='ltr'>de</span> <span class='ocrx_word' id='word_1_375' title='bbox 2034 982 2152 1013; x_wconf 84' lang='lat' dir='ltr'>familia</span> <span class='ocrx_word' id='word_1_376' title='bbox 2174 983 2225 1013; x_wconf 93' lang='lat' dir='ltr'>vel</span> <span class='ocrx_word' id='word_1_377' title='bbox 2249 984 2375 1013; x_wconf 89' lang='lat' dir='ltr'>civitate</span> <span class='ocrx_word' id='word_1_378' title='bbox 2390 983 2442 1014; x_wconf 90' lang='lat' dir='ltr'>vel</span> <span class='ocrx_word' id='word_1_379' title='bbox 2465 993 2565 1024; x_wconf 89' lang='lat' dir='ltr'>regno</span> 
     </span>
     <span class='ocr_line' id='line_1_45' title="bbox 378 1024 2566 1068; baseline 0.002 -14"><span class='ocrx_word' id='word_1_380' title='bbox 378 1029 424 1054; x_wconf 91' lang='lat' dir='ltr'>est</span> <span class='ocrx_word' id='word_1_381' title='bbox 440 1033 534 1054; x_wconf 91' lang='lat' dir='ltr'>causa</span> <span class='ocrx_word' id='word_1_382' title='bbox 549 1033 655 1054; x_wconf 88' lang='lat' dir='ltr'>rerum</span> <span class='ocrx_word' id='word_1_383' title='bbox 668 1025 694 1054; x_wconf 49' lang='grc' dir='ltr'>’ἢ</span> <span class='ocrx_word' id='word_1_384' title='bbox 716 1024 898 1064; x_wconf 91' lang='lat' dir='ltr'>Utrumque</span> <span class='ocrx_word' id='word_1_385' title='bbox 914 1029 1020 1054; x_wconf 89' lang='lat' dir='ltr'>autem</span> <span class='ocrx_word' id='word_1_386' title='bbox 1038 1026 1188 1054; x_wconf 86' lang='lat' dir='ltr'>creaturis</span> <span class='ocrx_word' id='word_1_387' title='bbox 1205 1025 1441 1054; x_wconf 88' lang='lat' dir='ltr'>communicat:</span> <span class='ocrx_word' id='word_1_388' title='bbox 1498 1030 1553 1054; x_wconf 89' lang='lat' dir='ltr'>aut</span> <span class='ocrx_word' id='word_1_389' title='bbox 1575 1030 1643 1055; x_wconf 90' lang='lat' dir='ltr'>tota</span> <span class='ocrx_word' id='word_1_390' title='bbox 1666 1026 1819 1062; x_wconf 89' lang='lat' dir='ltr'>Ecclesia,</span> <span class='ocrx_word' id='word_1_391' title='bbox 1837 1027 1889 1057; x_wconf 90' lang='lat' dir='ltr'>cui</span> <span class='ocrx_word' id='word_1_392' title='bbox 1912 1036 1980 1057; x_wconf 89' lang='lat' dir='ltr'>non</span> <span class='ocrx_word' id='word_1_393' title='bbox 1997 1026 2224 1058; x_wconf 84' lang='lat' dir='ltr'>determinatur</span> <span class='ocrx_word' id='word_1_394' title='bbox 2246 1033 2374 1068; x_wconf 90' lang='lat' dir='ltr'>tempus</span> <span class='ocrx_word' id='word_1_395' title='bbox 2390 1027 2566 1058; x_wconf 86' lang='lat' dir='ltr'>durationis</span> 
     </span>
     <span class='ocr_line' id='line_1_46' title="bbox 377 1067 2565 1113; baseline 0.002 -15"><span class='ocrx_word' id='word_1_396' title='bbox 377 1067 453 1098; x_wconf 92' lang='lat' dir='ltr'>dum</span> <span class='ocrx_word' id='word_1_397' title='bbox 481 1073 512 1098; x_wconf 92' lang='lat' dir='ltr'>et</span> <span class='ocrx_word' id='word_1_398' title='bbox 534 1068 628 1098; x_wconf 90' lang='lat' dir='ltr'>rebus</span> <span class='ocrx_word' id='word_1_399' title='bbox 659 1068 767 1098; x_wconf 88' lang='lat' dir='ltr'>tribuit</span> <span class='ocrx_word' id='word_1_400' title='bbox 797 1069 947 1098; x_wconf 90' lang='lat' dir='ltr'>virtutem</span> <span class='ocrx_word' id='word_1_401' title='bbox 980 1068 1093 1108; x_wconf 87' lang='lat' dir='ltr'>agendi</span> <span class='ocrx_word' id='word_1_402' title='bbox 1118 1069 1193 1098; x_wconf 89' lang='lat' dir='ltr'>alias</span> <span class='ocrx_word' id='word_1_403' title='bbox 1216 1078 1281 1104; x_wconf 91' lang='lat' dir='ltr'>res,</span> <span class='ocrx_word' id='word_1_404' title='bbox 1306 1077 1443 1107; x_wconf 89' lang='lat' dir='ltr'>quarum</span> <span class='ocrx_word' id='word_1_405' title='bbox 1498 1068 1678 1099; x_wconf 90' lang='lat' dir='ltr'>secundum</span> <span class='ocrx_word' id='word_1_406' title='bbox 1693 1070 1834 1100; x_wconf 90' lang='lat' dir='ltr'>hominis</span> <span class='ocrx_word' id='word_1_407' title='bbox 1849 1071 1963 1101; x_wconf 90' lang='lat' dir='ltr'>vitam:</span> <span class='ocrx_word' id='word_1_408' title='bbox 1985 1077 2016 1101; x_wconf 92' lang='lat' dir='ltr'>et</span> <span class='ocrx_word' id='word_1_409' title='bbox 2031 1077 2139 1102; x_wconf 90' lang='lat' dir='ltr'>tamen</span> <span class='ocrx_word' id='word_1_410' title='bbox 2157 1077 2285 1111; x_wconf 90' lang='lat' dir='ltr'>oportet</span> <span class='ocrx_word' id='word_1_411' title='bbox 2296 1081 2565 1113; x_wconf 90' lang='lat' dir='ltr'>unumquemque</span> 
     </span>
     <span class='ocr_line' id='line_1_47' title="bbox 376 1112 2566 1155; baseline 0.003 -14"><span class='ocrx_word' id='word_1_412' title='bbox 376 1117 450 1142; x_wconf 89' lang='lat' dir='ltr'>sunt</span> <span class='ocrx_word' id='word_1_413' title='bbox 473 1121 600 1148; x_wconf 87' lang='lat' dir='ltr'>causae;</span> <span class='ocrx_word' id='word_1_414' title='bbox 626 1117 656 1142; x_wconf 91' lang='lat' dir='ltr'>et</span> <span class='ocrx_word' id='word_1_415' title='bbox 673 1112 864 1151; x_wconf 88' lang='lat' dir='ltr'>quibusdam</span> <span class='ocrx_word' id='word_1_416' title='bbox 881 1113 976 1142; x_wconf 88' lang='lat' dir='ltr'>etiam</span> <span class='ocrx_word' id='word_1_417' title='bbox 993 1113 1213 1152; x_wconf 90' lang='lat' dir='ltr'>cognitionem</span> <span class='ocrx_word' id='word_1_418' title='bbox 1229 1121 1335 1142; x_wconf 92' lang='lat' dir='ltr'>rerum</span> <span class='ocrx_word' id='word_1_419' title='bbox 1351 1120 1442 1151; x_wconf 87' lang='lat' dir='ltr'>prae·</span> <span class='ocrx_word' id='word_1_420' title='bbox 1458 1122 1484 1137; x_wconf 83' lang='lat'>20</span> <span class='ocrx_word' id='word_1_421' title='bbox 1497 1112 1615 1142; x_wconf 89' lang='lat' dir='ltr'>horum</span> <span class='ocrx_word' id='word_1_422' title='bbox 1639 1113 1702 1143; x_wconf 92' lang='lat' dir='ltr'>hoc</span> <span class='ocrx_word' id='word_1_423' title='bbox 1725 1113 1826 1144; x_wconf 90' lang='lat' dir='ltr'>modo</span> <span class='ocrx_word' id='word_1_424' title='bbox 1858 1114 1986 1155; x_wconf 88' lang='lat' dir='ltr'>disponi</span> <span class='ocrx_word' id='word_1_425' title='bbox 2015 1120 2051 1145; x_wconf 92' lang='lat' dir='ltr'>ut</span> <span class='ocrx_word' id='word_1_426' title='bbox 2075 1115 2141 1146; x_wconf 91' lang='lat' dir='ltr'>dies</span> <span class='ocrx_word' id='word_1_427' title='bbox 2172 1116 2304 1146; x_wconf 91' lang='lat' dir='ltr'>Domini</span> <span class='ocrx_word' id='word_1_428' title='bbox 2327 1126 2396 1147; x_wconf 94' lang='lat' dir='ltr'>non</span> <span class='ocrx_word' id='word_1_429' title='bbox 2425 1118 2566 1148; x_wconf 88' lang='lat' dir='ltr'>inveniat</span> 
     </span>
     <span class='ocr_line' id='line_1_48' title="bbox 375 1155 1680 1196; baseline 0.001 -10"><span class='ocrx_word' id='word_1_430' title='bbox 375 1156 437 1186; x_wconf 90' lang='lat' dir='ltr'>bet.</span> <span class='ocrx_word' id='word_1_431' title='bbox 469 1155 531 1186; x_wconf 89' lang='lat' dir='ltr'>Sed</span> <span class='ocrx_word' id='word_1_432' title='bbox 553 1156 587 1186; x_wconf 92' lang='lat' dir='ltr'>in</span> <span class='ocrx_word' id='word_1_433' title='bbox 611 1161 750 1196; x_wconf 91' lang='lat' dir='ltr'>utroque</span> <span class='ocrx_word' id='word_1_434' title='bbox 773 1156 880 1196; x_wconf 89' lang='lat' dir='ltr'>aliqua</span> <span class='ocrx_word' id='word_1_435' title='bbox 903 1157 963 1186; x_wconf 89' lang='lat' dir='ltr'>sibi</span> <span class='ocrx_word' id='word_1_436' title='bbox 996 1162 1151 1187; x_wconf 88' lang='lat' dir='ltr'>reservat:</span> <span class='ocrx_word' id='word_1_437' title='bbox 1182 1162 1332 1196; x_wconf 85' lang='lat' dir='ltr'>operatur</span> <span class='ocrx_word' id='word_1_438' title='bbox 1356 1156 1443 1186; x_wconf 91' lang='lat' dir='ltr'>enim</span> <span class='ocrx_word' id='word_1_439' title='bbox 1497 1156 1680 1196; x_wconf 90' lang='lat' dir='ltr'>imparatos.</span> 
     </span>
     <span class='ocr_line' id='line_1_49' title="bbox 376 1199 1586 1241; baseline 0.001 -12"><span class='ocrx_word' id='word_1_440' title='bbox 376 1199 533 1240; x_wconf 83' lang='lat' dir='ltr'>quaedam</span> <span class='ocrx_word' id='word_1_441' title='bbox 556 1200 589 1230; x_wconf 90' lang='lat' dir='ltr'>in</span> <span class='ocrx_word' id='word_1_442' title='bbox 613 1200 729 1240; x_wconf 92' lang='lat' dir='ltr'>quibus</span> <span class='ocrx_word' id='word_1_443' title='bbox 744 1200 832 1230; x_wconf 88' lang='lat' dir='ltr'>nulla</span> <span class='ocrx_word' id='word_1_444' title='bbox 856 1205 998 1231; x_wconf 88' lang='lat' dir='ltr'>creatura</span> <span class='ocrx_word' id='word_1_445' title='bbox 1022 1202 1051 1231; x_wconf 90' lang='lat' dir='ltr'>ei</span> <span class='ocrx_word' id='word_1_446' title='bbox 1067 1206 1276 1241; x_wconf 88' lang='lat' dir='ltr'>cooperatur;</span> <span class='ocrx_word' id='word_1_447' title='bbox 1302 1206 1333 1230; x_wconf 90' lang='lat' dir='ltr'>et</span> <span class='ocrx_word' id='word_1_448' title='bbox 1355 1200 1442 1230; x_wconf 90' lang='lat' dir='ltr'>simi·</span> <span class='ocrx_word' id='word_1_449' title='bbox 1578 1231 1586 1240; x_wconf 36' lang='lat'><strong>¹</strong></span> 
     </span>
     <span class='ocr_line' id='line_1_50' title="bbox 375 1230 2565 1285; baseline 0.005 -28"><span class='ocrx_word' id='word_1_450' title='bbox 375 1244 444 1274; x_wconf 68' lang='lat' dir='ltr'>liter</span> <span class='ocrx_word' id='word_1_451' title='bbox 468 1245 634 1284; x_wconf 68' lang='lat' dir='ltr'>cognoscit</span> <span class='ocrx_word' id='word_1_452' title='bbox 649 1244 807 1284; x_wconf 72' lang='lat' dir='ltr'>quaedam</span> <span class='ocrx_word' id='word_1_453' title='bbox 824 1254 906 1285; x_wconf 68' lang='lat' dir='ltr'>quae</span> <span class='ocrx_word' id='word_1_454' title='bbox 930 1255 948 1274; x_wconf 73' lang='lat' dir='ltr'>a</span> <span class='ocrx_word' id='word_1_455' title='bbox 963 1245 1051 1275; x_wconf 72' lang='lat' dir='ltr'>nulla</span> <span class='ocrx_word' id='word_1_456' title='bbox 1067 1254 1146 1285; x_wconf 64' lang='lat' dir='ltr'>pura</span> <span class='ocrx_word' id='word_1_457' title='bbox 1162 1250 1304 1275; x_wconf 68' lang='lat' dir='ltr'>creatura</span> <span class='ocrx_word' id='word_1_458' title='bbox 1320 1253 1442 1284; x_wconf 69' lang='lat' dir='ltr'>cogno,</span> <span class='ocrx_word' id='word_1_459' title='bbox 1497 1230 1596 1261; x_wconf 82' lang='lat' dir='ltr'>AR&#39;I.</span> <span class='ocrx_word' id='word_1_460' title='bbox 1614 1232 1666 1262; x_wconf 91' lang='lat' dir='ltr'>IV.</span> <span class='ocrx_word' id='word_1_461' title='bbox 1691 1242 1795 1262; x_wconf 75' lang='lat' dir='ltr'>unum</span> <span class='ocrx_word' id='word_1_462' title='bbox 1811 1243 1952 1263; x_wconf 74' lang='lat' dir='ltr'>mmcrum</span> <span class='ocrx_word' id='word_1_463' title='bbox 1971 1243 2149 1264; x_wconf 65' lang='lat' dir='ltr'>morannum</span> <span class='ocrx_word' id='word_1_464' title='bbox 2165 1244 2211 1264; x_wconf 87' lang='lat' dir='ltr'>srr</span> <span class='ocrx_word' id='word_1_465' title='bbox 2226 1244 2258 1264; x_wconf 78' lang='lat' dir='ltr'>m</span> <span class='ocrx_word' id='word_1_466' title='bbox 2281 1245 2381 1266; x_wconf 66' lang='lat' dir='ltr'>VALLI!</span> <span class='ocrx_word' id='word_1_467' title='bbox 2403 1245 2565 1272; x_wconf 73' lang='lat' dir='ltr'>1osA1&gt;nAT‚</span> 
     </span>
     <span class='ocr_line' id='line_1_51' title="bbox 375 1286 2271 1329; baseline 0.002 -11"><span class='ocrx_word' id='word_1_468' title='bbox 375 1293 516 1318; x_wconf 89' lang='lat' dir='ltr'>scuntur.</span> <span class='ocrx_word' id='word_1_469' title='bbox 541 1289 630 1319; x_wconf 86' lang='lat' dir='ltr'>Haec</span> <span class='ocrx_word' id='word_1_470' title='bbox 653 1294 761 1319; x_wconf 87' lang='lat' dir='ltr'>autem</span> <span class='ocrx_word' id='word_1_471' title='bbox 785 1289 873 1319; x_wconf 90' lang='lat' dir='ltr'>nulla</span> <span class='ocrx_word' id='word_1_472' title='bbox 895 1289 955 1319; x_wconf 92' lang='lat' dir='ltr'>alia</span> <span class='ocrx_word' id='word_1_473' title='bbox 982 1290 1083 1329; x_wconf 88' lang='lat' dir='ltr'>magis</span> <span class='ocrx_word' id='word_1_474' title='bbox 1107 1299 1175 1320; x_wconf 91' lang='lat' dir='ltr'>esse</span> <span class='ocrx_word' id='word_1_475' title='bbox 1199 1289 1316 1320; x_wconf 85' lang='lat' dir='ltr'>debent</span> <span class='ocrx_word' id='word_1_476' title='bbox 1344 1297 1442 1329; x_wconf 91' lang='lat' dir='ltr'>quam</span> <span class='ocrx_word' id='word_1_477' title='bbox 1792 1286 1853 1307; x_wconf 60' lang='lat' dir='ltr'>Am*</span> <span class='ocrx_word' id='word_1_478' title='bbox 1876 1287 1908 1307; x_wconf 68' lang='lat' dir='ltr'><strong>m</strong></span> <span class='ocrx_word' id='word_1_479' title='bbox 1931 1287 2014 1308; x_wconf 68' lang='lat'>1‘000</span> <span class='ocrx_word' id='word_1_480' title='bbox 2040 1288 2271 1309; x_wconf 75' lang='lat' dir='ltr'>CIRCUMSTANTE</span> 
     </span>
     <span class='ocr_line' id='line_1_52' title="bbox 374 1326 2401 1374; baseline 0.002 -12"><span class='ocrx_word' id='word_1_481' title='bbox 374 1332 427 1362; x_wconf 91' lang='lat' dir='ltr'>illa</span> <span class='ocrx_word' id='word_1_482' title='bbox 450 1342 532 1372; x_wconf 91' lang='lat' dir='ltr'>quae</span> <span class='ocrx_word' id='word_1_483' title='bbox 556 1333 616 1363; x_wconf 92' lang='lat' dir='ltr'>soli</span> <span class='ocrx_word' id='word_1_484' title='bbox 640 1333 765 1364; x_wconf 89' lang='lat' dir='ltr'>divinae</span> <span class='ocrx_word' id='word_1_485' title='bbox 788 1334 953 1364; x_wconf 89' lang='lat' dir='ltr'>subiacent</span> <span class='ocrx_word' id='word_1_486' title='bbox 975 1334 1136 1374; x_wconf 88' lang='lat' dir='ltr'>potestati,</span> <span class='ocrx_word' id='word_1_487' title='bbox 1157 1334 1190 1364; x_wconf 91' lang='lat' dir='ltr'>in</span> <span class='ocrx_word' id='word_1_488' title='bbox 1215 1334 1331 1374; x_wconf 91' lang='lat' dir='ltr'>quibus</span> <span class='ocrx_word' id='word_1_489' title='bbox 1354 1332 1442 1363; x_wconf 88' lang='lat' dir='ltr'>nulla</span> <span class='ocrx_word' id='word_1_490' title='bbox 1457 1342 1480 1363; x_wconf 79' lang='lat'>²5</span> <span class='ocrx_word' id='word_1_491' title='bbox 1665 1326 1749 1354; x_wconf 81' lang='lat' dir='ltr'>Quodl.</span> <span class='ocrx_word' id='word_1_492' title='bbox 1766 1326 1793 1353; x_wconf 73' lang='lat'>¹¹</span> <span class='ocrx_word' id='word_1_493' title='bbox 1810 1333 1848 1355; x_wconf 79' lang='lat'>‘³¹¹&#39;</span> <span class='ocrx_word' id='word_1_494' title='bbox 1865 1333 1880 1354; x_wconf 79' lang='lat'>¹¹</span> <span class='ocrx_word' id='word_1_495' title='bbox 1895 1331 1937 1349; x_wconf 67' lang='lat'>⁸¹¹·</span> <span class='ocrx_word' id='word_1_496' title='bbox 1953 1334 1978 1353; x_wconf 77' lang='lat'>²³</span> <span class='ocrx_word' id='word_1_497' title='bbox 1994 1327 2119 1357; x_wconf 69' lang='lat' dir='ltr'>C⁰m1⁹‘&#39;¹‘¹·</span> <span class='ocrx_word' id='word_1_498' title='bbox 2137 1328 2228 1356; x_wconf 58' lang='lat' dir='ltr'>Theon,</span> <span class='ocrx_word' id='word_1_499' title='bbox 2244 1335 2295 1357; x_wconf 71' lang='lat'>⁰⁸⁹·</span> <span class='ocrx_word' id='word_1_500' title='bbox 2311 1335 2401 1351; x_wconf 78' lang='lat' dir='ltr'>ecmv.</span> 
     </span>
     <span class='ocr_line' id='line_1_53' title="bbox 375 1376 2566 1449; baseline 0.003 -43"><span class='ocrx_word' id='word_1_501' title='bbox 375 1382 517 1407; x_wconf 86' lang='lat' dir='ltr'>creatura</span> <span class='ocrx_word' id='word_1_502' title='bbox 541 1378 570 1407; x_wconf 90' lang='lat' dir='ltr'>ei</span> <span class='ocrx_word' id='word_1_503' title='bbox 594 1383 796 1417; x_wconf 84' lang='lat' dir='ltr'>cooperatur.</span> <span class='ocrx_word' id='word_1_504' title='bbox 821 1378 862 1408; x_wconf 89' lang='lat' dir='ltr'>Et</span> <span class='ocrx_word' id='word_1_505' title='bbox 884 1378 1071 1409; x_wconf 89' lang='lat' dir='ltr'>huiusmodi</span> <span class='ocrx_word' id='word_1_506' title='bbox 1095 1383 1142 1409; x_wconf 91' lang='lat' dir='ltr'>est</span> <span class='ocrx_word' id='word_1_507' title='bbox 1164 1378 1237 1408; x_wconf 88' lang='lat' dir='ltr'>finis</span> <span class='ocrx_word' id='word_1_508' title='bbox 1259 1376 1383 1414; x_wconf 91' lang='lat' dir='ltr'>mundi,</span> <span class='ocrx_word' id='word_1_509' title='bbox 1407 1378 1440 1407; x_wconf 93' lang='lat' dir='ltr'>in</span> <span class='ocrx_word' id='word_1_510' title='bbox 1497 1387 1582 1449; x_wconf 81' lang='lat' dir='ltr'>An</span> <span class='ocrx_word' id='word_1_511' title='bbox 1596 1387 1744 1408; x_wconf 69' lang='lat' dir='ltr'>anamma</span> <span class='ocrx_word' id='word_1_512' title='bbox 1761 1388 1806 1408; x_wconf 77' lang='lat' dir='ltr'>sm</span> <span class='ocrx_word' id='word_1_513' title='bbox 1822 1388 2027 1409; x_wconf 72' lang='lat' dir='ltr'>Paocunrrun.</span> <span class='ocrx_word' id='word_1_514' title='bbox 2048 1379 2182 1410; x_wconf 80' lang='lat' dir='ltr'>Videtur</span> <span class='ocrx_word' id='word_1_515' title='bbox 2206 1380 2297 1420; x_wconf 93' lang='lat' dir='ltr'>quod</span> <span class='ocrx_word' id='word_1_516' title='bbox 2319 1380 2475 1412; x_wconf 89' lang='lat' dir='ltr'>iudicium</span> <span class='ocrx_word' id='word_1_517' title='bbox 2498 1391 2566 1413; x_wconf 91' lang='lat' dir='ltr'>non</span> 
     </span>
     <span class='ocr_line' id='line_1_54' title="bbox 375 1421 2567 1465; baseline 0.003 -14"><span class='ocrx_word' id='word_1_518' title='bbox 375 1430 440 1461; x_wconf 92' lang='lat' dir='ltr'>quo</span> <span class='ocrx_word' id='word_1_519' title='bbox 458 1421 516 1451; x_wconf 91' lang='lat' dir='ltr'>erit</span> <span class='ocrx_word' id='word_1_520' title='bbox 539 1421 605 1452; x_wconf 93' lang='lat' dir='ltr'>dies</span> <span class='ocrx_word' id='word_1_521' title='bbox 620 1421 747 1452; x_wconf 88' lang='lat' dir='ltr'>iudicii:</span> <span class='ocrx_word' id='word_1_522' title='bbox 772 1431 840 1452; x_wconf 91' lang='lat' dir='ltr'>non</span> <span class='ocrx_word' id='word_1_523' title='bbox 864 1423 950 1452; x_wconf 90' lang='lat' dir='ltr'>enim</span> <span class='ocrx_word' id='word_1_524' title='bbox 966 1432 1023 1462; x_wconf 90' lang='lat' dir='ltr'>per</span> <span class='ocrx_word' id='word_1_525' title='bbox 1046 1423 1186 1463; x_wconf 89' lang='lat' dir='ltr'>aliquam</span> <span class='ocrx_word' id='word_1_526' title='bbox 1203 1432 1331 1453; x_wconf 90' lang='lat' dir='ltr'>causam</span> <span class='ocrx_word' id='word_1_527' title='bbox 1356 1431 1442 1452; x_wconf 84' lang='lat' dir='ltr'>crea·</span> <span class='ocrx_word' id='word_1_528' title='bbox 1561 1421 1617 1452; x_wconf 91' lang='lat' dir='ltr'>fiet</span> <span class='ocrx_word' id='word_1_529' title='bbox 1639 1423 1673 1452; x_wconf 95' lang='lat' dir='ltr'>in</span> <span class='ocrx_word' id='word_1_530' title='bbox 1695 1422 1777 1453; x_wconf 90' lang='lat' dir='ltr'>valle</span> <span class='ocrx_word' id='word_1_531' title='bbox 1801 1422 1959 1463; x_wconf 90' lang='lat' dir='ltr'>Iosaphat‚</span> <span class='ocrx_word' id='word_1_532' title='bbox 1981 1429 2036 1454; x_wconf 90' lang='lat' dir='ltr'>aut</span> <span class='ocrx_word' id='word_1_533' title='bbox 2058 1424 2091 1454; x_wconf 91' lang='lat' dir='ltr'>in</span> <span class='ocrx_word' id='word_1_534' title='bbox 2114 1424 2189 1455; x_wconf 89' lang='lat' dir='ltr'>loco</span> <span class='ocrx_word' id='word_1_535' title='bbox 2214 1425 2449 1457; x_wconf 81' lang='lat' dir='ltr'>circumstante.</span> <span class='ocrx_word' id='word_1_536' title='bbox 2481 1425 2567 1465; x_wconf 88' lang='lat' dir='ltr'>Quia</span> 
     </span>
     <span class='ocr_line' id='line_1_55' title="bbox 374 1465 2566 1507; baseline 0.003 -12"><span class='ocrx_word' id='word_1_537' title='bbox 374 1470 439 1495; x_wconf 88' lang='lat' dir='ltr'>tam</span> <span class='ocrx_word' id='word_1_538' title='bbox 462 1465 602 1496; x_wconf 90' lang='lat' dir='ltr'>mundus</span> <span class='ocrx_word' id='word_1_539' title='bbox 625 1465 769 1502; x_wconf 87' lang='lat' dir='ltr'>finietur;</span> <span class='ocrx_word' id='word_1_540' title='bbox 800 1467 883 1497; x_wconf 89' lang='lat' dir='ltr'>sicut</span> <span class='ocrx_word' id='word_1_541' title='bbox 913 1468 1008 1497; x_wconf 88' lang='lat' dir='ltr'>etiam</span> <span class='ocrx_word' id='word_1_542' title='bbox 1038 1467 1180 1498; x_wconf 91' lang='lat' dir='ltr'>mundus</span> <span class='ocrx_word' id='word_1_543' title='bbox 1204 1476 1272 1498; x_wconf 90' lang='lat' dir='ltr'>esse</span> <span class='ocrx_word' id='word_1_544' title='bbox 1299 1466 1443 1506; x_wconf 82' lang='lat' dir='ltr'>incoepit</span> <span class='ocrx_word' id='word_1_545' title='bbox 1496 1465 1536 1496; x_wconf 87' lang='lat' dir='ltr'>ad</span> <span class='ocrx_word' id='word_1_546' title='bbox 1559 1467 1667 1497; x_wconf 89' lang='lat' dir='ltr'>minus</span> <span class='ocrx_word' id='word_1_547' title='bbox 1695 1472 1824 1507; x_wconf 90' lang='lat' dir='ltr'>oportet</span> <span class='ocrx_word' id='word_1_548' title='bbox 1857 1477 1971 1498; x_wconf 90' lang='lat' dir='ltr'>omnes</span> <span class='ocrx_word' id='word_1_549' title='bbox 2003 1467 2192 1499; x_wconf 89' lang='lat' dir='ltr'>iudicandos</span> <span class='ocrx_word' id='word_1_550' title='bbox 2215 1469 2248 1499; x_wconf 89' lang='lat' dir='ltr'>in</span> <span class='ocrx_word' id='word_1_551' title='bbox 2272 1475 2354 1500; x_wconf 88' lang='lat' dir='ltr'>terra</span> <span class='ocrx_word' id='word_1_552' title='bbox 2377 1476 2477 1507; x_wconf 88' lang='lat' dir='ltr'>stare;</span> <span class='ocrx_word' id='word_1_553' title='bbox 2510 1481 2566 1502; x_wconf 88' lang='lat' dir='ltr'>eos</span> 
     </span>
     <span class='ocr_line' id='line_1_56' title="bbox 374 1509 2565 1554; baseline 0.003 -15"><span class='ocrx_word' id='word_1_554' title='bbox 374 1509 556 1540; x_wconf 84' lang='lat' dir='ltr'>immediate</span> <span class='ocrx_word' id='word_1_555' title='bbox 580 1520 597 1540; x_wconf 92' lang='lat' dir='ltr'>a</span> <span class='ocrx_word' id='word_1_556' title='bbox 620 1510 702 1541; x_wconf 86' lang='lat' dir='ltr'>Deo.</span> <span class='ocrx_word' id='word_1_557' title='bbox 727 1511 822 1542; x_wconf 88' lang='lat' dir='ltr'>Unde</span> <span class='ocrx_word' id='word_1_558' title='bbox 838 1511 987 1542; x_wconf 91' lang='lat' dir='ltr'>decenter</span> <span class='ocrx_word' id='word_1_559' title='bbox 1003 1513 1146 1552; x_wconf 89' lang='lat' dir='ltr'>cognitio</span> <span class='ocrx_word' id='word_1_560' title='bbox 1162 1511 1234 1542; x_wconf 91' lang='lat' dir='ltr'>finis</span> <span class='ocrx_word' id='word_1_561' title='bbox 1251 1511 1364 1551; x_wconf 87' lang='lat' dir='ltr'>mundi</span> <span class='ocrx_word' id='word_1_562' title='bbox 1380 1510 1439 1541; x_wconf 90' lang='lat' dir='ltr'>soli</span> <span class='ocrx_word' id='word_1_563' title='bbox 1496 1516 1605 1541; x_wconf 89' lang='lat' dir='ltr'>autem</span> <span class='ocrx_word' id='word_1_564' title='bbox 1636 1517 1762 1542; x_wconf 91' lang='lat' dir='ltr'>tantum</span> <span class='ocrx_word' id='word_1_565' title='bbox 1797 1512 1911 1542; x_wconf 92' lang='lat' dir='ltr'>elevari</span> <span class='ocrx_word' id='word_1_566' title='bbox 1934 1513 1968 1543; x_wconf 90' lang='lat' dir='ltr'>in</span> <span class='ocrx_word' id='word_1_567' title='bbox 1991 1513 2131 1543; x_wconf 92' lang='lat' dir='ltr'>nubibus</span> <span class='ocrx_word' id='word_1_568' title='bbox 2155 1523 2296 1554; x_wconf 91' lang='lat' dir='ltr'>quorum</span> <span class='ocrx_word' id='word_1_569' title='bbox 2325 1515 2384 1545; x_wconf 90' lang='lat' dir='ltr'>erit</span> <span class='ocrx_word' id='word_1_570' title='bbox 2415 1514 2565 1547; x_wconf 84' lang='lat' dir='ltr'>iudicare.</span> 
     </span>
     <span class='ocr_line' id='line_1_57' title="bbox 374 1554 2567 1599; baseline 0.004 -16"><span class='ocrx_word' id='word_1_571' title='bbox 374 1554 445 1584; x_wconf 93' lang='lat' dir='ltr'>Deo</span> <span class='ocrx_word' id='word_1_572' title='bbox 469 1560 653 1585; x_wconf 89' lang='lat' dir='ltr'>reservatur.</span> <span class='ocrx_word' id='word_1_573' title='bbox 678 1555 719 1585; x_wconf 90' lang='lat' dir='ltr'>Et</span> <span class='ocrx_word' id='word_1_574' title='bbox 742 1556 824 1586; x_wconf 88' lang='lat' dir='ltr'>hanc</span> <span class='ocrx_word' id='word_1_575' title='bbox 853 1556 1010 1586; x_wconf 88' lang='lat' dir='ltr'>rationem</span> <span class='ocrx_word' id='word_1_576' title='bbox 1034 1556 1158 1586; x_wconf 90' lang='lat' dir='ltr'>videtur</span> <span class='ocrx_word' id='word_1_577' title='bbox 1180 1557 1249 1596; x_wconf 90' lang='lat' dir='ltr'>ipse</span> <span class='ocrx_word' id='word_1_578' title='bbox 1281 1556 1442 1586; x_wconf 91' lang='lat' dir='ltr'>Dominus</span> <span class='ocrx_word' id='word_1_579' title='bbox 1457 1563 1483 1584; x_wconf 82' lang='lat'>³⁰</span> <span class='ocrx_word' id='word_1_580' title='bbox 1496 1555 1559 1586; x_wconf 89' lang='lat' dir='ltr'>Sed</span> <span class='ocrx_word' id='word_1_581' title='bbox 1582 1561 1649 1586; x_wconf 87' lang='lat' dir='ltr'>tota</span> <span class='ocrx_word' id='word_1_582' title='bbox 1672 1561 1753 1586; x_wconf 89' lang='lat' dir='ltr'>terra</span> <span class='ocrx_word' id='word_1_583' title='bbox 1776 1557 1997 1596; x_wconf 89' lang='lat' dir='ltr'>promissionis</span> <span class='ocrx_word' id='word_1_584' title='bbox 2021 1567 2134 1597; x_wconf 89' lang='lat' dir='ltr'>capere</span> <span class='ocrx_word' id='word_1_585' title='bbox 2157 1567 2226 1589; x_wconf 93' lang='lat' dir='ltr'>non</span> <span class='ocrx_word' id='word_1_586' title='bbox 2249 1564 2358 1599; x_wconf 89' lang='lat' dir='ltr'>posset</span> <span class='ocrx_word' id='word_1_587' title='bbox 2388 1559 2567 1591; x_wconf 89' lang='lat' dir='ltr'>multitudi-</span> 
     </span>
     <span class='ocr_line' id='line_1_58' title="bbox 375 1599 2566 1643; baseline 0.003 -14"><span class='ocrx_word' id='word_1_588' title='bbox 375 1599 541 1638; x_wconf 87' lang='lat' dir='ltr'>assignare,</span> <span class='ocrx_word' id='word_1_589' title='bbox 558 1600 627 1629; x_wconf 86' lang='lat' dir='ltr'>Act.</span> <span class='ocrx_word' id='word_1_590' title='bbox 644 1609 655 1629; x_wconf 91' lang='lat'>1</span> <span class='ocrx_word' id='word_1_591' title='bbox 670 1600 703 1629; x_wconf 70' lang='lat' dir='ltr'>*z</span> <span class='ocrx_word' id='word_1_592' title='bbox 724 1600 800 1630; x_wconf 90' lang='lat' dir='ltr'>Non</span> <span class='ocrx_word' id='word_1_593' title='bbox 824 1605 879 1635; x_wconf 87' lang='lat' dir='ltr'>est,</span> <span class='ocrx_word' id='word_1_594' title='bbox 895 1601 1010 1640; x_wconf 86' lang='lat' dir='ltr'>inquit,</span> <span class='ocrx_word' id='word_1_595' title='bbox 1028 1606 1168 1631; x_wconf 83' lang='lat' dir='ltr'>vestrum</span> <span class='ocrx_word' id='word_1_596' title='bbox 1188 1610 1282 1631; x_wconf 90' lang='lat' dir='ltr'>nosse</span> <span class='ocrx_word' id='word_1_597' title='bbox 1297 1605 1442 1641; x_wconf 83' lang='lat' dir='ltr'>tempora</span> <span class='ocrx_word' id='word_1_598' title='bbox 1496 1609 1570 1630; x_wconf 87' lang='lat' dir='ltr'>nem</span> <span class='ocrx_word' id='word_1_599' title='bbox 1587 1599 1844 1631; x_wconf 83' lang='lat' dir='ltr'>iudicandorum.</span> <span class='ocrx_word' id='word_1_600' title='bbox 1864 1601 1950 1642; x_wconf 88' lang='lat' dir='ltr'>Ergo</span> <span class='ocrx_word' id='word_1_601' title='bbox 1966 1611 2035 1632; x_wconf 90' lang='lat' dir='ltr'>non</span> <span class='ocrx_word' id='word_1_602' title='bbox 2047 1607 2154 1642; x_wconf 89' lang='lat' dir='ltr'>potest</span> <span class='ocrx_word' id='word_1_603' title='bbox 2170 1603 2340 1643; x_wconf 84' lang='lat' dir='ltr'>essequod</span> <span class='ocrx_word' id='word_1_604' title='bbox 2356 1604 2439 1634; x_wconf 87' lang='lat' dir='ltr'>circa</span> <span class='ocrx_word' id='word_1_605' title='bbox 2450 1604 2566 1636; x_wconf 83' lang='lat' dir='ltr'>vallem</span> 
     </span>
     <span class='ocr_line' id='line_1_59' title="bbox 374 1643 1834 1686; baseline 0.003 -14"><span class='ocrx_word' id='word_1_606' title='bbox 374 1643 424 1673; x_wconf 84' lang='lat' dir='ltr'>vel</span> <span class='ocrx_word' id='word_1_607' title='bbox 447 1648 606 1673; x_wconf 88' lang='lat' dir='ltr'>momenta</span> <span class='ocrx_word' id='word_1_608' title='bbox 637 1653 720 1684; x_wconf 89' lang='lat' dir='ltr'>quae</span> <span class='ocrx_word' id='word_1_609' title='bbox 742 1644 840 1675; x_wconf 90' lang='lat' dir='ltr'>Pater</span> <span class='ocrx_word' id='word_1_610' title='bbox 866 1645 979 1685; x_wconf 83' lang='lat' dir='ltr'>posuit</span> <span class='ocrx_word' id='word_1_611' title='bbox 1001 1645 1034 1675; x_wconf 88' lang='lat' dir='ltr'>in</span> <span class='ocrx_word' id='word_1_612' title='bbox 1057 1655 1118 1676; x_wconf 89' lang='lat' dir='ltr'>sua</span> <span class='ocrx_word' id='word_1_613' title='bbox 1141 1650 1321 1686; x_wconf 81' lang='lat' dir='ltr'>potestate:</span> <span class='ocrx_word' id='word_1_614' title='bbox 1351 1645 1441 1685; x_wconf 88' lang='lat' dir='ltr'>quasi</span> <span class='ocrx_word' id='word_1_615' title='bbox 1496 1644 1583 1674; x_wconf 88' lang='lat' dir='ltr'>illam</span> <span class='ocrx_word' id='word_1_616' title='bbox 1606 1646 1646 1675; x_wconf 92' lang='lat' dir='ltr'>sit</span> <span class='ocrx_word' id='word_1_617' title='bbox 1667 1645 1834 1676; x_wconf 90' lang='lat' dir='ltr'>iudicium.</span> 
     </span>
     <span class='ocr_line' id='line_1_60' title="bbox 375 1686 2566 1728; baseline 0.003 -11"><span class='ocrx_word' id='word_1_618' title='bbox 375 1686 502 1723; x_wconf 89' lang='lat' dir='ltr'>diceret,</span> <span class='ocrx_word' id='word_1_619' title='bbox 518 1697 601 1728; x_wconf 84' lang='lat' dir='ltr'>quae</span> <span class='ocrx_word' id='word_1_620' title='bbox 622 1688 686 1718; x_wconf 87' lang='lat' dir='ltr'>soli</span> <span class='ocrx_word' id='word_1_621' title='bbox 702 1689 857 1728; x_wconf 81' lang='lat' dir='ltr'>potestati</span> <span class='ocrx_word' id='word_1_622' title='bbox 881 1689 950 1720; x_wconf 87' lang='lat' dir='ltr'>eius</span> <span class='ocrx_word' id='word_1_623' title='bbox 973 1695 1137 1721; x_wconf 72' lang='lat' dir='ltr'>reservata</span> <span class='ocrx_word' id='word_1_624' title='bbox 1160 1695 1245 1720; x_wconf 86' lang='lat' dir='ltr'>sunt.</span> <span class='ocrx_word' id='word_1_625' title='bbox 1553 1699 1583 1719; x_wconf 92' lang='lat'>2.</span> <span class='ocrx_word' id='word_1_626' title='bbox 1599 1689 1796 1726; x_wconf 75' lang='lat' dir='ltr'>PRAETEREA‚</span> <span class='ocrx_word' id='word_1_627' title='bbox 1810 1689 1938 1721; x_wconf 91' lang='lat' dir='ltr'>Christo</span> <span class='ocrx_word' id='word_1_628' title='bbox 1954 1691 1988 1721; x_wconf 93' lang='lat' dir='ltr'>in</span> <span class='ocrx_word' id='word_1_629' title='bbox 2004 1691 2201 1722; x_wconf 89' lang='lat' dir='ltr'>humanitate</span> <span class='ocrx_word' id='word_1_630' title='bbox 2218 1691 2328 1722; x_wconf 90' lang='lat' dir='ltr'>datum</span> <span class='ocrx_word' id='word_1_631' title='bbox 2345 1698 2392 1723; x_wconf 87' lang='lat' dir='ltr'>est</span> <span class='ocrx_word' id='word_1_632' title='bbox 2409 1692 2566 1724; x_wconf 87' lang='lat' dir='ltr'>iudicium</span> 
     </span>
    </p>

    <p class='ocr_par' dir='ltr' id='par_1_17' title="bbox 374 1731 2567 2084">
     <span class='ocr_line' id='line_1_61' title="bbox 431 1731 2566 1777; baseline 0.003 -15"><span class='ocrx_word' id='word_1_633' title='bbox 431 1731 482 1762; x_wconf 83' lang='lat' dir='ltr'>An</span> <span class='ocrx_word' id='word_1_634' title='bbox 498 1742 615 1762; x_wconf 74' lang='lat' dir='ltr'>ramim</span> <span class='ocrx_word' id='word_1_635' title='bbox 631 1742 714 1763; x_wconf 71' lang='lat' dir='ltr'>aneo</span> <span class='ocrx_word' id='word_1_636' title='bbox 730 1743 890 1763; x_wconf 74' lang='lat' dir='ltr'>mmmmm</span> <span class='ocrx_word' id='word_1_637' title='bbox 914 1734 1004 1774; x_wconf 92' lang='lat' dir='ltr'>quod</span> <span class='ocrx_word' id='word_1_638' title='bbox 1018 1734 1052 1764; x_wconf 91' lang='lat' dir='ltr'>in</span> <span class='ocrx_word' id='word_1_639' title='bbox 1068 1734 1173 1774; x_wconf 89' lang='lat' dir='ltr'>primo</span> <span class='ocrx_word' id='word_1_640' title='bbox 1189 1734 1328 1764; x_wconf 89' lang='lat' dir='ltr'>adventu</span> <span class='ocrx_word' id='word_1_641' title='bbox 1349 1733 1439 1764; x_wconf 89' lang='lat' dir='ltr'>Chri·</span> <span class='ocrx_word' id='word_1_642' title='bbox 1496 1738 1532 1763; x_wconf 89' lang='lat' dir='ltr'>ut</span> <span class='ocrx_word' id='word_1_643' title='bbox 1554 1734 1637 1764; x_wconf 91' lang='lat' dir='ltr'>iuste</span> <span class='ocrx_word' id='word_1_644' title='bbox 1659 1733 1779 1765; x_wconf 90' lang='lat' dir='ltr'>iudicet</span> <span class='ocrx_word' id='word_1_645' title='bbox 1801 1735 1858 1774; x_wconf 91' lang='lat' dir='ltr'>qui</span> <span class='ocrx_word' id='word_1_646' title='bbox 1878 1735 1994 1765; x_wconf 87' lang='lat' dir='ltr'>iniuste</span> <span class='ocrx_word' id='word_1_647' title='bbox 2013 1735 2171 1766; x_wconf 85' lang='lat' dir='ltr'>iudicatus</span> <span class='ocrx_word' id='word_1_648' title='bbox 2194 1741 2241 1767; x_wconf 90' lang='lat' dir='ltr'>est</span> <span class='ocrx_word' id='word_1_649' title='bbox 2256 1737 2283 1766; x_wconf 53' lang='lat'>⁴&amp;</span> <span class='ocrx_word' id='word_1_650' title='bbox 2309 1736 2372 1767; x_wconf 93' lang='lat' dir='ltr'>Sed</span> <span class='ocrx_word' id='word_1_651' title='bbox 2390 1738 2459 1777; x_wconf 89' lang='lat' dir='ltr'>ipse</span> <span class='ocrx_word' id='word_1_652' title='bbox 2481 1738 2566 1768; x_wconf 86' lang='lat' dir='ltr'>iniu-</span> 
     </span>
     <span class='ocr_line' id='line_1_62' title="bbox 375 1776 2564 1818; baseline 0.003 -12"><span class='ocrx_word' id='word_1_653' title='bbox 375 1781 441 1806; x_wconf 90' lang='lat' dir='ltr'>stus</span> <span class='ocrx_word' id='word_1_654' title='bbox 464 1776 551 1806; x_wconf 86' lang='lat' dir='ltr'>venit</span> <span class='ocrx_word' id='word_1_655' title='bbox 567 1777 730 1807; x_wconf 91' lang='lat' dir='ltr'>occultus:</span> <span class='ocrx_word' id='word_1_656' title='bbox 754 1778 933 1808; x_wconf 90' lang='lat' dir='ltr'>secundum</span> <span class='ocrx_word' id='word_1_657' title='bbox 956 1778 1036 1809; x_wconf 86' lang='lat' dir='ltr'>illud</span> <span class='ocrx_word' id='word_1_658' title='bbox 1054 1778 1152 1809; x_wconf 82' lang='lat' dir='ltr'>Isaiae</span> <span class='ocrx_word' id='word_1_659' title='bbox 1175 1788 1234 1808; x_wconf 84' lang='lat' dir='ltr'>x1.v</span> <span class='ocrx_word' id='word_1_660' title='bbox 1250 1779 1282 1808; x_wconf 52' lang='grc' dir='ltr'>ἐ</span> <span class='ocrx_word' id='word_1_661' title='bbox 1314 1778 1391 1808; x_wconf 88' lang='lat' dir='ltr'>Vere</span> <span class='ocrx_word' id='word_1_662' title='bbox 1407 1783 1441 1808; x_wconf 88' lang='lat' dir='ltr'>tu</span> <span class='ocrx_word' id='word_1_663' title='bbox 1458 1785 1480 1805; x_wconf 67' lang='grc' dir='ltr'>τε</span> <span class='ocrx_word' id='word_1_664' title='bbox 1496 1783 1542 1807; x_wconf 92' lang='lat' dir='ltr'>ste</span> <span class='ocrx_word' id='word_1_665' title='bbox 1565 1778 1724 1809; x_wconf 91' lang='lat' dir='ltr'>iudicatus</span> <span class='ocrx_word' id='word_1_666' title='bbox 1748 1784 1795 1809; x_wconf 89' lang='lat' dir='ltr'>est</span> <span class='ocrx_word' id='word_1_667' title='bbox 1809 1779 1841 1808; x_wconf 90' lang='lat' dir='ltr'>in</span> <span class='ocrx_word' id='word_1_668' title='bbox 1858 1780 2019 1818; x_wconf 90' lang='lat' dir='ltr'>praetorio</span> <span class='ocrx_word' id='word_1_669' title='bbox 2043 1780 2134 1811; x_wconf 88' lang='lat' dir='ltr'>Pilati</span> <span class='ocrx_word' id='word_1_670' title='bbox 2150 1781 2177 1816; x_wconf 46' lang='grc' dir='ltr'>ἡ</span> <span class='ocrx_word' id='word_1_671' title='bbox 2195 1786 2226 1811; x_wconf 93' lang='lat' dir='ltr'>et</span> <span class='ocrx_word' id='word_1_672' title='bbox 2249 1782 2440 1812; x_wconf 84' lang='lat' dir='ltr'>sententiam</span> <span class='ocrx_word' id='word_1_673' title='bbox 2455 1782 2564 1813; x_wconf 82' lang='lat' dir='ltr'>iniusti</span> 
     </span>
     <span class='ocr_line' id='line_1_63' title="bbox 375 1819 2567 1866; baseline 0.003 -16"><span class='ocrx_word' id='word_1_674' title='bbox 375 1830 408 1850; x_wconf 87' lang='lat' dir='ltr'>es</span> <span class='ocrx_word' id='word_1_675' title='bbox 431 1819 520 1850; x_wconf 90' lang='lat' dir='ltr'>Deus</span> <span class='ocrx_word' id='word_1_676' title='bbox 542 1820 747 1851; x_wconf 85' lang='lat' dir='ltr'>absconditus</span> <span class='ocrx_word' id='word_1_677' title='bbox 766 1821 904 1852; x_wconf 88' lang='lat' dir='ltr'>Sanctus</span> <span class='ocrx_word' id='word_1_678' title='bbox 922 1823 1036 1858; x_wconf 86' lang='lat' dir='ltr'>Israel,</span> <span class='ocrx_word' id='word_1_679' title='bbox 1054 1822 1217 1854; x_wconf 77' lang='lat' dir='ltr'>Salvator.</span> <span class='ocrx_word' id='word_1_680' title='bbox 1241 1823 1283 1853; x_wconf 91' lang='lat' dir='ltr'>Et</span> <span class='ocrx_word' id='word_1_681' title='bbox 1305 1822 1389 1858; x_wconf 93' lang='lat' dir='ltr'>ideo,</span> <span class='ocrx_word' id='word_1_682' title='bbox 1406 1827 1442 1852; x_wconf 94' lang='lat' dir='ltr'>ut</span> <span class='ocrx_word' id='word_1_683' title='bbox 1496 1821 1654 1853; x_wconf 91' lang='lat' dir='ltr'>iudiciiin</span> <span class='ocrx_word' id='word_1_684' title='bbox 1679 1822 1843 1862; x_wconf 87' lang='lat' dir='ltr'>Golgotha</span> <span class='ocrx_word' id='word_1_685' title='bbox 1857 1824 1998 1864; x_wconf 88' lang='lat' dir='ltr'>suscepit</span> <span class='ocrx_word' id='word_1_686' title='bbox 2009 1825 2035 1854; x_wconf 81' lang='lat'>*.</span> <span class='ocrx_word' id='word_1_687' title='bbox 2060 1825 2146 1865; x_wconf 87' lang='lat' dir='ltr'>Ergo</span> <span class='ocrx_word' id='word_1_688' title='bbox 2162 1825 2234 1855; x_wconf 88' lang='lat' dir='ltr'>loca</span> <span class='ocrx_word' id='word_1_689' title='bbox 2256 1825 2309 1855; x_wconf 90' lang='lat' dir='ltr'>illa</span> <span class='ocrx_word' id='word_1_690' title='bbox 2324 1826 2426 1866; x_wconf 86' lang='lat' dir='ltr'>magis</span> <span class='ocrx_word' id='word_1_691' title='bbox 2449 1826 2567 1857; x_wconf 88' lang='lat' dir='ltr'>debent</span> 
     </span>
     <span class='ocr_line' id='line_1_64' title="bbox 375 1863 1949 1907; baseline 0.003 -14"><span class='ocrx_word' id='word_1_692' title='bbox 375 1874 393 1894; x_wconf 94' lang='lat' dir='ltr'>a</span> <span class='ocrx_word' id='word_1_693' title='bbox 416 1863 564 1894; x_wconf 86' lang='lat' dir='ltr'>fidelibus</span> <span class='ocrx_word' id='word_1_694' title='bbox 588 1866 741 1905; x_wconf 89' lang='lat' dir='ltr'>cognosci</span> <span class='ocrx_word' id='word_1_695' title='bbox 763 1871 882 1906; x_wconf 88' lang='lat' dir='ltr'>posset,</span> <span class='ocrx_word' id='word_1_696' title='bbox 907 1868 1051 1906; x_wconf 90' lang='lat' dir='ltr'>oportuit</span> <span class='ocrx_word' id='word_1_697' title='bbox 1074 1866 1282 1898; x_wconf 87' lang='lat' dir='ltr'>determinate</span> <span class='ocrx_word' id='word_1_698' title='bbox 1313 1872 1441 1907; x_wconf 88' lang='lat' dir='ltr'>tempus</span> <span class='ocrx_word' id='word_1_699' title='bbox 1496 1865 1536 1896; x_wconf 86' lang='lat' dir='ltr'>ad</span> <span class='ocrx_word' id='word_1_700' title='bbox 1558 1866 1714 1898; x_wconf 84' lang='lat' dir='ltr'>iudicium</span> <span class='ocrx_word' id='word_1_701' title='bbox 1737 1867 1949 1898; x_wconf 88' lang='lat' dir='ltr'>determinari.</span> 
     </span>
     <span class='ocr_line' id='line_1_65' title="bbox 374 1908 2566 1955; baseline 0.004 -17"><span class='ocrx_word' id='word_1_702' title='bbox 374 1908 670 1948; x_wconf 89' lang='lat' dir='ltr'>praedeterminare.</span> <span class='ocrx_word' id='word_1_703' title='bbox 693 1909 756 1940; x_wconf 90' lang='lat' dir='ltr'>Sed</span> <span class='ocrx_word' id='word_1_704' title='bbox 771 1911 804 1940; x_wconf 93' lang='lat' dir='ltr'>in</span> <span class='ocrx_word' id='word_1_705' title='bbox 820 1910 963 1941; x_wconf 91' lang='lat' dir='ltr'>secundo</span> <span class='ocrx_word' id='word_1_706' title='bbox 980 1911 1119 1942; x_wconf 88' lang='lat' dir='ltr'>adventu</span> <span class='ocrx_word' id='word_1_707' title='bbox 1134 1912 1240 1942; x_wconf 88' lang='lat' dir='ltr'>veniet</span> <span class='ocrx_word' id='word_1_708' title='bbox 1258 1910 1440 1941; x_wconf 87' lang='lat' dir='ltr'>manifeste:</span> <span class='ocrx_word' id='word_1_709' title='bbox 1553 1911 1582 1941; x_wconf 89' lang='lat'>3.</span> <span class='ocrx_word' id='word_1_710' title='bbox 1599 1911 1795 1948; x_wconf 69' lang='lat' dir='ltr'>PRAnrnRaA,</span> <span class='ocrx_word' id='word_1_711' title='bbox 1811 1912 1914 1942; x_wconf 89' lang='lat' dir='ltr'>nubes</span> <span class='ocrx_word' id='word_1_712' title='bbox 1930 1911 2012 1943; x_wconf 89' lang='lat' dir='ltr'>fiunt</span> <span class='ocrx_word' id='word_1_713' title='bbox 2035 1922 2073 1943; x_wconf 89' lang='lat' dir='ltr'>ex</span> <span class='ocrx_word' id='word_1_714' title='bbox 2096 1914 2294 1944; x_wconf 90' lang='lat' dir='ltr'>resolutione</span> <span class='ocrx_word' id='word_1_715' title='bbox 2310 1923 2477 1955; x_wconf 88' lang='lat' dir='ltr'>vaporum.</span> <span class='ocrx_word' id='word_1_716' title='bbox 2502 1914 2566 1946; x_wconf 87' lang='lat' dir='ltr'>Sed</span> 
     </span>
     <span class='ocr_line' id='line_1_66' title="bbox 375 1952 2566 2000; baseline 0.003 -17"><span class='ocrx_word' id='word_1_717' title='bbox 375 1958 411 1983; x_wconf 92' lang='lat' dir='ltr'>ut</span> <span class='ocrx_word' id='word_1_718' title='bbox 427 1952 541 1983; x_wconf 89' lang='lat' dir='ltr'>dicitur</span> <span class='ocrx_word' id='word_1_719' title='bbox 556 1953 589 1983; x_wconf 90' lang='lat' dir='ltr'>in</span> <span class='ocrx_word' id='word_1_720' title='bbox 605 1953 732 1984; x_wconf 91' lang='lat' dir='ltr'>Psalmo</span> <span class='ocrx_word' id='word_1_721' title='bbox 749 1955 775 1990; x_wconf 44' lang='grc' dir='ltr'>θ,</span> <span class='ocrx_word' id='word_1_722' title='bbox 799 1955 889 1985; x_wconf 86' lang='lat' dir='ltr'>Deus</span> <span class='ocrx_word' id='word_1_723' title='bbox 911 1956 1081 1997; x_wconf 74' lang='lat' dir='ltr'>manifeste</span> <span class='ocrx_word' id='word_1_724' title='bbox 1096 1956 1208 1991; x_wconf 83' lang='lat' dir='ltr'>veniet,</span> <span class='ocrx_word' id='word_1_725' title='bbox 1226 1961 1285 1986; x_wconf 89' lang='lat' dir='ltr'>etc.</span> <span class='ocrx_word' id='word_1_726' title='bbox 1311 1956 1352 1985; x_wconf 91' lang='lat' dir='ltr'>Et</span> <span class='ocrx_word' id='word_1_727' title='bbox 1366 1954 1440 1985; x_wconf 91' lang='lat' dir='ltr'>ideo</span> <span class='ocrx_word' id='word_1_728' title='bbox 1495 1960 1573 1985; x_wconf 88' lang='lat' dir='ltr'>tunc</span> <span class='ocrx_word' id='word_1_729' title='bbox 1588 1956 1676 1986; x_wconf 89' lang='lat' dir='ltr'>nulla</span> <span class='ocrx_word' id='word_1_730' title='bbox 1693 1956 1751 1986; x_wconf 90' lang='lat' dir='ltr'>erit</span> <span class='ocrx_word' id='word_1_731' title='bbox 1766 1957 1951 1996; x_wconf 88' lang='lat' dir='ltr'>evaporatio</span> <span class='ocrx_word' id='word_1_732' title='bbox 1968 1957 2018 1987; x_wconf 92' lang='lat' dir='ltr'>vel</span> <span class='ocrx_word' id='word_1_733' title='bbox 2033 1958 2187 1988; x_wconf 87' lang='lat' dir='ltr'>resolutio</span> <span class='ocrx_word' id='word_1_734' title='bbox 2204 1959 2230 1988; x_wconf 76' lang='lat'>*.</span> <span class='ocrx_word' id='word_1_735' title='bbox 2255 1958 2342 1999; x_wconf 84' lang='lat' dir='ltr'>Ergo</span> <span class='ocrx_word' id='word_1_736' title='bbox 2365 1969 2433 1990; x_wconf 92' lang='lat' dir='ltr'>non</span> <span class='ocrx_word' id='word_1_737' title='bbox 2448 1961 2566 2000; x_wconf 90' lang='lat' dir='ltr'>poterit</span> 
     </span>
     <span class='ocr_line' id='line_1_67' title="bbox 375 1998 2564 2044; baseline 0.004 -17"><span class='ocrx_word' id='word_1_738' title='bbox 375 1998 457 2027; x_wconf 89' lang='lat' dir='ltr'>circa</span> <span class='ocrx_word' id='word_1_739' title='bbox 480 1998 700 2037; x_wconf 88' lang='lat' dir='ltr'>cognitionem</span> <span class='ocrx_word' id='word_1_740' title='bbox 724 1998 878 2029; x_wconf 89' lang='lat' dir='ltr'>adventus</span> <span class='ocrx_word' id='word_1_741' title='bbox 901 1999 1000 2039; x_wconf 92' lang='lat' dir='ltr'>ipsius</span> <span class='ocrx_word' id='word_1_742' title='bbox 1024 2009 1111 2030; x_wconf 90' lang='lat' dir='ltr'>error</span> <span class='ocrx_word' id='word_1_743' title='bbox 1135 2009 1202 2030; x_wconf 88' lang='lat' dir='ltr'>esse</span> <span class='ocrx_word' id='word_1_744' title='bbox 1221 2009 1289 2030; x_wconf 92' lang='lat' dir='ltr'>non</span> <span class='ocrx_word' id='word_1_745' title='bbox 1313 1999 1440 2040; x_wconf 86' lang='lat' dir='ltr'>poterit.</span> <span class='ocrx_word' id='word_1_746' title='bbox 1455 2006 1482 2026; x_wconf 77' lang='lat'>4⁰</span> <span class='ocrx_word' id='word_1_747' title='bbox 1496 2008 1563 2029; x_wconf 90' lang='lat' dir='ltr'>esse</span> <span class='ocrx_word' id='word_1_748' title='bbox 1580 2000 1670 2039; x_wconf 93' lang='lat' dir='ltr'>quod</span> <span class='ocrx_word' id='word_1_749' title='bbox 1685 2001 1759 2030; x_wconf 91' lang='lat' dir='ltr'>iusti</span> <span class='ocrx_word' id='word_1_750' title='bbox 1783 2001 1816 2030; x_wconf 86' lang='lat' dir='ltr'>in</span> <span class='ocrx_word' id='word_1_751' title='bbox 1837 2001 1972 2031; x_wconf 84' lang='lat' dir='ltr'>nubibus</span> <span class='ocrx_word' id='word_1_752' title='bbox 1988 2002 2114 2032; x_wconf 84' lang='lat' dir='ltr'>obviam</span> <span class='ocrx_word' id='word_1_753' title='bbox 2133 2003 2262 2033; x_wconf 85' lang='lat' dir='ltr'>Christo</span> <span class='ocrx_word' id='word_1_754' title='bbox 2279 2003 2312 2033; x_wconf 90' lang='lat' dir='ltr'>in</span> <span class='ocrx_word' id='word_1_755' title='bbox 2337 2012 2416 2034; x_wconf 86' lang='lat' dir='ltr'>aera</span> <span class='ocrx_word' id='word_1_756' title='bbox 2433 2004 2564 2044; x_wconf 84' lang='lat' dir='ltr'>rapian-</span> 
     </span>
     <span class='ocr_line' id='line_1_68' title="bbox 374 2041 2564 2084; baseline 0.004 -13"><span class='ocrx_word' id='word_1_757' title='bbox 374 2041 415 2071; x_wconf 94' lang='lat' dir='ltr'>Et</span> <span class='ocrx_word' id='word_1_758' title='bbox 438 2047 568 2081; x_wconf 90' lang='lat' dir='ltr'>propter</span> <span class='ocrx_word' id='word_1_759' title='bbox 590 2041 653 2072; x_wconf 92' lang='lat' dir='ltr'>hoc</span> <span class='ocrx_word' id='word_1_760' title='bbox 675 2052 744 2072; x_wconf 90' lang='lat' dir='ltr'>non</span> <span class='ocrx_word' id='word_1_761' title='bbox 769 2048 815 2073; x_wconf 91' lang='lat' dir='ltr'>est</span> <span class='ocrx_word' id='word_1_762' title='bbox 838 2043 950 2074; x_wconf 88' lang='lat' dir='ltr'>simile.</span> <span class='ocrx_word' id='word_1_763' title='bbox 1496 2048 1551 2073; x_wconf 87' lang='lat' dir='ltr'>tur</span> <span class='ocrx_word' id='word_1_764' title='bbox 1565 2044 1591 2074; x_wconf 75' lang='lat'>*.</span> <span class='ocrx_word' id='word_1_765' title='bbox 1623 2044 1664 2074; x_wconf 92' lang='lat' dir='ltr'>Et</span> <span class='ocrx_word' id='word_1_766' title='bbox 1696 2045 1741 2074; x_wconf 93' lang='lat' dir='ltr'>sic</span> <span class='ocrx_word' id='word_1_767' title='bbox 1771 2045 1934 2084; x_wconf 87' lang='lat' dir='ltr'>oportebit</span> <span class='ocrx_word' id='word_1_768' title='bbox 1957 2051 1988 2076; x_wconf 89' lang='lat' dir='ltr'>et</span> <span class='ocrx_word' id='word_1_769' title='bbox 2011 2046 2116 2076; x_wconf 89' lang='lat' dir='ltr'>bonos</span> <span class='ocrx_word' id='word_1_770' title='bbox 2140 2052 2171 2077; x_wconf 93' lang='lat' dir='ltr'>et</span> <span class='ocrx_word' id='word_1_771' title='bbox 2194 2047 2296 2077; x_wconf 89' lang='lat' dir='ltr'>malos</span> <span class='ocrx_word' id='word_1_772' title='bbox 2326 2056 2395 2078; x_wconf 89' lang='lat' dir='ltr'>esse</span> <span class='ocrx_word' id='word_1_773' title='bbox 2417 2049 2451 2079; x_wconf 88' lang='lat' dir='ltr'>in</span> <span class='ocrx_word' id='word_1_774' title='bbox 2474 2053 2564 2079; x_wconf 88' lang='lat' dir='ltr'>terra.</span> 
     </span>
    </p>

    <p class='ocr_par' dir='ltr' id='par_1_18' title="bbox 373 2085 2567 2438">
     <span class='ocr_line' id='line_1_69' title="bbox 429 2085 2563 2131; baseline 0.004 -16"><span class='ocrx_word' id='word_1_775' title='bbox 429 2085 480 2115; x_wconf 83' lang='lat' dir='ltr'>An</span> <span class='ocrx_word' id='word_1_776' title='bbox 504 2095 666 2116; x_wconf 74' lang='lat' dir='ltr'>SECUNDUM</span> <span class='ocrx_word' id='word_1_777' title='bbox 685 2096 844 2117; x_wconf 73' lang='lat' dir='ltr'>mmmmm</span> <span class='ocrx_word' id='word_1_778' title='bbox 868 2087 967 2127; x_wconf 91' lang='lat' dir='ltr'>quod,</span> <span class='ocrx_word' id='word_1_779' title='bbox 985 2088 1067 2118; x_wconf 90' lang='lat' dir='ltr'>sicut</span> <span class='ocrx_word' id='word_1_780' title='bbox 1082 2087 1159 2118; x_wconf 86' lang='lat' dir='ltr'>dicit</span> <span class='ocrx_word' id='word_1_781' title='bbox 1181 2088 1391 2128; x_wconf 84' lang='lat' dir='ltr'>Augustinus,</span> <span class='ocrx_word' id='word_1_782' title='bbox 1407 2088 1441 2118; x_wconf 91' lang='lat' dir='ltr'>in</span> <span class='ocrx_word' id='word_1_783' title='bbox 1495 2087 1536 2117; x_wconf 88' lang='lat' dir='ltr'>Et</span> <span class='ocrx_word' id='word_1_784' title='bbox 1558 2088 1602 2118; x_wconf 90' lang='lat' dir='ltr'>ita</span> <span class='ocrx_word' id='word_1_785' title='bbox 1625 2089 1716 2118; x_wconf 92' lang='lat' dir='ltr'>locus</span> <span class='ocrx_word' id='word_1_786' title='bbox 1739 2089 1844 2119; x_wconf 91' lang='lat' dir='ltr'>multo</span> <span class='ocrx_word' id='word_1_787' title='bbox 1866 2090 2004 2129; x_wconf 91' lang='lat' dir='ltr'>amplior</span> <span class='ocrx_word' id='word_1_788' title='bbox 2018 2091 2198 2130; x_wconf 89' lang='lat' dir='ltr'>requiretur</span> <span class='ocrx_word' id='word_1_789' title='bbox 2221 2100 2318 2131; x_wconf 84' lang='lat' dir='ltr'>quarn</span> <span class='ocrx_word' id='word_1_790' title='bbox 2335 2092 2375 2122; x_wconf 91' lang='lat' dir='ltr'>sit</span> <span class='ocrx_word' id='word_1_791' title='bbox 2396 2093 2484 2123; x_wconf 91' lang='lat' dir='ltr'>vallis</span> <span class='ocrx_word' id='word_1_792' title='bbox 2499 2093 2563 2124; x_wconf 80' lang='lat' dir='ltr'>illa.</span> 
     </span>
     <span class='ocr_line' id='line_1_70' title="bbox 374 2129 2563 2178; baseline 0.004 -19"><span class='ocrx_word' id='word_1_793' title='bbox 374 2130 517 2170; x_wconf 87' lang='lat' dir='ltr'>Epistola</span> <span class='ocrx_word' id='word_1_794' title='bbox 549 2129 589 2160; x_wconf 89' lang='lat' dir='ltr'>de</span> <span class='ocrx_word' id='word_1_795' title='bbox 611 2130 674 2160; x_wconf 88' lang='lat' dir='ltr'>Die</span> <span class='ocrx_word' id='word_1_796' title='bbox 701 2131 819 2161; x_wconf 89' lang='lat' dir='ltr'>Iudicii</span> <span class='ocrx_word' id='word_1_797' title='bbox 842 2131 885 2162; x_wconf 88' lang='lat' dir='ltr'>ad</span> <span class='ocrx_word' id='word_1_798' title='bbox 906 2131 1109 2172; x_wconf 76' lang='lat' dir='ltr'>Hesychium</span> <span class='ocrx_word' id='word_1_799' title='bbox 1124 2133 1157 2168; x_wconf 70' lang='lat'>*‚</span> <span class='ocrx_word' id='word_1_800' title='bbox 1184 2133 1273 2172; x_wconf 90' lang='lat' dir='ltr'>signa</span> <span class='ocrx_word' id='word_1_801' title='bbox 1301 2141 1384 2172; x_wconf 87' lang='lat' dir='ltr'>quae</span> <span class='ocrx_word' id='word_1_802' title='bbox 1407 2132 1440 2162; x_wconf 89' lang='lat' dir='ltr'>in</span> <span class='ocrx_word' id='word_1_803' title='bbox 1551 2132 1613 2163; x_wconf 68' lang='lat' dir='ltr'>San</span> <span class='ocrx_word' id='word_1_804' title='bbox 1645 2142 1768 2163; x_wconf 79' lang='lat' dir='ltr'>CONTRA</span> <span class='ocrx_word' id='word_1_805' title='bbox 1793 2143 1846 2163; x_wconf 79' lang='lat' dir='ltr'>nsr</span> <span class='ocrx_word' id='word_1_806' title='bbox 1877 2133 1967 2173; x_wconf 91' lang='lat' dir='ltr'>quod</span> <span class='ocrx_word' id='word_1_807' title='bbox 1998 2134 2113 2165; x_wconf 91' lang='lat' dir='ltr'>dicitur</span> <span class='ocrx_word' id='word_1_808' title='bbox 2142 2135 2208 2166; x_wconf 94' lang='lat' dir='ltr'>loel</span> <span class='ocrx_word' id='word_1_809' title='bbox 2231 2145 2266 2165; x_wconf 88' lang='lat' dir='ltr'>m</span> <span class='ocrx_word' id='word_1_810' title='bbox 2282 2136 2317 2166; x_wconf 63' lang='grc' dir='ltr'>ἐ</span> <span class='ocrx_word' id='word_1_811' title='bbox 2344 2136 2563 2178; x_wconf 79' lang='lat' dir='ltr'>Congregabo</span> 
     </span>
     <span class='ocr_line' id='line_1_71' title="bbox 374 2174 2566 2220; baseline 0.004 -16"><span class='ocrx_word' id='word_1_812' title='bbox 374 2174 553 2214; x_wconf 90' lang='lat' dir='ltr'>Evangeliis</span> <span class='ocrx_word' id='word_1_813' title='bbox 576 2180 759 2214; x_wconf 87' lang='lat' dir='ltr'>ponuntur,</span> <span class='ocrx_word' id='word_1_814' title='bbox 784 2185 852 2206; x_wconf 93' lang='lat' dir='ltr'>non</span> <span class='ocrx_word' id='word_1_815' title='bbox 877 2177 986 2206; x_wconf 90' lang='lat' dir='ltr'>omnia</span> <span class='ocrx_word' id='word_1_816' title='bbox 1009 2177 1169 2216; x_wconf 90' lang='lat' dir='ltr'>pertinent</span> <span class='ocrx_word' id='word_1_817' title='bbox 1191 2176 1231 2206; x_wconf 91' lang='lat' dir='ltr'>ad</span> <span class='ocrx_word' id='word_1_818' title='bbox 1261 2176 1440 2207; x_wconf 91' lang='lat' dir='ltr'>secundum</span> <span class='ocrx_word' id='word_1_819' title='bbox 1495 2185 1606 2207; x_wconf 89' lang='lat' dir='ltr'>omnes</span> <span class='ocrx_word' id='word_1_820' title='bbox 1627 2182 1750 2218; x_wconf 83' lang='lat' dir='ltr'>gentes,</span> <span class='ocrx_word' id='word_1_821' title='bbox 1767 2183 1798 2208; x_wconf 92' lang='lat' dir='ltr'>et</span> <span class='ocrx_word' id='word_1_822' title='bbox 1820 2177 1954 2208; x_wconf 87' lang='lat' dir='ltr'>educam</span> <span class='ocrx_word' id='word_1_823' title='bbox 1977 2188 2032 2210; x_wconf 89' lang='lat' dir='ltr'>eas</span> <span class='ocrx_word' id='word_1_824' title='bbox 2056 2179 2088 2209; x_wconf 85' lang='lat' dir='ltr'>in</span> <span class='ocrx_word' id='word_1_825' title='bbox 2113 2180 2198 2210; x_wconf 76' lang='lat' dir='ltr'>valle</span> <span class='ocrx_word' id='word_1_826' title='bbox 2220 2179 2389 2220; x_wconf 71' lang='lat' dir='ltr'>Iosophat,</span> <span class='ocrx_word' id='word_1_827' title='bbox 2413 2186 2445 2212; x_wconf 87' lang='lat' dir='ltr'>et</span> <span class='ocrx_word' id='word_1_828' title='bbox 2466 2181 2566 2213; x_wconf 80' lang='lat' dir='ltr'>disce-</span> 
     </span>
     <span class='ocr_line' id='line_1_72' title="bbox 374 2218 1830 2261; baseline 0.003 -13"><span class='ocrx_word' id='word_1_829' title='bbox 374 2218 555 2254; x_wconf 89' lang='lat' dir='ltr'>adventum,</span> <span class='ocrx_word' id='word_1_830' title='bbox 573 2219 629 2258; x_wconf 91' lang='lat' dir='ltr'>qui</span> <span class='ocrx_word' id='word_1_831' title='bbox 653 2220 711 2249; x_wconf 90' lang='lat' dir='ltr'>erit</span> <span class='ocrx_word' id='word_1_832' title='bbox 729 2220 761 2249; x_wconf 90' lang='lat' dir='ltr'>in</span> <span class='ocrx_word' id='word_1_833' title='bbox 786 2219 866 2250; x_wconf 90' lang='lat' dir='ltr'>fine:</span> <span class='ocrx_word' id='word_1_834' title='bbox 891 2220 947 2251; x_wconf 90' lang='lat' dir='ltr'>sed</span> <span class='ocrx_word' id='word_1_835' title='bbox 970 2220 1127 2260; x_wconf 91' lang='lat' dir='ltr'>quaedam</span> <span class='ocrx_word' id='word_1_836' title='bbox 1144 2230 1258 2251; x_wconf 90' lang='lat' dir='ltr'>eorum</span> <span class='ocrx_word' id='word_1_837' title='bbox 1281 2221 1441 2261; x_wconf 90' lang='lat' dir='ltr'>pertinent</span> <span class='ocrx_word' id='word_1_838' title='bbox 1454 2230 1478 2251; x_wconf 84' lang='lat'>45</span> <span class='ocrx_word' id='word_1_839' title='bbox 1488 2221 1588 2261; x_wconf 78' lang='lat' dir='ltr'>ptabo</span> <span class='ocrx_word' id='word_1_840' title='bbox 1614 2222 1655 2252; x_wconf 82' lang='lat' dir='ltr'>ibi</span> <span class='ocrx_word' id='word_1_841' title='bbox 1679 2231 1751 2252; x_wconf 91' lang='lat' dir='ltr'>cum</span> <span class='ocrx_word' id='word_1_842' title='bbox 1775 2222 1830 2253; x_wconf 89' lang='lat' dir='ltr'>eis.</span> 
     </span>
     <span class='ocr_line' id='line_1_73' title="bbox 374 2262 2567 2306; baseline 0.004 -13"><span class='ocrx_word' id='word_1_843' title='bbox 374 2262 413 2293; x_wconf 87' lang='lat' dir='ltr'>ad</span> <span class='ocrx_word' id='word_1_844' title='bbox 436 2268 563 2303; x_wconf 87' lang='lat' dir='ltr'>tempus</span> <span class='ocrx_word' id='word_1_845' title='bbox 595 2262 818 2295; x_wconf 89' lang='lat' dir='ltr'>destructionis</span> <span class='ocrx_word' id='word_1_846' title='bbox 848 2264 1038 2301; x_wconf 85' lang='lat' dir='ltr'>Ierusalem,</span> <span class='ocrx_word' id='word_1_847' title='bbox 1065 2275 1148 2305; x_wconf 92' lang='lat' dir='ltr'>quae</span> <span class='ocrx_word' id='word_1_848' title='bbox 1171 2265 1235 2296; x_wconf 92' lang='lat' dir='ltr'>iam</span> <span class='ocrx_word' id='word_1_849' title='bbox 1259 2266 1438 2306; x_wconf 86' lang='lat' dir='ltr'>praeteriit;</span> <span class='ocrx_word' id='word_1_850' title='bbox 1551 2276 1581 2296; x_wconf 92' lang='lat'>2.</span> <span class='ocrx_word' id='word_1_851' title='bbox 1605 2266 1803 2303; x_wconf 64' lang='lat' dir='ltr'>Pmnmam,</span> <span class='ocrx_word' id='word_1_852' title='bbox 1819 2268 1889 2298; x_wconf 88' lang='lat' dir='ltr'>Act.</span> <span class='ocrx_word' id='word_1_853' title='bbox 1906 2277 1917 2297; x_wconf 93' lang='lat'>1</span> <span class='ocrx_word' id='word_1_854' title='bbox 1932 2268 1948 2283; x_wconf 67' lang='lat'>⁴*</span> <span class='ocrx_word' id='word_1_855' title='bbox 1973 2266 2104 2298; x_wconf 90' lang='lat' dir='ltr'>dicitur:</span> <span class='ocrx_word' id='word_1_856' title='bbox 2137 2268 2415 2305; x_wconf 84' lang='lat' dir='ltr'>Quemadmodum</span> <span class='ocrx_word' id='word_1_857' title='bbox 2443 2270 2567 2302; x_wconf 75' lang='lat' dir='ltr'>vidistis</span> 
     </span>
     <span class='ocr_line' id='line_1_74' title="bbox 374 2307 2566 2354; baseline 0.004 -16"><span class='ocrx_word' id='word_1_858' title='bbox 374 2307 531 2347; x_wconf 90' lang='lat' dir='ltr'>quaedam</span> <span class='ocrx_word' id='word_1_859' title='bbox 550 2316 636 2344; x_wconf 82' lang='lat' dir='ltr'>vem,</span> <span class='ocrx_word' id='word_1_860' title='bbox 655 2313 686 2338; x_wconf 93' lang='lat' dir='ltr'>et</span> <span class='ocrx_word' id='word_1_861' title='bbox 700 2308 792 2348; x_wconf 93' lang='lat' dir='ltr'>plura</span> <span class='ocrx_word' id='word_1_862' title='bbox 808 2318 932 2346; x_wconf 87' lang='lat' dir='ltr'>eorum,</span> <span class='ocrx_word' id='word_1_863' title='bbox 949 2310 1109 2349; x_wconf 89' lang='lat' dir='ltr'>pertinent</span> <span class='ocrx_word' id='word_1_864' title='bbox 1128 2309 1167 2340; x_wconf 86' lang='lat' dir='ltr'>ad</span> <span class='ocrx_word' id='word_1_865' title='bbox 1182 2309 1355 2340; x_wconf 89' lang='lat' dir='ltr'>adventum</span> <span class='ocrx_word' id='word_1_866' title='bbox 1372 2319 1438 2350; x_wconf 91' lang='lat' dir='ltr'>quo</span> <span class='ocrx_word' id='word_1_867' title='bbox 1495 2320 1567 2341; x_wconf 87' lang='lat' dir='ltr'>eum</span> <span class='ocrx_word' id='word_1_868' title='bbox 1590 2311 1813 2342; x_wconf 83' lang='lat' dir='ltr'>ascendentem</span> <span class='ocrx_word' id='word_1_869' title='bbox 1837 2312 1869 2342; x_wconf 90' lang='lat' dir='ltr'>in</span> <span class='ocrx_word' id='word_1_870' title='bbox 1895 2312 2029 2348; x_wconf 86' lang='lat' dir='ltr'>caelum,</span> <span class='ocrx_word' id='word_1_871' title='bbox 2048 2313 2093 2343; x_wconf 90' lang='lat' dir='ltr'>ita</span> <span class='ocrx_word' id='word_1_872' title='bbox 2117 2313 2230 2344; x_wconf 79' lang='lat' dir='ltr'>veniet.</span> <span class='ocrx_word' id='word_1_873' title='bbox 2255 2313 2318 2345; x_wconf 90' lang='lat' dir='ltr'>Sed</span> <span class='ocrx_word' id='word_1_874' title='bbox 2332 2314 2402 2354; x_wconf 87' lang='lat' dir='ltr'>ipse</span> <span class='ocrx_word' id='word_1_875' title='bbox 2425 2315 2566 2346; x_wconf 87' lang='lat' dir='ltr'>ascendit</span> 
     </span>
     <span class='ocr_line' id='line_1_75' title="bbox 375 2351 2566 2400; baseline 0.004 -18"><span class='ocrx_word' id='word_1_876' title='bbox 375 2351 518 2392; x_wconf 86' lang='lat' dir='ltr'>quotidie</span> <span class='ocrx_word' id='word_1_877' title='bbox 542 2351 582 2382; x_wconf 91' lang='lat' dir='ltr'>ad</span> <span class='ocrx_word' id='word_1_878' title='bbox 605 2352 781 2383; x_wconf 90' lang='lat' dir='ltr'>Ecclesiam</span> <span class='ocrx_word' id='word_1_879' title='bbox 805 2363 895 2384; x_wconf 89' lang='lat' dir='ltr'>suam</span> <span class='ocrx_word' id='word_1_880' title='bbox 920 2355 1016 2390; x_wconf 90' lang='lat' dir='ltr'>venit,</span> <span class='ocrx_word' id='word_1_881' title='bbox 1041 2364 1111 2385; x_wconf 91' lang='lat' dir='ltr'>eam</span> <span class='ocrx_word' id='word_1_882' title='bbox 1135 2355 1263 2384; x_wconf 89' lang='lat' dir='ltr'>visitans</span> <span class='ocrx_word' id='word_1_883' title='bbox 1293 2355 1439 2394; x_wconf 90' lang='lat' dir='ltr'>spiritua·</span> <span class='ocrx_word' id='word_1_884' title='bbox 1494 2354 1534 2385; x_wconf 91' lang='lat' dir='ltr'>de</span> <span class='ocrx_word' id='word_1_885' title='bbox 1558 2361 1669 2386; x_wconf 90' lang='lat' dir='ltr'>monte</span> <span class='ocrx_word' id='word_1_886' title='bbox 1694 2355 1813 2386; x_wconf 89' lang='lat' dir='ltr'>Oliveti</span> <span class='ocrx_word' id='word_1_887' title='bbox 1828 2357 1854 2392; x_wconf 72' lang='lat'>*‚</span> <span class='ocrx_word' id='word_1_888' title='bbox 1872 2357 1928 2396; x_wconf 91' lang='lat' dir='ltr'>qui</span> <span class='ocrx_word' id='word_1_889' title='bbox 1944 2358 2142 2396; x_wconf 89' lang='lat' dir='ltr'>praeeminet</span> <span class='ocrx_word' id='word_1_890' title='bbox 2157 2358 2229 2388; x_wconf 89' lang='lat' dir='ltr'>valli</span> <span class='ocrx_word' id='word_1_891' title='bbox 2250 2358 2407 2398; x_wconf 87' lang='lat' dir='ltr'>Iosaphat.</span> <span class='ocrx_word' id='word_1_892' title='bbox 2432 2359 2518 2400; x_wconf 90' lang='lat' dir='ltr'>Ergo</span> <span class='ocrx_word' id='word_1_893' title='bbox 2535 2365 2566 2391; x_wconf 88' lang='lat' dir='ltr'>et</span> 
     </span>
     <span class='ocr_line' id='line_1_76' title="bbox 373 2396 2183 2438; baseline 0.003 -12"><span class='ocrx_word' id='word_1_894' title='bbox 373 2396 452 2432; x_wconf 88' lang='lat' dir='ltr'>liter,</span> <span class='ocrx_word' id='word_1_895' title='bbox 479 2402 576 2436; x_wconf 92' lang='lat' dir='ltr'>prout</span> <span class='ocrx_word' id='word_1_896' title='bbox 599 2406 659 2426; x_wconf 89' lang='lat' dir='ltr'>nos</span> <span class='ocrx_word' id='word_1_897' title='bbox 682 2397 837 2428; x_wconf 90' lang='lat' dir='ltr'>inhabitat</span> <span class='ocrx_word' id='word_1_898' title='bbox 859 2407 916 2438; x_wconf 90' lang='lat' dir='ltr'>per</span> <span class='ocrx_word' id='word_1_899' title='bbox 939 2398 1037 2429; x_wconf 86' lang='lat' dir='ltr'>fidem</span> <span class='ocrx_word' id='word_1_900' title='bbox 1061 2404 1092 2429; x_wconf 88' lang='lat' dir='ltr'>et</span> <span class='ocrx_word' id='word_1_901' title='bbox 1115 2408 1259 2429; x_wconf 89' lang='lat' dir='ltr'>amorem</span> <span class='ocrx_word' id='word_1_902' title='bbox 1275 2399 1301 2428; x_wconf 70' lang='lat'>*.</span> <span class='ocrx_word' id='word_1_903' title='bbox 1495 2400 1578 2430; x_wconf 86' lang='lat' dir='ltr'>circa</span> <span class='ocrx_word' id='word_1_904' title='bbox 1600 2400 1672 2430; x_wconf 90' lang='lat' dir='ltr'>loca</span> <span class='ocrx_word' id='word_1_905' title='bbox 1696 2400 1748 2430; x_wconf 89' lang='lat' dir='ltr'>illa</span> <span class='ocrx_word' id='word_1_906' title='bbox 1772 2399 1811 2430; x_wconf 91' lang='lat' dir='ltr'>ad</span> <span class='ocrx_word' id='word_1_907' title='bbox 1834 2400 2043 2431; x_wconf 84' lang='lat' dir='ltr'>iudicandum</span> <span class='ocrx_word' id='word_1_908' title='bbox 2067 2403 2183 2432; x_wconf 90' lang='lat' dir='ltr'>veniet.</span> 
     </span>
    </p>

    <p class='ocr_par' dir='ltr' id='par_1_19' title="bbox 373 2440 2566 3329">
     <span class='ocr_line' id='line_1_77' title="bbox 428 2440 2566 2487; baseline 0.004 -17"><span class='ocrx_word' id='word_1_909' title='bbox 428 2441 496 2471; x_wconf 91' lang='lat' dir='ltr'>Nec</span> <span class='ocrx_word' id='word_1_910' title='bbox 508 2440 560 2470; x_wconf 85' lang='lat' dir='ltr'>illa</span> <span class='ocrx_word' id='word_1_911' title='bbox 573 2450 656 2480; x_wconf 90' lang='lat' dir='ltr'>quae</span> <span class='ocrx_word' id='word_1_912' title='bbox 668 2442 699 2472; x_wconf 90' lang='lat' dir='ltr'>in</span> <span class='ocrx_word' id='word_1_913' title='bbox 714 2442 893 2482; x_wconf 85' lang='lat' dir='ltr'>Evangeliis</span> <span class='ocrx_word' id='word_1_914' title='bbox 907 2443 955 2474; x_wconf 90' lang='lat' dir='ltr'>vel</span> <span class='ocrx_word' id='word_1_915' title='bbox 968 2443 1119 2484; x_wconf 88' lang='lat' dir='ltr'>Epistolis</span> <span class='ocrx_word' id='word_1_916' title='bbox 1131 2444 1148 2460; x_wconf 73' lang='lat'>⁴*</span> <span class='ocrx_word' id='word_1_917' title='bbox 1160 2449 1327 2483; x_wconf 89' lang='lat' dir='ltr'>ponuntur</span> <span class='ocrx_word' id='word_1_918' title='bbox 1339 2442 1379 2473; x_wconf 89' lang='lat' dir='ltr'>ad</span> <span class='ocrx_word' id='word_1_919' title='bbox 1390 2443 1439 2473; x_wconf 92' lang='lat' dir='ltr'>ul·</span> <span class='ocrx_word' id='word_1_920' title='bbox 1455 2452 1481 2472; x_wconf 69' lang='grc' dir='ltr'>ιο</span> <span class='ocrx_word' id='word_1_921' title='bbox 1549 2445 1739 2475; x_wconf 70' lang='grc' dir='ltr'><strong>ΒΕεΡοΝῡιιο</strong></span> <span class='ocrx_word' id='word_1_922' title='bbox 1771 2454 1931 2475; x_wconf 66' lang='lat' dir='ltr'>memnon</span> <span class='ocrx_word' id='word_1_923' title='bbox 1955 2445 2045 2485; x_wconf 91' lang='lat' dir='ltr'>quod</span> <span class='ocrx_word' id='word_1_924' title='bbox 2078 2447 2213 2487; x_wconf 88' lang='lat' dir='ltr'>qualiter</span> <span class='ocrx_word' id='word_1_925' title='bbox 2235 2446 2315 2478; x_wconf 83' lang='lat' dir='ltr'>illud</span> <span class='ocrx_word' id='word_1_926' title='bbox 2347 2447 2503 2479; x_wconf 88' lang='lat' dir='ltr'>iudicium</span> <span class='ocrx_word' id='word_1_927' title='bbox 2526 2449 2566 2479; x_wconf 86' lang='lat' dir='ltr'>sit</span> 
     </span>
     <span class='ocr_line' id='line_1_78' title="bbox 373 2484 2564 2529; baseline 0.004 -14"><span class='ocrx_word' id='word_1_928' title='bbox 373 2486 488 2515; x_wconf 89' lang='lat' dir='ltr'>timum</span> <span class='ocrx_word' id='word_1_929' title='bbox 505 2484 678 2515; x_wconf 90' lang='lat' dir='ltr'>adventum</span> <span class='ocrx_word' id='word_1_930' title='bbox 694 2488 878 2526; x_wconf 86' lang='lat' dir='ltr'>spectantia,</span> <span class='ocrx_word' id='word_1_931' title='bbox 892 2487 931 2517; x_wconf 91' lang='lat' dir='ltr'>ad</span> <span class='ocrx_word' id='word_1_932' title='bbox 947 2487 1010 2518; x_wconf 93' lang='lat' dir='ltr'>hoc</span> <span class='ocrx_word' id='word_1_933' title='bbox 1026 2493 1162 2528; x_wconf 87' lang='lat' dir='ltr'>possunt</span> <span class='ocrx_word' id='word_1_934' title='bbox 1174 2487 1277 2518; x_wconf 89' lang='lat' dir='ltr'>valere</span> <span class='ocrx_word' id='word_1_935' title='bbox 1289 2493 1325 2518; x_wconf 91' lang='lat' dir='ltr'>ut</span> <span class='ocrx_word' id='word_1_936' title='bbox 1337 2487 1440 2518; x_wconf 89' lang='lat' dir='ltr'>deter-</span> <span class='ocrx_word' id='word_1_937' title='bbox 1494 2488 1650 2524; x_wconf 87' lang='lat' dir='ltr'>futurum,</span> <span class='ocrx_word' id='word_1_938' title='bbox 1668 2494 1700 2519; x_wconf 90' lang='lat' dir='ltr'>et</span> <span class='ocrx_word' id='word_1_939' title='bbox 1723 2489 1892 2529; x_wconf 91' lang='lat' dir='ltr'>quomodo</span> <span class='ocrx_word' id='word_1_940' title='bbox 1924 2490 2072 2521; x_wconf 90' lang='lat' dir='ltr'>homines</span> <span class='ocrx_word' id='word_1_941' title='bbox 2096 2491 2136 2521; x_wconf 91' lang='lat' dir='ltr'>ad</span> <span class='ocrx_word' id='word_1_942' title='bbox 2165 2490 2322 2522; x_wconf 90' lang='lat' dir='ltr'>iudicium</span> <span class='ocrx_word' id='word_1_943' title='bbox 2354 2493 2564 2529; x_wconf 86' lang='lat' dir='ltr'>conveniant,</span> 
     </span>
     <span class='ocr_line' id='line_1_79' title="bbox 375 2529 2565 2577; baseline 0.004 -18"><span class='ocrx_word' id='word_1_944' title='bbox 375 2530 491 2559; x_wconf 87' lang='lat' dir='ltr'>minate</span> <span class='ocrx_word' id='word_1_945' title='bbox 501 2535 628 2569; x_wconf 92' lang='lat' dir='ltr'>tempus</span> <span class='ocrx_word' id='word_1_946' title='bbox 641 2529 750 2561; x_wconf 89' lang='lat' dir='ltr'>iudicii</span> <span class='ocrx_word' id='word_1_947' title='bbox 762 2532 862 2571; x_wconf 89' lang='lat' dir='ltr'>possit</span> <span class='ocrx_word' id='word_1_948' title='bbox 871 2533 1034 2572; x_wconf 89' lang='lat' dir='ltr'>cognosci.</span> <span class='ocrx_word' id='word_1_949' title='bbox 1048 2532 1133 2570; x_wconf 91' lang='lat' dir='ltr'>Quia</span> <span class='ocrx_word' id='word_1_950' title='bbox 1142 2532 1195 2562; x_wconf 91' lang='lat' dir='ltr'>illa</span> <span class='ocrx_word' id='word_1_951' title='bbox 1203 2532 1346 2572; x_wconf 91' lang='lat' dir='ltr'>pericula</span> <span class='ocrx_word' id='word_1_952' title='bbox 1356 2541 1439 2572; x_wconf 90' lang='lat' dir='ltr'>quae</span> <span class='ocrx_word' id='word_1_953' title='bbox 1494 2543 1561 2564; x_wconf 90' lang='lat' dir='ltr'>non</span> <span class='ocrx_word' id='word_1_954' title='bbox 1585 2539 1692 2573; x_wconf 88' lang='lat' dir='ltr'>potest</span> <span class='ocrx_word' id='word_1_955' title='bbox 1714 2534 1854 2564; x_wconf 90' lang='lat' dir='ltr'>multum</span> <span class='ocrx_word' id='word_1_956' title='bbox 1869 2543 1927 2574; x_wconf 90' lang='lat' dir='ltr'>per</span> <span class='ocrx_word' id='word_1_957' title='bbox 1951 2535 2175 2566; x_wconf 83' lang='lat' dir='ltr'>certitudinem</span> <span class='ocrx_word' id='word_1_958' title='bbox 2191 2536 2273 2566; x_wconf 88' lang='lat' dir='ltr'>sciri.</span> <span class='ocrx_word' id='word_1_959' title='bbox 2299 2536 2424 2567; x_wconf 90' lang='lat' dir='ltr'>Tamen</span> <span class='ocrx_word' id='word_1_960' title='bbox 2448 2538 2565 2577; x_wconf 87' lang='lat' dir='ltr'>proba-</span> 
     </span>
     <span class='ocr_line' id='line_1_80' title="bbox 374 2574 2564 2620; baseline 0.004 -17"><span class='ocrx_word' id='word_1_961' title='bbox 374 2574 646 2614; x_wconf 85' lang='lat' dir='ltr'>praenuntiantur,</span> <span class='ocrx_word' id='word_1_962' title='bbox 659 2575 836 2606; x_wconf 84' lang='lat' dir='ltr'>nuntiantia</span> <span class='ocrx_word' id='word_1_963' title='bbox 851 2576 994 2606; x_wconf 92' lang='lat' dir='ltr'>vicinum</span> <span class='ocrx_word' id='word_1_964' title='bbox 1009 2576 1127 2607; x_wconf 90' lang='lat' dir='ltr'>Christi</span> <span class='ocrx_word' id='word_1_965' title='bbox 1142 2576 1326 2613; x_wconf 89' lang='lat' dir='ltr'>adventum,</span> <span class='ocrx_word' id='word_1_966' title='bbox 1343 2577 1439 2607; x_wconf 89' lang='lat' dir='ltr'>etiam</span> <span class='ocrx_word' id='word_1_967' title='bbox 1494 2578 1598 2608; x_wconf 89' lang='lat' dir='ltr'>biliter</span> <span class='ocrx_word' id='word_1_968' title='bbox 1612 2583 1719 2618; x_wconf 92' lang='lat' dir='ltr'>potest</span> <span class='ocrx_word' id='word_1_969' title='bbox 1742 2578 1850 2618; x_wconf 86' lang='lat' dir='ltr'>colligi</span> <span class='ocrx_word' id='word_1_970' title='bbox 1866 2588 1904 2609; x_wconf 87' lang='lat' dir='ltr'>ex</span> <span class='ocrx_word' id='word_1_971' title='bbox 1921 2578 2090 2619; x_wconf 89' lang='lat' dir='ltr'>Scripturis</span> <span class='ocrx_word' id='word_1_972' title='bbox 2107 2579 2197 2620; x_wconf 91' lang='lat' dir='ltr'>quod</span> <span class='ocrx_word' id='word_1_973' title='bbox 2213 2581 2296 2611; x_wconf 87' lang='lat' dir='ltr'>circa</span> <span class='ocrx_word' id='word_1_974' title='bbox 2311 2581 2423 2612; x_wconf 89' lang='lat' dir='ltr'>locum</span> <span class='ocrx_word' id='word_1_975' title='bbox 2444 2583 2564 2613; x_wconf 89' lang='lat' dir='ltr'>montis</span> 
     </span>
     <span class='ocr_line' id='line_1_81' title="bbox 374 2619 2564 2662; baseline 0.004 -14"><span class='ocrx_word' id='word_1_976' title='bbox 374 2628 392 2648; x_wconf 90' lang='lat' dir='ltr'>a</span> <span class='ocrx_word' id='word_1_977' title='bbox 414 2623 560 2658; x_wconf 83' lang='lat' dir='ltr'>tempore</span> <span class='ocrx_word' id='word_1_978' title='bbox 582 2619 760 2658; x_wconf 89' lang='lat' dir='ltr'>primitivae</span> <span class='ocrx_word' id='word_1_979' title='bbox 776 2620 938 2651; x_wconf 89' lang='lat' dir='ltr'>Ecclesiae</span> <span class='ocrx_word' id='word_1_980' title='bbox 961 2620 1100 2657; x_wconf 84' lang='lat' dir='ltr'>fuerunt,</span> <span class='ocrx_word' id='word_1_981' title='bbox 1118 2621 1316 2662; x_wconf 89' lang='lat' dir='ltr'>quandoque</span> <span class='ocrx_word' id='word_1_982' title='bbox 1334 2622 1439 2651; x_wconf 87' lang='lat' dir='ltr'>inten-</span> <span class='ocrx_word' id='word_1_983' title='bbox 1494 2621 1613 2652; x_wconf 92' lang='lat' dir='ltr'>Oliveti</span> <span class='ocrx_word' id='word_1_984' title='bbox 1625 2622 1807 2658; x_wconf 89' lang='lat' dir='ltr'>descendet,</span> <span class='ocrx_word' id='word_1_985' title='bbox 1819 2623 1902 2653; x_wconf 91' lang='lat' dir='ltr'>sicut</span> <span class='ocrx_word' id='word_1_986' title='bbox 1918 2628 1949 2653; x_wconf 90' lang='lat' dir='ltr'>et</span> <span class='ocrx_word' id='word_1_987' title='bbox 1965 2623 2039 2654; x_wconf 90' lang='lat' dir='ltr'>inde</span> <span class='ocrx_word' id='word_1_988' title='bbox 2051 2624 2210 2655; x_wconf 87' lang='lat' dir='ltr'>ascendit:</span> <span class='ocrx_word' id='word_1_989' title='bbox 2230 2630 2267 2655; x_wconf 89' lang='lat' dir='ltr'>ut</span> <span class='ocrx_word' id='word_1_990' title='bbox 2277 2624 2364 2656; x_wconf 92' lang='lat' dir='ltr'>idem</span> <span class='ocrx_word' id='word_1_991' title='bbox 2376 2634 2444 2656; x_wconf 90' lang='lat' dir='ltr'>esse</span> <span class='ocrx_word' id='word_1_992' title='bbox 2457 2631 2564 2657; x_wconf 87' lang='lat' dir='ltr'>osten-</span> 
     </span>
     <span class='ocr_line' id='line_1_82' title="bbox 374 2661 2185 2708; baseline 0.004 -16"><span class='ocrx_word' id='word_1_993' title='bbox 374 2663 448 2698; x_wconf 89' lang='lat' dir='ltr'>sius,</span> <span class='ocrx_word' id='word_1_994' title='bbox 466 2661 662 2702; x_wconf 87' lang='lat' dir='ltr'>quandoque</span> <span class='ocrx_word' id='word_1_995' title='bbox 685 2664 862 2695; x_wconf 88' lang='lat' dir='ltr'>remissius:</span> <span class='ocrx_word' id='word_1_996' title='bbox 887 2665 973 2695; x_wconf 89' lang='lat' dir='ltr'>unde</span> <span class='ocrx_word' id='word_1_997' title='bbox 990 2671 1021 2696; x_wconf 90' lang='lat' dir='ltr'>et</span> <span class='ocrx_word' id='word_1_998' title='bbox 1042 2666 1103 2706; x_wconf 91' lang='lat' dir='ltr'>ipsi</span> <span class='ocrx_word' id='word_1_999' title='bbox 1122 2665 1189 2696; x_wconf 91' lang='lat' dir='ltr'>dies</span> <span class='ocrx_word' id='word_1_1000' title='bbox 1204 2666 1439 2706; x_wconf 88' lang='lat' dir='ltr'>Apostolorum</span> <span class='ocrx_word' id='word_1_1001' title='bbox 1454 2673 1477 2694; x_wconf 81' lang='lat'>55</span> <span class='ocrx_word' id='word_1_1002' title='bbox 1493 2665 1586 2697; x_wconf 91' lang='lat' dir='ltr'>datur</span> <span class='ocrx_word' id='word_1_1003' title='bbox 1607 2666 1662 2707; x_wconf 86' lang='lat' dir='ltr'>qui</span> <span class='ocrx_word' id='word_1_1004' title='bbox 1685 2667 1830 2697; x_wconf 84' lang='lat' dir='ltr'>ascendit</span> <span class='ocrx_word' id='word_1_1005' title='bbox 1851 2672 1883 2698; x_wconf 83' lang='lat' dir='ltr'>et</span> <span class='ocrx_word' id='word_1_1006' title='bbox 1904 2668 1960 2708; x_wconf 85' lang='lat' dir='ltr'>qui</span> <span class='ocrx_word' id='word_1_1007' title='bbox 1982 2667 2145 2699; x_wconf 86' lang='lat' dir='ltr'>descendit</span> <span class='ocrx_word' id='word_1_1008' title='bbox 2158 2670 2185 2700; x_wconf 76' lang='lat'>*.</span> 
     </span>
     <span class='ocr_line' id='line_1_83' title="bbox 375 2706 2563 2754; baseline 0.005 -18"><span class='ocrx_word' id='word_1_1009' title='bbox 375 2706 450 2737; x_wconf 91' lang='lat' dir='ltr'>dicti</span> <span class='ocrx_word' id='word_1_1010' title='bbox 465 2712 539 2736; x_wconf 90' lang='lat' dir='ltr'>sunt</span> <span class='ocrx_word' id='word_1_1011' title='bbox 555 2707 720 2738; x_wconf 86' lang='lat' dir='ltr'>novissimi</span> <span class='ocrx_word' id='word_1_1012' title='bbox 735 2708 822 2745; x_wconf 82' lang='lat' dir='ltr'>dies;</span> <span class='ocrx_word' id='word_1_1013' title='bbox 837 2715 872 2739; x_wconf 92' lang='lat' dir='ltr'>ut</span> <span class='ocrx_word' id='word_1_1014' title='bbox 887 2714 974 2749; x_wconf 88' lang='lat' dir='ltr'>patet</span> <span class='ocrx_word' id='word_1_1015' title='bbox 986 2711 1054 2740; x_wconf 88' lang='lat' dir='ltr'>Act.</span> <span class='ocrx_word' id='word_1_1016' title='bbox 1066 2720 1087 2740; x_wconf 91' lang='lat' dir='ltr'>n</span> <span class='ocrx_word' id='word_1_1017' title='bbox 1099 2711 1126 2746; x_wconf 45' lang='grc' dir='ltr'><strong>ἦ</strong></span> <span class='ocrx_word' id='word_1_1018' title='bbox 1141 2711 1196 2740; x_wconf 92' lang='lat' dir='ltr'>ubi</span> <span class='ocrx_word' id='word_1_1019' title='bbox 1212 2710 1323 2740; x_wconf 86' lang='lat' dir='ltr'>Petrus</span> <span class='ocrx_word' id='word_1_1020' title='bbox 1339 2719 1438 2750; x_wconf 86' lang='lat' dir='ltr'>expo·</span> <span class='ocrx_word' id='word_1_1021' title='bbox 1548 2711 1599 2741; x_wconf 85' lang='lat' dir='ltr'>An</span> <span class='ocrx_word' id='word_1_1022' title='bbox 1623 2721 1740 2741; x_wconf 72' lang='lat' dir='ltr'>panum</span> <span class='ocrx_word' id='word_1_1023' title='bbox 1768 2721 1851 2742; x_wconf 74' lang='lat' dir='ltr'>nnoo</span> <span class='ocrx_word' id='word_1_1024' title='bbox 1884 2721 2044 2742; x_wconf 63' lang='lat' dir='ltr'>mensuum</span> <span class='ocrx_word' id='word_1_1025' title='bbox 2067 2713 2157 2753; x_wconf 93' lang='lat' dir='ltr'>quod</span> <span class='ocrx_word' id='word_1_1026' title='bbox 2187 2722 2303 2754; x_wconf 85' lang='lat' dir='ltr'>magna</span> <span class='ocrx_word' id='word_1_1027' title='bbox 2333 2714 2507 2746; x_wconf 79' lang='lat' dir='ltr'>multitudo</span> <span class='ocrx_word' id='word_1_1028' title='bbox 2530 2715 2563 2746; x_wconf 89' lang='lat' dir='ltr'>in</span> 
     </span>
     <span class='ocr_line' id='line_1_84' title="bbox 373 2750 2564 2800; baseline 0.004 -19"><span class='ocrx_word' id='word_1_1029' title='bbox 373 2751 420 2781; x_wconf 91' lang='lat' dir='ltr'>nit</span> <span class='ocrx_word' id='word_1_1030' title='bbox 442 2750 520 2781; x_wconf 89' lang='lat' dir='ltr'>illud</span> <span class='ocrx_word' id='word_1_1031' title='bbox 536 2751 601 2781; x_wconf 86' lang='lat' dir='ltr'>Ioel</span> <span class='ocrx_word' id='word_1_1032' title='bbox 624 2762 646 2781; x_wconf 88' lang='lat'>11</span> <span class='ocrx_word' id='word_1_1033' title='bbox 661 2753 688 2787; x_wconf 47' lang='grc' dir='ltr'>ᾖ</span> <span class='ocrx_word' id='word_1_1034' title='bbox 708 2752 784 2783; x_wconf 89' lang='lat' dir='ltr'>Erit</span> <span class='ocrx_word' id='word_1_1035' title='bbox 799 2753 831 2783; x_wconf 88' lang='lat' dir='ltr'>in</span> <span class='ocrx_word' id='word_1_1036' title='bbox 855 2754 1036 2784; x_wconf 76' lang='lat' dir='ltr'>novissimis</span> <span class='ocrx_word' id='word_1_1037' title='bbox 1058 2754 1168 2785; x_wconf 85' lang='lat' dir='ltr'>diebus</span> <span class='ocrx_word' id='word_1_1038' title='bbox 1187 2760 1258 2790; x_wconf 65' lang='lat' dir='ltr'>etc„</span> <span class='ocrx_word' id='word_1_1039' title='bbox 1275 2764 1334 2795; x_wconf 90' lang='lat' dir='ltr'>pro</span> <span class='ocrx_word' id='word_1_1040' title='bbox 1358 2760 1439 2785; x_wconf 89' lang='lat' dir='ltr'>tem·</span> <span class='ocrx_word' id='word_1_1041' title='bbox 1493 2765 1592 2796; x_wconf 86' lang='lat' dir='ltr'>parvo</span> <span class='ocrx_word' id='word_1_1042' title='bbox 1616 2756 1720 2796; x_wconf 84' lang='lat' dir='ltr'>spatio</span> <span class='ocrx_word' id='word_1_1043' title='bbox 1751 2756 1981 2796; x_wconf 88' lang='lat' dir='ltr'>comprehendi</span> <span class='ocrx_word' id='word_1_1044' title='bbox 2009 2762 2125 2797; x_wconf 87' lang='lat' dir='ltr'>potest.</span> <span class='ocrx_word' id='word_1_1045' title='bbox 2157 2757 2281 2789; x_wconf 87' lang='lat' dir='ltr'>Sufficit</span> <span class='ocrx_word' id='word_1_1046' title='bbox 2303 2763 2411 2789; x_wconf 83' lang='lat' dir='ltr'>autem</span> <span class='ocrx_word' id='word_1_1047' title='bbox 2442 2769 2564 2800; x_wconf 89' lang='lat' dir='ltr'>ponere</span> 
     </span>
     <span class='ocr_line' id='line_1_85' title="bbox 374 2795 2564 2844; baseline 0.004 -19"><span class='ocrx_word' id='word_1_1048' title='bbox 374 2804 452 2835; x_wconf 90' lang='lat' dir='ltr'>pore</span> <span class='ocrx_word' id='word_1_1049' title='bbox 467 2795 534 2825; x_wconf 90' lang='lat' dir='ltr'>illo.</span> <span class='ocrx_word' id='word_1_1050' title='bbox 551 2795 592 2825; x_wconf 88' lang='lat' dir='ltr'>Et</span> <span class='ocrx_word' id='word_1_1051' title='bbox 606 2801 714 2826; x_wconf 90' lang='lat' dir='ltr'>tamen</span> <span class='ocrx_word' id='word_1_1052' title='bbox 731 2806 768 2827; x_wconf 87' lang='lat' dir='ltr'>ex</span> <span class='ocrx_word' id='word_1_1053' title='bbox 784 2797 840 2828; x_wconf 91' lang='lat' dir='ltr'>illo</span> <span class='ocrx_word' id='word_1_1054' title='bbox 856 2803 1003 2838; x_wconf 90' lang='lat' dir='ltr'>tempore</span> <span class='ocrx_word' id='word_1_1055' title='bbox 1018 2804 1147 2839; x_wconf 91' lang='lat' dir='ltr'>tempus</span> <span class='ocrx_word' id='word_1_1056' title='bbox 1163 2799 1339 2839; x_wconf 90' lang='lat' dir='ltr'>plurimum</span> <span class='ocrx_word' id='word_1_1057' title='bbox 1355 2804 1439 2829; x_wconf 87' lang='lat' dir='ltr'>tran—</span> <span class='ocrx_word' id='word_1_1058' title='bbox 1494 2805 1796 2840; x_wconf 89' lang='lat' dir='ltr'>quantumcumque</span> <span class='ocrx_word' id='word_1_1059' title='bbox 1811 2801 1950 2840; x_wconf 86' lang='lat' dir='ltr'>spatium</span> <span class='ocrx_word' id='word_1_1060' title='bbox 1974 2802 2057 2832; x_wconf 85' lang='lat' dir='ltr'>circa</span> <span class='ocrx_word' id='word_1_1061' title='bbox 2080 2802 2191 2833; x_wconf 89' lang='lat' dir='ltr'>locum</span> <span class='ocrx_word' id='word_1_1062' title='bbox 2206 2802 2299 2833; x_wconf 92' lang='lat' dir='ltr'>illum</span> <span class='ocrx_word' id='word_1_1063' title='bbox 2315 2802 2355 2833; x_wconf 92' lang='lat' dir='ltr'>ad</span> <span class='ocrx_word' id='word_1_1064' title='bbox 2370 2803 2564 2844; x_wconf 87' lang='lat' dir='ltr'>capiendum</span> 
     </span>
     <span class='ocr_line' id='line_1_86' title="bbox 374 2840 2564 2888; baseline 0.005 -19"><span class='ocrx_word' id='word_1_1065' title='bbox 374 2840 461 2869; x_wconf 90' lang='lat' dir='ltr'>sivit:</span> <span class='ocrx_word' id='word_1_1066' title='bbox 487 2844 518 2870; x_wconf 92' lang='lat' dir='ltr'>et</span> <span class='ocrx_word' id='word_1_1067' title='bbox 533 2840 729 2880; x_wconf 90' lang='lat' dir='ltr'>quandoque</span> <span class='ocrx_word' id='word_1_1068' title='bbox 745 2842 861 2881; x_wconf 90' lang='lat' dir='ltr'>plures,</span> <span class='ocrx_word' id='word_1_1069' title='bbox 879 2848 910 2873; x_wconf 88' lang='lat' dir='ltr'>et</span> <span class='ocrx_word' id='word_1_1070' title='bbox 931 2843 1128 2884; x_wconf 89' lang='lat' dir='ltr'>quandoque</span> <span class='ocrx_word' id='word_1_1071' title='bbox 1144 2845 1312 2884; x_wconf 88' lang='lat' dir='ltr'>pauciores</span> <span class='ocrx_word' id='word_1_1072' title='bbox 1340 2844 1439 2874; x_wconf 86' lang='lat' dir='ltr'>tribu·</span> <span class='ocrx_word' id='word_1_1073' title='bbox 1493 2844 1733 2875; x_wconf 82' lang='lat' dir='ltr'>multitudinem</span> <span class='ocrx_word' id='word_1_1074' title='bbox 1749 2844 2006 2881; x_wconf 88' lang='lat' dir='ltr'>iudicandorum,</span> <span class='ocrx_word' id='word_1_1075' title='bbox 2023 2845 2203 2877; x_wconf 90' lang='lat' dir='ltr'>dummodo</span> <span class='ocrx_word' id='word_1_1076' title='bbox 2220 2847 2259 2877; x_wconf 89' lang='lat' dir='ltr'>ab</span> <span class='ocrx_word' id='word_1_1077' title='bbox 2279 2847 2334 2878; x_wconf 90' lang='lat' dir='ltr'>illo</span> <span class='ocrx_word' id='word_1_1078' title='bbox 2351 2848 2454 2888; x_wconf 87' lang='lat' dir='ltr'>spatio</span> <span class='ocrx_word' id='word_1_1079' title='bbox 2471 2847 2564 2879; x_wconf 88' lang='lat' dir='ltr'>Chri-</span> 
     </span>
     <span class='ocr_line' id='line_1_87' title="bbox 374 2883 2563 2930; baseline 0.004 -16"><span class='ocrx_word' id='word_1_1080' title='bbox 374 2883 507 2914; x_wconf 89' lang='lat' dir='ltr'>lationes</span> <span class='ocrx_word' id='word_1_1081' title='bbox 524 2885 557 2914; x_wconf 89' lang='lat' dir='ltr'>in</span> <span class='ocrx_word' id='word_1_1082' title='bbox 578 2884 719 2915; x_wconf 89' lang='lat' dir='ltr'>Ecclesia</span> <span class='ocrx_word' id='word_1_1083' title='bbox 743 2885 881 2917; x_wconf 87' lang='lat' dir='ltr'>fuerunt.</span> <span class='ocrx_word' id='word_1_1084' title='bbox 905 2887 998 2918; x_wconf 92' lang='lat' dir='ltr'>Unde</span> <span class='ocrx_word' id='word_1_1085' title='bbox 1018 2897 1086 2918; x_wconf 91' lang='lat' dir='ltr'>non</span> <span class='ocrx_word' id='word_1_1086' title='bbox 1108 2893 1214 2928; x_wconf 92' lang='lat' dir='ltr'>potest</span> <span class='ocrx_word' id='word_1_1087' title='bbox 1238 2888 1440 2919; x_wconf 84' lang='lat' dir='ltr'>determinari</span> <span class='ocrx_word' id='word_1_1088' title='bbox 1453 2894 1480 2915; x_wconf 86' lang='grc' dir='ltr'>6ο</span> <span class='ocrx_word' id='word_1_1089' title='bbox 1493 2894 1579 2919; x_wconf 89' lang='lat' dir='ltr'>stum</span> <span class='ocrx_word' id='word_1_1090' title='bbox 1602 2888 1709 2919; x_wconf 90' lang='lat' dir='ltr'>videre</span> <span class='ocrx_word' id='word_1_1091' title='bbox 1732 2890 1865 2929; x_wconf 82' lang='lat' dir='ltr'>possint,</span> <span class='ocrx_word' id='word_1_1092' title='bbox 1883 2890 1939 2930; x_wconf 92' lang='lat' dir='ltr'>qui</span> <span class='ocrx_word' id='word_1_1093' title='bbox 1962 2890 1996 2920; x_wconf 90' lang='lat' dir='ltr'>in</span> <span class='ocrx_word' id='word_1_1094' title='bbox 2019 2900 2090 2921; x_wconf 89' lang='lat' dir='ltr'>aere</span> <span class='ocrx_word' id='word_1_1095' title='bbox 2115 2892 2270 2927; x_wconf 88' lang='lat' dir='ltr'>eminens,</span> <span class='ocrx_word' id='word_1_1096' title='bbox 2288 2896 2320 2922; x_wconf 85' lang='lat' dir='ltr'>et</span> <span class='ocrx_word' id='word_1_1097' title='bbox 2339 2893 2478 2923; x_wconf 85' lang='lat' dir='ltr'>maxima</span> <span class='ocrx_word' id='word_1_1098' title='bbox 2501 2892 2563 2923; x_wconf 80' lang='lat' dir='ltr'>cla-</span> 
     </span>
     <span class='ocr_line' id='line_1_88' title="bbox 374 2929 2302 2976; baseline 0.005 -19"><span class='ocrx_word' id='word_1_1099' title='bbox 374 2933 501 2968; x_wconf 92' lang='lat' dir='ltr'>tempus</span> <span class='ocrx_word' id='word_1_1100' title='bbox 532 2934 688 2968; x_wconf 89' lang='lat' dir='ltr'>quantum</span> <span class='ocrx_word' id='word_1_1101' title='bbox 705 2930 743 2960; x_wconf 88' lang='lat' dir='ltr'>sit</span> <span class='ocrx_word' id='word_1_1102' title='bbox 758 2929 914 2967; x_wconf 88' lang='lat' dir='ltr'>futurum,</span> <span class='ocrx_word' id='word_1_1103' title='bbox 930 2941 990 2962; x_wconf 93' lang='lat' dir='ltr'>nec</span> <span class='ocrx_word' id='word_1_1104' title='bbox 1015 2931 1054 2962; x_wconf 89' lang='lat' dir='ltr'>de</span> <span class='ocrx_word' id='word_1_1105' title='bbox 1070 2942 1181 2963; x_wconf 90' lang='lat' dir='ltr'>mense</span> <span class='ocrx_word' id='word_1_1106' title='bbox 1201 2942 1262 2963; x_wconf 91' lang='lat' dir='ltr'>nec</span> <span class='ocrx_word' id='word_1_1107' title='bbox 1278 2932 1318 2963; x_wconf 92' lang='lat' dir='ltr'>de</span> <span class='ocrx_word' id='word_1_1108' title='bbox 1341 2942 1438 2969; x_wconf 89' lang='lat' dir='ltr'>anno,</span> <span class='ocrx_word' id='word_1_1109' title='bbox 1494 2934 1584 2964; x_wconf 91' lang='lat' dir='ltr'>ritate</span> <span class='ocrx_word' id='word_1_1110' title='bbox 1607 2932 1778 2974; x_wconf 84' lang='lat' dir='ltr'>refulgens,</span> <span class='ocrx_word' id='word_1_1111' title='bbox 1795 2943 1813 2964; x_wconf 93' lang='lat' dir='ltr'>a</span> <span class='ocrx_word' id='word_1_1112' title='bbox 1835 2934 2016 2975; x_wconf 86' lang='lat' dir='ltr'>longinquo</span> <span class='ocrx_word' id='word_1_1113' title='bbox 2039 2935 2153 2975; x_wconf 89' lang='lat' dir='ltr'>inspici</span> <span class='ocrx_word' id='word_1_1114' title='bbox 2176 2936 2302 2976; x_wconf 88' lang='lat' dir='ltr'>poterit.</span> 
     </span>
     <span class='ocr_line' id='line_1_89' title="bbox 373 2972 2562 3020; baseline 0.004 -18"><span class='ocrx_word' id='word_1_1115' title='bbox 373 2981 434 3002; x_wconf 89' lang='lat' dir='ltr'>nec</span> <span class='ocrx_word' id='word_1_1116' title='bbox 451 2972 490 3002; x_wconf 90' lang='lat' dir='ltr'>de</span> <span class='ocrx_word' id='word_1_1117' title='bbox 506 2978 635 3003; x_wconf 91' lang='lat' dir='ltr'>centum</span> <span class='ocrx_word' id='word_1_1118' title='bbox 651 2983 711 3004; x_wconf 91' lang='lat' dir='ltr'>nec</span> <span class='ocrx_word' id='word_1_1119' title='bbox 727 2973 766 3004; x_wconf 92' lang='lat' dir='ltr'>de</span> <span class='ocrx_word' id='word_1_1120' title='bbox 782 2975 869 3006; x_wconf 90' lang='lat' dir='ltr'>mille</span> <span class='ocrx_word' id='word_1_1121' title='bbox 890 2977 990 3012; x_wconf 90' lang='lat' dir='ltr'>annis,</span> <span class='ocrx_word' id='word_1_1122' title='bbox 1008 2981 1044 3006; x_wconf 93' lang='lat' dir='ltr'>ut</span> <span class='ocrx_word' id='word_1_1123' title='bbox 1058 2977 1257 3017; x_wconf 85' lang='lat' dir='ltr'>Augustinus</span> <span class='ocrx_word' id='word_1_1124' title='bbox 1273 2978 1306 3007; x_wconf 93' lang='lat' dir='ltr'>in</span> <span class='ocrx_word' id='word_1_1125' title='bbox 1323 2976 1439 3008; x_wconf 88' lang='lat' dir='ltr'>eodem</span> <span class='ocrx_word' id='word_1_1126' title='bbox 1549 2978 1600 3008; x_wconf 83' lang='lat' dir='ltr'>An</span> <span class='ocrx_word' id='word_1_1127' title='bbox 1625 2987 1787 3008; x_wconf 71' lang='lat' dir='ltr'>sncunnun</span> <span class='ocrx_word' id='word_1_1128' title='bbox 1803 2978 2078 3019; x_wconf 63' lang='lat' dir='ltr'>mcmmuuquod,</span> <span class='ocrx_word' id='word_1_1129' title='bbox 2096 2980 2242 3020; x_wconf 84' lang='lat' dir='ltr'>quamvis</span> <span class='ocrx_word' id='word_1_1130' title='bbox 2258 2979 2404 3011; x_wconf 85' lang='lat' dir='ltr'>Christus</span> <span class='ocrx_word' id='word_1_1131' title='bbox 2426 2989 2484 3020; x_wconf 89' lang='lat' dir='ltr'>per</span> <span class='ocrx_word' id='word_1_1132' title='bbox 2498 2980 2562 3011; x_wconf 92' lang='lat' dir='ltr'>hoc</span> 
     </span>
     <span class='ocr_line' id='line_1_90' title="bbox 374 3016 2561 3065; baseline 0.004 -19"><span class='ocrx_word' id='word_1_1133' title='bbox 374 3016 455 3046; x_wconf 91' lang='lat' dir='ltr'>libro</span> <span class='ocrx_word' id='word_1_1134' title='bbox 480 3018 496 3033; x_wconf 72' lang='lat'>⁴*</span> <span class='ocrx_word' id='word_1_1135' title='bbox 520 3017 610 3047; x_wconf 90' lang='lat' dir='ltr'>dicit:</span> <span class='ocrx_word' id='word_1_1136' title='bbox 639 3019 696 3048; x_wconf 89' lang='lat' dir='ltr'>etsi</span> <span class='ocrx_word' id='word_1_1137' title='bbox 721 3018 888 3050; x_wconf 88' lang='lat' dir='ltr'>credantur</span> <span class='ocrx_word' id='word_1_1138' title='bbox 910 3020 943 3050; x_wconf 90' lang='lat' dir='ltr'>in</span> <span class='ocrx_word' id='word_1_1139' title='bbox 967 3019 1066 3051; x_wconf 92' lang='lat' dir='ltr'>finem</span> <span class='ocrx_word' id='word_1_1140' title='bbox 1089 3021 1275 3052; x_wconf 90' lang='lat' dir='ltr'>huiusmodi</span> <span class='ocrx_word' id='word_1_1141' title='bbox 1298 3021 1440 3062; x_wconf 91' lang='lat' dir='ltr'>pericula</span> <span class='ocrx_word' id='word_1_1142' title='bbox 1495 3021 1585 3062; x_wconf 91' lang='lat' dir='ltr'>quod</span> <span class='ocrx_word' id='word_1_1143' title='bbox 1608 3022 1724 3053; x_wconf 90' lang='lat' dir='ltr'>iniuste</span> <span class='ocrx_word' id='word_1_1144' title='bbox 1746 3021 1904 3053; x_wconf 85' lang='lat' dir='ltr'>iudicatus</span> <span class='ocrx_word' id='word_1_1145' title='bbox 1929 3028 1975 3054; x_wconf 91' lang='lat' dir='ltr'>est</span> <span class='ocrx_word' id='word_1_1146' title='bbox 1998 3023 2195 3055; x_wconf 87' lang='lat' dir='ltr'>iudiciariam</span> <span class='ocrx_word' id='word_1_1147' title='bbox 2220 3029 2412 3065; x_wconf 76' lang='lat' dir='ltr'>potestatem</span> <span class='ocrx_word' id='word_1_1148' title='bbox 2434 3024 2561 3060; x_wconf 88' lang='lat' dir='ltr'>memit‚</span> 
     </span>
     <span class='ocr_line' id='line_1_91' title="bbox 374 3061 2562 3108; baseline 0.004 -18"><span class='ocrx_word' id='word_1_1149' title='bbox 374 3061 473 3100; x_wconf 86' lang='lat' dir='ltr'>magis</span> <span class='ocrx_word' id='word_1_1150' title='bbox 490 3061 659 3092; x_wconf 89' lang='lat' dir='ltr'>abundare.</span> <span class='ocrx_word' id='word_1_1151' title='bbox 679 3062 753 3093; x_wconf 92' lang='lat' dir='ltr'>Non</span> <span class='ocrx_word' id='word_1_1152' title='bbox 769 3069 875 3103; x_wconf 90' lang='lat' dir='ltr'>potest</span> <span class='ocrx_word' id='word_1_1153' title='bbox 890 3069 998 3095; x_wconf 90' lang='lat' dir='ltr'>tamen</span> <span class='ocrx_word' id='word_1_1154' title='bbox 1015 3065 1218 3096; x_wconf 88' lang='lat' dir='ltr'>determinari</span> <span class='ocrx_word' id='word_1_1155' title='bbox 1234 3075 1318 3106; x_wconf 89' lang='lat' dir='ltr'>quae</span> <span class='ocrx_word' id='word_1_1156' title='bbox 1333 3066 1372 3096; x_wconf 92' lang='lat' dir='ltr'>sit</span> <span class='ocrx_word' id='word_1_1157' title='bbox 1386 3066 1440 3096; x_wconf 89' lang='lat' dir='ltr'>illa</span> <span class='ocrx_word' id='word_1_1158' title='bbox 1493 3076 1562 3097; x_wconf 91' lang='lat' dir='ltr'>non</span> <span class='ocrx_word' id='word_1_1159' title='bbox 1584 3072 1693 3097; x_wconf 86' lang='lat' dir='ltr'>tamen</span> <span class='ocrx_word' id='word_1_1160' title='bbox 1716 3066 1868 3097; x_wconf 89' lang='lat' dir='ltr'>iudicabit</span> <span class='ocrx_word' id='word_1_1161' title='bbox 1890 3068 1924 3098; x_wconf 90' lang='lat' dir='ltr'>in</span> <span class='ocrx_word' id='word_1_1162' title='bbox 1947 3066 2050 3098; x_wconf 86' lang='lat' dir='ltr'>forma</span> <span class='ocrx_word' id='word_1_1163' title='bbox 2073 3067 2278 3104; x_wconf 85' lang='lat' dir='ltr'>infirmitatis,</span> <span class='ocrx_word' id='word_1_1164' title='bbox 2301 3068 2334 3098; x_wconf 89' lang='lat' dir='ltr'>in</span> <span class='ocrx_word' id='word_1_1165' title='bbox 2358 3077 2422 3108; x_wconf 81' lang='lat' dir='ltr'>qua</span> <span class='ocrx_word' id='word_1_1166' title='bbox 2445 3068 2562 3099; x_wconf 84' lang='lat' dir='ltr'>iniuste</span> 
     </span>
     <span class='ocr_line' id='line_1_92' title="bbox 375 3105 2562 3152; baseline 0.004 -18"><span class='ocrx_word' id='word_1_1167' title='bbox 375 3105 532 3144; x_wconf 90' lang='lat' dir='ltr'>quantitas</span> <span class='ocrx_word' id='word_1_1168' title='bbox 555 3106 772 3146; x_wconf 88' lang='lat' dir='ltr'>periculorum</span> <span class='ocrx_word' id='word_1_1169' title='bbox 803 3117 886 3148; x_wconf 87' lang='lat' dir='ltr'>quae</span> <span class='ocrx_word' id='word_1_1170' title='bbox 908 3109 1091 3140; x_wconf 87' lang='lat' dir='ltr'>immediate</span> <span class='ocrx_word' id='word_1_1171' title='bbox 1115 3109 1200 3140; x_wconf 91' lang='lat' dir='ltr'>diem</span> <span class='ocrx_word' id='word_1_1172' title='bbox 1216 3110 1326 3141; x_wconf 92' lang='lat' dir='ltr'>iudicii</span> <span class='ocrx_word' id='word_1_1173' title='bbox 1349 3119 1439 3150; x_wconf 83' lang='lat' dir='ltr'>prae·</span> <span class='ocrx_word' id='word_1_1174' title='bbox 1453 3116 1478 3142; x_wconf 80' lang='lat'>65</span> <span class='ocrx_word' id='word_1_1175' title='bbox 1493 3110 1651 3142; x_wconf 84' lang='lat' dir='ltr'>iudicatus</span> <span class='ocrx_word' id='word_1_1176' title='bbox 1675 3116 1739 3141; x_wconf 88' lang='lat' dir='ltr'>est:</span> <span class='ocrx_word' id='word_1_1177' title='bbox 1765 3111 1820 3142; x_wconf 93' lang='lat' dir='ltr'>sed</span> <span class='ocrx_word' id='word_1_1178' title='bbox 1843 3112 1876 3142; x_wconf 93' lang='lat' dir='ltr'>in</span> <span class='ocrx_word' id='word_1_1179' title='bbox 1900 3111 2003 3142; x_wconf 85' lang='lat' dir='ltr'>forma</span> <span class='ocrx_word' id='word_1_1180' title='bbox 2032 3112 2188 3152; x_wconf 84' lang='lat' dir='ltr'>gloriosa,</span> <span class='ocrx_word' id='word_1_1181' title='bbox 2212 3113 2246 3142; x_wconf 89' lang='lat' dir='ltr'>in</span> <span class='ocrx_word' id='word_1_1182' title='bbox 2278 3121 2342 3152; x_wconf 85' lang='lat' dir='ltr'>qua</span> <span class='ocrx_word' id='word_1_1183' title='bbox 2366 3111 2406 3142; x_wconf 89' lang='lat' dir='ltr'>ad</span> <span class='ocrx_word' id='word_1_1184' title='bbox 2435 3111 2562 3143; x_wconf 86' lang='lat' dir='ltr'>Patrem</span> 
     </span>
     <span class='ocr_line' id='line_1_93' title="bbox 375 3149 2561 3196; baseline 0.004 -18"><span class='ocrx_word' id='word_1_1185' title='bbox 375 3149 475 3184; x_wconf 87' lang='lat' dir='ltr'>cedet,</span> <span class='ocrx_word' id='word_1_1186' title='bbox 491 3150 542 3180; x_wconf 91' lang='lat' dir='ltr'>vel</span> <span class='ocrx_word' id='word_1_1187' title='bbox 564 3150 748 3181; x_wconf 87' lang='lat' dir='ltr'>Antichristi</span> <span class='ocrx_word' id='word_1_1188' title='bbox 769 3151 958 3183; x_wconf 90' lang='lat' dir='ltr'>adventum:</span> <span class='ocrx_word' id='word_1_1189' title='bbox 983 3163 1059 3184; x_wconf 91' lang='lat' dir='ltr'>cum</span> <span class='ocrx_word' id='word_1_1190' title='bbox 1076 3155 1171 3184; x_wconf 89' lang='lat' dir='ltr'>etiam</span> <span class='ocrx_word' id='word_1_1191' title='bbox 1195 3155 1278 3185; x_wconf 89' lang='lat' dir='ltr'>circa</span> <span class='ocrx_word' id='word_1_1192' title='bbox 1293 3159 1439 3195; x_wconf 88' lang='lat' dir='ltr'>tempora</span> <span class='ocrx_word' id='word_1_1193' title='bbox 1494 3154 1644 3186; x_wconf 85' lang='lat' dir='ltr'>ascendit.</span> <span class='ocrx_word' id='word_1_1194' title='bbox 1678 3154 1771 3186; x_wconf 89' lang='lat' dir='ltr'>Unde</span> <span class='ocrx_word' id='word_1_1195' title='bbox 1793 3155 1886 3186; x_wconf 89' lang='lat' dir='ltr'>locus</span> <span class='ocrx_word' id='word_1_1196' title='bbox 1907 3156 2102 3195; x_wconf 80' lang='lat' dir='ltr'>ascensionis</span> <span class='ocrx_word' id='word_1_1197' title='bbox 2131 3156 2233 3196; x_wconf 84' lang='lat' dir='ltr'>magis</span> <span class='ocrx_word' id='word_1_1198' title='bbox 2255 3157 2411 3196; x_wconf 86' lang='lat' dir='ltr'>competit</span> <span class='ocrx_word' id='word_1_1199' title='bbox 2440 3156 2561 3187; x_wconf 85' lang='lat' dir='ltr'>iudicio</span> 
     </span>
     <span class='ocr_line' id='line_1_94' title="bbox 375 3194 2123 3240; baseline 0.005 -17"><span class='ocrx_word' id='word_1_1200' title='bbox 375 3194 551 3232; x_wconf 90' lang='lat' dir='ltr'>primitivae</span> <span class='ocrx_word' id='word_1_1201' title='bbox 582 3195 744 3226; x_wconf 90' lang='lat' dir='ltr'>Ecclesiae</span> <span class='ocrx_word' id='word_1_1202' title='bbox 773 3196 890 3227; x_wconf 90' lang='lat' dir='ltr'>fuerint</span> <span class='ocrx_word' id='word_1_1203' title='bbox 928 3199 1168 3237; x_wconf 89' lang='lat' dir='ltr'>persecutiones</span> <span class='ocrx_word' id='word_1_1204' title='bbox 1201 3199 1326 3239; x_wconf 91' lang='lat' dir='ltr'>aliquae</span> <span class='ocrx_word' id='word_1_1205' title='bbox 1356 3199 1437 3230; x_wconf 85' lang='lat' dir='ltr'>adeo</span> <span class='ocrx_word' id='word_1_1206' title='bbox 1494 3209 1592 3240; x_wconf 89' lang='lat' dir='ltr'>quam</span> <span class='ocrx_word' id='word_1_1207' title='bbox 1615 3200 1707 3230; x_wconf 91' lang='lat' dir='ltr'>locus</span> <span class='ocrx_word' id='word_1_1208' title='bbox 1731 3200 1786 3230; x_wconf 92' lang='lat' dir='ltr'>ubi</span> <span class='ocrx_word' id='word_1_1209' title='bbox 1810 3199 2043 3231; x_wconf 84' lang='lat' dir='ltr'>condemnatus</span> <span class='ocrx_word' id='word_1_1210' title='bbox 2066 3205 2123 3230; x_wconf 81' lang='lat' dir='ltr'>est.</span> 
     </span>
     <span class='ocr_line' id='line_1_95' title="bbox 375 3240 2562 3284; baseline 0.004 -17"><span class='ocrx_word' id='word_1_1211' title='bbox 375 3246 501 3276; x_wconf 87' lang='lat' dir='ltr'>graves,</span> <span class='ocrx_word' id='word_1_1212' title='bbox 528 3244 559 3268; x_wconf 92' lang='lat' dir='ltr'>et</span> <span class='ocrx_word' id='word_1_1213' title='bbox 582 3240 804 3279; x_wconf 90' lang='lat' dir='ltr'>corruptiones</span> <span class='ocrx_word' id='word_1_1214' title='bbox 828 3251 972 3272; x_wconf 90' lang='lat' dir='ltr'>errorum</span> <span class='ocrx_word' id='word_1_1215' title='bbox 996 3241 1077 3272; x_wconf 87' lang='lat' dir='ltr'>adeo</span> <span class='ocrx_word' id='word_1_1216' title='bbox 1107 3243 1320 3279; x_wconf 85' lang='lat' dir='ltr'>abundarent,</span> <span class='ocrx_word' id='word_1_1217' title='bbox 1348 3243 1439 3284; x_wconf 90' lang='lat' dir='ltr'>quod</span> <span class='ocrx_word' id='word_1_1218' title='bbox 1548 3245 1600 3274; x_wconf 84' lang='lat' dir='ltr'>An</span> <span class='ocrx_word' id='word_1_1219' title='bbox 1623 3253 1758 3274; x_wconf 69' lang='lat' dir='ltr'>run-rrum</span> <span class='ocrx_word' id='word_1_1220' title='bbox 1786 3253 1946 3274; x_wconf 66' lang='lat' dir='ltr'>nrcsnmm</span> <span class='ocrx_word' id='word_1_1221' title='bbox 1973 3243 2064 3284; x_wconf 90' lang='lat' dir='ltr'>quod</span> <span class='ocrx_word' id='word_1_1222' title='bbox 2086 3243 2184 3274; x_wconf 83' lang='lat' dir='ltr'>nubes</span> <span class='ocrx_word' id='word_1_1223' title='bbox 2205 3243 2259 3274; x_wconf 92' lang='lat' dir='ltr'>hic</span> <span class='ocrx_word' id='word_1_1224' title='bbox 2282 3244 2501 3284; x_wconf 87' lang='lat' dir='ltr'>appellantur,</span> <span class='ocrx_word' id='word_1_1225' title='bbox 2526 3251 2562 3276; x_wconf 92' lang='lat' dir='ltr'>ut</span> 
     </span>
     <span class='ocr_line' id='line_1_96' title="bbox 375 3282 2561 3329; baseline 0.004 -18"><span class='ocrx_word' id='word_1_1226' title='bbox 375 3282 413 3311; x_wconf 85' lang='lat' dir='ltr'>ab</span> <span class='ocrx_word' id='word_1_1227' title='bbox 429 3282 586 3322; x_wconf 88' lang='lat' dir='ltr'>aliquibus</span> <span class='ocrx_word' id='word_1_1228' title='bbox 608 3288 686 3314; x_wconf 92' lang='lat' dir='ltr'>tunc</span> <span class='ocrx_word' id='word_1_1229' title='bbox 702 3284 824 3317; x_wconf 91' lang='lat' dir='ltr'>vicinus</span> <span class='ocrx_word' id='word_1_1230' title='bbox 840 3291 1059 3326; x_wconf 87' lang='lat' dir='ltr'>expectaretur</span> <span class='ocrx_word' id='word_1_1231' title='bbox 1078 3287 1128 3318; x_wconf 89' lang='lat' dir='ltr'>vel</span> <span class='ocrx_word' id='word_1_1232' title='bbox 1152 3288 1323 3318; x_wconf 89' lang='lat' dir='ltr'>imminens</span> <span class='ocrx_word' id='word_1_1233' title='bbox 1346 3288 1438 3318; x_wconf 89' lang='lat' dir='ltr'>Anti-</span> <span class='ocrx_word' id='word_1_1234' title='bbox 1493 3288 1605 3319; x_wconf 90' lang='lat' dir='ltr'>dicunt</span> <span class='ocrx_word' id='word_1_1235' title='bbox 1620 3288 1753 3328; x_wconf 91' lang='lat' dir='ltr'>quidam</span> <span class='ocrx_word' id='word_1_1236' title='bbox 1765 3289 1791 3323; x_wconf 61' lang='lat'>⁸,</span> <span class='ocrx_word' id='word_1_1237' title='bbox 1812 3287 1981 3318; x_wconf 67' lang='lat' dir='ltr'>densitates</span> <span class='ocrx_word' id='word_1_1238' title='bbox 1996 3287 2076 3318; x_wconf 86' lang='lat' dir='ltr'>lucis</span> <span class='ocrx_word' id='word_1_1239' title='bbox 2092 3287 2322 3328; x_wconf 86' lang='lat' dir='ltr'>resplendentis</span> <span class='ocrx_word' id='word_1_1240' title='bbox 2338 3298 2356 3318; x_wconf 90' lang='lat' dir='ltr'>a</span> <span class='ocrx_word' id='word_1_1241' title='bbox 2372 3290 2561 3329; x_wconf 85' lang='lat' dir='ltr'>corporibus</span> 
     </span>
    </p>
   </div>
   <div class='ocr_carea' id='block_1_17' title="bbox 2592 459 2806 566">
    <p class='ocr_par' dir='ltr' id='par_1_20' title="bbox 2592 459 2806 566">
     <span class='ocr_line' id='line_1_97' title="bbox 2594 459 2804 482; baseline -0.005 0"><span class='ocrx_word' id='word_1_1242' title='bbox 2594 463 2602 471; x_wconf 92' lang='grc'>·</span> <span class='ocrx_word' id='word_1_1243' title='bbox 2624 460 2685 482; x_wconf 82' lang='lat' dir='ltr'>Tull.</span> <span class='ocrx_word' id='word_1_1244' title='bbox 2709 459 2739 481; x_wconf 82' lang='lat' dir='ltr'>de</span> <span class='ocrx_word' id='word_1_1245' title='bbox 2761 460 2804 481; x_wconf 86' lang='lat' dir='ltr'>Se-</span> 
     </span>
     <span class='ocr_line' id='line_1_98' title="bbox 2592 489 2806 540; baseline -0.005 -5"><span class='ocrx_word' id='word_1_1246' title='bbox 2592 489 2676 540; x_wconf 19' lang='lat' dir='ltr'>3351.st</span> <span class='ocrx_word' id='word_1_1247' title='bbox 2683 493 2806 535; x_wconf 52' lang='lat' dir='ltr'>319,ng</span> 
     </span>
     <span class='ocr_line' id='line_1_99' title="bbox 2593 540 2665 566; baseline 0 -5"><span class='ocrx_word' id='word_1_1248' title='bbox 2593 540 2665 566; x_wconf 83' lang='lat' dir='ltr'>bner).</span> 
     </span>
    </p>
   </div>
   <div class='ocr_carea' id='block_1_18' title="bbox 2592 566 2745 615">
    <p class='ocr_par' dir='ltr' id='par_1_21' title="bbox 2592 566 2745 615">
     <span class='ocr_line' id='line_1_100' title="bbox 2592 566 2745 614; baseline -0.007 -26"><span class='ocrx_word' id='word_1_1249' title='bbox 2592 569 2602 577; x_wconf 92' lang='grc'>·</span> <span class='ocrx_word' id='word_1_1250' title='bbox 2618 566 2666 614; x_wconf 59' lang='lat'>311.</span> <span class='ocrx_word' id='word_1_1251' title='bbox 2681 572 2745 588; x_wconf 76' lang='lat' dir='ltr'>mn.</span> 
     </span>
     <span class='ocr_line' id='line_1_101' title="bbox 2593 596 2721 615; baseline -0.008 0"><span class='ocrx_word' id='word_1_1252' title='bbox 2593 596 2601 603; x_wconf 90' lang='grc'><em>·</em></span> <span class='ocrx_word' id='word_1_1253' title='bbox 2641 599 2686 615; x_wconf 76' lang='lat' dir='ltr'>ers.</span> <span class='ocrx_word' id='word_1_1254' title='bbox 2701 599 2721 614; x_wconf 88' lang='lat'>2.</span> 
     </span>
    </p>
   </div>
   <div class='ocr_carea' id='block_1_19' title="bbox 2593 1745 2811 1828">
    <p class='ocr_par' dir='ltr' id='par_1_22' title="bbox 2593 1745 2811 1828">
     <span class='ocr_line' id='line_1_102' title="bbox 2593 1745 2811 1795; baseline 0.005 -27"><span class='ocrx_word' id='word_1_1255' title='bbox 2593 1745 2647 1794; x_wconf 59' lang='lat' dir='ltr'>:Ch</span> <span class='ocrx_word' id='word_1_1256' title='bbox 2667 1750 2811 1795; x_wconf 51' lang='lat' dir='ltr'>mxw.;,</span> 
     </span>
     <span class='ocr_line' id='line_1_103' title="bbox 2593 1801 2811 1828; baseline -0.005 -6"><span class='ocrx_word' id='word_1_1257' title='bbox 2593 1801 2603 1811; x_wconf 88' lang='grc'><em>·</em></span> <span class='ocrx_word' id='word_1_1258' title='bbox 2625 1805 2679 1822; x_wconf 70' lang='lat' dir='ltr'>oen.</span> <span class='ocrx_word' id='word_1_1259' title='bbox 2693 1805 2744 1828; x_wconf 73' lang='lat' dir='ltr'>oep.</span> <span class='ocrx_word' id='word_1_1260' title='bbox 2759 1805 2811 1826; x_wconf 69' lang='lat' dir='ltr'>xxx,</span> 
     </span>
    </p>
   </div>
   <div class='ocr_carea' id='block_1_20' title="bbox 2593 1831 2809 1880">
    <p class='ocr_par' dir='ltr' id='par_1_23' title="bbox 2593 1831 2809 1880">
     <span class='ocr_line' id='line_1_104' title="bbox 2593 1831 2809 1880; baseline 0 -5"><span class='ocrx_word' id='word_1_1261' title='bbox 2593 1831 2759 1876; x_wconf 52' lang='lat' dir='ltr'>riam&amp;</span> <span class='ocrx_word' id='word_1_1262' title='bbox 2773 1859 2809 1880; x_wconf 72' lang='lat'>«⁷.</span> 
     </span>
    </p>
   </div>
   <div class='ocr_carea' id='block_1_21' title="bbox 2593 1965 2809 2014">
    <p class='ocr_par' dir='ltr' id='par_1_24' title="bbox 2593 1965 2809 2014">
     <span class='ocr_line' id='line_1_105' title="bbox 2593 1965 2809 2014; baseline -0.005 -26"><span class='ocrx_word' id='word_1_1263' title='bbox 2593 1965 2651 2014; x_wconf 60' lang='lat' dir='ltr'><strong>²·Cf.</strong></span> <span class='ocrx_word' id='word_1_1264' title='bbox 2659 1971 2700 1994; x_wconf 77' lang='lat' dir='ltr'>qu.</span> <span class='ocrx_word' id='word_1_1265' title='bbox 2709 1971 2755 1990; x_wconf 77' lang='lat' dir='ltr'>xci.</span> <span class='ocrx_word' id='word_1_1266' title='bbox 2765 1969 2809 1987; x_wconf 72' lang='lat' dir='ltr'>nrt.</span> 
     </span>
    </p>
   </div>
   <div class='ocr_carea' id='block_1_22' title="bbox 2593 2055 2810 2111">
    <p class='ocr_par' dir='ltr' id='par_1_25' title="bbox 2593 2055 2810 2111">
     <span class='ocr_line' id='line_1_106' title="bbox 2594 2055 2808 2082; baseline -0.005 -5"><span class='ocrx_word' id='word_1_1267' title='bbox 2594 2057 2603 2067; x_wconf 92' lang='grc'>·</span> <span class='ocrx_word' id='word_1_1268' title='bbox 2623 2056 2633 2077; x_wconf 96' lang='lat'>1</span> <span class='ocrx_word' id='word_1_1269' title='bbox 2653 2056 2688 2078; x_wconf 82' lang='lat' dir='ltr'>ad</span> <span class='ocrx_word' id='word_1_1270' title='bbox 2712 2055 2808 2082; x_wconf 58' lang='lat' dir='ltr'>Uien„</span> 
     </span>
     <span class='ocr_line' id='line_1_107' title="bbox 2593 2082 2810 2111; baseline -0.005 -7"><span class='ocrx_word' id='word_1_1271' title='bbox 2593 2088 2643 2111; x_wconf 70' lang='lat' dir='ltr'>cap.</span> <span class='ocrx_word' id='word_1_1272' title='bbox 2658 2089 2689 2110; x_wconf 78' lang='lat' dir='ltr'>iv,</span> <span class='ocrx_word' id='word_1_1273' title='bbox 2703 2088 2762 2105; x_wconf 75' lang='lat' dir='ltr'>vers.</span> <span class='ocrx_word' id='word_1_1274' title='bbox 2773 2082 2810 2105; x_wconf 67' lang='lat'>26-</span> 
     </span>
    </p>
   </div>
   <div class='ocr_carea' id='block_1_23' title="bbox 2593 2146 2721 2169">
    <p class='ocr_par' dir='ltr' id='par_1_26' title="bbox 2593 2146 2721 2169">
     <span class='ocr_line' id='line_1_108' title="bbox 2593 2146 2721 2169; baseline 0 0"><span class='ocrx_word' id='word_1_1275' title='bbox 2593 2149 2604 2158; x_wconf 86' lang='lat'><strong>·</strong></span> <span class='ocrx_word' id='word_1_1276' title='bbox 2618 2146 2686 2169; x_wconf 69' lang='grc' dir='ltr'><strong>νοτ..</strong></span> <span class='ocrx_word' id='word_1_1277' title='bbox 2701 2153 2721 2169; x_wconf 78' lang='lat' dir='ltr'>a.</span> 
     </span>
    </p>
   </div>
   <div class='ocr_carea' id='block_1_24' title="bbox 2593 2277 2736 2300">
    <p class='ocr_par' dir='ltr' id='par_1_27' title="bbox 2593 2277 2736 2300">
     <span class='ocr_line' id='line_1_109' title="bbox 2593 2277 2736 2300; baseline 0.007 -1"><span class='ocrx_word' id='word_1_1278' title='bbox 2593 2277 2603 2288; x_wconf 90' lang='lat'>&#39;</span> <span class='ocrx_word' id='word_1_1279' title='bbox 2619 2277 2686 2300; x_wconf 73' lang='lat' dir='ltr'>vern.</span> <span class='ocrx_word' id='word_1_1280' title='bbox 2701 2284 2736 2300; x_wconf 90' lang='grc' dir='ltr'>ιι.</span> 
     </span>
    </p>
   </div>
   <div class='ocr_carea' id='block_1_25' title="bbox 2593 2358 2808 2386">
    <p class='ocr_par' dir='ltr' id='par_1_28' title="bbox 2593 2358 2808 2386">
     <span class='ocr_line' id='line_1_110' title="bbox 2593 2358 2808 2386; baseline -0.009 -4"><span class='ocrx_word' id='word_1_1281' title='bbox 2593 2361 2603 2371; x_wconf 90' lang='grc'><em>·</em></span> <span class='ocrx_word' id='word_1_1282' title='bbox 2617 2358 2685 2386; x_wconf 70' lang='lat' dir='ltr'>lbid„</span> <span class='ocrx_word' id='word_1_1283' title='bbox 2700 2365 2761 2381; x_wconf 78' lang='lat' dir='ltr'>ven.</span> <span class='ocrx_word' id='word_1_1284' title='bbox 2773 2365 2808 2382; x_wconf 78' lang='grc' dir='ltr'>η.</span> 
     </span>
    </p>
   </div>
   <div class='ocr_carea' id='block_1_26' title="bbox 2591 2671 2807 2702">
    <p class='ocr_par' dir='ltr' id='par_1_29' title="bbox 2591 2671 2807 2702">
     <span class='ocr_line' id='line_1_111' title="bbox 2591 2671 2807 2702; baseline 0.005 -8"><span class='ocrx_word' id='word_1_1285' title='bbox 2591 2674 2601 2684; x_wconf 94' lang='grc'>·</span> <span class='ocrx_word' id='word_1_1286' title='bbox 2608 2671 2647 2694; x_wconf 72' lang='lat' dir='ltr'>Ad</span> <span class='ocrx_word' id='word_1_1287' title='bbox 2659 2671 2807 2702; x_wconf 62' lang='lat' dir='ltr'>spuet-enp-</span> 
     </span>
    </p>
   </div>
   <div class='ocr_carea' id='block_1_27' title="bbox 2591 2704 2750 2726">
    <p class='ocr_par' dir='ltr' id='par_1_30' title="bbox 2591 2704 2750 2726">
     <span class='ocr_line' id='line_1_112' title="bbox 2591 2704 2750 2726; baseline 0.013 -6"><span class='ocrx_word' id='word_1_1288' title='bbox 2591 2705 2623 2726; x_wconf 72' lang='grc' dir='ltr'>ιν.</span> <span class='ocrx_word' id='word_1_1289' title='bbox 2638 2704 2700 2721; x_wconf 73' lang='lat' dir='ltr'>m.</span> <span class='ocrx_word' id='word_1_1290' title='bbox 2714 2705 2750 2722; x_wconf 88' lang='grc' dir='ltr'>ιο.</span> 
     </span>
    </p>
   </div>
   <div class='ocr_carea' id='block_1_28' title="bbox 2588 3299 2803 3323">
    <p class='ocr_par' dir='ltr' id='par_1_31' title="bbox 2588 3299 2803 3323">
     <span class='ocr_line' id='line_1_113' title="bbox 2588 3299 2803 3323; baseline 0 -1"><span class='ocrx_word' id='word_1_1291' title='bbox 2588 3301 2600 3312; x_wconf 80' lang='grc'><em>·</em></span> <span class='ocrx_word' id='word_1_1292' title='bbox 2612 3299 2638 3322; x_wconf 83' lang='grc' dir='ltr'>Β.</span> <span class='ocrx_word' id='word_1_1293' title='bbox 2658 3299 2746 3323; x_wconf 66' lang='lat' dir='ltr'>Athea-t.</span> <span class='ocrx_word' id='word_1_1294' title='bbox 2766 3299 2803 3323; x_wconf 87' lang='lat' dir='ltr'>1v</span> 
     </span>
    </p>
   </div>
   <div class='ocr_carea' id='block_1_29' title="bbox 375 3326 2802 3379">
    <p class='ocr_par' dir='ltr' id='par_1_32' title="bbox 375 3326 2802 3379">
     <span class='ocr_line' id='line_1_114' title="bbox 375 3326 2802 3379; baseline 0.005 -24"><span class='ocrx_word' id='word_1_1295' title='bbox 375 3326 481 3356; x_wconf 90' lang='lat' dir='ltr'>christi</span> <span class='ocrx_word' id='word_1_1296' title='bbox 496 3326 666 3364; x_wconf 88' lang='lat' dir='ltr'>adventus;</span> <span class='ocrx_word' id='word_1_1297' title='bbox 695 3329 777 3359; x_wconf 90' lang='lat' dir='ltr'>sicut</span> <span class='ocrx_word' id='word_1_1298' title='bbox 807 3328 921 3360; x_wconf 89' lang='lat' dir='ltr'>dicitur</span> <span class='ocrx_word' id='word_1_1299' title='bbox 943 3331 976 3360; x_wconf 91' lang='lat' dir='ltr'>in</span> <span class='ocrx_word' id='word_1_1300' title='bbox 991 3331 1219 3362; x_wconf 86' lang='lat' dir='ltr'>Ecclesiastica</span> <span class='ocrx_word' id='word_1_1301' title='bbox 1242 3332 1394 3363; x_wconf 83' lang='lat' dir='ltr'>Historia</span> <span class='ocrx_word' id='word_1_1302' title='bbox 1410 3333 1437 3368; x_wconf 69' lang='lat'>*,</span> <span class='ocrx_word' id='word_1_1303' title='bbox 1452 3343 1479 3364; x_wconf 84' lang='lat'>⁷⁰</span> <span class='ocrx_word' id='word_1_1304' title='bbox 1492 3338 1687 3368; x_wconf 88' lang='lat' dir='ltr'>sanctorum,</span> <span class='ocrx_word' id='word_1_1305' title='bbox 1705 3338 1736 3363; x_wconf 91' lang='lat' dir='ltr'>et</span> <span class='ocrx_word' id='word_1_1306' title='bbox 1754 3341 1822 3362; x_wconf 88' lang='lat' dir='ltr'>non</span> <span class='ocrx_word' id='word_1_1307' title='bbox 1845 3331 1971 3371; x_wconf 83' lang='lat' dir='ltr'>aliquae</span> <span class='ocrx_word' id='word_1_1308' title='bbox 1987 3332 2229 3371; x_wconf 87' lang='lat' dir='ltr'>evaporationes</span> <span class='ocrx_word' id='word_1_1309' title='bbox 2253 3341 2291 3362; x_wconf 88' lang='lat' dir='ltr'>ex</span> <span class='ocrx_word' id='word_1_1310' title='bbox 2313 3337 2395 3363; x_wconf 87' lang='lat' dir='ltr'>terra</span> <span class='ocrx_word' id='word_1_1311' title='bbox 2418 3338 2450 3364; x_wconf 89' lang='lat' dir='ltr'>et</span> <span class='ocrx_word' id='word_1_1312' title='bbox 2465 3343 2559 3375; x_wconf 78' lang='lat' dir='ltr'>aqua.</span> <span class='ocrx_word' id='word_1_1313' title='bbox 2586 3326 2802 3379; x_wconf 48' lang='lat' dir='ltr'>ffi&#39;f‘fflssfflssm’</span> 
     </span>
    </p>
   </div>
   <div class='ocr_carea' id='block_1_30' title="bbox 374 3370 2560 3504">
    <p class='ocr_par' dir='ltr' id='par_1_33' title="bbox 374 3370 2560 3504">
     <span class='ocr_line' id='line_1_115' title="bbox 375 3370 2560 3417; baseline 0.005 -18"><span class='ocrx_word' id='word_1_1314' title='bbox 375 3375 406 3399; x_wconf 92' lang='lat' dir='ltr'>et</span> <span class='ocrx_word' id='word_1_1315' title='bbox 428 3370 461 3400; x_wconf 90' lang='lat' dir='ltr'>in</span> <span class='ocrx_word' id='word_1_1316' title='bbox 484 3370 565 3401; x_wconf 92' lang='lat' dir='ltr'>libro</span> <span class='ocrx_word' id='word_1_1317' title='bbox 589 3371 780 3413; x_wconf 90' lang='lat' dir='ltr'>Hieronymi</span> <span class='ocrx_word' id='word_1_1318' title='bbox 803 3373 843 3404; x_wconf 88' lang='lat' dir='ltr'>de</span> <span class='ocrx_word' id='word_1_1319' title='bbox 871 3374 953 3404; x_wconf 83' lang='lat' dir='ltr'>Viris</span> <span class='ocrx_word' id='word_1_1320' title='bbox 976 3375 1162 3406; x_wconf 82' lang='lat' dir='ltr'>Illustribus</span> <span class='ocrx_word' id='word_1_1321' title='bbox 1177 3377 1204 3406; x_wconf 55' lang='lat'>⁴.</span> <span class='ocrx_word' id='word_1_1322' title='bbox 1547 3376 1607 3407; x_wconf 92' lang='lat' dir='ltr'>Vel</span> <span class='ocrx_word' id='word_1_1323' title='bbox 1630 3381 1738 3417; x_wconf 89' lang='lat' dir='ltr'>potest</span> <span class='ocrx_word' id='word_1_1324' title='bbox 1760 3375 1823 3406; x_wconf 91' lang='lat' dir='ltr'>dici</span> <span class='ocrx_word' id='word_1_1325' title='bbox 1846 3374 1936 3416; x_wconf 89' lang='lat' dir='ltr'>quod</span> <span class='ocrx_word' id='word_1_1326' title='bbox 1963 3376 2065 3406; x_wconf 87' lang='lat' dir='ltr'>nubes</span> <span class='ocrx_word' id='word_1_1327' title='bbox 2088 3375 2161 3406; x_wconf 89' lang='lat' dir='ltr'>illae</span> <span class='ocrx_word' id='word_1_1328' title='bbox 2188 3377 2424 3416; x_wconf 87' lang='lat' dir='ltr'>generabuntur</span> <span class='ocrx_word' id='word_1_1329' title='bbox 2454 3377 2560 3409; x_wconf 86' lang='lat' dir='ltr'>divina</span> 
     </span>
     <span class='ocr_line' id='line_1_116' title="bbox 430 3414 2559 3459; baseline 0.004 -15"><span class='ocrx_word' id='word_1_1330' title='bbox 430 3414 480 3444; x_wconf 87' lang='lat' dir='ltr'>Ar&gt;</span> <span class='ocrx_word' id='word_1_1331' title='bbox 496 3424 629 3445; x_wconf 72' lang='lat' dir='ltr'>runi-mn</span> <span class='ocrx_word' id='word_1_1332' title='bbox 645 3426 804 3447; x_wconf 69' lang='lat' dir='ltr'>mensuum</span> <span class='ocrx_word' id='word_1_1333' title='bbox 828 3417 917 3458; x_wconf 93' lang='lat' dir='ltr'>quod</span> <span class='ocrx_word' id='word_1_1334' title='bbox 933 3428 971 3449; x_wconf 80' lang='lat' dir='ltr'>ex</span> <span class='ocrx_word' id='word_1_1335' title='bbox 994 3419 1056 3449; x_wconf 92' lang='lat' dir='ltr'>hoc</span> <span class='ocrx_word' id='word_1_1336' title='bbox 1073 3419 1163 3459; x_wconf 90' lang='lat' dir='ltr'>quod</span> <span class='ocrx_word' id='word_1_1337' title='bbox 1178 3419 1304 3456; x_wconf 90' lang='lat' dir='ltr'>dicitur,</span> <span class='ocrx_word' id='word_1_1338' title='bbox 1321 3420 1437 3451; x_wconf 78' lang='lat' dir='ltr'>Novis-</span> <span class='ocrx_word' id='word_1_1339' title='bbox 1491 3421 1618 3456; x_wconf 89' lang='lat' dir='ltr'>virtute,</span> <span class='ocrx_word' id='word_1_1340' title='bbox 1635 3420 1674 3450; x_wconf 93' lang='lat' dir='ltr'>ad</span> <span class='ocrx_word' id='word_1_1341' title='bbox 1690 3419 1925 3450; x_wconf 86' lang='lat' dir='ltr'>ostendendum</span> <span class='ocrx_word' id='word_1_1342' title='bbox 1941 3418 2200 3451; x_wconf 85' lang='lat' dir='ltr'>conformitatem</span> <span class='ocrx_word' id='word_1_1343' title='bbox 2216 3421 2250 3451; x_wconf 87' lang='lat' dir='ltr'>in</span> <span class='ocrx_word' id='word_1_1344' title='bbox 2266 3420 2405 3452; x_wconf 87' lang='lat' dir='ltr'>adventu</span> <span class='ocrx_word' id='word_1_1345' title='bbox 2422 3421 2462 3452; x_wconf 86' lang='lat' dir='ltr'>ad</span> <span class='ocrx_word' id='word_1_1346' title='bbox 2476 3421 2559 3453; x_wconf 92' lang='lat' dir='ltr'>iudi-</span> 
     </span>
     <span class='ocr_line' id='line_1_117' title="bbox 374 3457 2558 3504; baseline 0.005 -18"><span class='ocrx_word' id='word_1_1347' title='bbox 374 3457 456 3487; x_wconf 86' lang='lat' dir='ltr'>sima</span> <span class='ocrx_word' id='word_1_1348' title='bbox 478 3459 560 3489; x_wconf 86' lang='lat' dir='ltr'>hora</span> <span class='ocrx_word' id='word_1_1349' title='bbox 576 3464 630 3495; x_wconf 84' lang='lat' dir='ltr'>est,</span> <span class='ocrx_word' id='word_1_1350' title='bbox 647 3460 697 3490; x_wconf 89' lang='lat' dir='ltr'>vel</span> <span class='ocrx_word' id='word_1_1351' title='bbox 721 3470 758 3491; x_wconf 89' lang='lat' dir='ltr'>ex</span> <span class='ocrx_word' id='word_1_1352' title='bbox 782 3462 938 3493; x_wconf 89' lang='lat' dir='ltr'>similibus</span> <span class='ocrx_word' id='word_1_1353' title='bbox 958 3463 1175 3494; x_wconf 89' lang='lat' dir='ltr'>locutionibus</span> <span class='ocrx_word' id='word_1_1354' title='bbox 1200 3473 1282 3504; x_wconf 89' lang='lat' dir='ltr'>quae</span> <span class='ocrx_word' id='word_1_1355' title='bbox 1305 3464 1339 3494; x_wconf 92' lang='lat' dir='ltr'>in</span> <span class='ocrx_word' id='word_1_1356' title='bbox 1354 3463 1437 3495; x_wconf 88' lang='lat' dir='ltr'>Scri-</span> <span class='ocrx_word' id='word_1_1357' title='bbox 1492 3465 1580 3495; x_wconf 87' lang='lat' dir='ltr'>cium</span> <span class='ocrx_word' id='word_1_1358' title='bbox 1602 3469 1634 3494; x_wconf 89' lang='lat' dir='ltr'>et</span> <span class='ocrx_word' id='word_1_1359' title='bbox 1656 3464 1893 3494; x_wconf 84' lang='lat' dir='ltr'>ascensionem:</span> <span class='ocrx_word' id='word_1_1360' title='bbox 1917 3468 1954 3493; x_wconf 91' lang='lat' dir='ltr'>ut</span> <span class='ocrx_word' id='word_1_1361' title='bbox 1976 3464 2032 3504; x_wconf 94' lang='lat' dir='ltr'>qui</span> <span class='ocrx_word' id='word_1_1362' title='bbox 2048 3464 2190 3495; x_wconf 90' lang='lat' dir='ltr'>ascendit</span> <span class='ocrx_word' id='word_1_1363' title='bbox 2212 3466 2245 3495; x_wconf 91' lang='lat' dir='ltr'>in</span> <span class='ocrx_word' id='word_1_1364' title='bbox 2267 3465 2354 3496; x_wconf 89' lang='lat' dir='ltr'>nube</span> <span class='ocrx_word' id='word_1_1365' title='bbox 2370 3466 2396 3501; x_wconf 73' lang='grc'>“,</span> <span class='ocrx_word' id='word_1_1366' title='bbox 2413 3467 2509 3497; x_wconf 86' lang='lat' dir='ltr'>etiam</span> <span class='ocrx_word' id='word_1_1367' title='bbox 2524 3467 2558 3497; x_wconf 89' lang='lat' dir='ltr'>in</span> 
     </span>
    </p>
   </div>
   <div class='ocr_carea' id='block_1_31' title="bbox 2587 3475 2799 3503">
    <p class='ocr_par' dir='ltr' id='par_1_34' title="bbox 2587 3475 2799 3503">
     <span class='ocr_line' id='line_1_118' title="bbox 2587 3475 2799 3503; baseline 0.014 -7"><span class='ocrx_word' id='word_1_1368' title='bbox 2587 3475 2708 3503; x_wconf 74' lang='lat' dir='ltr'>·Ace.e·p.</span> <span class='ocrx_word' id='word_1_1369' title='bbox 2717 3483 2799 3503; x_wconf 59' lang='lat' dir='ltr'>inm.</span> 
     </span>
    </p>
   </div>
   <div class='ocr_carea' id='block_1_32' title="bbox 376 3502 2607 3551">
    <p class='ocr_par' dir='ltr' id='par_1_35' title="bbox 376 3502 2607 3551">
     <span class='ocr_line' id='line_1_119' title="bbox 376 3502 2607 3551; baseline 0.004 -20"><span class='ocrx_word' id='word_1_1370' title='bbox 376 3506 467 3540; x_wconf 91' lang='lat' dir='ltr'>ptura</span> <span class='ocrx_word' id='word_1_1371' title='bbox 490 3502 655 3542; x_wconf 88' lang='lat' dir='ltr'>leguntur,</span> <span class='ocrx_word' id='word_1_1372' title='bbox 681 3514 748 3535; x_wconf 91' lang='lat' dir='ltr'>non</span> <span class='ocrx_word' id='word_1_1373' title='bbox 772 3511 879 3546; x_wconf 90' lang='lat' dir='ltr'>potest</span> <span class='ocrx_word' id='word_1_1374' title='bbox 902 3507 1006 3547; x_wconf 89' lang='lat' dir='ltr'>aliqua</span> <span class='ocrx_word' id='word_1_1375' title='bbox 1039 3507 1246 3538; x_wconf 90' lang='lat' dir='ltr'>determinata</span> <span class='ocrx_word' id='word_1_1376' title='bbox 1278 3509 1437 3548; x_wconf 85' lang='lat' dir='ltr'>quantitas</span> <span class='ocrx_word' id='word_1_1377' title='bbox 1491 3509 1578 3539; x_wconf 90' lang='lat' dir='ltr'>nube</span> <span class='ocrx_word' id='word_1_1378' title='bbox 1601 3507 1641 3538; x_wconf 89' lang='lat' dir='ltr'>ad</span> <span class='ocrx_word' id='word_1_1379' title='bbox 1663 3507 1819 3538; x_wconf 85' lang='lat' dir='ltr'>iudicium</span> <span class='ocrx_word' id='word_1_1380' title='bbox 1841 3507 1957 3537; x_wconf 88' lang='lat' dir='ltr'>veniat.</span> <span class='ocrx_word' id='word_1_1381' title='bbox 1974 3525 1994 3530; x_wconf 98' lang='lat'><em>-</em></span> <span class='ocrx_word' id='word_1_1382' title='bbox 2018 3508 2127 3539; x_wconf 90' lang='lat' dir='ltr'>Nubes</span> <span class='ocrx_word' id='word_1_1383' title='bbox 2151 3510 2256 3545; x_wconf 88' lang='lat' dir='ltr'>etiam,</span> <span class='ocrx_word' id='word_1_1384' title='bbox 2278 3515 2410 3550; x_wconf 88' lang='lat' dir='ltr'>propter</span> <span class='ocrx_word' id='word_1_1385' title='bbox 2431 3510 2559 3551; x_wconf 82' lang='lat' dir='ltr'>refrige-</span> <span class='ocrx_word' id='word_1_1386' title='bbox 2585 3508 2607 3530; x_wconf 83' lang='grc'>9·</span> 
     </span>
    </p>
   </div>
   <div class='ocr_carea' id='block_1_33' title="bbox 376 3547 2195 3592">
    <p class='ocr_par' dir='ltr' id='par_1_36' title="bbox 376 3547 2195 3592">
     <span class='ocr_line' id='line_1_120' title="bbox 376 3547 2195 3592; baseline 0.005 -18"><span class='ocrx_word' id='word_1_1387' title='bbox 376 3547 529 3585; x_wconf 89' lang='lat' dir='ltr'>temporis</span> <span class='ocrx_word' id='word_1_1388' title='bbox 545 3548 624 3578; x_wconf 90' lang='lat' dir='ltr'>sciri.</span> <span class='ocrx_word' id='word_1_1389' title='bbox 649 3548 724 3578; x_wconf 93' lang='lat' dir='ltr'>Non</span> <span class='ocrx_word' id='word_1_1390' title='bbox 748 3550 834 3580; x_wconf 85' lang='lat' dir='ltr'>enim</span> <span class='ocrx_word' id='word_1_1391' title='bbox 851 3556 897 3581; x_wconf 90' lang='lat' dir='ltr'>est</span> <span class='ocrx_word' id='word_1_1392' title='bbox 921 3550 1042 3581; x_wconf 88' lang='lat' dir='ltr'>dictum</span> <span class='ocrx_word' id='word_1_1393' title='bbox 1066 3551 1105 3582; x_wconf 87' lang='lat' dir='ltr'>ad</span> <span class='ocrx_word' id='word_1_1394' title='bbox 1121 3551 1365 3592; x_wconf 86' lang='lat' dir='ltr'>significandum</span> <span class='ocrx_word' id='word_1_1395' title='bbox 1381 3552 1436 3582; x_wconf 90' lang='lat' dir='ltr'>ali·</span> <span class='ocrx_word' id='word_1_1396' title='bbox 1450 3562 1475 3582; x_wconf 87' lang='lat'>75</span> <span class='ocrx_word' id='word_1_1397' title='bbox 1491 3553 1586 3587; x_wconf 87' lang='lat' dir='ltr'>rium,</span> <span class='ocrx_word' id='word_1_1398' title='bbox 1602 3551 1721 3581; x_wconf 90' lang='lat' dir='ltr'>indicat</span> <span class='ocrx_word' id='word_1_1399' title='bbox 1743 3551 1993 3582; x_wconf 90' lang='lat' dir='ltr'>misericordiam</span> <span class='ocrx_word' id='word_1_1400' title='bbox 2018 3552 2195 3584; x_wconf 89' lang='lat' dir='ltr'>iudicantis.</span> 
     </span>
    </p>
   </div>
  </div>
 </body>
</html>
