2918 4088
158 809 169 819 ·
179 808 207 830 D.
225 815 290 835 ¹004·

153 1078 162 1088 ·
175 1076 284 1103 Qu.1.xu‚
293 1078 334 1097 art.
343 1082 365 1101 ¹3

154 1106 329 1157 quvgi-xstivi9art.
347 1109 364 1123 ι.

154 1239 164 1249 ·
179 1237 244 1259 Vers.
259 1243 292 1265 ²3·

153 1874 218 1920 ΔΑ.
229 1883 239 1889 -
254 1872 290 1894 cf.
301 1871 364 1894 Eccl.

179 1906 231 1925 zer„
254 1905 305 1926 cap.
324 1905 365 1926 vu,

153 1927 200 1954 §7-

155 2540 165 2550 ·
178 2539 203 2560 In
214 2539 307 2560 Decret.
320 2544 367 2566 pro

155 2566 247 2587 Armen.

157 2763 166 2771 “
178 2760 213 2782 cf.
224 2766 262 2787 qu.
272 2766 310 2786 Lx,
326 2764 367 2782 art.

156 2793 176 2814 7,
193 2787 323 2808 Commeat.

157 2892 168 2903 “
182 2891 245 2913 Ioan.
261 2898 310 2919 cap.
326 2897 370 2919 xx,

158 2924 217 2939 vers.
232 2924 265 2946 23.

159 3238 170 3248 '¹
186 3237 237 3259 Art.
253 3243 272 3259 2.

400 211 476 247 290

394 277 640 327 poenitentis,
670 277 779 314 cuius
808 285 913 314 actus
943 277 1185 315 materialiter
1203 285 1219 300 ἰ
1248 290 1287 314 se
1317 278 1459 314 habent

395 331 433 367 in
462 332 537 367 hoc
566 338 816 378 sacramento,
843 343 923 367 non
952 338 1082 368 autem
1111 331 1150 368 in
1178 331 1368 381 baptismo
1397 332 1459 367 vel

394 383 434 420 in
462 383 767 420 confirmatione.

446 438 503 474 AD
541 449 730 474 SECUNDUM
764 448 945 473 DICENDUM
978 437 1084 486 quod
1113 437 1278 474 verbum
1315 436 1457 473 Leonis

393 491 521 539 Papae
557 498 612 526 est
639 489 928 537 intelligendum
964 497 1152 538 quantum
1192 490 1241 527 ad
1278 490 1457 539 depreca-

392 542 540 580 tionem
558 555 659 592 quae
678 542 932 592 praemittitur
951 542 1193 580 absolutioni.
1215 544 1308 579 Non
1328 550 1455 580 autem

393 604 569 633 removet
597 596 692 646 quin
721 595 937 632 sacerdotes
966 595 1178 633 absolvant.

446 650 502 686 An
521 661 681 686 TERTIUM
707 661 890 686 DICENDUM
919 649 1026 698 quod
1047 650 1151 685 solus
1171 649 1277 685 Deus
1305 660 1375 697 per
1393 661 1458 685 au-

392 701 605 739 ctoritatem
643 709 679 739 et
711 714 733 738 a
760 709 918 751 peccato
955 701 1117 738 absolvit
1154 709 1189 738 et
1217 709 1373 751 peccata
1401 713 1457 737 re-

392 754 513 792 mittit.
549 755 775 792 Sacerdotes
810 762 940 791 autem
968 762 1177 803 utrumque
1210 754 1352 791 faciunt
1388 766 1458 803 per

391 807 648 845 ministerium
667 807 703 844 *z
734 807 966 856 inquantum
987 806 1125 844 scilicet
1144 807 1262 844 verba
1282 807 1457 844 sacerdo-

390 861 436 897 tis
465 861 503 898 in
532 862 607 898 hoc
636 868 874 897 sacramento
916 859 1253 897 instrumentaliter
1294 872 1456 909 operan-

390 922 453 951 tur
471 913 495 961 λ,
517 913 614 950 sicut
633 913 747 950 etiam
767 913 806 949 in
826 913 906 949 aliis
926 912 1194 958 sacramentis;
1224 925 1316 949 nam
1336 912 1456 949 virtus

391 966 521 1004 divina
542 974 596 1003 est
622 978 721 1015 quae
749 965 905 1002 interius
933 973 1115 1014 operatur
1133 965 1172 1002 in
1196 965 1379 1002 omnibus
1399 978 1455 1002 sa-

390 1019 685 1056 cramentalibus
714 1018 839 1066 signis,
861 1018 940 1054 sive
961 1018 1034 1054 sint
1054 1030 1113 1054 res
1133 1018 1212 1054 sive
1233 1018 1306 1054 sint
1323 1018 1453 1064 verba,

390 1073 486 1109 sicut
515 1084 560 1108 ex
589 1083 705 1119 supra
732 1070 752 1091 '¹‘
777 1070 885 1107 dictis
913 1078 1026 1119 patet.
1058 1071 1169 1107 Unde
1199 1078 1235 1107 et
1262 1070 1455 1107 Dominus

390 1133 598 1173 utrumque
619 1123 816 1172 expressit:
839 1135 931 1159 nam
950 1123 1085 1159 Matth.
1101 1135 1161 1159 xw
1182 1122 1201 1144 '¹‘
1220 1122 1313 1159 dixit
1328 1124 1453 1170 Petro,

395 1177 661 1226 Quodcumque
677 1176 830 1213 solveris
857 1187 969 1224 super
994 1181 1148 1220 terram,
1170 1182 1260 1218 etc.;
1290 1183 1326 1211 et
1349 1177 1453 1212 Ioan.

388 1230 469 1267 xx*
487 1229 579 1266 dixit
607 1228 812 1277 discipulis,
852 1229 1021 1270 Quorum
1050 1229 1263 1264 remiseritis
1284 1234 1453 1277 peccata,

389 1285 623 1320 remittuntur
641 1283 702 1318 eis.
724 1281 813 1317 Ideo
833 1288 963 1317 tamen
992 1280 1171 1317 sacerdos
1194 1280 1324 1329 potius
1352 1280 1453 1326 dicit,

388 1339 473 1386 Ego
500 1342 534 1372 te
561 1335 723 1380 absolvo,
754 1345 884 1382 quam,
914 1335 999 1382 Ego
1027 1334 1093 1370 tibi
1112 1339 1270 1382 peccata
1298 1335 1454 1379 remitto,

389 1389 481 1438 quia
508 1389 583 1424 hoc
611 1386 731 1434 magis
764 1385 938 1434 congruit
965 1385 1093 1422 verbis
1131 1398 1231 1434 quae
1260 1385 1454 1423 Dominus

389 1441 482 1479 dixit
513 1440 694 1477 virtutem
729 1439 897 1476 clavium
925 1438 1144 1486 ostendens,
1174 1450 1244 1487 per
1271 1451 1368 1488 quas
1397 1451 1454 1475 sa—

389 1494 562 1531 cerdotes
595 1494 811 1530 absolvunt.

443 1546 546 1594 Quia
573 1554 703 1583 tamen
731 1545 910 1582 sacerdos
945 1544 1042 1582 sicut
1069 1544 1242 1581 minister
1278 1544 1453 1591 absolvit,

388 1599 662 1637 convenienter
685 1598 891 1648 apponitur
910 1598 1055 1647 aliquid
1074 1598 1182 1647 quod
1201 1597 1388 1646 pertineat
1406 1597 1455 1634 ad

389 1653 556 1703 primam
576 1652 841 1690 auctoritatem
860 1651 944 1697 Dei,
966 1651 1104 1688 scilicet
1123 1658 1165 1687 ut
1184 1650 1349 1687 dicatur:
1370 1653 1456 1701 Ego

389 1713 424 1743 te
455 1706 604 1744 absolvo
639 1708 675 1742 in
713 1707 863 1742 nomine
895 1706 1017 1742 Patris
1051 1711 1084 1741 et
1111 1705 1200 1741 Filii
1234 1710 1267 1740 et
1302 1706 1458 1753 Spiritus

391 1761 534 1804 Sancti,
564 1760 645 1805 vel,
675 1771 748 1807 per
774 1760 944 1795 virtutem
974 1759 1159 1807 passionis
1191 1758 1346 1804 Christi,
1375 1758 1455 1804 vel,

391 1814 608 1850 auctoritate
634 1813 726 1848 Dei:
754 1810 850 1847 sicut
869 1811 1078 1862 Dionysius
1107 1810 1275 1859 exponit,
1297 1822 1354 1847 xm
1374 1822 1456 1859 cap.

396 1866 547 1903 Caelest.
568 1866 678 1902 IIz‘er.
696 1864 716 1886 ’¹‘
744 1864 847 1910 Quia
865 1872 995 1901 tamen
1014 1865 1090 1901 hoc
1109 1876 1190 1900 non
1210 1871 1265 1900 est
1280 1863 1459 1900 determi-

392 1926 527 1956 natum
555 1930 602 1954 ex
628 1917 755 1954 verbis
785 1917 936 1964 Christi,
966 1917 1063 1954 sicut
1090 1917 1129 1954 in
1148 1916 1355 1966 baptismo,
1375 1916 1459 1954 talis

392 1971 581 2021 appositio
610 1970 837 2019 relinquitur
864 1970 1018 2007 arbitrio
1047 1970 1265 2007 sacerdotis.

445 2026 501 2061 AD
531 2036 702 2066 QUARTUM
723 2036 906 2061 DICENDUM
935 2024 1042 2073 quod
1071 2023 1266 2072 Apostolis
1294 2035 1375 2060 non
1403 2030 1460 2059 est

391 2078 478 2114 data
505 2084 673 2127 potestas
708 2084 750 2113 ut
777 2076 850 2125 ipsi
878 2084 1055 2118 sanarent
1087 2076 1285 2123 infirmos,
1321 2076 1389 2113 sed
1417 2084 1461 2113 ut

443 2191 469 2226 κ)
489 2192 674 2217 materialiter.
693 2206 712 2210 -
730 2191 927 2224 quodammodo
947 2191 1044 2215 addunt
1063 2191 1197 2216 editiones.

1038 201 1302 248 QUAESTIO
1330 201 1543 248 LXXXIV,
1573 199 1866 237 ARTICULUS
1894 200 1940 236 Ill

1514 277 1563 314 acl
1592 289 1730 314 eorum
1758 276 1970 314 orationem
1997 276 2141 313 infirmi
2161 286 2396 315 sanarentur.
2426 280 2494 316 Est
2513 292 2579 316 au-

1513 338 1592 367 tern
1612 330 1665 367 eis
1685 331 1820 366 collata
1839 337 2006 378 potestas
2026 330 2212 378 operandi
2233 330 2579 379 instrumentaliter,

1514 383 1594 420 sive
1615 382 1919 427 ministerialiter,
1941 382 1980 419 in
2000 382 2258 420 sacramentis.
2285 384 2333 420 Et
2351 383 2439 421 ideo
2459 385 2580 432 magis

1513 443 1675 485 possunt
1721 435 1760 472 in
1802 435 1934 472 formis
1981 435 2320 473 sacramentalibus
2366 437 2580 486 exprimere

1513 497 1643 526 actum
1658 501 1775 526 suum
1790 501 1910 537 quam
1925 488 1964 525 in
1979 487 2243 526 sanationibus
2259 488 2539 527 infirmitatum.
2555 512 2580 516 -

1512 543 1554 579 In
1583 542 1725 591 quibus
1752 550 1883 578 tamen
1919 553 2013 592 non·
2033 553 2187 590 semper
2221 542 2428 578 utebantur
2459 543 2580 580 modo

1513 594 1770 644 deprecativo,
1801 595 1867 631 sed
1896 594 2135 643 quandoque
2164 593 2279 631 etiam
2298 594 2419 632 modo
2438 594 2581 632 indica-

1511 647 1591 685 tivo
1628 655 1663 684 et
1695 647 1942 697 imperativo:
1983 646 2080 684 sicut
2106 648 2186 684 Act.
2208 647 2280 684 111*
2307 646 2442 696 legitur
2473 648 2582 697 quod

1512 702 1648 738 Petrus
1676 700 1768 737 dixit
1796 701 1953 737 claudo:
1990 701 2101 743 Quod
2117 701 2246 753 habeo,
2272 701 2342 737 hoc
2363 702 2429 737 tibi
2445 700 2504 738 do.
2533 702 2581 738 In

1512 756 1664 791 nomine
1690 756 1775 790 Iesu
1808 755 1953 800 Christi,
1982 765 2097 803 surge
2125 759 2158 790 et
2185 753 2348 790 ambula.

1564 808 1622 843 AD
1642 819 1804 849 QUINTUM
1827 818 2010 843 DICENDUM
2041 806 2149 855 quod
2176 805 2247 842 ista
2275 805 2475 855 expositio,
2495 808 2582 856 Ego

2608 651 2619 662 ²
2635 650 2702 672 Vers.
2718 650 2740 672 6.

1510 866 1545 896 te
1572 860 1735 906 absolvo,
1765 859 1864 905 idest,
1894 860 2102 896 absolutum
2128 859 2291 906 ostendo,
2321 867 2513 908 quantum
2533 860 2583 897 ad
2627 856 2630 859 ’

1511 912 1654 962 aliquid
1683 912 1844 961 quidem
1871 924 1963 949 vera
1983 920 2049 960 est,
2078 924 2160 949 non
2178 920 2310 949 tamen
2329 919 2384 949 est
2402 912 2580 962 perfecta.

1512 966 1761 1003 Sacramenta
1789 965 1894 1002 enim
1922 977 2048 1002 novae
2076 965 2168 1013 legis
2201 977 2281 1002 non
2311 967 2440 1002 solum
2468 965 2582 1013 signi-

1509 1018 1639 1063 ficant,
1669 1018 1736 1055 sed
1765 1017 1880 1055 etiam
1889 1019 2042 1066 faciunt
2061 1019 2161 1068 quod
2176 1020 2392 1068 significant
2409 1018 2440 1054 ²¹².
2469 1019 2582 1056 Unde

1510 1071 1607 1108 sicut
1635 1071 1827 1117 sacerdos,
1855 1071 2086 1120 baptizando
2115 1071 2296 1120 aliquem,
2327 1071 2493 1109 ostendit
2511 1073 2581 1109 ho-

1510 1123 1659 1160 minem
1687 1123 1846 1160 interius
1874 1124 2050 1160 ablutum
2078 1136 2148 1172 per
2174 1124 2294 1161 verba
2317 1131 2354 1161 et
2371 1124 2480 1172 facta,
2501 1137 2582 1162 non

1509 1177 1638 1212 solum
1667 1175 1928 1223 significative,
1949 1176 2017 1213 sed
2037 1177 2153 1213 etiam
2172 1176 2365 1223 effective;
2395 1176 2446 1214 ita
2466 1177 2582 1214 etiam

1510 1240 1602 1265 cum
1630 1228 1732 1273 dicit,
1761 1230 1848 1278 Ego
1867 1234 1901 1265 te
1919 1229 2083 1274 absolvo,
2109 1229 2275 1266 ostendit
2294 1229 2497 1277 hominem
2516 1230 2582 1267 ab·

1508 1282 1681 1317 solutum
1709 1293 1790 1317 non
1811 1282 1940 1318 solum
1960 1281 2221 1329 significative,
2252 1282 2320 1318 sed
2348 1282 2465 1319 etiam
2494 1283 2583 1320 effe-

1507 1333 1618 1370 ctive.
1649 1355 1674 1359 —
1703 1334 1787 1370 Nec
1814 1341 1946 1370 tamen
1975 1334 2147 1383 loquitur
2166 1334 2276 1383 quasi
2296 1335 2344 1372 de
2364 1347 2405 1372 re
2425 1335 2581 1372 incerta.

1509 1386 1613 1433 Quia
1648 1385 1746 1423 sicut
1783 1386 1856 1423 alia
1884 1395 2125 1424 sacramenta
2159 1399 2286 1424 novae
2314 1387 2406 1436 legis
2439 1388 2584 1425 habent

1509 1439 1557 1476 de
1586 1451 1626 1476 se
1655 1447 1804 1476 certum
1833 1439 2017 1477 effectum
2036 1452 2083 1477 ex
2101 1440 2242 1478 virtute
2261 1440 2452 1490 passionis
2473 1441 2582 1483 Chri-

1510 1492 1566 1539 sti,
1596 1492 1682 1530 licet
1709 1491 1830 1542 possit
1858 1492 2036 1542 impediri
2065 1505 2111 1530 ex
2139 1501 2246 1542 parte
2275 1493 2503 1543 recipientis,
2533 1494 2584 1532 ita

1510 1545 1626 1582 etiam
1646 1553 1702 1582 est
1721 1553 1756 1582 et
1775 1545 1815 1582 in
1834 1546 1910 1582 hoc
1929 1554 2181 1584 sacramento.
2211 1547 2324 1584 Unde
2343 1547 2583 1595 Augustinus

1509 1598 1611 1646 dicit,
1641 1598 1681 1636 in
1705 1598 1803 1636 libro
1823 1599 1869 1635 de
1885 1599 2010 1636 Adult.
2036 1601 2196 1650 Coniug.
2217 1599 2255 1637 *z
2285 1601 2376 1638 Non
2397 1606 2448 1638 est
2465 1602 2584 1651 turpis

1510 1664 1579 1688 nec
1607 1652 1770 1700 difficilis
1790 1658 1877 1700 post
1898 1658 2052 1702 patrata
2080 1659 2113 1690 et
2134 1653 2304 1703 purgata
2323 1653 2506 1692 adulteria
2526 1666 2583 1691 re-

1510 1705 1721 1742 conciliatio
1740 1706 1920 1755 coniugii,
1949 1707 2015 1743 ubi
2029 1718 2103 1755 per
2122 1707 2244 1744 claves
2263 1708 2376 1756 regni
2391 1707 2584 1744 caelorum

1511 1771 1586 1795 non
1606 1758 1794 1795 dubitatur
1801 1759 1898 1806 fieri
1914 1760 2082 1796 remissio
2095 1765 2350 1809 peccatorum.
2379 1760 2492 1797 Unde
2512 1772 2586 1797 nec

2609 1024 2620 1034 ·
2635 1022 2672 1044 cf.
2687 1027 2751 1050 corp.
2766 1025 2810 1045 art.

2610 1609 2621 1621 ·
2630 1608 2682 1632 Lib.
2691 1607 2722 1637 n,
2732 1614 2784 1637 etp.
2791 1614 2824 1632 ix.

1511 1811 1692 1848 sacerdos
1729 1810 1872 1859 indiget
1906 1811 2060 1861 speciali
2096 1812 2329 1850 revelatione
2367 1812 2438 1849 sibi
2466 1813 2582 1851 facta:
2616 1844 2618 1846 .

1512 1864 1580 1901 sed
1609 1863 1748 1901 sufficit
1779 1863 1966 1912 generalis
2002 1865 2183 1902 revelatio
2216 1865 2330 1913 fidei,
2365 1878 2436 1915 per
2463 1878 2585 1915 quam

1511 1916 1759 1954 remittuntur
1785 1925 1954 1966 peccata.
1984 1918 2097 1955 Unde
2125 1918 2307 1956 revelatio
2326 1918 2420 1959 fidei
2447 1919 2586 1956 dicitur

1512 1971 1626 2007 Petro
1654 1970 1752 2007 facta
1778 1970 1907 2007 fuisse.

1566 2024 1676 2060 Esset
1695 2030 1827 2060 autem
1848 2023 2052 2073 perfectior
2072 2023 2279 2073 expositio:
2300 2026 2387 2075 Ego
2405 2030 2441 2062 te
2467 2025 2585 2062 absol-

1511 2089 1570 2122 vo,
1601 2076 1700 2122 idest,
1726 2078 2013 2113 Sacramentum
2042 2077 2283 2115 absolutionis
2307 2079 2375 2115 tibi
2396 2078 2583 2128 impendo.
2616 2077 2620 2083 '

1567 2190 1596 2226 λ)
1616 2194 1773 2224 operantur.
1790 2205 1810 2210 -
1828 2191 1854 2216 in
1874 2191 1975 2217 virtute
1993 2191 2086 2217 divina
2105 2192 2176 2217 addit
2193 2193 2277 2218 tertia.

1065 2272 1402 2305 Commentario.
1425 2271 1679 2306 Cardinalis
1700 2271 1906 2304 Caietani

423 2373 442 2393 N
466 2362 598 2392 articulo
622 2362 724 2394 tertio,
741 2361 884 2392 eiusdem
908 2361 1114 2401 quaestionis,
1138 2360 1172 2390 in
1187 2361 1399 2400 responsione
1419 2359 1458 2390 ad

396 2374 561 2442 Itertium,
587 2406 669 2436 circa
692 2405 829 2436 formam
853 2405 1079 2441 absolutionis,
1104 2404 1232 2434 adverte
1256 2404 1356 2444 quod,
1384 2404 1460 2435 licet

392 2450 496 2480 forma
519 2450 728 2480 absolutionis
753 2450 904 2479 consistat
925 2450 959 2479 in
974 2449 1035 2479 illis
1055 2448 1182 2479 duobus
1197 2449 1311 2484 verbis,
1328 2448 1458 2484 scilicet,

393 2495 531 2525 Absolvo
556 2499 601 2529 te,
630 2499 666 2523 ut
688 2494 722 2523 in
744 2493 847 2523 littera
870 2493 999 2529 dicitur,
1032 2498 1062 2522 et
1085 2493 1220 2522 habetur
1247 2502 1284 2522 ex
1308 2492 1458 2522 Concilio

393 2539 580 2568 Florentino
611 2538 669 2567 sub
692 2538 840 2577 Eugenio
865 2537 907 2567 IV
930 2538 964 2573 ἡ
992 2537 1219 2572 nihilominus,
1240 2537 1266 2566 si
1296 2537 1368 2576 quis
1391 2537 1459 2566 aliis

394 2583 496 2612 verbis
524 2587 682 2617 uteretur,
706 2587 799 2621 puta,
823 2581 962 2611 Remitto
980 2580 1036 2610 tibi
1046 2585 1198 2620 peccata,
1223 2586 1460 2611 sacramentum

395 2631 478 2657 esset
495 2625 684 2666 perfectum.

449 2669 549 2708 Quod
572 2675 603 2700 et
618 2670 740 2699 ratione
756 2674 788 2699 et
803 2669 990 2699 auctoritate
1005 2674 1210 2699 monstratur.
1234 2669 1371 2699 Ratione
1388 2669 1460 2709 qui-

395 2714 479 2750 dem,
504 2714 579 2754 quia
602 2714 699 2743 virtus
723 2713 956 2743 sacramentalis
979 2723 1047 2743 non
1065 2718 1111 2743 est
1130 2723 1147 2742 a
1163 2713 1234 2743 Deo
1257 2713 1396 2752 obligata
1417 2713 1460 2743 ita

394 2759 443 2788 his
466 2759 569 2788 verbis
592 2758 671 2797 quin
694 2758 734 2787 sit
757 2757 852 2787 etiam
876 2757 990 2787 collata
1013 2757 1306 2797 aequipollentibus
1322 2758 1348 2786 ἢ

450 2803 633 2832 Auctoritas
657 2807 764 2831 autem
787 2802 932 2837 sumitur,
956 2802 1073 2841 primo,
1098 2811 1136 2831 ex
1159 2801 1345 2841 Evangelio.
1375 2800 1460 2838 Quia

395 2846 565 2883 Dominus,
589 2845 786 2876 instituendo
810 2845 1020 2882 confessores,
1038 2845 1130 2875 dixit:
1159 2845 1307 2881 Quorum
1331 2845 1460 2875 remise-

396 2890 466 2921 ritis
483 2895 629 2930 peccata‚
647 2890 855 2920 remittuntur
878 2890 923 2920 eis
939 2891 965 2919 *ἃ
982 2907 1005 2911 -
1028 2889 1189 2925 Secundo,
1208 2899 1245 2919 ex
1261 2890 1403 2920 Auctore
1426 2889 1461 2919 in

394 2935 453 2964 hac
476 2935 579 2964 littera
602 2939 807 2974 comparante
830 2934 904 2964 istas
928 2933 1006 2964 duas
1029 2932 1158 2969 formas,
1183 2934 1303 2964 scilicet
1325 2943 1383 2974 per
1406 2933 1460 2964 ab-

394 2979 520 3009 solvere
542 2978 593 3008 vel
616 2978 793 3013 remittere,
819 2987 956 3017 quarum
979 2983 1115 3018 utraque
1140 2987 1177 3008 ex
1200 2978 1303 3008 verbis
1327 2978 1461 3008 Domini

396 3023 544 3058 sumitur,
569 3028 600 3052 et
623 3022 749 3052 dicente
782 3021 871 3062 quod
894 3022 948 3052 illa
975 3031 1059 3062 quae
1082 3022 1118 3052 fit
1140 3031 1198 3062 per
1220 3022 1388 3053 absolvere
1414 3027 1461 3052 est

396 3067 495 3106 magis
519 3076 676 3106 congrua,
705 3066 780 3106 quia
803 3067 902 3106 magis
926 3067 1075 3106 congruit
1097 3067 1201 3096 verbis
1225 3066 1358 3096 Domini
1381 3066 1460 3097 dum

397 3110 437 3140 de
451 3111 566 3140 virtute
582 3111 720 3141 clavium
735 3110 936 3150 loquebatur.
956 3110 1141 3140 Differentia
1157 3116 1264 3141 autem
1280 3110 1459 3141 secundum

397 3155 497 3194 magis
531 3155 581 3184 vel
611 3155 717 3184 minus
752 3164 932 3194 congruum
969 3164 1037 3184 non
1067 3155 1150 3184 tollit
1177 3155 1328 3185 virtutem
1357 3165 1459 3186 sacra-

398 3198 509 3227 menti.

455 3241 587 3271 Accedit
610 3241 649 3271 ad
671 3242 734 3271 hoc
758 3241 889 3278 Scotus,
914 3242 946 3271 in
970 3241 1111 3279 Quarto,
1137 3242 1206 3272 dist.
1223 3253 1284 3278 xw,
1310 3252 1364 3282 qu.
1385 3253 1416 3272 1v
1431 3244 1458 3273 ’ἢ

400 3284 465 3322 Qui
488 3291 594 3315 tamen
618 3284 698 3315 forte
722 3286 815 3314 nimis
839 3286 900 3315 late
923 3286 1050 3315 locutus
1067 3292 1123 3322 est,
1148 3286 1256 3316 dicens
1281 3286 1370 3326 quod
1393 3286 1459 3317 suf-

400 3328 466 3359 ficit
489 3328 578 3368 quod
601 3329 792 3368 exprimatur
815 3334 902 3359 actus
926 3331 1099 3360 sententiae
1123 3330 1323 3360 absolventis.

456 3372 493 3402 11.
518 3373 553 3402 In
577 3373 784 3412 responsione
809 3372 847 3402 ad
871 3378 1029 3412 quartum,
1054 3374 1109 3403 ubi
1133 3373 1247 3403 dicitur
1270 3374 1359 3413 quod
1375 3375 1459 3414 Apo—

401 3417 492 3446 stolis
516 3426 580 3446 non
603 3421 649 3446 est
671 3416 747 3446 data
764 3421 908 3456 potestas
924 3422 959 3446 ut
973 3422 1129 3447 sanarent
1144 3418 1299 3459 infirmos,
1317 3423 1387 3454 etc„
1411 3419 1460 3447 in-

401 3460 506 3499 tellige
530 3460 736 3501 regulariter.
761 3460 836 3490 Non
860 3460 945 3490 enim
970 3466 1015 3490 est
1040 3470 1229 3491 concessum
1245 3462 1409 3501 Apostolis
1425 3467 1461 3491 ut

402 3504 584 3544 regulariter
613 3509 758 3534 sanarent
788 3513 825 3534 ex
856 3510 1011 3544 potestate
1035 3504 1196 3535 infirmos:
1230 3506 1375 3545 quamvis
1397 3505 1460 3535 hoc

1511 2359 1607 2391 fuerit
1630 2361 1674 2390 eis
1699 2360 1897 2400 quandoque
1920 2370 2123 2392 concessum.
2147 2361 2189 2391 Et
2212 2362 2276 2392 hoc
2299 2361 2416 2393 sufficit
2434 2362 2475 2393 ad
2494 2362 2585 2394 diffe-

1511 2405 1647 2435 rentiam
1670 2405 1703 2434 in
1722 2404 1824 2434 littera
1842 2405 1998 2435 intentam
2014 2405 2097 2436 inter
2111 2411 2305 2446 potestatem
2321 2407 2584 2439 sacramentalem

1513 2454 1544 2478 et
1566 2454 1759 2488 potestatem
1782 2448 1920 2479 faciendi
1943 2449 2112 2480 miracula:
2138 2450 2213 2490 quia
2229 2455 2388 2490 potestate
2404 2460 2584 2483 sacramen-

1512 2493 1567 2523 tali
1583 2492 1742 2523 ordinarie
1757 2502 1931 2532 possumus
1946 2494 2106 2524 remittere
2125 2499 2274 2533 peccata;
2297 2499 2458 2534 potestate
2474 2501 2584 2527 autem

1512 2537 1666 2567 miracula
1689 2536 1826 2567 faciendi
1852 2546 1920 2567 non
1943 2542 2092 2577 poterant
2115 2537 2274 2569 ordinarie
2304 2548 2414 2569 sanare
2437 2539 2584 2571 infirmos

1513 2581 1744 2616 auctoritative,
1765 2580 1821 2611 sed
1844 2581 2054 2621 deprecative.

1568 2625 1620 2655 ΙΙΙ.
1645 2625 1680 2655 In
1703 2626 1914 2664 responsione
1938 2625 1978 2656 ad
1994 2626 2154 2666 quintum,
2179 2627 2263 2657 circa
2286 2627 2432 2659 ultimam
2456 2629 2583 2669 exposi-

1512 2669 1646 2705 tionem,
1673 2669 1728 2699 ubi
1752 2669 1877 2705 dicitur,
1901 2669 1976 2710 Ego
2001 2675 2031 2700 te
2053 2670 2196 2707 absolvo,
2221 2670 2311 2708 idest,
2336 2671 2583 2704 Sacramentum

1513 2713 1727 2744 absolutionis
1751 2713 1807 2744 tibi
1830 2713 1988 2754 impendo,
2013 2714 2141 2745 adverte
2165 2715 2255 2755 quod
2277 2715 2464 2747 huiusmodi
2483 2726 2582 2757 expo-

1513 2758 1596 2793 sitio,
1615 2767 1652 2787 ex
1669 2756 1772 2787 forma
1794 2758 1978 2795 verborum,
1994 2768 2063 2789 non
2086 2759 2238 2799 importat
2253 2758 2391 2790 formam
2406 2761 2582 2792 absolutio-

1513 2802 1562 2832 nis
1585 2802 1619 2831 in
1642 2807 1715 2831 actu
1739 2802 1889 2838 exercito,
1914 2803 1996 2833 sicut
2018 2802 2175 2843 significat
2192 2803 2281 2834 illam
2296 2805 2375 2835 haec
2391 2805 2580 2842 enuntiatio,

1512 2846 1587 2887 Ego
1612 2846 1743 2876 absolvo
1768 2851 1807 2876 te.
1843 2846 1914 2877 Hac
1938 2847 2025 2877 enim
2052 2847 2200 2878 sacerdos
2227 2849 2296 2888 ipse
2326 2854 2453 2879 exercet
2477 2849 2581 2889 ipsam

1514 2890 1760 2926 absolutionem,
1778 2889 1925 2921 faciendo
1942 2891 2032 2931 quod
2047 2891 2218 2932 significat:
2243 2897 2478 2923 sacramentum
2493 2893 2581 2924 enim

1513 2934 1613 2975 efficit
1627 2934 1714 2975 quod
1727 2934 1901 2976 significat.
1926 2935 2074 2966 Dicendo
2090 2941 2208 2972 autem,
2225 2935 2470 2966 Sacramentum
2486 2937 2580 2967 abso-

1514 2978 1648 3009 lutionis
1664 2979 1720 3009 tibi
1736 2979 1894 3018 impendo,
1911 2989 1978 3010 non
1996 2979 2163 3020 ⁴significat
2178 2989 2211 3010 se
2238 2979 2448 3010 absolutionis
2472 2985 2579 3012 actum

1514 3032 1673 3053 exercere:
1706 3023 1804 3059 sicut,
1829 3023 1855 3053 si
1878 3023 2050 3059 diceretur,
2074 3023 2149 3064 Ego
2172 3023 2320 3064 baptismi
2341 3029 2579 3055 sacramentum

1514 3067 1570 3097 tibi
1593 3067 1751 3107 impendo,
1771 3076 1838 3097 non
1854 3067 2094 3107 significaretur,
2114 3077 2152 3098 ex
2167 3067 2271 3098 forma
2289 3068 2471 3104 verborum,
2489 3069 2579 3109 quod

1514 3121 1574 3151 ego
1598 3120 1779 3142 exercerem
1801 3116 1909 3142 actum
1932 3110 2122 3151 baptizandi.
2148 3110 2211 3142 Sed
2226 3111 2398 3151 utrobique
2421 3112 2579 3152 significa-

1513 3161 1564 3186 tur
1587 3161 1676 3185 actus
1695 3160 1731 3185 ut
1753 3156 1885 3185 materia
1902 3155 2090 3186 sacramenti
2105 3155 2251 3195 impensi,
2268 3165 2325 3186 seu
2341 3161 2429 3186 actus
2453 3157 2578 3197 impen-

1514 3199 1620 3230 dendi.

1569 3243 1602 3273 Si
1625 3248 1733 3273 autem
1757 3242 1998 3273 considerentur
2016 3242 2099 3273 dicta
2114 3243 2210 3273 verba
2233 3243 2412 3275 secundum
2435 3255 2576 3282 sensum,

1513 3287 1558 3317 sic
1582 3288 1777 3317 conveniens
1801 3296 1838 3317 ac
1859 3286 2000 3326 perfecta
2027 3287 2188 3317 invenitur
2215 3289 2389 3328 expositio:
2421 3291 2578 3329 quoniam

1513 3331 1710 3370 aequipollet
1736 3331 1831 3366 huic,
1864 3330 2151 3361 Sacramentaliter
2180 3331 2310 3362 absolvo
2340 3338 2379 3363 te.
2415 3333 2504 3364 Idem
2531 3340 2578 3365 est

1514 3375 1600 3404 enim
1623 3374 1809 3414 impendere
1831 3380 2064 3404 sacramentum
2089 3375 2317 3412 absolutionis,
2345 3382 2376 3407 et
2399 3387 2576 3409 sacramen-

1514 3418 1616 3448 taliter
1639 3418 1811 3448 absolvere.
1836 3418 1877 3448 Et
1899 3427 1956 3457 per
1978 3419 2060 3448 hanc
2080 3420 2314 3459 expositionem
2338 3421 2515 3453 excluditur
2538 3432 2577 3453 ex

1513 3467 1601 3501 parte
1617 3461 1751 3492 ministri
1767 3463 1986 3501 praesumptio
2003 3472 2060 3492 seu
2075 3464 2240 3503 usurpatio
2253 3464 2378 3495 divinae
2393 3467 2574 3506 potestatis;

1514 3511 1545 3535 et
1569 3515 1606 3535 ex
1629 3511 1717 3545 parte
1741 3505 1869 3536 effectus
1901 3506 2098 3546 ambiguitas.
2133 3508 2216 3538 Nam
2242 3508 2275 3549 ly
2297 3510 2578 3541 sacramentaliter
