2918 4088
299 391 314 414 η

201 527 212 537 ·
223 525 231 546 l
245 525 278 546 ad
288 524 352 551 cor„
364 529 416 551 cap.

201 558 253 579 xm,
268 557 329 572 vers.
345 557 377 573 η.

208 1351 261 1373 ·.Cf
271 1356 321 1372 can.
331 1350 359 1371 Ut
381 1356 404 1371 ιιι
396 1349 422 1371 id

205 1383 283 1405 paras
287 1376 341 1405 ,de
379 1382 422 1398 on-

208 1410 283 1430 se.cr
287 1394 331 1424 ’di
334 1406 362 1424 st.
386 1403 420 1428 11;

209 1432 283 1479 ΑΧρὶΙ
281 1431 304 1451 in
315 1429 381 1451 loun
392 1419 422 1451 ῑι·’.

209 1457 294 1510 {XVL
298 1463 332 1504 11ιι.
338 1462 372 1504 ¹¹².
393 1459 421 1478 tr

210 1619 220 1627 “
230 1616 264 1638 11²
278 1615 332 1641 11¹⁸,
348 1621 388 1642 qu.
399 1620 423 1642 n,

210 1647 252 1664 art.
274 1648 299 1669 ας
323 1648 362 1670 qu.
387 1647 423 1668 iv,

211 1673 252 1691 art.
267 1675 287 1697 5.

311 1705 327 1721 α

210 1733 220 1743 ·
239 1732 304 1753 Ioan.
327 1735 378 1757 cap.
392 1735 425 1756 νι,

211 1763 371 1785 vers.4¹,51.

215 1825 282 1852 ·.Qu
290 1829 372 1849 cxxiii,
382 1826 425 1845 art.

211 1858 231 1880 3,
238 1851 294 1880 ad3;
303 1857 342 1879 qu.
349 1856 424 1876 cxxiv,

211 1882 378 1931 amisse&
385 1882 424 1931 ‘¹3¹‘

418 1918 424 1929 1

212 1931 241 1953 ad
256 1931 278 1953 6.

312 1957 326 1991 β

216 2359 225 2369 ·
234 2357 428 2383 Ps.x1.v1n,vers.

215 2390 248 2406 21.

216 2781 226 2791 '
241 2779 308 2801 Vers.
322 2784 359 2807 5ο.

221 2944 242 2959 ιι
268 2940 272 2962 1
279 2942 348 2964 super
370 2942 431 2958 vert.

216 2964 265 2991 49)-

443 144 517 181 230

443 224 483 260 in
510 223 667 273 propria
694 223 841 272 specie;
880 223 1107 260 secundario
1143 230 1272 260 autem
1301 231 1355 260 est
1383 223 1507 260 homi-

443 289 551 323 num,
573 276 640 325 qui
669 276 864 313 Christum
888 276 960 313 sub
988 284 1227 313 sacramento
1251 276 1452 326 accipiunt.

495 331 553 366 AD
572 341 762 367 SECUNDUM
786 341 968 367 DICENDUM
993 330 1099 378 quod
1119 329 1168 366 ad
1187 329 1406 366 societatem
1425 341 1507 366 cor-

442 381 548 431 poris
570 381 720 432 mystici
743 382 934 431 pertinent
961 382 1118 431 quidem
1140 389 1176 418 et
1193 381 1373 418 homines
1393 387 1411 409 η
1439 394 1510 431 per

442 434 584 482 fidem,
614 435 737 483 angeli
769 442 899 472 autem
934 447 1004 484 per
1036 434 1277 471 manifestam
1304 434 1506 471 visionem.

444 488 692 525 Sacramenta
733 496 863 525 autern
905 487 1247 537 proportionantur
1285 486 1401 533 fidei,
1439 499 1509 535 per

443 553 564 590 quam
582 541 722 578 veritas
739 541 892 577 videtur
910 542 947 576 in
966 539 1114 588 speculo
1136 545 1169 575 et
1192 541 1228 575 in
1249 540 1464 588 aenigmate
1476 539 1508 576 ²¹⁸.

496 675 523 709 η)
543 676 669 701 homines.
687 689 705 693 —-
723 677 750 699 et
767 675 857 707 angeli
875 674 922 698 sed
941 672 999 706 (sed
1017 681 1071 697 om.
1091 672 1111 708 1)
1130 673 1248 698 homines
1266 672 1365 697 addunt
1383 671 1512 697 PFIsG.-

444 711 497 736 Pro
515 711 606 744 angeli
623 714 721 740 autem,
741 713 767 734 et
784 709 876 742 angeli
894 710 932 735 bc.

1101 144 1371 191 QUAESTIO
1400 144 1563 189 LXXX,
1592 143 1885 180 ARTICULUS
1913 143 1958 179 111

1533 227 1536 254 Ι
1564 223 1612 259 Et
1639 222 1726 259 ideo
1746 221 1809 258 hic
1827 219 1840 242 ⁰

1843 250 1852 267 ,
1881 221 2036 270 proprie
2055 222 2265 271 loquendo,
2285 233 2366 259 non
2385 221 2537 270 angelis,
2558 221 2625 259 sed

1563 274 1787 312 hominibus
1806 274 1960 323 proprie
1988 274 2168 311 convenit
2194 275 2430 312 manducare
2455 274 2625 324 spiritua-

1563 328 1646 365 liter
1673 329 1748 364 hoc
1776 334 2071 364 sacramentum.

1616 382 1673 417 An
1705 392 1864 417 τΕιιτιυΜ
1890 391 2073 417 memnon
2101 379 2209 428 quod
2238 379 2411 417 Christus
2438 388 2568 418 manet
2586 379 2628 417 in

1564 433 1788 471 hominibus
1816 433 2033 470 secundum
2059 440 2302 481 praesentem
2329 440 2471 470 statum
2492 445 2563 482 per
2582 432 2627 470 fi-

1564 487 1672 523 dem:
1703 486 1770 523 sed
1789 486 1828 522 in
1848 485 1989 534 angelis
2007 484 2127 522 beatis
2146 492 2201 522 est
2219 497 2289 534 per
2314 485 2554 523 manifestam
2571 485 2628 522 vi-

1564 539 1726 576 sionem.
1747 540 1796 576 Et
1814 538 1901 576 ideo
1921 550 2002 575 non
2021 545 2077 575 est
2097 537 2232 584 simile,
2247 537 2344 575 sicut
2362 537 2509 575 dictum
2527 546 2583 575 est
2595 538 2627 575 ²¹².

1618 670 1643 705 Θ)
1662 673 1712 698 hic.
1730 687 1749 691 —
1766 673 1816 699 hoc
1834 674 1922 706 GHbc,
1937 682 1990 699 om.
2005 674 2044 699 ΡΙ.
2059 688 2077 693 -
2091 674 2204 707 proprie
2221 675 2303 699 altero
2322 674 2381 699 loco
2398 682 2452 699 om.
2467 673 2487 698 F
2507 679 2532 700 et
2550 675 2633 700 tertia.

1251 862 1572 917 ARTICULUS
1601 862 1832 905 TERTIUS

623 959 781 991 UTRUM
805 958 942 990 soms
965 958 1096 989 HOMO
1122 957 1275 990 1usTus
1297 957 1446 988 possrr
1470 957 1747 988 MANDUCARE
1771 957 1998 989 CHRISTUM
2021 957 2452 991 SACRAMENTALITER

1023 1038 1058 1062 IV
1078 1038 1162 1067 Sent„
1183 1038 1242 1062 dist.
1262 1045 1295 1068 ix,
1315 1042 1363 1062 art.
1383 1044 1407 1068 2,
1426 1036 1475 1069 qu*
1499 1045 1520 1068 1,
1542 1044 1565 1066 2,
1585 1036 1614 1067 3;
1634 1037 1643 1061 l
1661 1037 1698 1061 ad
1719 1037 1789 1067 Cor„
1809 1045 1865 1070 cap.
1883 1045 1917 1068 ¹1,
1937 1038 1996 1063 lect.
2014 1045 2059 1062 vu.

474 1145 628 1239 2³²9*
660 1142 682 1166 D
710 1140 870 1165 TERTIUM
889 1139 941 1164 sm
961 1138 1197 1164 PROCEDrrUR.
1227 1127 1390 1164 Videtur
1408 1127 1515 1176 quod

579 1171 790 1244 ἶν’-ιιιιΙΙιιε
808 1180 928 1230 possit
956 1180 1192 1217 manducare
1228 1180 1426 1217 Christum
1458 1193 1515 1217 sa-

552 1252 579 1270 r
608 1240 630 1276 f

467 1186 650 1324 3533&
619 1280 768 1326 &enim
797 1286 1045 1335 Augustinus,
1075 1285 1114 1323 in
1142 1286 1238 1323 libro
1267 1287 1313 1323 de
1335 1287 1515 1323 Remedio

447 1342 700 1379 Poenitentiae
717 1340 756 1377 *s
787 1342 834 1378 Ut
861 1340 950 1389 quid
970 1352 1088 1389 paras
1107 1339 1250 1376 dentem
1271 1346 1304 1376 et
1321 1339 1517 1377 ventrem?

452 1394 583 1440 Crede,
613 1400 646 1431 et
672 1369 916 1431 manducasti.
950 1393 1112 1429 Credere
1139 1395 1237 1429 enim
1266 1395 1303 1430 in
1329 1405 1426 1439 eum,
1446 1393 1517 1429 hoc

449 1454 500 1485 est
522 1459 663 1498 panem
691 1449 816 1485 vivum
845 1446 1087 1483 manducare.
1125 1446 1202 1484 Sed
1230 1454 1409 1495 peccator
1436 1457 1516 1483 non

449 1501 568 1539 credit
596 1500 636 1537 in
656 1513 768 1537 eum:
799 1500 890 1549 quia
909 1511 990 1537 non
1014 1499 1130 1536 habet
1154 1499 1275 1537 fidem
1299 1499 1516 1545 formatam,

451 1555 500 1592 ad
537 1566 658 1604 quam
694 1553 857 1603 pertinet
884 1553 1041 1590 credere
1070 1554 1107 1589 in
1136 1554 1279 1599 Deum,
1308 1561 1351 1590 ut
1383 1553 1423 1590 in
1451 1553 1518 1590 Se-

451 1608 578 1646 cunda
606 1608 717 1644 Parte
736 1606 756 1628 ²⁸
783 1606 959 1643 habitum
988 1613 1053 1643 est.
1093 1607 1196 1654 Ergo
1223 1614 1403 1655 peccator
1436 1617 1517 1643 non

450 1669 576 1712 potest
610 1660 846 1697 manducare
882 1660 958 1696 hoc
985 1667 1287 1707 sacramentum,
1317 1659 1384 1709 qui
1412 1665 1429 1681 ‘²
1464 1666 1519 1696 est

447 1716 559 1766 panis
586 1715 690 1751 vivus
706 1713 738 1750 *.

507 1779 541 1804 2.
572 1768 811 1809 ΡιιΑΕτΕιιΕΑ,
841 1766 917 1802 hoc
945 1773 1230 1803 sacramentum
1265 1765 1403 1803 dicitur
1437 1777 1519 1802 esse

452 1820 621 1858 maxime
638 1825 915 1857 sacramentum
934 1820 1108 1866 caritatis,
1128 1827 1171 1856 ut
1191 1831 1309 1868 supra
1326 1819 1347 1841 ’¹‘
1373 1819 1520 1856 dictum

452 1881 519 1912 est.
550 1873 638 1920 Sed,
659 1872 756 1909 sicut
773 1871 947 1909 infideles
969 1872 1171 1921 privantur
1196 1872 1286 1919 fide,
1306 1872 1357 1909 ita
1383 1883 1521 1909 omnes

451 1934 672 1978 peccatores
691 1932 781 1963 sunt
798 1924 936 1974 privati
955 1923 970 1955 β
997 1925 1160 1962 caritate.
1190 1925 1367 1963 Infideles
1390 1932 1520 1962 autem

452 1993 533 2018 non
561 1979 741 2017 videntur
767 1978 1090 2016 sacramentaliter
1116 1991 1231 2028 posse
1258 1991 1413 2016 sumere
1446 1979 1522 2016 hoc

453 2039 756 2071 sacramentum:
795 2043 887 2068 cum
919 2031 959 2068 in
990 2031 1116 2069 forma
1143 2031 1260 2069 huius
1293 2031 1522 2069 sacramenti

454 2087 612 2133 dicatur,
641 2087 861 2134 mysterium
877 2085 984 2133 fidei.
1014 2085 1129 2133 Ergo,
1157 2084 1241 2134 pari
1269 2085 1427 2132 ratione,
1450 2096 1522 2122 nec

454 2139 590 2190 aliquis
617 2145 865 2188 peccatorum
884 2143 899 2165 Υ
927 2146 1052 2187 potest
1070 2149 1212 2188 corpus
1232 2137 1372 2176 Christi
1399 2150 1522 2176 sacra-

454 2192 668 2231 mentaliter
694 2191 942 2229 manducare.

509 2246 543 2283 3.
568 2247 801 2292 ΡιιΑΕτΕιιΕΑ,
825 2251 1004 2294 peccator
1027 2244 1148 2293 magis
1173 2252 1229 2282 est
1254 2244 1523 2282 abominabilis

454 2300 539 2337 Deo
568 2310 689 2348 quam
716 2305 889 2335 creatura
916 2297 1161 2335 irrationalis:
1192 2297 1330 2335 dicitur
1350 2297 1455 2335 enim
1483 2298 1523 2335 in

454 2353 610 2390 Psalmo
628 2351 649 2374 '¹‘
677 2351 725 2388 de
753 2350 913 2388 homine
941 2358 1160 2400 peccatore:
1196 2352 1340 2397 Homo,
1369 2363 1456 2388 cum
1484 2353 1521 2389 in

455 2407 598 2443 honore
631 2410 741 2450 esset,
771 2417 846 2442 non
881 2404 1077 2441 intellexit.-
1110 2410 1349 2454 comparatus
1384 2410 1435 2442 est
1469 2406 1522 2442 iu-

455 2460 587 2496 mentis
613 2459 875 2507 insipientibus,
904 2462 938 2493 et
963 2457 1092 2493 similis
1107 2457 1238 2505 factus
1265 2463 1315 2494 est
1334 2457 1415 2494 illis.
1445 2458 1522 2496 Sed

457 2511 600 2549 animal
617 2511 788 2556 brutum,
808 2517 902 2559 puta
920 2522 1009 2547 mus
1028 2507 1042 2531 δ
1069 2517 1136 2547 aut
1159 2510 1275 2558 canis,
1295 2522 1376 2548 non
1399 2518 1524 2560 potest

457 2575 611 2602 sumere
635 2564 711 2600 hoc
739 2570 1043 2600 sacramentum:
1074 2562 1171 2600 sicut
1198 2562 1313 2600 etiam
1332 2575 1413 2601 non
1438 2571 1522 2613 pot-

457 2625 513 2655 est
540 2628 694 2654 sumere
719 2623 1002 2653 sacramentum
1031 2615 1222 2665 baptismi.
1250 2617 1352 2665 Ergo
1371 2616 1524 2654 videtur

457 2670 578 2720 quod,
606 2669 689 2719 pari
716 2668 875 2715 ratione,
904 2680 1032 2718 neque
1059 2676 1278 2718 peccatores
1297 2670 1373 2707 hoc
1400 2682 1523 2707 sacra-

457 2730 635 2761 mentum
662 2722 910 2759 manducent.

512 2777 586 2814 SED
606 2787 751 2813 CONTRA
776 2787 842 2812 EST
864 2774 972 2824 quod
1000 2786 1118 2824 super
1135 2774 1227 2812 illud
1252 2776 1455 2824 Ioan.V1*,
1485 2783 1523 2814 ut

457 2832 491 2867 si
517 2831 596 2879 quis
623 2828 904 2866 manducaverit
929 2839 1003 2865 non
1030 2830 1212 2865 moriatur
1231 2834 1254 2875 ¹,
1284 2828 1373 2866 dicit
1391 2830 1522 2878 Augu·

458 2882 579 2920 stinus
597 2881 634 2919 *ε
670 2882 786 2920 Multi
811 2881 858 2918 de
883 2881 998 2919 altari
1022 2882 1217 2930 accipiunt,
1247 2888 1281 2919 et
1307 2883 1522 2933 accipiendo

458 2937 691 2973 moriuntur.-
725 2934 823 2971 unde
849 2935 935 2972 dicit
960 2934 1169 2984 Apostolus,
1202 2950 1221 2969 «
1242 2935 1428 2973 Iudicium
1454 2938 1526 2974 sibi

458 2989 659 3027 manducat
677 2994 711 3025 et
728 2989 816 3025 bibit
831 3003 866 3024 ».
896 2987 973 3025 Sed
992 2999 1074 3024 non
1093 2987 1313 3025 moriuntur
1330 2989 1522 3027 sumendo

458 3042 530 3079 nisi
557 3048 787 3091 peccatores.
823 3041 926 3089 Ergo
958 3048 1177 3089 peccatores
1205 3053 1346 3092 corpus
1384 3042 1522 3079 Christi

460 3093 781 3132 sacramentaliter
807 3094 1060 3140 manducant,
1090 3101 1126 3131 et
1153 3106 1233 3132 non
1261 3096 1390 3132 solum
1422 3095 1522 3133 iusti.

514 3227 542 3260 α)
561 3229 615 3260 qui.
633 3242 652 3247 ·-
670 3228 740 3261 quod
758 3228 892 3253 editiones.

514 3263 540 3297 β)
558 3267 622 3289 sunt
634 3264 748 3296 privati.
764 3277 785 3282 —-
800 3263 947 3295 privantur
966 3264 1051 3289 PBFc.

513 3308 529 3332 γ
555 3302 738 3331 peccatorum.
754 3313 773 3318 -
786 3303 914 3331 peccator
933 3299 1025 3324 PFlsG
1044 3305 1070 3324 et
1087 3307 1112 3325 a.

514 3299 540 3369 δὲ
559 3341 626 3360 mus.
643 3348 662 3354 -
681 3334 826 3359 iumentum
844 3334 880 3364 1³3
900 3334 969 3359 idem
988 3335 1013 3359 in
1033 3335 1163 3360 solutione
1180 3336 1265 3368 primo
1284 3336 1350 3362 loco.

514 3370 537 3405 ε)
557 3373 587 3396 ut
604 3370 654 3396 si...
672 3370 814 3396 moriatur.
833 3383 853 3389 -
877 3373 907 3395 ut
924 3368 989 3403 (om.
1004 3369 1036 3403 F)
1054 3370 1104 3396 si...
1119 3370 1249 3396 morietur
1266 3379 1360 3396 omnes
1379 3377 1481 3404 praeter
1496 3372 1524 3402 Ρ,

461 3414 528 3439 quae
541 3406 637 3431 Patres
655 3405 738 3431 vestri
756 3405 986 3430 manducaverunt
1004 3412 1103 3430 manna
1122 3405 1148 3430 in
1169 3406 1274 3432 deserto
1292 3409 1319 3431 et
1337 3407 1438 3432 mortui
1454 3410 1524 3433 sunt.

461 3441 500 3467 Cf.
519 3450 563 3475 qu.
582 3441 700 3473 praeced.
720 3446 766 3466 art.
784 3449 810 3472 4.
829 3440 853 3474 β.

1620 1128 1847 1164 RESPONDEO
1881 1139 2063 1166 DICENDUM
2095 1130 2203 1178 quod
2232 1130 2331 1168 circa
2365 1132 2441 1169 hoc
2473 1132 2634 1181 quidam

1568 1179 1714 1240 antiqui
1742 1189 1977 1227 erraverunt,
2015 1182 2183 1220 dicentes
2219 1185 2327 1232 quod
2355 1196 2496 1234 corpus
2525 1186 2635 1224 Chri-

662 1233 941 1272 cramentaliter
977 1233 1049 1270 nisi
1086 1233 1208 1270 homo
1245 1233 1378 1270 iustus.
1416 1232 1516 1270 Dicit
1569 1233 1614 1270 sti
1642 1245 1714 1270 nec
1733 1233 1847 1271 etiam
1867 1246 1890 1271 a
1908 1235 2173 1283 peccatoribus
2192 1238 2544 1276 sacramentaliter(
2572 1252 2634 1277 su-

1568 1287 1697 1332 mitur,
1727 1287 1807 1334 sed,
1832 1299 1953 1336 quam
1980 1287 2055 1325 cito
2083 1289 2192 1326 labiis
2219 1291 2429 1339 peccatoris
2449 1297 2467 1319 η
2494 1291 2634 1341 figitur,

1568 1348 1647 1377 tam
1679 1339 1754 1377 cito
1790 1340 1862 1377 sub
1896 1340 2097 1390 speciebus
2125 1343 2464 1382 sacramentalibus
2499 1345 2637 1383 desinit

1569 1405 1652 1430 esse
1672 1405 1813 1442 corpus
1834 1393 2029 1431 Christi.
2050 1395 2127 1432 Sed
2146 1396 2222 1433 hoc
2241 1404 2296 1433 est
2315 1409 2534 1436 erroneum.
2561 1399 2637 1437 De-

1570 1454 1676 1495 rogat
1705 1446 1809 1483 enim
1836 1446 1983 1484 veritati
2018 1448 2135 1485 huius
2163 1450 2405 1498 sacramenti,
2435 1452 2484 1488 ad
2517 1463 2638 1502 quam

1570 1499 1742 1549 pertinet,
1772 1499 1869 1536 sicut
1897 1512 2014 1550 supra
2032 1501 2052 1523 *
2079 1501 2223 1540 dicturn
2249 1511 2316 1551 est,
2337 1505 2457 1563 quod,
2477 1517 2638 1543 manen-

1570 1553 1672 1590 tibus
1700 1553 1913 1602 speciebus,
1943 1565 2084 1604 corpus
2113 1555 2253 1593 Christi
2281 1557 2353 1594 sub
2374 1557 2427 1595 eis
2446 1570 2528 1596 esse
2556 1571 2638 1597 non

1572 1606 1730 1644 desinat.
1752 1606 1908 1656 Species
1927 1615 2058 1644 autem
2072 1607 2256 1646 manent⁰
2276 1611 2451 1659 quandiu
2465 1613 2638 1650 substan-

1571 1659 1623 1697 tia
1641 1659 1752 1709 panis
1771 1667 1945 1697 maneret
1963 1660 1995 1697 si
2013 1660 2066 1698 ibi
2085 1662 2245 1710 adesset,
2262 1671 2304 1700 ut
2322 1676 2440 1713 supra
2452 1664 2474 1687 ’⁸‘
2491 1665 2636 1703 dictum

1572 1720 1639 1750 est.
1667 1712 1917 1750 Manifestum
1936 1721 1992 1751 est
2010 1722 2141 1752 autem
2168 1716 2276 1765 quod
2300 1717 2511 1756 substantia
2528 1717 2639 1768 panis

1573 1772 1771 1815 assumpta
1802 1778 1825 1802 a
1852 1774 2054 1815 peccatore
2087 1780 2169 1805 non
2203 1768 2329 1806 statim
2364 1782 2448 1807 esse
2482 1770 2639 1819 desinit,

2656 539 2666 549 ·
2682 537 2749 565 Κοερ.
2764 536 2793 558 ad
2807 542 2829 559 2.

2665 1509 2739 1537 ·Qn.
2748 1514 2826 1536 mvi,
2835 1513 2880 1531 art.

2664 1535 2744 1585 phud
2738 1525 2878 1564 ·qu.1.x’xvu‚

2665 1663 2735 1718 ⁴'Qun
2742 1668 2829 1691 mvn,
2837 1667 2880 1686 ιιι.

1573 1818 1642 1856 sed
1677 1825 1808 1856 manet
1835 1819 2010 1868 quandiu
2037 1832 2107 1870 per
2133 1823 2302 1859 calorem
2336 1825 2551 1861 naturalem
2585 1822 2641 1862 di·
2670 1835 2673 1838 ·

1573 1878 1735 1921 geratur.
1765 1872 1877 1909 Unde
1905 1872 2039 1913 tandiu
2067 1885 2209 1924 corpus
2238 1875 2378 1912 Christi
2406 1877 2479 1914 sub
2498 1877 2642 1927 specie-

1574 1926 1648 1963 bus
1675 1925 2014 1963 sacramentalibus
2042 1935 2174 1965 manet
2199 1940 2222 1965 a
2246 1929 2512 1978 peccatoribus
2539 1942 2643 1968 sum-

1574 1978 1660 2030 ptis.
1696 1978 1809 2016 Unde
1837 1977 2047 2016 dicendum
2075 1988 2131 2017 est
2164 1981 2271 2031 quod
2305 1990 2484 2032 peccator
2520 1994 2642 2021 saera-

1575 2031 1790 2069 mentaliter
1823 2043 1965 2091 corpus
2003 2033 2142 2071 Christi
2170 2035 2407 2073 manducare
2434 2043 2577 2086 potest,
2605 2043 2643 2074 et

1575 2097 1656 2123 non
1684 2086 1813 2122 solum
1841 2084 1974 2123 iustus.

1629 2140 1687 2176 An
1715 2150 1851 2176 ΡιιιΜυΜ
1879 2150 1978 2176 ERGO
2006 2151 2189 2178 Dtcssnnun
2217 2142 2324 2189 quod
2352 2142 2472 2180 verba
2498 2142 2578 2190 illa,
2607 2150 2644 2181 et

1576 2192 1724 2238 similia,
1754 2199 1842 2229 sunt
1870 2191 2113 2241 intelligenda
2140 2194 2189 2231 de
2217 2193 2400 2244 spirituali
2431 2196 2642 2234 manduca-

1574 2246 1692 2293 tione,
1721 2257 1822 2295 quae
1849 2245 2115 2295 peccatoribus
2142 2258 2223 2284 non
2250 2248 2441 2285 convenit.
2478 2250 2527 2286 Et
2554 2248 2643 2287 ideo

1576 2311 1623 2336 ex
1663 2310 1787 2348 pravo
1827 2298 2018 2336 intellectu
2059 2300 2203 2337 horum
2238 2301 2449 2339 verborum
2490 2301 2645 2350 videtur

1575 2352 1792 2402 praedictus
1820 2363 1927 2389 error
1952 2351 1973 2373 *
2006 2351 2255 2402 processisse,
2293 2353 2390 2391 dum
2427 2354 2646 2393 nescierunt

1576 2405 1806 2454 distinguere
1834 2404 1932 2441 inter
1958 2407 2200 2455 corporalem
2219 2413 2255 2443 et
2274 2406 2510 2456 spiritualem
2538 2419 2645 2447 man-

1575 2458 1836 2496 ducationem.

1628 2513 1686 2548 An
1714 2523 1903 2549 SECUNDUM
1930 2523 2113 2549 DICENDUM
2141 2513 2250 2562 quod
2277 2512 2393 2550 etiam
2421 2513 2452 2551 si
2479 2513 2645 2552 infidelis

1576 2571 1703 2602 sumat
1731 2563 1876 2614 species
1904 2566 2210 2611 sacramentales,
2232 2577 2374 2616 corpus
2403 2566 2542 2604 Christi
2570 2568 2644 2605 sub

1576 2624 1816 2655 sacramento
1835 2616 1963 2654 sumit.
1993 2618 2105 2655 Unde
2134 2619 2344 2656 manducat
2363 2619 2560 2658 Christum
2585 2633 2644 2659 sa·

1576 2669 1865 2718 eramentaliter,
1882 2669 1913 2707 si
1932 2671 1970 2720 ly
1982 2672 2304 2709 sacramentaliter
2319 2672 2548 2711 determinat
2561 2685 2643 2712 ver-

1576 2724 1674 2761 bum
1692 2723 1738 2761 ex'
1757 2731 1864 2772 parte
1883 2723 2116 2761 manducati.
2138 2724 2178 2762 Si
2197 2732 2327 2762 autern
2347 2737 2393 2763 ex
2407 2733 2514 2776 parte
2532 2738 2643 2764 man·

1576 2776 1762 2824 ducantis,
1782 2784 1885 2824 tunc,
1904 2776 2060 2827 proprie
2088 2778 2298 2826 loquendo,
2326 2790 2407 2816 non
2434 2779 2644 2817 manducat

1576 2829 1915 2867 sacramentaliter:
1946 2829 2037 2879 quia
2064 2842 2145 2868 non
2169 2830 2287 2868 utitur
2305 2843 2354 2869 eo
2372 2832 2480 2882 quod
2507 2831 2644 2882 accipit

1577 2891 1619 2920 ut
1646 2890 1904 2929 sacrament0‚
1934 2883 2001 2920 sed
2029 2890 2072 2920 ut
2099 2883 2261 2933 simplici
2294 2883 2393 2922 cibo.
2431 2884 2515 2922 Nisi
2546 2884 2642 2923 sorte

1576 2935 1740 2973 infidelis
1759 2935 1972 2973 intenderet
1990 2935 2159 2986 recipere
2179 2936 2219 2974 id
2237 2937 2345 2987 quod
2364 2937 2534 2975 Ecclesia
2552 2949 2642 2975 con-

1576 2990 1665 3036 fert,
1694 2989 1780 3026 licet
1806 3001 1886 3026 non
1914 2989 2072 3026 haberet
2107 2989 2228 3027 fidem
2255 3001 2389 3027 veram
2416 2989 2515 3028 circa
2547 2990 2642 3029 alios

1577 3042 1767 3090 articulos,
1795 3044 1858 3080 vel
1884 3041 1985 3080 circa
2003 3048 2011 3064 ‘
2039 3043 2116 3080 hoc
2143 3050 2439 3080 sacramentum.

1631 3096 1688 3133 Αι)
1715 3107 1875 3133 'ri-:arlon
1901 3107 2083 3133 meantum
2112 3095 2232 3144 quod,
2261 3094 2376 3133 etiam
2404 3095 2435 3133 si
2458 3107 2549 3134 mus
2576 3104 2643 3135 aut

1629 3229 1655 3272 ζ)
1674 3238 1691 3255 a
1704 3230 1890 3262 peccatoribus
1904 3231 2143 3256 sacramentaliter.
2155 3245 2174 3249 —
2185 3231 2418 3257 sacramentaliter
2430 3239 2448 3256 a
2456 3233 2644 3264 peccatoribus

1577 3271 1661 3335 tei-tux).
1674 3301 1834 3333 peccatoris.
1850 3315 1869 3320 —
1882 3304 2055 3333 peccatorum
2074 3301 2120 3331 Fa,
2140 3301 2326 3334 peccatoribus
2344 3302 2374 3328 P.
2393 3302 2443 3327 Pro
2458 3303 2567 3336 figitur,
2586 3303 2643 3329 cin-

1577 3337 1653 3370 gitur
1671 3337 1702 3367 D,
1720 3336 1893 3369 coniungitur
1911 3337 1952 3361 ed.
1970 3343 1996 3364 a.
2014 3336 2182 3370 contingitur
2199 3336 2281 3363 tertia.

1631 3370 1656 3406 Θ)
1674 3374 1791 3397 manent.
1813 3385 1833 3390 -
1860 3372 1882 3396 D
1902 3376 1928 3396 et
1945 3371 2031 3403 tertia;
2060 3375 2181 3398 remanet
2198 3372 2227 3403 F,
2246 3376 2337 3398 manet
2363 3373 2450 3399 ceteri.
2475 3387 2496 3393 -
2521 3377 2643 3400 maneret

1577 3407 1666 3438 tei-tin
1686 3410 1784 3432 manet.

1632 3442 1651 3477 ι)
1669 3442 1749 3468 circa.
1767 3457 1787 3461 —
1803 3442 1883 3467 etiam
1903 3442 1976 3467 circa
1994 3442 2068 3473 GIbc,
2087 3443 2168 3468 etiam
2186 3443 2215 3469 Ρ.

2670 2357 2728 2381 ‘Cn
2735 2362 2802 2385 σοι-ρ.
2811 2357 2888 2385 princ.
