<?xml version="1.0" encoding="UTF-8"?>
<!DOCTYPE html PUBLIC "-//W3C//DTD XHTML 1.0 Transitional//EN"
    "http://www.w3.org/TR/xhtml1/DTD/xhtml1-transitional.dtd">
<html xmlns="http://www.w3.org/1999/xhtml" xml:lang="en" lang="en">
 <head>
  <title>
</title>
<meta http-equiv="Content-Type" content="text/html;charset=utf-8" />
  <meta name='ocr-system' content='tesseract 3.04.00' />
  <meta name='ocr-capabilities' content='ocr_page ocr_carea ocr_par ocr_line ocrx_word'/>
</head>
<body>
  <div class='ocr_page' id='page_1' title='image "./operaomniaiussui12thom/operaomniaiussui12thom_0695.png"; bbox 0 0 2878 4088; ppageno 0'>
   <div class='ocr_carea' id='block_1_1' title="bbox 0 0 40 2273">
    <p class='ocr_par' dir='ltr' id='par_1_1' title="bbox 0 0 40 2273">
     <span class='ocr_line' id='line_1_1' title="bbox 0 0 40 2273; baseline 0 0"><span class='ocrx_word' id='word_1_1' title='bbox 0 0 40 2273; x_wconf 95' lang='lat' dir='ltr'><strong> </strong></span> 
     </span>
    </p>
   </div>
   <div class='ocr_carea' id='block_1_2' title="bbox 112 800 325 855">
    <p class='ocr_par' dir='ltr' id='par_1_2' title="bbox 112 800 325 855">
     <span class='ocr_line' id='line_1_2' title="bbox 112 800 325 828; baseline -0.005 -5"><span class='ocrx_word' id='word_1_2' title='bbox 112 802 123 812; x_wconf 85' lang='grc'>·</span> <span class='ocrx_word' id='word_1_3' title='bbox 131 800 277 828; x_wconf 72' lang='lat' dir='ltr'><strong>nint-xxxin,</strong></span> <span class='ocrx_word' id='word_1_4' title='bbox 285 806 325 828; x_wconf 86' lang='lat' dir='ltr'><strong>qu.</strong></span> 
     </span>
     <span class='ocr_line' id='line_1_3' title="bbox 113 831 271 855; baseline 0.006 -6"><span class='ocrx_word' id='word_1_5' title='bbox 113 833 146 855; x_wconf 89' lang='grc' dir='ltr'><strong>ιιι,</strong></span> <span class='ocrx_word' id='word_1_6' title='bbox 159 831 200 849; x_wconf 81' lang='grc' dir='ltr'><strong>ιη.</strong></span> <span class='ocrx_word' id='word_1_7' title='bbox 218 835 237 855; x_wconf 77' lang='grc' dir='ltr'><strong>ι,</strong></span> <span class='ocrx_word' id='word_1_8' title='bbox 251 833 271 850; x_wconf 77' lang='lat'><strong>².</strong></span> 
     </span>
    </p>
   </div>
   <div class='ocr_carea' id='block_1_3' title="bbox 127 2963 338 3020">
    <p class='ocr_par' dir='ltr' id='par_1_3' title="bbox 127 2963 338 3020">
     <span class='ocr_line' id='line_1_4' title="bbox 127 2963 338 2992; baseline -0.009 -5"><span class='ocrx_word' id='word_1_9' title='bbox 127 2965 138 2977; x_wconf 81' lang='grc'>·</span> <span class='ocrx_word' id='word_1_10' title='bbox 155 2963 218 2987; x_wconf 75' lang='lat' dir='ltr'><strong>Pan.</strong></span> <span class='ocrx_word' id='word_1_11' title='bbox 235 2963 281 2990; x_wconf 83' lang='lat' dir='ltr'><strong>m,</strong></span> <span class='ocrx_word' id='word_1_12' title='bbox 297 2970 338 2992; x_wconf 81' lang='lat' dir='ltr'><strong>qu.</strong></span> 
     </span>
     <span class='ocr_line' id='line_1_5' title="bbox 127 2994 291 3020; baseline 0 -7"><span class='ocrx_word' id='word_1_13' title='bbox 127 2997 201 3019; x_wconf 79' lang='lat' dir='ltr'><strong>xxvu,</strong></span> <span class='ocrx_word' id='word_1_14' title='bbox 215 2994 257 3013; x_wconf 75' lang='lat' dir='ltr'><strong>nrt.</strong></span> <span class='ocrx_word' id='word_1_15' title='bbox 270 2997 291 3020; x_wconf 75' lang='lat'><strong>3.</strong></span> 
     </span>
    </p>
   </div>
   <div class='ocr_carea' id='block_1_4' title="bbox 128 3142 267 3196">
    <p class='ocr_par' dir='ltr' id='par_1_4' title="bbox 128 3142 267 3196">
     <span class='ocr_line' id='line_1_6' title="bbox 130 3142 238 3165; baseline -0.009 0"><span class='ocrx_word' id='word_1_16' title='bbox 130 3145 140 3155; x_wconf 87' lang='grc'><strong>”</strong></span> <span class='ocrx_word' id='word_1_17' title='bbox 153 3142 238 3165; x_wconf 67' lang='lat' dir='ltr'><strong>lomb.</strong></span> 
     </span>
     <span class='ocr_line' id='line_1_7' title="bbox 128 3169 267 3196; baseline 0 -5"><span class='ocrx_word' id='word_1_18' title='bbox 128 3170 151 3182; x_wconf 73' lang='lat'><strong>&#39;⁸</strong></span> <span class='ocrx_word' id='word_1_19' title='bbox 164 3169 231 3191; x_wconf 77' lang='lat' dir='ltr'><strong>Ven-</strong></span> <span class='ocrx_word' id='word_1_20' title='bbox 245 3173 267 3196; x_wconf 92' lang='lat'><strong>7.</strong></span> 
     </span>
    </p>
   </div>
   <div class='ocr_carea' id='block_1_5' title="bbox 130 3414 343 3524">
    <p class='ocr_par' dir='ltr' id='par_1_5' title="bbox 130 3414 343 3524">
     <span class='ocr_line' id='line_1_8' title="bbox 134 3414 343 3440; baseline 0 -3"><span class='ocrx_word' id='word_1_21' title='bbox 134 3417 144 3427; x_wconf 95' lang='grc'>·</span> <span class='ocrx_word' id='word_1_22' title='bbox 170 3414 240 3437; x_wconf 72' lang='lat' dir='ltr'><strong>Vert-</strong></span> <span class='ocrx_word' id='word_1_23' title='bbox 268 3420 343 3440; x_wconf 65' lang='grc' dir='ltr'><strong>νει-ς</strong></span> 
     </span>
     <span class='ocr_line' id='line_1_9' title="bbox 130 3441 342 3470; baseline -0.009 -6"><span class='ocrx_word' id='word_1_24' title='bbox 130 3441 342 3470; x_wconf 49' lang='lat' dir='ltr'><strong>&amp;rumpamus-</strong></span> 
     </span>
     <span class='ocr_line' id='line_1_10' title="bbox 133 3468 342 3497; baseline -0.005 -6"><span class='ocrx_word' id='word_1_25' title='bbox 133 3474 170 3497; x_wconf 71' lang='lat'><strong>¹33</strong></span> <span class='ocrx_word' id='word_1_26' title='bbox 181 3468 342 3496; x_wconf 65' lang='grc' dir='ltr'><strong>μισ-σιμπ,</strong></span> 
     </span>
     <span class='ocr_line' id='line_1_11' title="bbox 131 3499 263 3524; baseline 0.008 -8"><span class='ocrx_word' id='word_1_27' title='bbox 131 3499 190 3517; x_wconf 76' lang='lat' dir='ltr'><strong>vm.</strong></span> <span class='ocrx_word' id='word_1_28' title='bbox 207 3500 263 3524; x_wconf 75' lang='lat'><strong>2-13.</strong></span> 
     </span>
    </p>
   </div>
   <div class='ocr_carea' id='block_1_6' title="bbox 1031 138 1847 189">
    <p class='ocr_par' dir='ltr' id='par_1_6' title="bbox 1031 138 1847 189">
     <span class='ocr_line' id='line_1_12' title="bbox 1031 138 1847 189; baseline -0.005 -10"><span class='ocrx_word' id='word_1_29' title='bbox 1031 141 1295 189; x_wconf 90' lang='lat' dir='ltr'><strong>QUAESTIO</strong></span> <span class='ocrx_word' id='word_1_30' title='bbox 1324 139 1457 187; x_wconf 84' lang='lat' dir='ltr'>XCVI,</span> <span class='ocrx_word' id='word_1_31' title='bbox 1478 138 1770 176; x_wconf 87' lang='lat' dir='ltr'><strong>ARTICULUS</strong></span> <span class='ocrx_word' id='word_1_32' title='bbox 1798 139 1847 175; x_wconf 93' lang='lat' dir='ltr'><strong>Vl</strong></span> 
     </span>
    </p>
   </div>
   <div class='ocr_carea' id='block_1_7' title="bbox 347 219 1420 660">
    <p class='ocr_par' dir='ltr' id='par_1_7' title="bbox 347 219 1416 342">
     <span class='ocr_line' id='line_1_13' title="bbox 347 219 1415 261; baseline -0.005 -8"><span class='ocrx_word' id='word_1_33' title='bbox 347 222 450 253; x_wconf 88' lang='lat' dir='ltr'><strong>niens.</strong></span> <span class='ocrx_word' id='word_1_34' title='bbox 474 221 560 259; x_wconf 92' lang='lat' dir='ltr'><strong>Quia</strong></span> <span class='ocrx_word' id='word_1_35' title='bbox 583 220 762 252; x_wconf 93' lang='lat' dir='ltr'><strong>secundum</strong></span> <span class='ocrx_word' id='word_1_36' title='bbox 785 221 849 251; x_wconf 93' lang='lat' dir='ltr'><strong>hoc</strong></span> <span class='ocrx_word' id='word_1_37' title='bbox 872 220 944 251; x_wconf 85' lang='lat' dir='ltr'><strong>illae</strong></span> <span class='ocrx_word' id='word_1_38' title='bbox 968 229 1051 261; x_wconf 92' lang='lat' dir='ltr'><strong>quae</strong></span> <span class='ocrx_word' id='word_1_39' title='bbox 1074 221 1193 250; x_wconf 87' lang='lat' dir='ltr'><strong>habent</strong></span> <span class='ocrx_word' id='word_1_40' title='bbox 1215 219 1415 250; x_wconf 87' lang='lat' dir='ltr'><strong>voluntatem</strong></span> 
     </span>
     <span class='ocr_line' id='line_1_14' title="bbox 349 263 1416 306; baseline -0.004 -10"><span class='ocrx_word' id='word_1_41' title='bbox 349 265 493 297; x_wconf 90' lang='lat' dir='ltr'><strong>nubendi</strong></span> <span class='ocrx_word' id='word_1_42' title='bbox 509 271 541 296; x_wconf 89' lang='lat' dir='ltr'><strong>et</strong></span> <span class='ocrx_word' id='word_1_43' title='bbox 556 271 664 296; x_wconf 87' lang='lat' dir='ltr'><strong>tamen</strong></span> <span class='ocrx_word' id='word_1_44' title='bbox 687 271 860 306; x_wconf 88' lang='lat' dir='ltr'><strong>antequam</strong></span> <span class='ocrx_word' id='word_1_45' title='bbox 883 266 1051 306; x_wconf 88' lang='lat' dir='ltr'><strong>nupserint</strong></span> <span class='ocrx_word' id='word_1_46' title='bbox 1066 264 1236 300; x_wconf 89' lang='lat' dir='ltr'><strong>decedunt,</strong></span> <span class='ocrx_word' id='word_1_47' title='bbox 1252 263 1416 294; x_wconf 91' lang='lat' dir='ltr'><strong>habebunt</strong></span> 
     </span>
     <span class='ocr_line' id='line_1_15' title="bbox 350 310 525 342; baseline 0 -1"><span class='ocrx_word' id='word_1_48' title='bbox 350 310 525 342; x_wconf 86' lang='lat' dir='ltr'><strong>aureolam.</strong></span> 
     </span>
    </p>

    <p class='ocr_par' dir='ltr' id='par_1_8' title="bbox 350 352 1419 607">
     <span class='ocr_line' id='line_1_16' title="bbox 405 352 1417 395; baseline -0.004 -10"><span class='ocrx_word' id='word_1_49' title='bbox 405 354 500 386; x_wconf 90' lang='lat' dir='ltr'>Unde</span> <span class='ocrx_word' id='word_1_50' title='bbox 523 354 576 385; x_wconf 87' lang='lat' dir='ltr'><strong>alii</strong></span> <span class='ocrx_word' id='word_1_51' title='bbox 600 354 711 385; x_wconf 92' lang='lat' dir='ltr'><strong>dicunt</strong></span> <span class='ocrx_word' id='word_1_52' title='bbox 734 354 824 395; x_wconf 91' lang='lat' dir='ltr'><strong>quod</strong></span> <span class='ocrx_word' id='word_1_53' title='bbox 847 353 978 384; x_wconf 90' lang='lat' dir='ltr'><strong>aureola</strong></span> <span class='ocrx_word' id='word_1_54' title='bbox 1000 352 1133 383; x_wconf 89' lang='lat' dir='ltr'><strong>debetur</strong></span> <span class='ocrx_word' id='word_1_55' title='bbox 1160 352 1270 387; x_wconf 88' lang='lat' dir='ltr'><strong>statui,</strong></span> <span class='ocrx_word' id='word_1_56' title='bbox 1295 357 1326 382; x_wconf 91' lang='lat' dir='ltr'><strong>et</strong></span> <span class='ocrx_word' id='word_1_57' title='bbox 1348 360 1417 381; x_wconf 93' lang='lat' dir='ltr'><strong>non</strong></span> 
     </span>
     <span class='ocr_line' id='line_1_17' title="bbox 350 398 1417 438; baseline -0.005 -8"><span class='ocrx_word' id='word_1_58' title='bbox 350 400 453 430; x_wconf 85' lang='lat' dir='ltr'><strong>actui:</strong></span> <span class='ocrx_word' id='word_1_59' title='bbox 480 404 517 429; x_wconf 92' lang='lat' dir='ltr'><strong>ut</strong></span> <span class='ocrx_word' id='word_1_60' title='bbox 539 398 612 430; x_wconf 92' lang='lat' dir='ltr'><strong>illae</strong></span> <span class='ocrx_word' id='word_1_61' title='bbox 634 404 761 430; x_wconf 91' lang='lat' dir='ltr'><strong>tantum</strong></span> <span class='ocrx_word' id='word_1_62' title='bbox 782 398 920 438; x_wconf 89' lang='lat' dir='ltr'><strong>virgines</strong></span> <span class='ocrx_word' id='word_1_63' title='bbox 943 398 1107 428; x_wconf 87' lang='lat' dir='ltr'><strong>aureolam</strong></span> <span class='ocrx_word' id='word_1_64' title='bbox 1129 401 1312 427; x_wconf 89' lang='lat' dir='ltr'><strong>mereantur</strong></span> <span class='ocrx_word' id='word_1_65' title='bbox 1334 404 1417 435; x_wconf 83' lang='lat' dir='ltr'><strong>quae</strong></span> 
     </span>
     <span class='ocr_line' id='line_1_18' title="bbox 350 441 1418 484; baseline -0.005 -10"><span class='ocrx_word' id='word_1_66' title='bbox 350 444 385 474; x_wconf 93' lang='lat' dir='ltr'><strong>in</strong></span> <span class='ocrx_word' id='word_1_67' title='bbox 414 449 497 474; x_wconf 87' lang='lat' dir='ltr'><strong>statu</strong></span> <span class='ocrx_word' id='word_1_68' title='bbox 527 443 713 483; x_wconf 84' lang='lat' dir='ltr'><strong>virginitatis</strong></span> <span class='ocrx_word' id='word_1_69' title='bbox 744 447 920 484; x_wconf 84' lang='lat' dir='ltr'>perpetuae</span> <span class='ocrx_word' id='word_1_70' title='bbox 951 441 1123 472; x_wconf 84' lang='lat' dir='ltr'><strong>servandae</strong></span> <span class='ocrx_word' id='word_1_71' title='bbox 1152 450 1211 481; x_wconf 92' lang='lat' dir='ltr'><strong>per</strong></span> <span class='ocrx_word' id='word_1_72' title='bbox 1239 445 1354 470; x_wconf 91' lang='lat' dir='ltr'><strong>votum</strong></span> <span class='ocrx_word' id='word_1_73' title='bbox 1384 448 1418 469; x_wconf 91' lang='lat' dir='ltr'><strong>se</strong></span> 
     </span>
     <span class='ocr_line' id='line_1_19' title="bbox 351 483 1419 528; baseline -0.005 -10"><span class='ocrx_word' id='word_1_74' title='bbox 351 493 540 528; x_wconf 90' lang='lat' dir='ltr'><strong>posuerunt.</strong></span> <span class='ocrx_word' id='word_1_75' title='bbox 555 505 579 510; x_wconf 90' lang='lat'><em>-</em></span> <span class='ocrx_word' id='word_1_76' title='bbox 598 486 662 518; x_wconf 88' lang='lat' dir='ltr'><strong>Sed</strong></span> <span class='ocrx_word' id='word_1_77' title='bbox 677 487 740 518; x_wconf 84' lang='lat' dir='ltr'><strong>hoc</strong></span> <span class='ocrx_word' id='word_1_78' title='bbox 764 487 859 517; x_wconf 91' lang='lat' dir='ltr'><strong>etiam</strong></span> <span class='ocrx_word' id='word_1_79' title='bbox 874 496 943 517; x_wconf 91' lang='lat' dir='ltr'><strong>non</strong></span> <span class='ocrx_word' id='word_1_80' title='bbox 957 485 1083 516; x_wconf 90' lang='lat' dir='ltr'><strong>videtur</strong></span> <span class='ocrx_word' id='word_1_81' title='bbox 1099 485 1303 516; x_wconf 87' lang='lat' dir='ltr'><strong>conveniens.</strong></span> <span class='ocrx_word' id='word_1_82' title='bbox 1333 483 1419 522; x_wconf 88' lang='lat' dir='ltr'><strong>Quia</strong></span> 
     </span>
     <span class='ocr_line' id='line_1_20' title="bbox 351 529 1419 573; baseline -0.006 -10"><span class='ocrx_word' id='word_1_83' title='bbox 351 532 466 573; x_wconf 88' lang='lat' dir='ltr'><strong>aliquis</strong></span> <span class='ocrx_word' id='word_1_84' title='bbox 490 541 529 562; x_wconf 87' lang='lat' dir='ltr'><strong>ex</strong></span> <span class='ocrx_word' id='word_1_85' title='bbox 551 532 620 572; x_wconf 86' lang='lat' dir='ltr'><strong>pari</strong></span> <span class='ocrx_word' id='word_1_86' title='bbox 642 531 808 562; x_wconf 88' lang='lat' dir='ltr'><strong>voluntate</strong></span> <span class='ocrx_word' id='word_1_87' title='bbox 834 535 942 571; x_wconf 89' lang='lat' dir='ltr'><strong>potest</strong></span> <span class='ocrx_word' id='word_1_88' title='bbox 971 539 1094 561; x_wconf 90' lang='lat' dir='ltr'><strong>servare</strong></span> <span class='ocrx_word' id='word_1_89' title='bbox 1115 529 1328 569; x_wconf 84' lang='lat' dir='ltr'><strong>virginitatem</strong></span> <span class='ocrx_word' id='word_1_90' title='bbox 1350 537 1419 558; x_wconf 90' lang='lat' dir='ltr'><strong>non</strong></span> 
     </span>
     <span class='ocr_line' id='line_1_21' title="bbox 351 576 837 607; baseline -0.004 0"><span class='ocrx_word' id='word_1_91' title='bbox 351 586 474 607; x_wconf 85' lang='lat' dir='ltr'><strong>vovens</strong></span> <span class='ocrx_word' id='word_1_92' title='bbox 497 577 579 607; x_wconf 89' lang='lat' dir='ltr'><strong>sicut</strong></span> <span class='ocrx_word' id='word_1_93' title='bbox 602 576 682 606; x_wconf 91' lang='lat' dir='ltr'><strong>alius</strong></span> <span class='ocrx_word' id='word_1_94' title='bbox 704 585 837 606; x_wconf 85' lang='lat' dir='ltr'><strong>vovens.</strong></span> 
     </span>
    </p>

    <p class='ocr_par' dir='ltr' id='par_1_9' title="bbox 407 615 1420 660">
     <span class='ocr_line' id='line_1_22' title="bbox 407 615 1420 660; baseline -0.008 -8"><span class='ocrx_word' id='word_1_95' title='bbox 407 621 450 652; x_wconf 91' lang='lat' dir='ltr'><strong>Et</strong></span> <span class='ocrx_word' id='word_1_96' title='bbox 472 620 546 651; x_wconf 91' lang='lat' dir='ltr'><strong>ideo</strong></span> <span class='ocrx_word' id='word_1_97' title='bbox 575 620 665 650; x_wconf 89' lang='lat' dir='ltr'><strong>aliter</strong></span> <span class='ocrx_word' id='word_1_98' title='bbox 692 619 756 651; x_wconf 88' lang='lat' dir='ltr'><strong>dici</strong></span> <span class='ocrx_word' id='word_1_99' title='bbox 781 624 889 660; x_wconf 89' lang='lat' dir='ltr'><strong>potest</strong></span> <span class='ocrx_word' id='word_1_100' title='bbox 916 618 1007 659; x_wconf 91' lang='lat' dir='ltr'><strong>quod</strong></span> <span class='ocrx_word' id='word_1_101' title='bbox 1032 618 1185 649; x_wconf 89' lang='lat' dir='ltr'><strong>meritum</strong></span> <span class='ocrx_word' id='word_1_102' title='bbox 1213 625 1311 647; x_wconf 91' lang='lat' dir='ltr'><strong>omne</strong></span> <span class='ocrx_word' id='word_1_103' title='bbox 1335 615 1420 645; x_wconf 87' lang='lat' dir='ltr'><strong>actui</strong></span> 
     </span>
    </p>
   </div>
   <div class='ocr_carea' id='block_1_8' title="bbox 316 661 1420 703">
    <p class='ocr_par' dir='ltr' id='par_1_10' title="bbox 316 661 1420 703">
     <span class='ocr_line' id='line_1_23' title="bbox 316 661 1420 703; baseline -0.007 -7"><span class='ocrx_word' id='word_1_104' title='bbox 316 684 324 696; x_wconf 85' lang='lat'>‚</span> <span class='ocrx_word' id='word_1_105' title='bbox 351 665 476 696; x_wconf 87' lang='lat' dir='ltr'><strong>virtutis</strong></span> <span class='ocrx_word' id='word_1_106' title='bbox 508 665 642 695; x_wconf 87' lang='lat' dir='ltr'><strong>debetur</strong></span> <span class='ocrx_word' id='word_1_107' title='bbox 668 674 687 694; x_wconf 91' lang='lat' dir='ltr'><strong>a</strong></span> <span class='ocrx_word' id='word_1_108' title='bbox 715 664 843 694; x_wconf 85' lang='lat' dir='ltr'><strong>caritate</strong></span> <span class='ocrx_word' id='word_1_109' title='bbox 873 663 1031 703; x_wconf 89' lang='lat' dir='ltr'><strong>imperato</strong></span> <span class='ocrx_word' id='word_1_110' title='bbox 1047 661 1075 692; x_wconf 61' lang='lat'><strong>³.</strong></span> <span class='ocrx_word' id='word_1_111' title='bbox 1108 661 1279 700; x_wconf 84' lang='lat' dir='ltr'><strong>Virginitas</strong></span> <span class='ocrx_word' id='word_1_112' title='bbox 1311 664 1420 689; x_wconf 88' lang='lat' dir='ltr'><strong>autem</strong></span> 
     </span>
    </p>
   </div>
   <div class='ocr_carea' id='block_1_9' title="bbox 351 702 1422 1145">
    <p class='ocr_par' dir='ltr' id='par_1_11' title="bbox 351 702 1422 1145">
     <span class='ocr_line' id='line_1_24' title="bbox 352 702 1420 748; baseline -0.007 -8"><span class='ocrx_word' id='word_1_113' title='bbox 352 708 533 740; x_wconf 89' lang='lat' dir='ltr'><strong>secundum</strong></span> <span class='ocrx_word' id='word_1_114' title='bbox 551 709 616 739; x_wconf 91' lang='lat' dir='ltr'><strong>hoc</strong></span> <span class='ocrx_word' id='word_1_115' title='bbox 637 707 678 739; x_wconf 88' lang='lat' dir='ltr'><strong>ad</strong></span> <span class='ocrx_word' id='word_1_116' title='bbox 697 717 798 748; x_wconf 89' lang='lat' dir='ltr'><strong>genus</strong></span> <span class='ocrx_word' id='word_1_117' title='bbox 821 707 944 737; x_wconf 82' lang='lat' dir='ltr'><strong>virtutis</strong></span> <span class='ocrx_word' id='word_1_118' title='bbox 962 706 1111 747; x_wconf 82' lang='lat' dir='ltr'>pertinet,</span> <span class='ocrx_word' id='word_1_119' title='bbox 1127 703 1306 735; x_wconf 90' lang='lat' dir='ltr'><strong>secundum</strong></span> <span class='ocrx_word' id='word_1_120' title='bbox 1331 702 1420 743; x_wconf 93' lang='lat' dir='ltr'><strong>quod</strong></span> 
     </span>
     <span class='ocr_line' id='line_1_25' title="bbox 352 748 1420 794; baseline -0.008 -9"><span class='ocrx_word' id='word_1_121' title='bbox 352 758 508 794; x_wconf 89' lang='lat' dir='ltr'><strong>perpetua</strong></span> <span class='ocrx_word' id='word_1_122' title='bbox 531 753 731 792; x_wconf 85' lang='lat' dir='ltr'><strong>incorruptio</strong></span> <span class='ocrx_word' id='word_1_123' title='bbox 754 751 871 782; x_wconf 89' lang='lat' dir='ltr'><strong>mentis</strong></span> <span class='ocrx_word' id='word_1_124' title='bbox 895 756 926 780; x_wconf 93' lang='lat' dir='ltr'><strong>et</strong></span> <span class='ocrx_word' id='word_1_125' title='bbox 945 750 1088 790; x_wconf 88' lang='lat' dir='ltr'><strong>corporis</strong></span> <span class='ocrx_word' id='word_1_126' title='bbox 1112 749 1170 778; x_wconf 91' lang='lat' dir='ltr'><strong>sub</strong></span> <span class='ocrx_word' id='word_1_127' title='bbox 1195 748 1353 778; x_wconf 88' lang='lat' dir='ltr'>electione</span> <span class='ocrx_word' id='word_1_128' title='bbox 1369 756 1420 776; x_wconf 95' lang='lat' dir='ltr'><strong>ca-</strong></span> 
     </span>
     <span class='ocr_line' id='line_1_26' title="bbox 353 791 1421 838; baseline -0.007 -10"><span class='ocrx_word' id='word_1_129' title='bbox 353 797 416 828; x_wconf 88' lang='lat' dir='ltr'><strong>dit:</strong></span> <span class='ocrx_word' id='word_1_130' title='bbox 433 803 470 828; x_wconf 92' lang='lat' dir='ltr'><strong>ut</strong></span> <span class='ocrx_word' id='word_1_131' title='bbox 484 802 573 838; x_wconf 86' lang='lat' dir='ltr'><strong>patet</strong></span> <span class='ocrx_word' id='word_1_132' title='bbox 588 806 627 827; x_wconf 89' lang='lat' dir='ltr'><strong>ex</strong></span> <span class='ocrx_word' id='word_1_133' title='bbox 641 797 691 826; x_wconf 90' lang='lat' dir='ltr'><strong>his</strong></span> <span class='ocrx_word' id='word_1_134' title='bbox 715 804 798 835; x_wconf 86' lang='lat' dir='ltr'><strong>quae</strong></span> <span class='ocrx_word' id='word_1_135' title='bbox 821 794 905 826; x_wconf 87' lang='lat' dir='ltr'><strong>dicta</strong></span> <span class='ocrx_word' id='word_1_136' title='bbox 927 798 1003 824; x_wconf 90' lang='lat' dir='ltr'><strong>sunt</strong></span> <span class='ocrx_word' id='word_1_137' title='bbox 1017 795 1044 823; x_wconf 70' lang='grc'><strong>“.</strong></span> <span class='ocrx_word' id='word_1_138' title='bbox 1068 792 1110 823; x_wconf 89' lang='lat' dir='ltr'><strong>Et</strong></span> <span class='ocrx_word' id='word_1_139' title='bbox 1124 791 1199 822; x_wconf 92' lang='lat' dir='ltr'><strong>ideo</strong></span> <span class='ocrx_word' id='word_1_140' title='bbox 1219 792 1280 822; x_wconf 90' lang='lat' dir='ltr'><strong>illis</strong></span> <span class='ocrx_word' id='word_1_141' title='bbox 1295 796 1421 821; x_wconf 90' lang='lat' dir='ltr'><strong>tantum</strong></span> 
     </span>
     <span class='ocr_line' id='line_1_27' title="bbox 352 835 1421 882; baseline -0.007 -10"><span class='ocrx_word' id='word_1_142' title='bbox 352 841 530 882; x_wconf 87' lang='lat' dir='ltr'><strong>virginibus</strong></span> <span class='ocrx_word' id='word_1_143' title='bbox 555 840 686 870; x_wconf 82' lang='lat' dir='ltr'><strong>aureola</strong></span> <span class='ocrx_word' id='word_1_144' title='bbox 712 839 843 880; x_wconf 86' lang='lat' dir='ltr'>proprie</span> <span class='ocrx_word' id='word_1_145' title='bbox 871 837 1004 868; x_wconf 87' lang='lat' dir='ltr'><strong>debetur</strong></span> <span class='ocrx_word' id='word_1_146' title='bbox 1027 846 1111 877; x_wconf 87' lang='lat' dir='ltr'><strong>quae</strong></span> <span class='ocrx_word' id='word_1_147' title='bbox 1138 837 1343 876; x_wconf 87' lang='lat' dir='ltr'><strong>propositum</strong></span> <span class='ocrx_word' id='word_1_148' title='bbox 1366 835 1421 865; x_wconf 90' lang='lat' dir='ltr'><strong>ha-</strong></span> 
     </span>
     <span class='ocr_line' id='line_1_28' title="bbox 352 880 1421 924; baseline -0.007 -8"><span class='ocrx_word' id='word_1_149' title='bbox 352 886 493 917; x_wconf 87' lang='lat' dir='ltr'><strong>buerunt</strong></span> <span class='ocrx_word' id='word_1_150' title='bbox 514 884 728 924; x_wconf 83' lang='lat' dir='ltr'><strong>virginitatem</strong></span> <span class='ocrx_word' id='word_1_151' title='bbox 750 887 909 924; x_wconf 89' lang='lat' dir='ltr'><strong>perpetuo</strong></span> <span class='ocrx_word' id='word_1_152' title='bbox 934 880 1154 917; x_wconf 81' lang='lat' dir='ltr'><strong>conservandi,</strong></span> <span class='ocrx_word' id='word_1_153' title='bbox 1170 881 1237 910; x_wconf 86' lang='lat' dir='ltr'><strong>sive</strong></span> <span class='ocrx_word' id='word_1_154' title='bbox 1259 881 1323 910; x_wconf 91' lang='lat' dir='ltr'><strong>hoc</strong></span> <span class='ocrx_word' id='word_1_155' title='bbox 1346 889 1421 920; x_wconf 87' lang='lat' dir='ltr'><strong>pro-</strong></span> 
     </span>
     <span class='ocr_line' id='line_1_29' title="bbox 353 923 1421 970; baseline -0.006 -10"><span class='ocrx_word' id='word_1_156' title='bbox 353 929 498 970; x_wconf 84' lang='lat' dir='ltr'><strong>positum</strong></span> <span class='ocrx_word' id='word_1_157' title='bbox 512 933 591 958; x_wconf 87' lang='lat' dir='ltr'><strong>voto</strong></span> <span class='ocrx_word' id='word_1_158' title='bbox 611 927 820 958; x_wconf 85' lang='lat' dir='ltr'><strong>firmaverunt</strong></span> <span class='ocrx_word' id='word_1_159' title='bbox 839 927 906 957; x_wconf 89' lang='lat' dir='ltr'><strong>sive</strong></span> <span class='ocrx_word' id='word_1_160' title='bbox 925 935 994 957; x_wconf 90' lang='lat' dir='ltr'><strong>non</strong></span> <span class='ocrx_word' id='word_1_161' title='bbox 1011 926 1056 966; x_wconf 88' lang='lat' dir='ltr'><strong>(et</strong></span> <span class='ocrx_word' id='word_1_162' title='bbox 1071 926 1135 956; x_wconf 92' lang='lat' dir='ltr'><strong>hoc</strong></span> <span class='ocrx_word' id='word_1_163' title='bbox 1151 925 1224 955; x_wconf 88' lang='lat' dir='ltr'><strong>dico</strong></span> <span class='ocrx_word' id='word_1_164' title='bbox 1241 923 1421 955; x_wconf 90' lang='lat' dir='ltr'><strong>secundum</strong></span> 
     </span>
     <span class='ocr_line' id='line_1_30' title="bbox 354 968 1421 1014; baseline -0.005 -10"><span class='ocrx_word' id='word_1_165' title='bbox 354 972 445 1014; x_wconf 93' lang='lat' dir='ltr'><strong>quod</strong></span> <span class='ocrx_word' id='word_1_166' title='bbox 474 971 604 1003; x_wconf 82' lang='lat' dir='ltr'><strong>aureola</strong></span> <span class='ocrx_word' id='word_1_167' title='bbox 633 972 764 1012; x_wconf 87' lang='lat' dir='ltr'>proprie</span> <span class='ocrx_word' id='word_1_168' title='bbox 795 971 949 1011; x_wconf 89' lang='lat' dir='ltr'><strong>accipitur</strong></span> <span class='ocrx_word' id='word_1_169' title='bbox 979 975 1016 1001; x_wconf 93' lang='lat' dir='ltr'><strong>ut</strong></span> <span class='ocrx_word' id='word_1_170' title='bbox 1045 970 1225 1010; x_wconf 90' lang='lat' dir='ltr'><strong>praemium</strong></span> <span class='ocrx_word' id='word_1_171' title='bbox 1256 968 1421 1009; x_wconf 90' lang='lat' dir='ltr'>quoddam</span> 
     </span>
     <span class='ocr_line' id='line_1_31' title="bbox 352 1012 1422 1056; baseline -0.006 -8"><span class='ocrx_word' id='word_1_172' title='bbox 352 1017 468 1048; x_wconf 88' lang='lat' dir='ltr'><strong>merito</strong></span> <span class='ocrx_word' id='word_1_173' title='bbox 481 1015 670 1056; x_wconf 87' lang='lat' dir='ltr'><strong>redditum):</strong></span> <span class='ocrx_word' id='word_1_174' title='bbox 687 1016 834 1056; x_wconf 87' lang='lat' dir='ltr'><strong>quamvis</strong></span> <span class='ocrx_word' id='word_1_175' title='bbox 846 1016 910 1046; x_wconf 93' lang='lat' dir='ltr'><strong>hoc</strong></span> <span class='ocrx_word' id='word_1_176' title='bbox 921 1015 1125 1056; x_wconf 90' lang='lat' dir='ltr'><strong>propositum</strong></span> <span class='ocrx_word' id='word_1_177' title='bbox 1141 1012 1314 1054; x_wconf 88' lang='lat' dir='ltr'><strong>aliquando</strong></span> <span class='ocrx_word' id='word_1_178' title='bbox 1327 1012 1422 1043; x_wconf 87' lang='lat' dir='ltr'><strong>fuerit</strong></span> 
     </span>
     <span class='ocr_line' id='line_1_32' title="bbox 351 1056 1421 1102; baseline -0.005 -10"><span class='ocrx_word' id='word_1_179' title='bbox 351 1062 578 1102; x_wconf 86' lang='lat' dir='ltr'><strong>interruptum,</strong></span> <span class='ocrx_word' id='word_1_180' title='bbox 601 1061 781 1101; x_wconf 83' lang='lat' dir='ltr'><strong>integritate</strong></span> <span class='ocrx_word' id='word_1_181' title='bbox 803 1065 912 1090; x_wconf 90' lang='lat' dir='ltr'><strong>tamen</strong></span> <span class='ocrx_word' id='word_1_182' title='bbox 936 1059 1037 1090; x_wconf 89' lang='lat' dir='ltr'><strong>carnis</strong></span> <span class='ocrx_word' id='word_1_183' title='bbox 1060 1063 1221 1094; x_wconf 89' lang='lat' dir='ltr'><strong>manente,</strong></span> <span class='ocrx_word' id='word_1_184' title='bbox 1241 1056 1421 1088; x_wconf 90' lang='lat' dir='ltr'><strong>dummodo</strong></span> 
     </span>
     <span class='ocr_line' id='line_1_33' title="bbox 353 1102 1422 1145; baseline -0.004 -9"><span class='ocrx_word' id='word_1_185' title='bbox 353 1106 388 1136; x_wconf 90' lang='lat' dir='ltr'><strong>in</strong></span> <span class='ocrx_word' id='word_1_186' title='bbox 409 1105 475 1136; x_wconf 90' lang='lat' dir='ltr'><strong>fine</strong></span> <span class='ocrx_word' id='word_1_187' title='bbox 502 1106 586 1136; x_wconf 85' lang='lat' dir='ltr'><strong>vitae</strong></span> <span class='ocrx_word' id='word_1_188' title='bbox 615 1105 812 1141; x_wconf 84' lang='lat' dir='ltr'><strong>inveniatur;</strong></span> <span class='ocrx_word' id='word_1_189' title='bbox 843 1105 920 1145; x_wconf 90' lang='lat' dir='ltr'><strong>quia</strong></span> <span class='ocrx_word' id='word_1_190' title='bbox 949 1103 1110 1144; x_wconf 88' lang='lat' dir='ltr'><strong>virginitas</strong></span> <span class='ocrx_word' id='word_1_191' title='bbox 1138 1103 1255 1133; x_wconf 88' lang='lat' dir='ltr'><strong>mentis</strong></span> <span class='ocrx_word' id='word_1_192' title='bbox 1285 1102 1422 1142; x_wconf 88' lang='lat' dir='ltr'><strong>reparari</strong></span> 
     </span>
    </p>
   </div>
   <div class='ocr_carea' id='block_1_10' title="bbox 319 1148 1087 1191">
    <p class='ocr_par' dir='ltr' id='par_1_12' title="bbox 319 1148 1087 1191">
     <span class='ocr_line' id='line_1_34' title="bbox 319 1148 1087 1191; baseline -0.005 -10"><span class='ocrx_word' id='word_1_193' title='bbox 319 1175 326 1187; x_wconf 86' lang='lat'><strong>,</strong></span> <span class='ocrx_word' id='word_1_194' title='bbox 353 1155 470 1191; x_wconf 87' lang='lat' dir='ltr'><strong>potest,</strong></span> <span class='ocrx_word' id='word_1_195' title='bbox 495 1149 642 1190; x_wconf 89' lang='lat' dir='ltr'><strong>quamvis</strong></span> <span class='ocrx_word' id='word_1_196' title='bbox 664 1159 733 1180; x_wconf 87' lang='lat' dir='ltr'><strong>non</strong></span> <span class='ocrx_word' id='word_1_197' title='bbox 755 1149 918 1188; x_wconf 83' lang='lat' dir='ltr'><strong>virginitas</strong></span> <span class='ocrx_word' id='word_1_198' title='bbox 942 1148 1045 1179; x_wconf 89' lang='lat' dir='ltr'><strong>carnis</strong></span> <span class='ocrx_word' id='word_1_199' title='bbox 1060 1148 1087 1177; x_wconf 48' lang='grc' dir='ltr'><strong>Ω.</strong></span> 
     </span>
    </p>
   </div>
   <div class='ocr_carea' id='block_1_11' title="bbox 351 1193 1426 1501">
    <p class='ocr_par' dir='ltr' id='par_1_13' title="bbox 351 1193 1426 1501">
     <span class='ocr_line' id='line_1_35' title="bbox 410 1193 1423 1234; baseline -0.006 -9"><span class='ocrx_word' id='word_1_200' title='bbox 410 1194 444 1226; x_wconf 90' lang='lat' dir='ltr'><strong>Si</strong></span> <span class='ocrx_word' id='word_1_201' title='bbox 468 1199 576 1225; x_wconf 89' lang='lat' dir='ltr'><strong>autem</strong></span> <span class='ocrx_word' id='word_1_202' title='bbox 599 1193 764 1224; x_wconf 89' lang='lat' dir='ltr'><strong>aureolam</strong></span> <span class='ocrx_word' id='word_1_203' title='bbox 793 1193 879 1234; x_wconf 90' lang='lat' dir='ltr'><strong>large</strong></span> <span class='ocrx_word' id='word_1_204' title='bbox 910 1193 1104 1232; x_wconf 84' lang='lat' dir='ltr'><strong>accipiamus</strong></span> <span class='ocrx_word' id='word_1_205' title='bbox 1127 1200 1187 1232; x_wconf 87' lang='lat' dir='ltr'><strong>pro</strong></span> <span class='ocrx_word' id='word_1_206' title='bbox 1212 1199 1423 1230; x_wconf 89' lang='lat' dir='ltr'><strong>quocumque</strong></span> 
     </span>
     <span class='ocr_line' id='line_1_36' title="bbox 355 1234 1422 1279; baseline -0.006 -9"><span class='ocrx_word' id='word_1_207' title='bbox 355 1238 473 1279; x_wconf 87' lang='lat' dir='ltr'><strong>gaudio</strong></span> <span class='ocrx_word' id='word_1_208' title='bbox 497 1237 588 1278; x_wconf 92' lang='lat' dir='ltr'><strong>quod</strong></span> <span class='ocrx_word' id='word_1_209' title='bbox 605 1239 640 1268; x_wconf 88' lang='lat' dir='ltr'><strong>in</strong></span> <span class='ocrx_word' id='word_1_210' title='bbox 655 1239 757 1278; x_wconf 87' lang='lat' dir='ltr'><strong>patria</strong></span> <span class='ocrx_word' id='word_1_211' title='bbox 771 1238 936 1268; x_wconf 87' lang='lat' dir='ltr'><strong>habebunt</strong></span> <span class='ocrx_word' id='word_1_212' title='bbox 958 1246 1054 1277; x_wconf 89' lang='lat' dir='ltr'><strong>super</strong></span> <span class='ocrx_word' id='word_1_213' title='bbox 1069 1235 1222 1276; x_wconf 90' lang='lat' dir='ltr'><strong>gaudium</strong></span> <span class='ocrx_word' id='word_1_214' title='bbox 1246 1234 1422 1270; x_wconf 87' lang='lat' dir='ltr'>essentiale,</span> 
     </span>
     <span class='ocr_line' id='line_1_37' title="bbox 351 1278 1424 1323; baseline -0.007 -9"><span class='ocrx_word' id='word_1_215' title='bbox 351 1284 521 1314; x_wconf 67' lang='lat' dir='ltr'><strong>sicefiam</strong></span> <span class='ocrx_word' id='word_1_216' title='bbox 543 1283 738 1323; x_wconf 78' lang='lat' dir='ltr'><strong>incorruptis</strong></span> <span class='ocrx_word' id='word_1_217' title='bbox 762 1291 856 1312; x_wconf 90' lang='lat' dir='ltr'><strong>carne</strong></span> <span class='ocrx_word' id='word_1_218' title='bbox 884 1281 1015 1312; x_wconf 90' lang='lat' dir='ltr'><strong>aureola</strong></span> <span class='ocrx_word' id='word_1_219' title='bbox 1037 1279 1244 1321; x_wconf 86' lang='lat' dir='ltr'>respondebit</span> <span class='ocrx_word' id='word_1_220' title='bbox 1272 1279 1367 1309; x_wconf 87' lang='lat' dir='ltr'><strong>etiam</strong></span> <span class='ocrx_word' id='word_1_221' title='bbox 1398 1278 1424 1308; x_wconf 91' lang='lat' dir='ltr'><strong>si</strong></span> 
     </span>
     <span class='ocr_line' id='line_1_38' title="bbox 354 1321 1423 1368; baseline -0.006 -10"><span class='ocrx_word' id='word_1_222' title='bbox 354 1327 560 1368; x_wconf 86' lang='lat' dir='ltr'><strong>propositum</strong></span> <span class='ocrx_word' id='word_1_223' title='bbox 575 1336 644 1357; x_wconf 91' lang='lat' dir='ltr'><strong>non</strong></span> <span class='ocrx_word' id='word_1_224' title='bbox 659 1327 841 1357; x_wconf 90' lang='lat' dir='ltr'><strong>habuerunt</strong></span> <span class='ocrx_word' id='word_1_225' title='bbox 863 1331 1022 1366; x_wconf 89' lang='lat' dir='ltr'><strong>perpetuo</strong></span> <span class='ocrx_word' id='word_1_226' title='bbox 1037 1325 1252 1365; x_wconf 79' lang='lat' dir='ltr'><strong>virginitatem</strong></span> <span class='ocrx_word' id='word_1_227' title='bbox 1268 1321 1423 1353; x_wconf 87' lang='lat' dir='ltr'><strong>servandi.</strong></span> 
     </span>
     <span class='ocr_line' id='line_1_39' title="bbox 354 1366 1424 1410; baseline -0.007 -7"><span class='ocrx_word' id='word_1_228' title='bbox 354 1371 431 1403; x_wconf 92' lang='lat' dir='ltr'><strong>Non</strong></span> <span class='ocrx_word' id='word_1_229' title='bbox 461 1372 549 1402; x_wconf 89' lang='lat' dir='ltr'><strong>enim</strong></span> <span class='ocrx_word' id='word_1_230' title='bbox 579 1376 627 1402; x_wconf 91' lang='lat' dir='ltr'><strong>est</strong></span> <span class='ocrx_word' id='word_1_231' title='bbox 657 1370 794 1402; x_wconf 92' lang='lat' dir='ltr'><strong>dubium</strong></span> <span class='ocrx_word' id='word_1_232' title='bbox 824 1370 915 1410; x_wconf 92' lang='lat' dir='ltr'><strong>quod</strong></span> <span class='ocrx_word' id='word_1_233' title='bbox 942 1369 982 1400; x_wconf 92' lang='lat' dir='ltr'><strong>de</strong></span> <span class='ocrx_word' id='word_1_234' title='bbox 1009 1368 1251 1408; x_wconf 87' lang='lat' dir='ltr'><strong>incorruptione</strong></span> <span class='ocrx_word' id='word_1_235' title='bbox 1280 1366 1424 1407; x_wconf 91' lang='lat' dir='ltr'><strong>corporis</strong></span> 
     </span>
     <span class='ocr_line' id='line_1_40' title="bbox 355 1411 1426 1457; baseline -0.007 -10"><span class='ocrx_word' id='word_1_236' title='bbox 355 1415 558 1457; x_wconf 86' lang='lat' dir='ltr'><strong>gaudebunt:</strong></span> <span class='ocrx_word' id='word_1_237' title='bbox 587 1415 670 1446; x_wconf 90' lang='lat' dir='ltr'><strong>sicut</strong></span> <span class='ocrx_word' id='word_1_238' title='bbox 693 1420 724 1446; x_wconf 92' lang='lat' dir='ltr'><strong>et</strong></span> <span class='ocrx_word' id='word_1_239' title='bbox 746 1416 937 1445; x_wconf 86' lang='lat' dir='ltr'><strong>innocentes</strong></span> <span class='ocrx_word' id='word_1_240' title='bbox 959 1413 999 1444; x_wconf 92' lang='lat' dir='ltr'><strong>de</strong></span> <span class='ocrx_word' id='word_1_241' title='bbox 1022 1413 1087 1443; x_wconf 93' lang='lat' dir='ltr'><strong>hoc</strong></span> <span class='ocrx_word' id='word_1_242' title='bbox 1110 1411 1200 1453; x_wconf 93' lang='lat' dir='ltr'><strong>quod</strong></span> <span class='ocrx_word' id='word_1_243' title='bbox 1222 1412 1391 1442; x_wconf 86' lang='lat' dir='ltr'><strong>immunes.</strong></span> <span class='ocrx_word' id='word_1_244' title='bbox 1407 1420 1426 1440; x_wconf 91' lang='lat' dir='ltr'><strong>a</strong></span> 
     </span>
     <span class='ocr_line' id='line_1_41' title="bbox 354 1455 1426 1501; baseline -0.007 -10"><span class='ocrx_word' id='word_1_245' title='bbox 354 1465 491 1501; x_wconf 84' lang='lat' dir='ltr'><strong>peccato</strong></span> <span class='ocrx_word' id='word_1_246' title='bbox 520 1459 668 1495; x_wconf 86' lang='lat' dir='ltr'><strong>fuerunt,</strong></span> <span class='ocrx_word' id='word_1_247' title='bbox 692 1459 839 1499; x_wconf 90' lang='lat' dir='ltr'><strong>quamvis</strong></span> <span class='ocrx_word' id='word_1_248' title='bbox 868 1458 963 1489; x_wconf 82' lang='lat' dir='ltr'><strong>etiam</strong></span> <span class='ocrx_word' id='word_1_249' title='bbox 990 1457 1146 1497; x_wconf 90' lang='lat' dir='ltr'><strong>peccandi</strong></span> <span class='ocrx_word' id='word_1_250' title='bbox 1173 1455 1426 1496; x_wconf 84' lang='lat' dir='ltr'><strong>oportunitatem</strong></span> 
     </span>
    </p>
   </div>
   <div class='ocr_carea' id='block_1_12' title="bbox 2453 137 2526 174">
    <p class='ocr_par' dir='ltr' id='par_1_14' title="bbox 2453 137 2526 174">
     <span class='ocr_line' id='line_1_42' title="bbox 2453 137 2526 174; baseline 0 0"><span class='ocrx_word' id='word_1_251' title='bbox 2453 137 2526 174; x_wconf 84' lang='lat'><strong>235</strong></span> 
     </span>
    </p>
   </div>
   <div class='ocr_carea' id='block_1_13' title="bbox 1469 217 2532 302">
    <p class='ocr_par' dir='ltr' id='par_1_15' title="bbox 1469 217 2532 302">
     <span class='ocr_line' id='line_1_43' title="bbox 1469 217 2532 258; baseline 0 -10"><span class='ocrx_word' id='word_1_252' title='bbox 1469 218 1557 248; x_wconf 89' lang='lat' dir='ltr'><strong>reola</strong></span> <span class='ocrx_word' id='word_1_253' title='bbox 1579 218 1640 248; x_wconf 88' lang='lat' dir='ltr'><strong>nisi</strong></span> <span class='ocrx_word' id='word_1_254' title='bbox 1668 217 1860 256; x_wconf 90' lang='lat' dir='ltr'><strong>inquantum</strong></span> <span class='ocrx_word' id='word_1_255' title='bbox 1889 217 1975 247; x_wconf 89' lang='lat' dir='ltr'><strong>addit</strong></span> <span class='ocrx_word' id='word_1_256' title='bbox 2003 217 2163 257; x_wconf 91' lang='lat' dir='ltr'><strong>quandam</strong></span> <span class='ocrx_word' id='word_1_257' title='bbox 2191 217 2409 248; x_wconf 88' lang='lat' dir='ltr'><strong>excellentiam</strong></span> <span class='ocrx_word' id='word_1_258' title='bbox 2437 227 2532 258; x_wconf 90' lang='lat' dir='ltr'><strong>super</strong></span> 
     </span>
     <span class='ocr_line' id='line_1_44' title="bbox 1471 260 2531 302; baseline 0 -10"><span class='ocrx_word' id='word_1_259' title='bbox 1471 262 1549 292; x_wconf 92' lang='lat' dir='ltr'><strong>alios</strong></span> <span class='ocrx_word' id='word_1_260' title='bbox 1573 261 1789 292; x_wconf 89' lang='lat' dir='ltr'><strong>continentiae</strong></span> <span class='ocrx_word' id='word_1_261' title='bbox 1812 260 1936 300; x_wconf 88' lang='lat' dir='ltr'><strong>gradus.</strong></span> <span class='ocrx_word' id='word_1_262' title='bbox 1961 261 1994 291; x_wconf 91' lang='lat' dir='ltr'><strong>Si</strong></span> <span class='ocrx_word' id='word_1_263' title='bbox 2013 267 2120 291; x_wconf 88' lang='lat' dir='ltr'><strong>autern</strong></span> <span class='ocrx_word' id='word_1_264' title='bbox 2143 261 2247 292; x_wconf 89' lang='lat' dir='ltr'><strong>Adam</strong></span> <span class='ocrx_word' id='word_1_265' title='bbox 2270 271 2337 292; x_wconf 93' lang='lat' dir='ltr'><strong>non</strong></span> <span class='ocrx_word' id='word_1_266' title='bbox 2359 267 2531 302; x_wconf 84' lang='lat' dir='ltr'><strong>peccasset,</strong></span> 
     </span>
    </p>
   </div>
   <div class='ocr_carea' id='block_1_14' title="bbox 1470 304 2533 392">
    <p class='ocr_par' dir='ltr' id='par_1_16' title="bbox 1470 304 2533 392">
     <span class='ocr_line' id='line_1_45' title="bbox 1470 304 2532 347; baseline 0 -11"><span class='ocrx_word' id='word_1_267' title='bbox 1470 306 1632 347; x_wconf 87' lang='lat' dir='ltr'><strong>virginitas</strong></span> <span class='ocrx_word' id='word_1_268' title='bbox 1654 305 1777 336; x_wconf 91' lang='lat' dir='ltr'><strong>nullam</strong></span> <span class='ocrx_word' id='word_1_269' title='bbox 1800 304 2032 344; x_wconf 83' lang='lat' dir='ltr'><strong>perfectionem</strong></span> <span class='ocrx_word' id='word_1_270' title='bbox 2055 315 2150 346; x_wconf 87' lang='lat' dir='ltr'><strong>supra</strong></span> <span class='ocrx_word' id='word_1_271' title='bbox 2174 306 2404 336; x_wconf 89' lang='lat' dir='ltr'><strong>continentiam</strong></span> <span class='ocrx_word' id='word_1_272' title='bbox 2420 306 2532 337; x_wconf 91' lang='lat' dir='ltr'><strong>coniu-</strong></span> 
     </span>
     <span class='ocr_line' id='line_1_46' title="bbox 1471 348 2533 392; baseline -0.001 -11"><span class='ocrx_word' id='word_1_273' title='bbox 1471 351 1575 391; x_wconf 84' lang='lat' dir='ltr'><strong>galem</strong></span> <span class='ocrx_word' id='word_1_274' title='bbox 1598 350 1774 380; x_wconf 90' lang='lat' dir='ltr'><strong>habuisset:</strong></span> <span class='ocrx_word' id='word_1_275' title='bbox 1806 349 1882 388; x_wconf 89' lang='lat' dir='ltr'><strong>quia</strong></span> <span class='ocrx_word' id='word_1_276' title='bbox 1909 348 2042 379; x_wconf 86' lang='lat' dir='ltr'><strong>fuissent</strong></span> <span class='ocrx_word' id='word_1_277' title='bbox 2069 355 2146 380; x_wconf 90' lang='lat' dir='ltr'><strong>tunc</strong></span> <span class='ocrx_word' id='word_1_278' title='bbox 2174 350 2379 381; x_wconf 84' lang='lat' dir='ltr'><strong>honorabiles</strong></span> <span class='ocrx_word' id='word_1_279' title='bbox 2403 351 2533 392; x_wconf 84' lang='lat' dir='ltr'><strong>nuptiae</strong></span> 
     </span>
    </p>
   </div>
   <div class='ocr_carea' id='block_1_15' title="bbox 1439 393 2533 434">
    <p class='ocr_par' dir='ltr' id='par_1_17' title="bbox 1439 393 2533 434">
     <span class='ocr_line' id='line_1_47' title="bbox 1439 393 2533 434; baseline 0 -9"><span class='ocrx_word' id='word_1_280' title='bbox 1439 405 1449 424; x_wconf 83' lang='grc' dir='ltr'><strong><em>ς</em></strong></span> <span class='ocrx_word' id='word_1_281' title='bbox 1472 400 1503 425; x_wconf 85' lang='lat' dir='ltr'><strong>et</strong></span> <span class='ocrx_word' id='word_1_282' title='bbox 1532 399 1624 425; x_wconf 84' lang='lat' dir='ltr'><strong>torus</strong></span> <span class='ocrx_word' id='word_1_283' title='bbox 1654 393 1879 424; x_wconf 88' lang='lat' dir='ltr'><strong>immaculatus</strong></span> <span class='ocrx_word' id='word_1_284' title='bbox 1893 393 1927 428; x_wconf 71' lang='lat'><strong>*‚</strong></span> <span class='ocrx_word' id='word_1_285' title='bbox 1958 393 2045 422; x_wconf 88' lang='lat' dir='ltr'><strong>nulla</strong></span> <span class='ocrx_word' id='word_1_286' title='bbox 2076 395 2353 434; x_wconf 86' lang='lat' dir='ltr'><strong>concupiscentiae</strong></span> <span class='ocrx_word' id='word_1_287' title='bbox 2383 393 2533 425; x_wconf 87' lang='lat' dir='ltr'><strong>foeditate</strong></span> 
     </span>
    </p>
   </div>
   <div class='ocr_carea' id='block_1_16' title="bbox 1472 437 2538 831">
    <p class='ocr_par' dir='ltr' id='par_1_18' title="bbox 1472 437 2533 611">
     <span class='ocr_line' id='line_1_48' title="bbox 1472 437 2533 477; baseline 0 -8"><span class='ocrx_word' id='word_1_288' title='bbox 1472 440 1636 470; x_wconf 85' lang='lat' dir='ltr'><strong>existente.</strong></span> <span class='ocrx_word' id='word_1_289' title='bbox 1665 437 1759 469; x_wconf 91' lang='lat' dir='ltr'><strong>Unde</strong></span> <span class='ocrx_word' id='word_1_290' title='bbox 1782 437 1944 477; x_wconf 89' lang='lat' dir='ltr'><strong>virginitas</strong></span> <span class='ocrx_word' id='word_1_291' title='bbox 1972 442 2049 466; x_wconf 89' lang='lat' dir='ltr'><strong>tunc</strong></span> <span class='ocrx_word' id='word_1_292' title='bbox 2077 444 2196 468; x_wconf 86' lang='lat' dir='ltr'><strong>servata</strong></span> <span class='ocrx_word' id='word_1_293' title='bbox 2223 448 2291 468; x_wconf 91' lang='lat' dir='ltr'><strong>non</strong></span> <span class='ocrx_word' id='word_1_294' title='bbox 2319 438 2445 469; x_wconf 85' lang='lat' dir='ltr'><strong>fuisset:</strong></span> <span class='ocrx_word' id='word_1_295' title='bbox 2474 448 2533 469; x_wconf 91' lang='lat' dir='ltr'><strong>nec</strong></span> 
     </span>
     <span class='ocr_line' id='line_1_49' title="bbox 1473 480 2533 516; baseline 0 -3"><span class='ocrx_word' id='word_1_296' title='bbox 1473 483 1502 514; x_wconf 90' lang='lat' dir='ltr'><strong>ei</strong></span> <span class='ocrx_word' id='word_1_297' title='bbox 1525 488 1603 513; x_wconf 87' lang='lat' dir='ltr'><strong>tunc</strong></span> <span class='ocrx_word' id='word_1_298' title='bbox 1626 482 1756 512; x_wconf 89' lang='lat' dir='ltr'><strong>aureola</strong></span> <span class='ocrx_word' id='word_1_299' title='bbox 1779 481 1955 512; x_wconf 89' lang='lat' dir='ltr'><strong>deberetur.</strong></span> <span class='ocrx_word' id='word_1_300' title='bbox 1984 480 2056 516; x_wconf 87' lang='lat' dir='ltr'>Sed,</span> <span class='ocrx_word' id='word_1_301' title='bbox 2080 487 2200 512; x_wconf 88' lang='lat' dir='ltr'><strong>mutata</strong></span> <span class='ocrx_word' id='word_1_302' title='bbox 2223 483 2382 512; x_wconf 87' lang='lat' dir='ltr'><strong>humanae</strong></span> <span class='ocrx_word' id='word_1_303' title='bbox 2404 488 2533 513; x_wconf 89' lang='lat' dir='ltr'><strong>naturae</strong></span> 
     </span>
     <span class='ocr_line' id='line_1_50' title="bbox 1473 524 2533 566; baseline -0.001 -8"><span class='ocrx_word' id='word_1_304' title='bbox 1473 527 1676 563; x_wconf 88' lang='lat' dir='ltr'><strong>conditione,</strong></span> <span class='ocrx_word' id='word_1_305' title='bbox 1700 526 1861 566; x_wconf 84' lang='lat' dir='ltr'><strong>virginitas</strong></span> <span class='ocrx_word' id='word_1_306' title='bbox 1883 525 2055 566; x_wconf 87' lang='lat' dir='ltr'><strong>specialem</strong></span> <span class='ocrx_word' id='word_1_307' title='bbox 2082 524 2232 556; x_wconf 89' lang='lat' dir='ltr'><strong>decorem</strong></span> <span class='ocrx_word' id='word_1_308' title='bbox 2260 526 2364 557; x_wconf 90' lang='lat' dir='ltr'><strong>habet.</strong></span> <span class='ocrx_word' id='word_1_309' title='bbox 2397 527 2438 557; x_wconf 86' lang='lat' dir='ltr'><strong>Et</strong></span> <span class='ocrx_word' id='word_1_310' title='bbox 2460 526 2533 557; x_wconf 91' lang='lat' dir='ltr'><strong>ideo</strong></span> 
     </span>
     <span class='ocr_line' id='line_1_51' title="bbox 1474 569 2039 611; baseline -0.004 -10"><span class='ocrx_word' id='word_1_311' title='bbox 1474 572 1503 602; x_wconf 91' lang='lat' dir='ltr'><strong>ei</strong></span> <span class='ocrx_word' id='word_1_312' title='bbox 1526 571 1663 611; x_wconf 89' lang='lat' dir='ltr'><strong>speciale</strong></span> <span class='ocrx_word' id='word_1_313' title='bbox 1686 569 1828 600; x_wconf 89' lang='lat' dir='ltr'><strong>redditur</strong></span> <span class='ocrx_word' id='word_1_314' title='bbox 1849 570 2039 610; x_wconf 90' lang='lat' dir='ltr'><strong>praemium.</strong></span> 
     </span>
    </p>

    <p class='ocr_par' dir='ltr' id='par_1_19' title="bbox 1473 613 2538 831">
     <span class='ocr_line' id='line_1_52' title="bbox 1529 613 2535 655; baseline 0 -10"><span class='ocrx_word' id='word_1_315' title='bbox 1529 615 1693 655; x_wconf 88' lang='lat' dir='ltr'><strong>Tempore</strong></span> <span class='ocrx_word' id='word_1_316' title='bbox 1717 615 1812 644; x_wconf 88' lang='lat' dir='ltr'><strong>etiam</strong></span> <span class='ocrx_word' id='word_1_317' title='bbox 1835 614 1914 654; x_wconf 87' lang='lat' dir='ltr'><strong>legis</strong></span> <span class='ocrx_word' id='word_1_318' title='bbox 1938 614 2053 654; x_wconf 88' lang='lat' dir='ltr'><strong>Moysi,</strong></span> <span class='ocrx_word' id='word_1_319' title='bbox 2077 613 2207 653; x_wconf 89' lang='lat' dir='ltr'><strong>quando</strong></span> <span class='ocrx_word' id='word_1_320' title='bbox 2231 614 2334 644; x_wconf 93' lang='lat' dir='ltr'><strong>cultus</strong></span> <span class='ocrx_word' id='word_1_321' title='bbox 2358 615 2418 644; x_wconf 92' lang='lat' dir='ltr'><strong>Dei</strong></span> <span class='ocrx_word' id='word_1_322' title='bbox 2441 615 2535 645; x_wconf 90' lang='lat' dir='ltr'><strong>etiam</strong></span> 
     </span>
     <span class='ocr_line' id='line_1_53' title="bbox 1473 657 2535 699; baseline -0.001 -10"><span class='ocrx_word' id='word_1_323' title='bbox 1473 668 1532 699; x_wconf 90' lang='lat' dir='ltr'><strong>per</strong></span> <span class='ocrx_word' id='word_1_324' title='bbox 1555 659 1713 689; x_wconf 90' lang='lat' dir='ltr'><strong>carnalem</strong></span> <span class='ocrx_word' id='word_1_325' title='bbox 1736 663 1843 688; x_wconf 88' lang='lat' dir='ltr'><strong>actum</strong></span> <span class='ocrx_word' id='word_1_326' title='bbox 1866 657 2092 698; x_wconf 86' lang='lat' dir='ltr'><strong>propagandus</strong></span> <span class='ocrx_word' id='word_1_327' title='bbox 2116 663 2195 693; x_wconf 87' lang='lat' dir='ltr'><strong>erat,</strong></span> <span class='ocrx_word' id='word_1_328' title='bbox 2223 667 2290 688; x_wconf 92' lang='lat' dir='ltr'><strong>non</strong></span> <span class='ocrx_word' id='word_1_329' title='bbox 2314 663 2379 688; x_wconf 90' lang='lat' dir='ltr'><strong>erat</strong></span> <span class='ocrx_word' id='word_1_330' title='bbox 2402 659 2535 688; x_wconf 89' lang='lat' dir='ltr'><strong>omnino</strong></span> 
     </span>
     <span class='ocr_line' id='line_1_54' title="bbox 1474 702 2537 733; baseline 0 -1"><span class='ocrx_word' id='word_1_331' title='bbox 1474 702 1633 733; x_wconf 86' lang='lat' dir='ltr'><strong>laudabile</strong></span> <span class='ocrx_word' id='word_1_332' title='bbox 1657 712 1675 732; x_wconf 93' lang='lat' dir='ltr'><strong>a</strong></span> <span class='ocrx_word' id='word_1_333' title='bbox 1699 702 1929 733; x_wconf 86' lang='lat' dir='ltr'><strong>commixtione</strong></span> <span class='ocrx_word' id='word_1_334' title='bbox 1958 702 2059 732; x_wconf 89' lang='lat' dir='ltr'><strong>carnis</strong></span> <span class='ocrx_word' id='word_1_335' title='bbox 2087 702 2252 732; x_wconf 90' lang='lat' dir='ltr'><strong>abstinere.</strong></span> <span class='ocrx_word' id='word_1_336' title='bbox 2285 702 2378 733; x_wconf 91' lang='lat' dir='ltr'><strong>Unde</strong></span> <span class='ocrx_word' id='word_1_337' title='bbox 2400 712 2460 732; x_wconf 91' lang='lat' dir='ltr'><strong>nec</strong></span> <span class='ocrx_word' id='word_1_338' title='bbox 2483 703 2537 732; x_wconf 88' lang='lat' dir='ltr'><strong>tali</strong></span> 
     </span>
     <span class='ocr_line' id='line_1_55' title="bbox 1474 745 2538 787; baseline 0 -11"><span class='ocrx_word' id='word_1_339' title='bbox 1474 747 1644 787; x_wconf 90' lang='lat' dir='ltr'><strong>proposito</strong></span> <span class='ocrx_word' id='word_1_340' title='bbox 1674 746 1811 786; x_wconf 90' lang='lat' dir='ltr'><strong>speciale</strong></span> <span class='ocrx_word' id='word_1_341' title='bbox 1840 747 2021 786; x_wconf 86' lang='lat' dir='ltr'><strong>praemium</strong></span> <span class='ocrx_word' id='word_1_342' title='bbox 2050 745 2249 782; x_wconf 91' lang='lat' dir='ltr'><strong>redderetur,</strong></span> <span class='ocrx_word' id='word_1_343' title='bbox 2273 747 2334 776; x_wconf 89' lang='lat' dir='ltr'><strong>nisi</strong></span> <span class='ocrx_word' id='word_1_344' title='bbox 2365 756 2402 776; x_wconf 92' lang='lat' dir='ltr'><strong>ex</strong></span> <span class='ocrx_word' id='word_1_345' title='bbox 2430 746 2538 776; x_wconf 81' lang='lat' dir='ltr'><strong>divino</strong></span> 
     </span>
     <span class='ocr_line' id='line_1_56' title="bbox 1474 790 2538 831; baseline -0.001 -10"><span class='ocrx_word' id='word_1_346' title='bbox 1474 791 1681 831; x_wconf 88' lang='lat' dir='ltr'><strong>processisset</strong></span> <span class='ocrx_word' id='word_1_347' title='bbox 1710 791 1881 821; x_wconf 86' lang='lat' dir='ltr'><strong>instinctu:</strong></span> <span class='ocrx_word' id='word_1_348' title='bbox 1913 795 1949 820; x_wconf 91' lang='lat' dir='ltr'><strong>ut</strong></span> <span class='ocrx_word' id='word_1_349' title='bbox 1980 790 2117 821; x_wconf 89' lang='lat' dir='ltr'><strong>creditur</strong></span> <span class='ocrx_word' id='word_1_350' title='bbox 2146 790 2185 821; x_wconf 91' lang='lat' dir='ltr'><strong>de</strong></span> <span class='ocrx_word' id='word_1_351' title='bbox 2214 790 2345 821; x_wconf 87' lang='lat' dir='ltr'><strong>Ieremia</strong></span> <span class='ocrx_word' id='word_1_352' title='bbox 2374 795 2405 821; x_wconf 90' lang='lat' dir='ltr'><strong>et</strong></span> <span class='ocrx_word' id='word_1_353' title='bbox 2427 790 2497 821; x_wconf 93' lang='lat' dir='ltr'><strong>Elia</strong></span> <span class='ocrx_word' id='word_1_354' title='bbox 2512 792 2538 826; x_wconf 45' lang='grc' dir='ltr'><strong>θ’,</strong></span> 
     </span>
    </p>
   </div>
   <div class='ocr_carea' id='block_1_17' title="bbox 1436 835 2063 876">
    <p class='ocr_par' dir='ltr' id='par_1_20' title="bbox 1436 835 2063 876">
     <span class='ocr_line' id='line_1_57' title="bbox 1436 835 2063 876; baseline -0.005 -9"><span class='ocrx_word' id='word_1_355' title='bbox 1436 847 1459 867; x_wconf 77' lang='lat'><strong>¹5</strong></span> <span class='ocrx_word' id='word_1_356' title='bbox 1476 844 1617 876; x_wconf 91' lang='lat' dir='ltr'><strong>quorum</strong></span> <span class='ocrx_word' id='word_1_357' title='bbox 1641 835 1792 875; x_wconf 89' lang='lat' dir='ltr'><strong>coniugia</strong></span> <span class='ocrx_word' id='word_1_358' title='bbox 1813 844 1882 865; x_wconf 90' lang='lat' dir='ltr'><strong>non</strong></span> <span class='ocrx_word' id='word_1_359' title='bbox 1904 835 2063 875; x_wconf 85' lang='lat' dir='ltr'><strong>leguntur.</strong></span> 
     </span>
    </p>
   </div>
   <div class='ocr_carea' id='block_1_18' title="bbox 1474 878 2541 1049">
    <p class='ocr_par' dir='ltr' id='par_1_21' title="bbox 1474 878 2541 1049">
     <span class='ocr_line' id='line_1_58' title="bbox 1530 878 2539 919; baseline 0 -10"><span class='ocrx_word' id='word_1_360' title='bbox 1530 879 1582 910; x_wconf 82' lang='lat' dir='ltr'><strong>An</strong></span> <span class='ocrx_word' id='word_1_361' title='bbox 1607 889 1755 910; x_wconf 63' lang='lat' dir='ltr'><strong>anan-run</strong></span> <span class='ocrx_word' id='word_1_362' title='bbox 1778 889 1938 909; x_wconf 66' lang='lat' dir='ltr'><strong>mci-‚unum</strong></span> <span class='ocrx_word' id='word_1_363' title='bbox 1966 878 2070 919; x_wconf 89' lang='lat' dir='ltr'><strong>quod,</strong></span> <span class='ocrx_word' id='word_1_364' title='bbox 2094 879 2120 909; x_wconf 91' lang='lat' dir='ltr'><strong>si</strong></span> <span class='ocrx_word' id='word_1_365' title='bbox 2143 879 2248 919; x_wconf 90' lang='lat' dir='ltr'><strong>aliqua</strong></span> <span class='ocrx_word' id='word_1_366' title='bbox 2275 888 2333 919; x_wconf 88' lang='lat' dir='ltr'><strong>per</strong></span> <span class='ocrx_word' id='word_1_367' title='bbox 2355 878 2539 909; x_wconf 88' lang='lat' dir='ltr'><strong>violentiam</strong></span> 
     </span>
     <span class='ocr_line' id='line_1_59' title="bbox 1476 923 2541 964; baseline -0.001 -10"><span class='ocrx_word' id='word_1_368' title='bbox 1476 933 1628 964; x_wconf 91' lang='lat' dir='ltr'><strong>oppressa</strong></span> <span class='ocrx_word' id='word_1_369' title='bbox 1651 923 1756 960; x_wconf 87' lang='lat' dir='ltr'><strong>fuerit,</strong></span> <span class='ocrx_word' id='word_1_370' title='bbox 1780 928 1912 964; x_wconf 91' lang='lat' dir='ltr'><strong>propter</strong></span> <span class='ocrx_word' id='word_1_371' title='bbox 1933 923 1998 954; x_wconf 91' lang='lat' dir='ltr'><strong>hoc</strong></span> <span class='ocrx_word' id='word_1_372' title='bbox 2020 933 2088 953; x_wconf 90' lang='lat' dir='ltr'><strong>non</strong></span> <span class='ocrx_word' id='word_1_373' title='bbox 2113 924 2227 953; x_wconf 92' lang='lat' dir='ltr'><strong>amittit</strong></span> <span class='ocrx_word' id='word_1_374' title='bbox 2250 923 2423 959; x_wconf 90' lang='lat' dir='ltr'><strong>aureolam,</strong></span> <span class='ocrx_word' id='word_1_375' title='bbox 2448 923 2541 954; x_wconf 84' lang='lat' dir='ltr'><strong>durn-</strong></span> 
     </span>
     <span class='ocr_line' id='line_1_60' title="bbox 1474 967 2541 1008; baseline 0 -10"><span class='ocrx_word' id='word_1_376' title='bbox 1474 967 1576 998; x_wconf 93' lang='lat' dir='ltr'><strong>modo</strong></span> <span class='ocrx_word' id='word_1_377' title='bbox 1599 969 1804 1008; x_wconf 90' lang='lat' dir='ltr'><strong>propositum</strong></span> <span class='ocrx_word' id='word_1_378' title='bbox 1826 973 1985 1008; x_wconf 91' lang='lat' dir='ltr'><strong>perpetuo</strong></span> <span class='ocrx_word' id='word_1_379' title='bbox 2008 968 2220 1007; x_wconf 84' lang='lat' dir='ltr'><strong>virginitatem</strong></span> <span class='ocrx_word' id='word_1_380' title='bbox 2244 967 2389 998; x_wconf 90' lang='lat' dir='ltr'><strong>servandi</strong></span> <span class='ocrx_word' id='word_1_381' title='bbox 2406 967 2541 998; x_wconf 87' lang='lat' dir='ltr'><strong>inviola-</strong></span> 
     </span>
     <span class='ocr_line' id='line_1_61' title="bbox 1475 1011 2538 1049; baseline 0 -7"><span class='ocrx_word' id='word_1_382' title='bbox 1475 1012 1579 1043; x_wconf 88' lang='lat' dir='ltr'><strong>biliter</strong></span> <span class='ocrx_word' id='word_1_383' title='bbox 1599 1017 1711 1049; x_wconf 88' lang='lat' dir='ltr'><strong>servet,</strong></span> <span class='ocrx_word' id='word_1_384' title='bbox 1728 1013 1754 1043; x_wconf 92' lang='lat' dir='ltr'><strong>si</strong></span> <span class='ocrx_word' id='word_1_385' title='bbox 1769 1012 1815 1042; x_wconf 91' lang='lat' dir='ltr'><strong>illi</strong></span> <span class='ocrx_word' id='word_1_386' title='bbox 1832 1013 1916 1043; x_wconf 85' lang='lat' dir='ltr'><strong>actui</strong></span> <span class='ocrx_word' id='word_1_387' title='bbox 1939 1012 2030 1042; x_wconf 90' lang='lat' dir='ltr'><strong>nullo</strong></span> <span class='ocrx_word' id='word_1_388' title='bbox 2053 1011 2154 1042; x_wconf 90' lang='lat' dir='ltr'><strong>modo</strong></span> <span class='ocrx_word' id='word_1_389' title='bbox 2171 1017 2218 1042; x_wconf 91' lang='lat' dir='ltr'><strong>est</strong></span> <span class='ocrx_word' id='word_1_390' title='bbox 2233 1013 2446 1042; x_wconf 89' lang='lat' dir='ltr'><strong>consentiens.</strong></span> <span class='ocrx_word' id='word_1_391' title='bbox 2469 1012 2538 1042; x_wconf 93' lang='lat' dir='ltr'><strong>Nec</strong></span> 
     </span>
    </p>
   </div>
   <div class='ocr_carea' id='block_1_19' title="bbox 1436 1055 2539 1097">
    <p class='ocr_par' dir='ltr' id='par_1_22' title="bbox 1436 1055 2539 1097">
     <span class='ocr_line' id='line_1_62' title="bbox 1436 1055 2539 1097; baseline -0.001 -10"><span class='ocrx_word' id='word_1_392' title='bbox 1436 1068 1462 1082; x_wconf 81' lang='lat'><strong>20</strong></span> <span class='ocrx_word' id='word_1_393' title='bbox 1475 1062 1583 1087; x_wconf 91' lang='lat' dir='ltr'><strong>tamen</strong></span> <span class='ocrx_word' id='word_1_394' title='bbox 1606 1066 1664 1097; x_wconf 92' lang='lat' dir='ltr'><strong>per</strong></span> <span class='ocrx_word' id='word_1_395' title='bbox 1685 1057 1749 1087; x_wconf 91' lang='lat' dir='ltr'><strong>hoc</strong></span> <span class='ocrx_word' id='word_1_396' title='bbox 1767 1057 1979 1096; x_wconf 86' lang='lat' dir='ltr'><strong>virginitatem</strong></span> <span class='ocrx_word' id='word_1_397' title='bbox 2002 1055 2106 1096; x_wconf 91' lang='lat' dir='ltr'><strong>perdit</strong></span> <span class='ocrx_word' id='word_1_398' title='bbox 2120 1057 2146 1086; x_wconf 74' lang='lat'><strong>*.</strong></span> <span class='ocrx_word' id='word_1_399' title='bbox 2171 1056 2213 1087; x_wconf 91' lang='lat' dir='ltr'><strong>Et</strong></span> <span class='ocrx_word' id='word_1_400' title='bbox 2227 1057 2290 1087; x_wconf 92' lang='lat' dir='ltr'><strong>hoc</strong></span> <span class='ocrx_word' id='word_1_401' title='bbox 2311 1056 2383 1087; x_wconf 89' lang='lat' dir='ltr'><strong>dico</strong></span> <span class='ocrx_word' id='word_1_402' title='bbox 2400 1057 2465 1086; x_wconf 89' lang='lat' dir='ltr'><strong>sive</strong></span> <span class='ocrx_word' id='word_1_403' title='bbox 2480 1066 2539 1097; x_wconf 92' lang='lat' dir='ltr'><strong>pro</strong></span> 
     </span>
    </p>
   </div>
   <div class='ocr_carea' id='block_1_20' title="bbox 1475 1100 2543 1275">
    <p class='ocr_par' dir='ltr' id='par_1_23' title="bbox 1475 1100 2543 1275">
     <span class='ocr_line' id='line_1_63' title="bbox 1475 1100 2539 1142; baseline 0 -11"><span class='ocrx_word' id='word_1_404' title='bbox 1475 1100 1550 1137; x_wconf 91' lang='lat' dir='ltr'><strong>fide,</strong></span> <span class='ocrx_word' id='word_1_405' title='bbox 1567 1102 1632 1132; x_wconf 92' lang='lat' dir='ltr'><strong>sive</strong></span> <span class='ocrx_word' id='word_1_406' title='bbox 1648 1110 1707 1142; x_wconf 91' lang='lat' dir='ltr'><strong>pro</strong></span> <span class='ocrx_word' id='word_1_407' title='bbox 1725 1110 1931 1141; x_wconf 91' lang='lat' dir='ltr'><strong>quacumque</strong></span> <span class='ocrx_word' id='word_1_408' title='bbox 1947 1100 2007 1130; x_wconf 89' lang='lat' dir='ltr'><strong>alia</strong></span> <span class='ocrx_word' id='word_1_409' title='bbox 2023 1110 2117 1131; x_wconf 88' lang='lat' dir='ltr'><strong>causa</strong></span> <span class='ocrx_word' id='word_1_410' title='bbox 2131 1101 2289 1131; x_wconf 87' lang='lat' dir='ltr'><strong>violenter</strong></span> <span class='ocrx_word' id='word_1_411' title='bbox 2308 1106 2539 1141; x_wconf 89' lang='lat' dir='ltr'><strong>corrumpatur.</strong></span> 
     </span>
     <span class='ocr_line' id='line_1_64' title="bbox 1477 1144 2540 1186; baseline -0.001 -10"><span class='ocrx_word' id='word_1_412' title='bbox 1477 1145 1540 1176; x_wconf 94' lang='lat' dir='ltr'><strong>Sed</strong></span> <span class='ocrx_word' id='word_1_413' title='bbox 1568 1146 1592 1176; x_wconf 92' lang='lat' dir='ltr'><strong>si</strong></span> <span class='ocrx_word' id='word_1_414' title='bbox 1621 1146 1685 1176; x_wconf 92' lang='lat' dir='ltr'><strong>hoc</strong></span> <span class='ocrx_word' id='word_1_415' title='bbox 1715 1155 1774 1186; x_wconf 94' lang='lat' dir='ltr'><strong>pro</strong></span> <span class='ocrx_word' id='word_1_416' title='bbox 1804 1144 1869 1176; x_wconf 90' lang='lat' dir='ltr'><strong>fide</strong></span> <span class='ocrx_word' id='word_1_417' title='bbox 1898 1145 2068 1181; x_wconf 87' lang='lat' dir='ltr'><strong>sustineat,</strong></span> <span class='ocrx_word' id='word_1_418' title='bbox 2092 1145 2155 1175; x_wconf 91' lang='lat' dir='ltr'><strong>hoc</strong></span> <span class='ocrx_word' id='word_1_419' title='bbox 2185 1146 2214 1175; x_wconf 92' lang='lat' dir='ltr'><strong>ei</strong></span> <span class='ocrx_word' id='word_1_420' title='bbox 2242 1145 2300 1175; x_wconf 89' lang='lat' dir='ltr'><strong>erit</strong></span> <span class='ocrx_word' id='word_1_421' title='bbox 2326 1145 2540 1180; x_wconf 89' lang='lat' dir='ltr'><strong>meritorium,</strong></span> 
     </span>
     <span class='ocr_line' id='line_1_65' title="bbox 1478 1189 2542 1230; baseline -0.001 -10"><span class='ocrx_word' id='word_1_422' title='bbox 1478 1195 1510 1220; x_wconf 93' lang='lat' dir='ltr'><strong>et</strong></span> <span class='ocrx_word' id='word_1_423' title='bbox 1533 1189 1572 1220; x_wconf 90' lang='lat' dir='ltr'><strong>ad</strong></span> <span class='ocrx_word' id='word_1_424' title='bbox 1594 1199 1696 1230; x_wconf 89' lang='lat' dir='ltr'><strong>genus</strong></span> <span class='ocrx_word' id='word_1_425' title='bbox 1719 1190 1860 1230; x_wconf 84' lang='lat' dir='ltr'><strong>martyrii</strong></span> <span class='ocrx_word' id='word_1_426' title='bbox 1883 1189 2063 1229; x_wconf 88' lang='lat' dir='ltr'><strong>pertinebit.</strong></span> <span class='ocrx_word' id='word_1_427' title='bbox 2088 1189 2182 1220; x_wconf 90' lang='lat' dir='ltr'><strong>Unde</strong></span> <span class='ocrx_word' id='word_1_428' title='bbox 2206 1189 2306 1219; x_wconf 92' lang='lat' dir='ltr'><strong>Lucia</strong></span> <span class='ocrx_word' id='word_1_429' title='bbox 2327 1189 2417 1219; x_wconf 83' lang='lat' dir='ltr'><strong>dixit:</strong></span> <span class='ocrx_word' id='word_1_430' title='bbox 2442 1189 2478 1219; x_wconf 89' lang='lat' dir='ltr'><strong>Si</strong></span> <span class='ocrx_word' id='word_1_431' title='bbox 2493 1199 2542 1219; x_wconf 90' lang='lat' dir='ltr'><strong>me</strong></span> 
     </span>
     <span class='ocr_line' id='line_1_66' title="bbox 1478 1233 2543 1275; baseline -0.001 -11"><span class='ocrx_word' id='word_1_432' title='bbox 1478 1234 1612 1264; x_wconf 83' lang='lat' dir='ltr'><strong>invitam</strong></span> <span class='ocrx_word' id='word_1_433' title='bbox 1635 1234 1762 1264; x_wconf 77' lang='lat' dir='ltr'><strong>violare</strong></span> <span class='ocrx_word' id='word_1_434' title='bbox 1775 1234 1911 1275; x_wconf 86' lang='lat' dir='ltr'><strong>seceris,</strong></span> <span class='ocrx_word' id='word_1_435' title='bbox 1935 1233 2067 1264; x_wconf 81' lang='lat' dir='ltr'><strong>castitas</strong></span> <span class='ocrx_word' id='word_1_436' title='bbox 2090 1233 2168 1263; x_wconf 85' lang='lat' dir='ltr'><strong>mihi</strong></span> <span class='ocrx_word' id='word_1_437' title='bbox 2191 1233 2408 1274; x_wconf 78' lang='lat' dir='ltr'><strong>duplicabitur</strong></span> <span class='ocrx_word' id='word_1_438' title='bbox 2430 1233 2473 1264; x_wconf 84' lang='lat' dir='ltr'><strong>ad</strong></span> <span class='ocrx_word' id='word_1_439' title='bbox 2491 1243 2543 1263; x_wconf 87' lang='lat' dir='ltr'><strong>co-</strong></span> 
     </span>
    </p>
   </div>
   <div class='ocr_carea' id='block_1_21' title="bbox 1438 1277 2542 1318">
    <p class='ocr_par' dir='ltr' id='par_1_24' title="bbox 1438 1277 2542 1318">
     <span class='ocr_line' id='line_1_67' title="bbox 1438 1277 2542 1318; baseline 0 -10"><span class='ocrx_word' id='word_1_440' title='bbox 1438 1289 1461 1309; x_wconf 76' lang='lat'><strong>25</strong></span> <span class='ocrx_word' id='word_1_441' title='bbox 1479 1287 1595 1308; x_wconf 86' lang='lat' dir='ltr'><strong>ronam</strong></span> <span class='ocrx_word' id='word_1_442' title='bbox 1611 1279 1644 1308; x_wconf 70' lang='lat' dir='ltr'><strong>*z</strong></span> <span class='ocrx_word' id='word_1_443' title='bbox 1669 1288 1737 1308; x_wconf 91' lang='lat' dir='ltr'><strong>non</strong></span> <span class='ocrx_word' id='word_1_444' title='bbox 1754 1278 1844 1318; x_wconf 91' lang='lat' dir='ltr'><strong>quod</strong></span> <span class='ocrx_word' id='word_1_445' title='bbox 1858 1278 1973 1308; x_wconf 89' lang='lat' dir='ltr'><strong>habeat</strong></span> <span class='ocrx_word' id='word_1_446' title='bbox 1997 1277 2075 1308; x_wconf 92' lang='lat' dir='ltr'><strong>duas</strong></span> <span class='ocrx_word' id='word_1_447' title='bbox 2098 1278 2283 1318; x_wconf 89' lang='lat' dir='ltr'><strong>virginitatis</strong></span> <span class='ocrx_word' id='word_1_448' title='bbox 2306 1278 2464 1314; x_wconf 92' lang='lat' dir='ltr'><strong>aureolas;</strong></span> <span class='ocrx_word' id='word_1_449' title='bbox 2488 1277 2542 1308; x_wconf 90' lang='lat' dir='ltr'><strong>sed</strong></span> 
     </span>
    </p>
   </div>
   <div class='ocr_carea' id='block_1_22' title="bbox 1478 1322 2545 1495">
    <p class='ocr_par' dir='ltr' id='par_1_25' title="bbox 1478 1322 2545 1495">
     <span class='ocr_line' id='line_1_68' title="bbox 1479 1322 2543 1363; baseline 0 -11"><span class='ocrx_word' id='word_1_450' title='bbox 1479 1323 1555 1363; x_wconf 89' lang='lat' dir='ltr'><strong>quia</strong></span> <span class='ocrx_word' id='word_1_451' title='bbox 1578 1322 1697 1362; x_wconf 88' lang='lat' dir='ltr'><strong>duplex</strong></span> <span class='ocrx_word' id='word_1_452' title='bbox 1720 1323 1900 1362; x_wconf 89' lang='lat' dir='ltr'><strong>praemium</strong></span> <span class='ocrx_word' id='word_1_453' title='bbox 1930 1323 2119 1362; x_wconf 88' lang='lat' dir='ltr'><strong>reportabit,</strong></span> <span class='ocrx_word' id='word_1_454' title='bbox 2143 1331 2247 1352; x_wconf 93' lang='lat' dir='ltr'><strong>unum</strong></span> <span class='ocrx_word' id='word_1_455' title='bbox 2276 1332 2336 1363; x_wconf 93' lang='lat' dir='ltr'><strong>pro</strong></span> <span class='ocrx_word' id='word_1_456' title='bbox 2366 1322 2543 1362; x_wconf 87' lang='lat' dir='ltr'><strong>virginitate</strong></span> 
     </span>
     <span class='ocr_line' id='line_1_69' title="bbox 1479 1366 2543 1407; baseline 0 -11"><span class='ocrx_word' id='word_1_457' title='bbox 1479 1366 1648 1402; x_wconf 88' lang='lat' dir='ltr'><strong>custodita,</strong></span> <span class='ocrx_word' id='word_1_458' title='bbox 1665 1366 1751 1397; x_wconf 91' lang='lat' dir='ltr'><strong>aliud</strong></span> <span class='ocrx_word' id='word_1_459' title='bbox 1771 1376 1831 1407; x_wconf 92' lang='lat' dir='ltr'><strong>pro</strong></span> <span class='ocrx_word' id='word_1_460' title='bbox 1853 1367 1968 1396; x_wconf 92' lang='lat' dir='ltr'><strong>iniuria</strong></span> <span class='ocrx_word' id='word_1_461' title='bbox 1996 1376 2093 1406; x_wconf 90' lang='lat' dir='ltr'><strong>quam</strong></span> <span class='ocrx_word' id='word_1_462' title='bbox 2116 1376 2207 1407; x_wconf 89' lang='lat' dir='ltr'><strong>passa</strong></span> <span class='ocrx_word' id='word_1_463' title='bbox 2231 1371 2287 1397; x_wconf 93' lang='lat' dir='ltr'><strong>est.</strong></span> <span class='ocrx_word' id='word_1_464' title='bbox 2302 1385 2326 1388; x_wconf 97' lang='lat'><strong>—</strong></span> <span class='ocrx_word' id='word_1_465' title='bbox 2341 1366 2424 1396; x_wconf 90' lang='lat' dir='ltr'><strong>Dato</strong></span> <span class='ocrx_word' id='word_1_466' title='bbox 2449 1367 2543 1396; x_wconf 88' lang='lat' dir='ltr'><strong>etiam</strong></span> 
     </span>
     <span class='ocr_line' id='line_1_70' title="bbox 1479 1410 2543 1451; baseline 0 -10"><span class='ocrx_word' id='word_1_467' title='bbox 1479 1410 1570 1451; x_wconf 93' lang='lat' dir='ltr'><strong>quod</strong></span> <span class='ocrx_word' id='word_1_468' title='bbox 1593 1411 1695 1441; x_wconf 86' lang='lat' dir='ltr'><strong>taliter</strong></span> <span class='ocrx_word' id='word_1_469' title='bbox 1713 1420 1866 1451; x_wconf 90' lang='lat' dir='ltr'><strong>oppressa</strong></span> <span class='ocrx_word' id='word_1_470' title='bbox 1890 1411 2060 1450; x_wconf 89' lang='lat' dir='ltr'><strong>concipiat,</strong></span> <span class='ocrx_word' id='word_1_471' title='bbox 2076 1420 2137 1441; x_wconf 91' lang='lat' dir='ltr'><strong>nec</strong></span> <span class='ocrx_word' id='word_1_472' title='bbox 2153 1420 2191 1441; x_wconf 88' lang='lat' dir='ltr'><strong>ex</strong></span> <span class='ocrx_word' id='word_1_473' title='bbox 2207 1411 2270 1441; x_wconf 91' lang='lat' dir='ltr'><strong>hoc</strong></span> <span class='ocrx_word' id='word_1_474' title='bbox 2285 1411 2435 1441; x_wconf 85' lang='lat' dir='ltr'><strong>meritum</strong></span> <span class='ocrx_word' id='word_1_475' title='bbox 2450 1411 2543 1450; x_wconf 83' lang='lat' dir='ltr'><strong>virgi-</strong></span> 
     </span>
     <span class='ocr_line' id='line_1_71' title="bbox 1478 1454 2545 1495; baseline -0.001 -10"><span class='ocrx_word' id='word_1_476' title='bbox 1478 1455 1585 1486; x_wconf 89' lang='lat' dir='ltr'><strong>nitatis</strong></span> <span class='ocrx_word' id='word_1_477' title='bbox 1608 1454 1721 1495; x_wconf 92' lang='lat' dir='ltr'><strong>perdit.</strong></span> <span class='ocrx_word' id='word_1_478' title='bbox 1746 1455 1815 1485; x_wconf 93' lang='lat' dir='ltr'><strong>Nec</strong></span> <span class='ocrx_word' id='word_1_479' title='bbox 1837 1460 1946 1485; x_wconf 89' lang='lat' dir='ltr'><strong>tamen</strong></span> <span class='ocrx_word' id='word_1_480' title='bbox 1968 1456 2061 1485; x_wconf 90' lang='lat' dir='ltr'><strong>matri</strong></span> <span class='ocrx_word' id='word_1_481' title='bbox 2078 1455 2195 1485; x_wconf 90' lang='lat' dir='ltr'><strong>Christi</strong></span> <span class='ocrx_word' id='word_1_482' title='bbox 2219 1455 2415 1495; x_wconf 86' lang='lat' dir='ltr'><strong>aequabitur,</strong></span> <span class='ocrx_word' id='word_1_483' title='bbox 2432 1455 2465 1485; x_wconf 91' lang='lat' dir='ltr'><strong>in</strong></span> <span class='ocrx_word' id='word_1_484' title='bbox 2482 1464 2545 1495; x_wconf 87' lang='lat' dir='ltr'><strong>qua</strong></span> 
     </span>
    </p>
   </div>
   <div class='ocr_carea' id='block_1_23' title="bbox 355 1499 2550 2298">
    <p class='ocr_par' dir='ltr' id='par_1_26' title="bbox 355 1499 2550 2298">
     <span class='ocr_line' id='line_1_72' title="bbox 355 1499 2418 1544; baseline -0.003 -8"><span class='ocrx_word' id='word_1_485' title='bbox 355 1514 424 1536; x_wconf 91' lang='lat' dir='ltr'><strong>non</strong></span> <span class='ocrx_word' id='word_1_486' title='bbox 439 1505 631 1540; x_wconf 86' lang='lat' dir='ltr'><strong>habuerunt,</strong></span> <span class='ocrx_word' id='word_1_487' title='bbox 648 1508 684 1534; x_wconf 93' lang='lat' dir='ltr'><strong>ut</strong></span> <span class='ocrx_word' id='word_1_488' title='bbox 699 1508 786 1544; x_wconf 91' lang='lat' dir='ltr'><strong>patet</strong></span> <span class='ocrx_word' id='word_1_489' title='bbox 801 1503 835 1533; x_wconf 93' lang='lat' dir='ltr'><strong>in</strong></span> <span class='ocrx_word' id='word_1_490' title='bbox 850 1503 958 1543; x_wconf 89' lang='lat' dir='ltr'><strong>pueris</strong></span> <span class='ocrx_word' id='word_1_491' title='bbox 981 1502 1158 1542; x_wconf 86' lang='lat' dir='ltr'><strong>baptizatis.</strong></span> <span class='ocrx_word' id='word_1_492' title='bbox 1182 1499 1246 1531; x_wconf 92' lang='lat' dir='ltr'><strong>Sed</strong></span> <span class='ocrx_word' id='word_1_493' title='bbox 1263 1500 1342 1530; x_wconf 89' lang='lat' dir='ltr'><strong>haec</strong></span> <span class='ocrx_word' id='word_1_494' title='bbox 1357 1508 1427 1529; x_wconf 92' lang='lat' dir='ltr'><strong>non</strong></span> <span class='ocrx_word' id='word_1_495' title='bbox 1441 1513 1467 1534; x_wconf 64' lang='grc' dir='ltr'><strong>,ο</strong></span> <span class='ocrx_word' id='word_1_496' title='bbox 1479 1499 1541 1530; x_wconf 87' lang='lat' dir='ltr'><strong>fuit</strong></span> <span class='ocrx_word' id='word_1_497' title='bbox 1565 1509 1640 1529; x_wconf 91' lang='lat' dir='ltr'><strong>cum</strong></span> <span class='ocrx_word' id='word_1_498' title='bbox 1663 1499 1840 1539; x_wconf 87' lang='lat' dir='ltr'><strong>integritate</strong></span> <span class='ocrx_word' id='word_1_499' title='bbox 1864 1500 1979 1529; x_wconf 85' lang='lat' dir='ltr'><strong>mentis</strong></span> <span class='ocrx_word' id='word_1_500' title='bbox 2004 1499 2099 1529; x_wconf 91' lang='lat' dir='ltr'><strong>etiam</strong></span> <span class='ocrx_word' id='word_1_501' title='bbox 2122 1500 2283 1539; x_wconf 88' lang='lat' dir='ltr'><strong>integritas</strong></span> <span class='ocrx_word' id='word_1_502' title='bbox 2307 1500 2418 1529; x_wconf 91' lang='lat' dir='ltr'><strong>carnis.</strong></span> 
     </span>
     <span class='ocr_line' id='line_1_73' title="bbox 357 1543 2546 1589; baseline -0.003 -10"><span class='ocrx_word' id='word_1_503' title='bbox 357 1554 404 1580; x_wconf 88' lang='lat' dir='ltr'><strong>est</strong></span> <span class='ocrx_word' id='word_1_504' title='bbox 425 1549 558 1589; x_wconf 90' lang='lat' dir='ltr'><strong>propria</strong></span> <span class='ocrx_word' id='word_1_505' title='bbox 580 1548 725 1588; x_wconf 83' lang='lat' dir='ltr'><strong>acceptio</strong></span> <span class='ocrx_word' id='word_1_506' title='bbox 749 1547 909 1583; x_wconf 82' lang='lat' dir='ltr'><strong>aureolae,</strong></span> <span class='ocrx_word' id='word_1_507' title='bbox 933 1545 990 1576; x_wconf 91' lang='lat' dir='ltr'><strong>sed</strong></span> <span class='ocrx_word' id='word_1_508' title='bbox 1012 1545 1104 1576; x_wconf 91' lang='lat' dir='ltr'><strong>valde</strong></span> <span class='ocrx_word' id='word_1_509' title='bbox 1127 1544 1321 1575; x_wconf 88' lang='lat' dir='ltr'><strong>communis.</strong></span> <span class='ocrx_word' id='word_1_510' title='bbox 1535 1544 1587 1574; x_wconf 84' lang='lat' dir='ltr'><strong>An</strong></span> <span class='ocrx_word' id='word_1_511' title='bbox 1612 1553 1752 1573; x_wconf 75' lang='lat' dir='ltr'>QUINTUM</span> <span class='ocrx_word' id='word_1_512' title='bbox 1781 1553 1941 1573; x_wconf 65' lang='lat' dir='ltr'><strong>menmium</strong></span> <span class='ocrx_word' id='word_1_513' title='bbox 1970 1543 2060 1583; x_wconf 91' lang='lat' dir='ltr'><strong>quod</strong></span> <span class='ocrx_word' id='word_1_514' title='bbox 2087 1544 2248 1583; x_wconf 88' lang='lat' dir='ltr'><strong>virginitas</strong></span> <span class='ocrx_word' id='word_1_515' title='bbox 2277 1544 2371 1574; x_wconf 90' lang='lat' dir='ltr'><strong>nobis</strong></span> <span class='ocrx_word' id='word_1_516' title='bbox 2395 1553 2412 1573; x_wconf 91' lang='lat' dir='ltr'><strong>a</strong></span> <span class='ocrx_word' id='word_1_517' title='bbox 2435 1548 2546 1573; x_wconf 87' lang='lat' dir='ltr'><strong>natura</strong></span> 
     </span>
     <span class='ocr_line' id='line_1_74' title="bbox 412 1587 2544 1631; baseline -0.003 -8"><span class='ocrx_word' id='word_1_518' title='bbox 412 1593 463 1623; x_wconf 85' lang='lat' dir='ltr'><strong>An</strong></span> <span class='ocrx_word' id='word_1_519' title='bbox 487 1602 605 1623; x_wconf 68' lang='lat' dir='ltr'><strong>ramum</strong></span> <span class='ocrx_word' id='word_1_520' title='bbox 627 1601 711 1631; x_wconf 70' lang='lat' dir='ltr'><strong>aneo</strong></span> <span class='ocrx_word' id='word_1_521' title='bbox 734 1600 896 1621; x_wconf 58' lang='lat' dir='ltr'><strong>meis-unum</strong></span> <span class='ocrx_word' id='word_1_522' title='bbox 919 1589 1010 1630; x_wconf 89' lang='lat' dir='ltr'><strong>quod</strong></span> <span class='ocrx_word' id='word_1_523' title='bbox 1032 1590 1066 1620; x_wconf 91' lang='lat' dir='ltr'><strong>in</strong></span> <span class='ocrx_word' id='word_1_524' title='bbox 1089 1587 1288 1619; x_wconf 90' lang='lat' dir='ltr'><strong>continendo</strong></span> <span class='ocrx_word' id='word_1_525' title='bbox 1312 1597 1426 1618; x_wconf 89' lang='lat' dir='ltr'><strong>secun-</strong></span> <span class='ocrx_word' id='word_1_526' title='bbox 1480 1588 1656 1618; x_wconf 89' lang='lat' dir='ltr'><strong>innascitur</strong></span> <span class='ocrx_word' id='word_1_527' title='bbox 1679 1593 1836 1628; x_wconf 88' lang='lat' dir='ltr'><strong>quantum</strong></span> <span class='ocrx_word' id='word_1_528' title='bbox 1852 1588 1891 1618; x_wconf 89' lang='lat' dir='ltr'><strong>ad</strong></span> <span class='ocrx_word' id='word_1_529' title='bbox 1907 1588 1940 1618; x_wconf 92' lang='lat' dir='ltr'><strong>id</strong></span> <span class='ocrx_word' id='word_1_530' title='bbox 1957 1588 2046 1627; x_wconf 93' lang='lat' dir='ltr'><strong>quod</strong></span> <span class='ocrx_word' id='word_1_531' title='bbox 2070 1593 2116 1618; x_wconf 88' lang='lat' dir='ltr'><strong>est</strong></span> <span class='ocrx_word' id='word_1_532' title='bbox 2132 1588 2292 1618; x_wconf 88' lang='lat' dir='ltr'><strong>materiale</strong></span> <span class='ocrx_word' id='word_1_533' title='bbox 2307 1589 2341 1618; x_wconf 91' lang='lat' dir='ltr'><strong>in</strong></span> <span class='ocrx_word' id='word_1_534' title='bbox 2357 1587 2544 1628; x_wconf 85' lang='lat' dir='ltr'><strong>virginitate.</strong></span> 
     </span>
     <span class='ocr_line' id='line_1_75' title="bbox 357 1631 2546 1677; baseline -0.003 -9"><span class='ocrx_word' id='word_1_535' title='bbox 357 1636 436 1668; x_wconf 88' lang='lat' dir='ltr'><strong>dum</strong></span> <span class='ocrx_word' id='word_1_536' title='bbox 458 1635 579 1677; x_wconf 88' lang='lat' dir='ltr'><strong>aliquid</strong></span> <span class='ocrx_word' id='word_1_537' title='bbox 607 1636 765 1666; x_wconf 89' lang='lat' dir='ltr'><strong>maiorem</strong></span> <span class='ocrx_word' id='word_1_538' title='bbox 794 1644 938 1676; x_wconf 85' lang='lat' dir='ltr'><strong>pugnam</strong></span> <span class='ocrx_word' id='word_1_539' title='bbox 968 1634 1125 1664; x_wconf 89' lang='lat' dir='ltr'><strong>sustinent</strong></span> <span class='ocrx_word' id='word_1_540' title='bbox 1147 1633 1299 1673; x_wconf 89' lang='lat' dir='ltr'><strong>virgines,</strong></span> <span class='ocrx_word' id='word_1_541' title='bbox 1324 1637 1355 1662; x_wconf 90' lang='lat' dir='ltr'><strong>et</strong></span> <span class='ocrx_word' id='word_1_542' title='bbox 1379 1641 1427 1662; x_wconf 89' lang='lat' dir='ltr'><strong>se·</strong></span> <span class='ocrx_word' id='word_1_543' title='bbox 1481 1631 1545 1663; x_wconf 89' lang='lat' dir='ltr'><strong>Sed</strong></span> <span class='ocrx_word' id='word_1_544' title='bbox 1559 1633 1764 1672; x_wconf 89' lang='lat' dir='ltr'><strong>propositum</strong></span> <span class='ocrx_word' id='word_1_545' title='bbox 1780 1637 1954 1673; x_wconf 90' lang='lat' dir='ltr'><strong>perpetuae</strong></span> <span class='ocrx_word' id='word_1_546' title='bbox 1969 1632 2219 1672; x_wconf 88' lang='lat' dir='ltr'><strong>incorruptionis</strong></span> <span class='ocrx_word' id='word_1_547' title='bbox 2235 1632 2416 1668; x_wconf 88' lang='lat' dir='ltr'><strong>servandae,</strong></span> <span class='ocrx_word' id='word_1_548' title='bbox 2430 1642 2467 1662; x_wconf 89' lang='lat' dir='ltr'><strong>ex</strong></span> <span class='ocrx_word' id='word_1_549' title='bbox 2480 1640 2546 1671; x_wconf 92' lang='lat' dir='ltr'><strong>quo</strong></span> 
     </span>
     <span class='ocr_line' id='line_1_76' title="bbox 357 1676 2547 1720; baseline -0.003 -8"><span class='ocrx_word' id='word_1_550' title='bbox 357 1680 502 1712; x_wconf 86' lang='lat' dir='ltr'><strong>cundum</strong></span> <span class='ocrx_word' id='word_1_551' title='bbox 532 1679 654 1720; x_wconf 90' lang='lat' dir='ltr'><strong>aliquid</strong></span> <span class='ocrx_word' id='word_1_552' title='bbox 682 1679 815 1715; x_wconf 82' lang='lat' dir='ltr'><strong>viduae,</strong></span> <span class='ocrx_word' id='word_1_553' title='bbox 845 1679 958 1710; x_wconf 90' lang='lat' dir='ltr'><strong>ceteris</strong></span> <span class='ocrx_word' id='word_1_554' title='bbox 990 1678 1130 1718; x_wconf 86' lang='lat' dir='ltr'><strong>paribus.</strong></span> <span class='ocrx_word' id='word_1_555' title='bbox 1162 1677 1310 1716; x_wconf 87' lang='lat' dir='ltr'><strong>Virgines</strong></span> <span class='ocrx_word' id='word_1_556' title='bbox 1341 1676 1427 1706; x_wconf 89' lang='lat' dir='ltr'><strong>enim</strong></span> <span class='ocrx_word' id='word_1_557' title='bbox 1480 1677 1643 1716; x_wconf 87' lang='lat' dir='ltr'><strong>virginitas</strong></span> <span class='ocrx_word' id='word_1_558' title='bbox 1666 1677 1816 1706; x_wconf 88' lang='lat' dir='ltr'><strong>meritum</strong></span> <span class='ocrx_word' id='word_1_559' title='bbox 1839 1677 1945 1712; x_wconf 83' lang='lat' dir='ltr'><strong>habe&#39;t,</strong></span> <span class='ocrx_word' id='word_1_560' title='bbox 1961 1686 2029 1706; x_wconf 93' lang='lat' dir='ltr'><strong>non</strong></span> <span class='ocrx_word' id='word_1_561' title='bbox 2046 1682 2092 1706; x_wconf 91' lang='lat' dir='ltr'><strong>est</strong></span> <span class='ocrx_word' id='word_1_562' title='bbox 2116 1677 2272 1712; x_wconf 88' lang='lat' dir='ltr'><strong>innatum,</strong></span> <span class='ocrx_word' id='word_1_563' title='bbox 2289 1676 2344 1706; x_wconf 88' lang='lat' dir='ltr'><strong>sed</strong></span> <span class='ocrx_word' id='word_1_564' title='bbox 2361 1686 2398 1706; x_wconf 89' lang='lat' dir='ltr'><strong>ex</strong></span> <span class='ocrx_word' id='word_1_565' title='bbox 2413 1685 2547 1706; x_wconf 90' lang='lat' dir='ltr'><strong>munere</strong></span> 
     </span>
     <span class='ocr_line' id='line_1_77' title="bbox 357 1719 2263 1765; baseline -0.004 -9"><span class='ocrx_word' id='word_1_566' title='bbox 357 1725 620 1765; x_wconf 87' lang='lat' dir='ltr'><strong>concupiscentia</strong></span> <span class='ocrx_word' id='word_1_567' title='bbox 642 1723 821 1754; x_wconf 89' lang='lat' dir='ltr'><strong>inflammat</strong></span> <span class='ocrx_word' id='word_1_568' title='bbox 843 1728 876 1753; x_wconf 93' lang='lat' dir='ltr'><strong>et</strong></span> <span class='ocrx_word' id='word_1_569' title='bbox 898 1721 1082 1762; x_wconf 90' lang='lat' dir='ltr'><strong>experiendi</strong></span> <span class='ocrx_word' id='word_1_570' title='bbox 1109 1720 1313 1756; x_wconf 87' lang='lat' dir='ltr'><strong>desiderium,</strong></span> <span class='ocrx_word' id='word_1_571' title='bbox 1337 1719 1428 1760; x_wconf 93' lang='lat' dir='ltr'><strong>quod</strong></span> <span class='ocrx_word' id='word_1_572' title='bbox 1442 1733 1466 1753; x_wconf 78' lang='lat'><strong>35</strong></span> <span class='ocrx_word' id='word_1_573' title='bbox 1481 1721 1599 1761; x_wconf 84' lang='lat' dir='ltr'><strong>gratiae</strong></span> <span class='ocrx_word' id='word_1_574' title='bbox 1622 1721 1825 1760; x_wconf 88' lang='lat' dir='ltr'><strong>proveniens.</strong></span> <span class='ocrx_word' id='word_1_575' title='bbox 2260 1756 2263 1757; x_wconf 19' lang='lat'><em>⁷</em></span> 
     </span>
     <span class='ocr_line' id='line_1_78' title="bbox 357 1763 2548 1810; baseline -0.003 -10"><span class='ocrx_word' id='word_1_576' title='bbox 357 1779 396 1800; x_wconf 85' lang='lat' dir='ltr'><strong>ex</strong></span> <span class='ocrx_word' id='word_1_577' title='bbox 419 1768 559 1810; x_wconf 89' lang='lat' dir='ltr'><strong>quadam</strong></span> <span class='ocrx_word' id='word_1_578' title='bbox 589 1769 682 1809; x_wconf 88' lang='lat' dir='ltr'><strong>quasi</strong></span> <span class='ocrx_word' id='word_1_579' title='bbox 712 1767 895 1798; x_wconf 85' lang='lat' dir='ltr'><strong>curiositate</strong></span> <span class='ocrx_word' id='word_1_580' title='bbox 925 1765 1086 1807; x_wconf 84' lang='lat' dir='ltr'><strong>procedit,</strong></span> <span class='ocrx_word' id='word_1_581' title='bbox 1116 1775 1181 1805; x_wconf 90' lang='lat' dir='ltr'><strong>qua</strong></span> <span class='ocrx_word' id='word_1_582' title='bbox 1209 1765 1305 1795; x_wconf 88' lang='lat' dir='ltr'><strong>etiam</strong></span> <span class='ocrx_word' id='word_1_583' title='bbox 1332 1763 1370 1794; x_wconf 89' lang='lat' dir='ltr'><strong>fit</strong></span> <span class='ocrx_word' id='word_1_584' title='bbox 1392 1770 1428 1794; x_wconf 92' lang='lat' dir='ltr'><strong>ut</strong></span> <span class='ocrx_word' id='word_1_585' title='bbox 1538 1765 1589 1795; x_wconf 79' lang='lat' dir='ltr'><strong>An</strong></span> <span class='ocrx_word' id='word_1_586' title='bbox 1613 1774 1733 1795; x_wconf 69' lang='lat' dir='ltr'><strong>sax-rma</strong></span> <span class='ocrx_word' id='word_1_587' title='bbox 1755 1774 1926 1800; x_wconf 72' lang='lat' dir='ltr'><strong>mmmmm,</strong></span> <span class='ocrx_word' id='word_1_588' title='bbox 1944 1764 2034 1804; x_wconf 91' lang='lat' dir='ltr'><strong>quod</strong></span> <span class='ocrx_word' id='word_1_589' title='bbox 2053 1773 2120 1794; x_wconf 90' lang='lat' dir='ltr'><strong>non</strong></span> <span class='ocrx_word' id='word_1_590' title='bbox 2137 1765 2267 1795; x_wconf 91' lang='lat' dir='ltr'><strong>cuilibet</strong></span> <span class='ocrx_word' id='word_1_591' title='bbox 2290 1763 2405 1794; x_wconf 91' lang='lat' dir='ltr'><strong>viduae</strong></span> <span class='ocrx_word' id='word_1_592' title='bbox 2428 1763 2548 1794; x_wconf 87' lang='lat' dir='ltr'><strong>fructus</strong></span> 
     </span>
     <span class='ocr_line' id='line_1_79' title="bbox 357 1808 2547 1852; baseline -0.003 -7"><span class='ocrx_word' id='word_1_593' title='bbox 357 1815 459 1845; x_wconf 90' lang='lat' dir='ltr'><strong>homo</strong></span> <span class='ocrx_word' id='word_1_594' title='bbox 475 1813 627 1844; x_wconf 89' lang='lat' dir='ltr'><strong>libentius</strong></span> <span class='ocrx_word' id='word_1_595' title='bbox 641 1811 748 1843; x_wconf 84' lang='lat' dir='ltr'><strong>videat</strong></span> <span class='ocrx_word' id='word_1_596' title='bbox 763 1821 847 1852; x_wconf 85' lang='lat' dir='ltr'><strong>quae</strong></span> <span class='ocrx_word' id='word_1_597' title='bbox 861 1819 1031 1851; x_wconf 88' lang='lat' dir='ltr'><strong>nunquam</strong></span> <span class='ocrx_word' id='word_1_598' title='bbox 1046 1809 1143 1846; x_wconf 89' lang='lat' dir='ltr'><strong>vidit;</strong></span> <span class='ocrx_word' id='word_1_599' title='bbox 1167 1814 1199 1840; x_wconf 94' lang='lat' dir='ltr'><strong>et</strong></span> <span class='ocrx_word' id='word_1_600' title='bbox 1214 1810 1310 1840; x_wconf 92' lang='lat' dir='ltr'><strong>etiam</strong></span> <span class='ocrx_word' id='word_1_601' title='bbox 1327 1818 1429 1849; x_wconf 91' lang='lat' dir='ltr'><strong>quan-</strong></span> <span class='ocrx_word' id='word_1_602' title='bbox 1482 1809 1705 1849; x_wconf 88' lang='lat' dir='ltr'><strong>sexagenarius</strong></span> <span class='ocrx_word' id='word_1_603' title='bbox 1729 1808 1878 1839; x_wconf 87' lang='lat' dir='ltr'><strong>debetur:</strong></span> <span class='ocrx_word' id='word_1_604' title='bbox 1908 1809 1963 1839; x_wconf 89' lang='lat' dir='ltr'><strong>sed</strong></span> <span class='ocrx_word' id='word_1_605' title='bbox 1988 1809 2016 1839; x_wconf 91' lang='lat' dir='ltr'><strong>ei</strong></span> <span class='ocrx_word' id='word_1_606' title='bbox 2039 1808 2145 1838; x_wconf 91' lang='lat' dir='ltr'><strong>solum</strong></span> <span class='ocrx_word' id='word_1_607' title='bbox 2170 1818 2252 1849; x_wconf 89' lang='lat' dir='ltr'><strong>quae</strong></span> <span class='ocrx_word' id='word_1_608' title='bbox 2276 1809 2479 1849; x_wconf 86' lang='lat' dir='ltr'><strong>propositum</strong></span> <span class='ocrx_word' id='word_1_609' title='bbox 2503 1809 2547 1838; x_wconf 89' lang='lat' dir='ltr'><strong>vi-</strong></span> 
     </span>
     <span class='ocr_line' id='line_1_80' title="bbox 357 1852 2549 1899; baseline -0.003 -10"><span class='ocrx_word' id='word_1_610' title='bbox 357 1858 468 1899; x_wconf 89' lang='lat' dir='ltr'><strong>doque</strong></span> <span class='ocrx_word' id='word_1_611' title='bbox 496 1858 530 1888; x_wconf 89' lang='lat' dir='ltr'><strong>in</strong></span> <span class='ocrx_word' id='word_1_612' title='bbox 561 1858 606 1888; x_wconf 91' lang='lat' dir='ltr'><strong>eis</strong></span> <span class='ocrx_word' id='word_1_613' title='bbox 637 1856 935 1897; x_wconf 83' lang='lat' dir='ltr'><strong>concupiscentiam</strong></span> <span class='ocrx_word' id='word_1_614' title='bbox 965 1859 1061 1895; x_wconf 90' lang='lat' dir='ltr'><strong>auget</strong></span> <span class='ocrx_word' id='word_1_615' title='bbox 1090 1854 1268 1884; x_wconf 87' lang='lat' dir='ltr'><strong>aestimatio</strong></span> <span class='ocrx_word' id='word_1_616' title='bbox 1299 1853 1429 1883; x_wconf 90' lang='lat' dir='ltr'><strong>maioris</strong></span> <span class='ocrx_word' id='word_1_617' title='bbox 1483 1854 1611 1884; x_wconf 89' lang='lat' dir='ltr'><strong>duitatis</strong></span> <span class='ocrx_word' id='word_1_618' title='bbox 1627 1852 1798 1884; x_wconf 88' lang='lat' dir='ltr'><strong>servandae</strong></span> <span class='ocrx_word' id='word_1_619' title='bbox 1822 1854 1945 1889; x_wconf 89' lang='lat' dir='ltr'><strong>retinet,</strong></span> <span class='ocrx_word' id='word_1_620' title='bbox 1963 1853 2109 1893; x_wconf 90' lang='lat' dir='ltr'><strong>quamvis</strong></span> <span class='ocrx_word' id='word_1_621' title='bbox 2133 1854 2229 1883; x_wconf 88' lang='lat' dir='ltr'><strong>etiam</strong></span> <span class='ocrx_word' id='word_1_622' title='bbox 2243 1858 2358 1883; x_wconf 90' lang='lat' dir='ltr'><strong>votum</strong></span> <span class='ocrx_word' id='word_1_623' title='bbox 2373 1862 2441 1883; x_wconf 93' lang='lat' dir='ltr'><strong>non</strong></span> <span class='ocrx_word' id='word_1_624' title='bbox 2458 1853 2549 1883; x_wconf 85' lang='lat' dir='ltr'><strong>emit-</strong></span> 
     </span>
     <span class='ocr_line' id='line_1_81' title="bbox 359 1896 2292 1942; baseline -0.004 -8"><span class='ocrx_word' id='word_1_625' title='bbox 359 1902 579 1934; x_wconf 82' lang='lat' dir='ltr'><strong>delectationis</strong></span> <span class='ocrx_word' id='word_1_626' title='bbox 603 1911 701 1942; x_wconf 87' lang='lat' dir='ltr'><strong>quam</strong></span> <span class='ocrx_word' id='word_1_627' title='bbox 725 1902 765 1931; x_wconf 91' lang='lat' dir='ltr'><strong>sit</strong></span> <span class='ocrx_word' id='word_1_628' title='bbox 787 1899 968 1931; x_wconf 90' lang='lat' dir='ltr'><strong>secundum</strong></span> <span class='ocrx_word' id='word_1_629' title='bbox 990 1899 1173 1934; x_wconf 87' lang='lat' dir='ltr'><strong>veritatem;</strong></span> <span class='ocrx_word' id='word_1_630' title='bbox 1199 1903 1230 1928; x_wconf 92' lang='lat' dir='ltr'><strong>et</strong></span> <span class='ocrx_word' id='word_1_631' title='bbox 1244 1896 1428 1928; x_wconf 89' lang='lat' dir='ltr'><strong>inconside-</strong></span> <span class='ocrx_word' id='word_1_632' title='bbox 1482 1903 1544 1934; x_wconf 90' lang='lat' dir='ltr'><strong>tat;</strong></span> <span class='ocrx_word' id='word_1_633' title='bbox 1569 1898 1651 1928; x_wconf 90' lang='lat' dir='ltr'><strong>sicut</strong></span> <span class='ocrx_word' id='word_1_634' title='bbox 1674 1898 1769 1928; x_wconf 86' lang='lat' dir='ltr'><strong>etiam</strong></span> <span class='ocrx_word' id='word_1_635' title='bbox 1794 1897 1833 1928; x_wconf 92' lang='lat' dir='ltr'><strong>de</strong></span> <span class='ocrx_word' id='word_1_636' title='bbox 1856 1897 2034 1937; x_wconf 89' lang='lat' dir='ltr'><strong>virginitate</strong></span> <span class='ocrx_word' id='word_1_637' title='bbox 2058 1897 2178 1928; x_wconf 88' lang='lat' dir='ltr'><strong>dictum</strong></span> <span class='ocrx_word' id='word_1_638' title='bbox 2204 1902 2250 1928; x_wconf 90' lang='lat' dir='ltr'><strong>est</strong></span> <span class='ocrx_word' id='word_1_639' title='bbox 2265 1898 2292 1927; x_wconf 51' lang='grc' dir='ltr'><strong>*ἃ</strong></span> 
     </span>
     <span class='ocr_line' id='line_1_82' title="bbox 358 1940 2548 1984; baseline -0.003 -6"><span class='ocrx_word' id='word_1_640' title='bbox 358 1947 440 1978; x_wconf 85' lang='lat' dir='ltr'><strong>ratio</strong></span> <span class='ocrx_word' id='word_1_641' title='bbox 464 1955 579 1977; x_wconf 90' lang='lat' dir='ltr'><strong>eorum</strong></span> <span class='ocrx_word' id='word_1_642' title='bbox 600 1945 889 1977; x_wconf 89' lang='lat' dir='ltr'><strong>incommodorum</strong></span> <span class='ocrx_word' id='word_1_643' title='bbox 913 1953 996 1984; x_wconf 94' lang='lat' dir='ltr'><strong>quae</strong></span> <span class='ocrx_word' id='word_1_644' title='bbox 1014 1943 1219 1974; x_wconf 90' lang='lat' dir='ltr'><strong>delectationi</strong></span> <span class='ocrx_word' id='word_1_645' title='bbox 1241 1940 1428 1972; x_wconf 91' lang='lat' dir='ltr'><strong>huiusmodi</strong></span> <span class='ocrx_word' id='word_1_646' title='bbox 1442 1954 1469 1974; x_wconf 75' lang='lat'><strong>40</strong></span> <span class='ocrx_word' id='word_1_647' title='bbox 1538 1942 1588 1972; x_wconf 81' lang='lat' dir='ltr'><strong>An</strong></span> <span class='ocrx_word' id='word_1_648' title='bbox 1614 1951 1765 1972; x_wconf 72' lang='lat' dir='ltr'><strong>sur-mum</strong></span> <span class='ocrx_word' id='word_1_649' title='bbox 1788 1951 1948 1971; x_wconf 67' lang='lat' dir='ltr'><strong>menmium</strong></span> <span class='ocrx_word' id='word_1_650' title='bbox 1972 1941 2072 1982; x_wconf 89' lang='lat' dir='ltr'><strong>quod,</strong></span> <span class='ocrx_word' id='word_1_651' title='bbox 2096 1942 2122 1972; x_wconf 90' lang='lat' dir='ltr'><strong>si</strong></span> <span class='ocrx_word' id='word_1_652' title='bbox 2145 1941 2249 1982; x_wconf 86' lang='lat' dir='ltr'><strong>frigidi</strong></span> <span class='ocrx_word' id='word_1_653' title='bbox 2274 1947 2305 1971; x_wconf 90' lang='lat' dir='ltr'><strong>et</strong></span> <span class='ocrx_word' id='word_1_654' title='bbox 2328 1941 2468 1972; x_wconf 90' lang='lat' dir='ltr'><strong>eunuchi</strong></span> <span class='ocrx_word' id='word_1_655' title='bbox 2491 1951 2548 1971; x_wconf 95' lang='lat' dir='ltr'><strong>vo-</strong></span> 
     </span>
     <span class='ocr_line' id='line_1_83' title="bbox 359 1986 2548 2032; baseline -0.003 -10"><span class='ocrx_word' id='word_1_656' title='bbox 359 1991 586 2032; x_wconf 83' lang='lat' dir='ltr'><strong>adiunguntur.</strong></span> <span class='ocrx_word' id='word_1_657' title='bbox 615 1990 660 2021; x_wconf 87' lang='lat' dir='ltr'><strong>Et</strong></span> <span class='ocrx_word' id='word_1_658' title='bbox 681 1995 839 2030; x_wconf 88' lang='lat' dir='ltr'><strong>quantum</strong></span> <span class='ocrx_word' id='word_1_659' title='bbox 863 1988 903 2019; x_wconf 90' lang='lat' dir='ltr'><strong>ad</strong></span> <span class='ocrx_word' id='word_1_660' title='bbox 925 1989 989 2018; x_wconf 90' lang='lat' dir='ltr'><strong>hoc</strong></span> <span class='ocrx_word' id='word_1_661' title='bbox 1011 1986 1128 2017; x_wconf 87' lang='lat' dir='ltr'><strong>viduae</strong></span> <span class='ocrx_word' id='word_1_662' title='bbox 1150 1987 1312 2017; x_wconf 89' lang='lat' dir='ltr'><strong>minorem</strong></span> <span class='ocrx_word' id='word_1_663' title='bbox 1335 1986 1429 2016; x_wconf 89' lang='lat' dir='ltr'><strong>susti·</strong></span> <span class='ocrx_word' id='word_1_664' title='bbox 1482 1986 1638 2016; x_wconf 91' lang='lat' dir='ltr'><strong>luntatem</strong></span> <span class='ocrx_word' id='word_1_665' title='bbox 1654 1986 1792 2016; x_wconf 90' lang='lat' dir='ltr'><strong>habeant</strong></span> <span class='ocrx_word' id='word_1_666' title='bbox 1810 1991 1999 2026; x_wconf 89' lang='lat' dir='ltr'><strong>perpetuam</strong></span> <span class='ocrx_word' id='word_1_667' title='bbox 2022 1986 2298 2026; x_wconf 88' lang='lat' dir='ltr'><strong>incorruptionem</strong></span> <span class='ocrx_word' id='word_1_668' title='bbox 2315 1995 2438 2016; x_wconf 91' lang='lat' dir='ltr'><strong>servare</strong></span> <span class='ocrx_word' id='word_1_669' title='bbox 2453 1986 2548 2016; x_wconf 88' lang='lat' dir='ltr'><strong>etiarn</strong></span> 
     </span>
     <span class='ocr_line' id='line_1_84' title="bbox 358 2030 2548 2076; baseline -0.003 -9"><span class='ocrx_word' id='word_1_670' title='bbox 358 2041 437 2067; x_wconf 84' lang='lat' dir='ltr'><strong>nent</strong></span> <span class='ocrx_word' id='word_1_671' title='bbox 459 2044 620 2076; x_wconf 86' lang='lat' dir='ltr'><strong>pugnam:</strong></span> <span class='ocrx_word' id='word_1_672' title='bbox 652 2035 809 2065; x_wconf 90' lang='lat' dir='ltr'><strong>maiorem</strong></span> <span class='ocrx_word' id='word_1_673' title='bbox 832 2038 940 2064; x_wconf 87' lang='lat' dir='ltr'><strong>autem</strong></span> <span class='ocrx_word' id='word_1_674' title='bbox 963 2036 1095 2072; x_wconf 88' lang='lat' dir='ltr'><strong>propter</strong></span> <span class='ocrx_word' id='word_1_675' title='bbox 1119 2031 1338 2067; x_wconf 73' lang='lat' dir='ltr'><strong>delectationis</strong></span> <span class='ocrx_word' id='word_1_676' title='bbox 1360 2039 1428 2060; x_wconf 92' lang='lat' dir='ltr'><strong>me·</strong></span> <span class='ocrx_word' id='word_1_677' title='bbox 1482 2031 1509 2060; x_wconf 94' lang='lat' dir='ltr'><strong>si</strong></span> <span class='ocrx_word' id='word_1_678' title='bbox 1524 2030 1657 2061; x_wconf 89' lang='lat' dir='ltr'><strong>facultas</strong></span> <span class='ocrx_word' id='word_1_679' title='bbox 1677 2036 1759 2061; x_wconf 87' lang='lat' dir='ltr'><strong>esset</strong></span> <span class='ocrx_word' id='word_1_680' title='bbox 1778 2030 1927 2066; x_wconf 84' lang='lat' dir='ltr'><strong>coeundi,</strong></span> <span class='ocrx_word' id='word_1_681' title='bbox 1944 2031 2081 2070; x_wconf 89' lang='lat' dir='ltr'><strong>virgines</strong></span> <span class='ocrx_word' id='word_1_682' title='bbox 2097 2035 2171 2061; x_wconf 93' lang='lat' dir='ltr'><strong>sunt</strong></span> <span class='ocrx_word' id='word_1_683' title='bbox 2187 2030 2322 2066; x_wconf 85' lang='lat' dir='ltr'><strong>dicendi,</strong></span> <span class='ocrx_word' id='word_1_684' title='bbox 2340 2035 2371 2060; x_wconf 92' lang='lat' dir='ltr'><strong>et</strong></span> <span class='ocrx_word' id='word_1_685' title='bbox 2386 2030 2548 2062; x_wconf 89' lang='lat' dir='ltr'><strong>aureolam</strong></span> 
     </span>
     <span class='ocr_line' id='line_1_85' title="bbox 358 2074 2547 2116; baseline -0.003 -5"><span class='ocrx_word' id='word_1_686' title='bbox 358 2080 506 2111; x_wconf 86' lang='lat' dir='ltr'><strong>moriam.</strong></span> <span class='ocrx_word' id='word_1_687' title='bbox 527 2079 570 2110; x_wconf 90' lang='lat' dir='ltr'><strong>Et</strong></span> <span class='ocrx_word' id='word_1_688' title='bbox 583 2080 618 2109; x_wconf 90' lang='lat' dir='ltr'><strong>in</strong></span> <span class='ocrx_word' id='word_1_689' title='bbox 633 2078 763 2109; x_wconf 86' lang='lat' dir='ltr'><strong>diversis</strong></span> <span class='ocrx_word' id='word_1_690' title='bbox 778 2087 882 2108; x_wconf 88' lang='lat' dir='ltr'><strong>unum</strong></span> <span class='ocrx_word' id='word_1_691' title='bbox 898 2077 987 2107; x_wconf 91' lang='lat' dir='ltr'><strong>alteri</strong></span> <span class='ocrx_word' id='word_1_692' title='bbox 1001 2074 1232 2116; x_wconf 89' lang='lat' dir='ltr'><strong>praeiudicabit</strong></span> <span class='ocrx_word' id='word_1_693' title='bbox 1249 2074 1428 2105; x_wconf 89' lang='lat' dir='ltr'><strong>secundum</strong></span> <span class='ocrx_word' id='word_1_694' title='bbox 1482 2080 1660 2105; x_wconf 89' lang='lat' dir='ltr'><strong>merentur:</strong></span> <span class='ocrx_word' id='word_1_695' title='bbox 1681 2075 1819 2116; x_wconf 87' lang='lat' dir='ltr'><strong>faciunt</strong></span> <span class='ocrx_word' id='word_1_696' title='bbox 1841 2075 1927 2105; x_wconf 90' lang='lat' dir='ltr'><strong>enim</strong></span> <span class='ocrx_word' id='word_1_697' title='bbox 1943 2075 1982 2105; x_wconf 86' lang='lat' dir='ltr'><strong>de</strong></span> <span class='ocrx_word' id='word_1_698' title='bbox 1998 2075 2184 2105; x_wconf 81' lang='lat' dir='ltr'><strong>necessitate</strong></span> <span class='ocrx_word' id='word_1_699' title='bbox 2207 2075 2356 2105; x_wconf 83' lang='lat' dir='ltr'><strong>virtutem</strong></span> <span class='ocrx_word' id='word_1_700' title='bbox 2372 2075 2398 2105; x_wconf 51' lang='grc' dir='ltr'><strong>’ἦ</strong></span> <span class='ocrx_word' id='word_1_701' title='bbox 2424 2075 2456 2106; x_wconf 93' lang='lat' dir='ltr'><strong>Si</strong></span> <span class='ocrx_word' id='word_1_702' title='bbox 2471 2085 2547 2105; x_wconf 89' lang='lat' dir='ltr'><strong>vero</strong></span> 
     </span>
     <span class='ocr_line' id='line_1_86' title="bbox 359 2119 2548 2162; baseline -0.002 -7"><span class='ocrx_word' id='word_1_703' title='bbox 359 2124 498 2155; x_wconf 83' lang='lat' dir='ltr'><strong>diversas</strong></span> <span class='ocrx_word' id='word_1_704' title='bbox 524 2123 666 2154; x_wconf 89' lang='lat' dir='ltr'><strong>hominis</strong></span> <span class='ocrx_word' id='word_1_705' title='bbox 693 2122 936 2162; x_wconf 87' lang='lat' dir='ltr'><strong>dispositiones:</strong></span> <span class='ocrx_word' id='word_1_706' title='bbox 968 2121 1044 2161; x_wconf 92' lang='lat' dir='ltr'><strong>quia</strong></span> <span class='ocrx_word' id='word_1_707' title='bbox 1074 2119 1206 2160; x_wconf 92' lang='lat' dir='ltr'><strong>quidam</strong></span> <span class='ocrx_word' id='word_1_708' title='bbox 1234 2119 1335 2159; x_wconf 89' lang='lat' dir='ltr'><strong>magis</strong></span> <span class='ocrx_word' id='word_1_709' title='bbox 1357 2128 1428 2149; x_wconf 90' lang='lat' dir='ltr'><strong>mo·</strong></span> <span class='ocrx_word' id='word_1_710' title='bbox 1482 2119 1682 2150; x_wconf 85' lang='lat' dir='ltr'><strong>voluntatem</strong></span> <span class='ocrx_word' id='word_1_711' title='bbox 1698 2119 1836 2149; x_wconf 89' lang='lat' dir='ltr'><strong>habeant</strong></span> <span class='ocrx_word' id='word_1_712' title='bbox 1851 2119 1990 2149; x_wconf 92' lang='lat' dir='ltr'><strong>ducendi</strong></span> <span class='ocrx_word' id='word_1_713' title='bbox 2006 2120 2178 2159; x_wconf 87' lang='lat' dir='ltr'><strong>coniugem</strong></span> <span class='ocrx_word' id='word_1_714' title='bbox 2194 2120 2219 2149; x_wconf 93' lang='lat' dir='ltr'><strong>si</strong></span> <span class='ocrx_word' id='word_1_715' title='bbox 2231 2125 2372 2159; x_wconf 90' lang='lat' dir='ltr'><strong>possent,</strong></span> <span class='ocrx_word' id='word_1_716' title='bbox 2385 2120 2548 2150; x_wconf 87' lang='lat' dir='ltr'><strong>aureolam</strong></span> 
     </span>
     <span class='ocr_line' id='line_1_87' title="bbox 359 2163 2548 2208; baseline -0.002 -9"><span class='ocrx_word' id='word_1_717' title='bbox 359 2174 475 2199; x_wconf 87' lang='lat' dir='ltr'><strong>ventur</strong></span> <span class='ocrx_word' id='word_1_718' title='bbox 489 2168 564 2203; x_wconf 92' lang='lat' dir='ltr'><strong>hoc,</strong></span> <span class='ocrx_word' id='word_1_719' title='bbox 581 2166 714 2208; x_wconf 84' lang='lat' dir='ltr'><strong>quidam</strong></span> <span class='ocrx_word' id='word_1_720' title='bbox 734 2166 801 2197; x_wconf 91' lang='lat' dir='ltr'><strong>illo.</strong></span> <span class='ocrx_word' id='word_1_721' title='bbox 826 2165 994 2206; x_wconf 90' lang='lat' dir='ltr'><strong>Quidquid</strong></span> <span class='ocrx_word' id='word_1_722' title='bbox 1018 2170 1126 2195; x_wconf 90' lang='lat' dir='ltr'><strong>autem</strong></span> <span class='ocrx_word' id='word_1_723' title='bbox 1142 2165 1181 2194; x_wconf 93' lang='lat' dir='ltr'><strong>sit</strong></span> <span class='ocrx_word' id='word_1_724' title='bbox 1197 2163 1236 2194; x_wconf 93' lang='lat' dir='ltr'><strong>de</strong></span> <span class='ocrx_word' id='word_1_725' title='bbox 1253 2163 1429 2204; x_wconf 88' lang='lat' dir='ltr'><strong>quantitate</strong></span> <span class='ocrx_word' id='word_1_726' title='bbox 1442 2174 1466 2195; x_wconf 80' lang='grc' dir='ltr'><strong>4ς</strong></span> <span class='ocrx_word' id='word_1_727' title='bbox 1481 2173 1549 2194; x_wconf 90' lang='lat' dir='ltr'><strong>non</strong></span> <span class='ocrx_word' id='word_1_728' title='bbox 1573 2169 1746 2194; x_wconf 89' lang='lat' dir='ltr'><strong>merentur.</strong></span> <span class='ocrx_word' id='word_1_729' title='bbox 1771 2163 1864 2194; x_wconf 91' lang='lat' dir='ltr'><strong>Unde</strong></span> <span class='ocrx_word' id='word_1_730' title='bbox 1889 2163 1966 2194; x_wconf 88' lang='lat' dir='ltr'><strong>dicit</strong></span> <span class='ocrx_word' id='word_1_731' title='bbox 1987 2164 2197 2204; x_wconf 85' lang='lat' dir='ltr'><strong>Augustinus,</strong></span> <span class='ocrx_word' id='word_1_732' title='bbox 2214 2164 2247 2194; x_wconf 91' lang='lat' dir='ltr'><strong>in</strong></span> <span class='ocrx_word' id='word_1_733' title='bbox 2269 2164 2351 2194; x_wconf 92' lang='lat' dir='ltr'><strong>libro</strong></span> <span class='ocrx_word' id='word_1_734' title='bbox 2374 2164 2414 2194; x_wconf 85' lang='lat' dir='ltr'><strong>de</strong></span> <span class='ocrx_word' id='word_1_735' title='bbox 2428 2164 2548 2195; x_wconf 88' lang='lat' dir='ltr'><strong>Sancta</strong></span> 
     </span>
     <span class='ocr_line' id='line_1_88' title="bbox 359 2207 2550 2254; baseline -0.002 -11"><span class='ocrx_word' id='word_1_736' title='bbox 359 2222 499 2254; x_wconf 85' lang='lat' dir='ltr'><strong>pugnae,</strong></span> <span class='ocrx_word' id='word_1_737' title='bbox 515 2212 580 2242; x_wconf 91' lang='lat' dir='ltr'><strong>hoc</strong></span> <span class='ocrx_word' id='word_1_738' title='bbox 594 2217 702 2242; x_wconf 85' lang='lat' dir='ltr'><strong>tamen</strong></span> <span class='ocrx_word' id='word_1_739' title='bbox 727 2215 850 2241; x_wconf 88' lang='lat' dir='ltr'><strong>certum</strong></span> <span class='ocrx_word' id='word_1_740' title='bbox 869 2215 926 2246; x_wconf 89' lang='lat' dir='ltr'><strong>est,</strong></span> <span class='ocrx_word' id='word_1_741' title='bbox 943 2209 1034 2250; x_wconf 93' lang='lat' dir='ltr'><strong>quod</strong></span> <span class='ocrx_word' id='word_1_742' title='bbox 1047 2208 1220 2249; x_wconf 86' lang='lat' dir='ltr'><strong>perfectior</strong></span> <span class='ocrx_word' id='word_1_743' title='bbox 1235 2214 1282 2238; x_wconf 91' lang='lat' dir='ltr'><strong>est</strong></span> <span class='ocrx_word' id='word_1_744' title='bbox 1297 2208 1430 2238; x_wconf 86' lang='lat' dir='ltr'><strong>victoria</strong></span> <span class='ocrx_word' id='word_1_745' title='bbox 1487 2208 1681 2250; x_wconf 82' lang='lat' dir='ltr'><strong>Virginitate</strong></span> <span class='ocrx_word' id='word_1_746' title='bbox 1695 2209 1727 2238; x_wconf 70' lang='lat' dir='ltr'><strong>*x</strong></span> <span class='ocrx_word' id='word_1_747' title='bbox 1760 2207 1883 2244; x_wconf 85' lang='lat' dir='ltr'><strong>Quibus</strong></span> <span class='ocrx_word' id='word_1_748' title='bbox 1911 2209 2013 2248; x_wconf 83' lang='lat' dir='ltr'><strong>ipsum</strong></span> <span class='ocrx_word' id='word_1_749' title='bbox 2042 2208 2136 2239; x_wconf 85' lang='lat' dir='ltr'><strong>virile</strong></span> <span class='ocrx_word' id='word_1_750' title='bbox 2162 2208 2336 2239; x_wconf 84' lang='lat' dir='ltr'><strong>membrum</strong></span> <span class='ocrx_word' id='word_1_751' title='bbox 2365 2208 2550 2239; x_wconf 84' lang='lat' dir='ltr'><strong>debilitatur</strong></span> 
     </span>
     <span class='ocr_line' id='line_1_89' title="bbox 359 2253 2547 2298; baseline -0.002 -10"><span class='ocrx_word' id='word_1_752' title='bbox 359 2258 521 2298; x_wconf 83' lang='lat' dir='ltr'><strong>virginum</strong></span> <span class='ocrx_word' id='word_1_753' title='bbox 556 2265 655 2296; x_wconf 91' lang='lat' dir='ltr'><strong>quam</strong></span> <span class='ocrx_word' id='word_1_754' title='bbox 686 2254 866 2286; x_wconf 90' lang='lat' dir='ltr'><strong>viduarum.</strong></span> <span class='ocrx_word' id='word_1_755' title='bbox 901 2254 1172 2284; x_wconf 86' lang='lat' dir='ltr'><strong>Perfectissimum</strong></span> <span class='ocrx_word' id='word_1_756' title='bbox 1207 2253 1294 2283; x_wconf 90' lang='lat' dir='ltr'><strong>enim</strong></span> <span class='ocrx_word' id='word_1_757' title='bbox 1327 2261 1429 2292; x_wconf 89' lang='lat' dir='ltr'><strong>genus</strong></span> <span class='ocrx_word' id='word_1_758' title='bbox 1483 2258 1520 2283; x_wconf 90' lang='lat' dir='ltr'><strong>ut</strong></span> <span class='ocrx_word' id='word_1_759' title='bbox 1540 2262 1702 2295; x_wconf 84' lang='lat' dir='ltr'><strong>generare</strong></span> <span class='ocrx_word' id='word_1_760' title='bbox 1725 2262 1789 2282; x_wconf 90' lang='lat' dir='ltr'><strong>non</strong></span> <span class='ocrx_word' id='word_1_761' title='bbox 1814 2253 1957 2293; x_wconf 83' lang='lat' dir='ltr'><strong>possint,</strong></span> <span class='ocrx_word' id='word_1_762' title='bbox 1984 2258 2019 2283; x_wconf 89' lang='lat' dir='ltr'><strong>ut</strong></span> <span class='ocrx_word' id='word_1_763' title='bbox 2039 2258 2116 2283; x_wconf 88' lang='lat' dir='ltr'><strong>sunt</strong></span> <span class='ocrx_word' id='word_1_764' title='bbox 2138 2253 2291 2288; x_wconf 83' lang='lat' dir='ltr'><strong>eunuchi,</strong></span> <span class='ocrx_word' id='word_1_765' title='bbox 2315 2253 2452 2294; x_wconf 85' lang='lat' dir='ltr'><strong>sufficit,</strong></span> <span class='ocrx_word' id='word_1_766' title='bbox 2477 2263 2547 2284; x_wconf 90' lang='lat' dir='ltr'><strong>cum</strong></span> 
     </span>
    </p>
   </div>
   <div class='ocr_carea' id='block_1_24' title="bbox 360 2297 1428 2384">
    <p class='ocr_par' dir='ltr' id='par_1_27' title="bbox 360 2297 1428 2384">
     <span class='ocr_line' id='line_1_90' title="bbox 360 2297 1428 2343; baseline -0.006 -11"><span class='ocrx_word' id='word_1_767' title='bbox 360 2302 513 2343; x_wconf 80' lang='lat' dir='ltr'><strong>victoriae</strong></span> <span class='ocrx_word' id='word_1_768' title='bbox 542 2305 605 2336; x_wconf 88' lang='lat' dir='ltr'><strong>est,</strong></span> <span class='ocrx_word' id='word_1_769' title='bbox 629 2306 662 2331; x_wconf 89' lang='lat' dir='ltr'><strong>et</strong></span> <span class='ocrx_word' id='word_1_770' title='bbox 683 2299 953 2340; x_wconf 89' lang='lat' dir='ltr'><strong>pulcherrimum,</strong></span> <span class='ocrx_word' id='word_1_771' title='bbox 977 2298 1063 2329; x_wconf 91' lang='lat' dir='ltr'><strong>hosti</strong></span> <span class='ocrx_word' id='word_1_772' title='bbox 1089 2306 1259 2337; x_wconf 90' lang='lat' dir='ltr'><strong>nunquam</strong></span> <span class='ocrx_word' id='word_1_773' title='bbox 1288 2297 1428 2327; x_wconf 89' lang='lat' dir='ltr'><strong>cessisse.</strong></span> 
     </span>
     <span class='ocr_line' id='line_1_91' title="bbox 362 2340 1428 2384; baseline -0.005 -8"><span class='ocrx_word' id='word_1_774' title='bbox 362 2345 620 2377; x_wconf 80' lang='lat' dir='ltr'><strong>Corona-autem</strong></span> <span class='ocrx_word' id='word_1_775' title='bbox 634 2354 703 2375; x_wconf 88' lang='lat' dir='ltr'><strong>non</strong></span> <span class='ocrx_word' id='word_1_776' title='bbox 719 2343 853 2374; x_wconf 90' lang='lat' dir='ltr'><strong>debetur</strong></span> <span class='ocrx_word' id='word_1_777' title='bbox 867 2352 1006 2384; x_wconf 83' lang='lat' dir='ltr'><strong>pugnae,</strong></span> <span class='ocrx_word' id='word_1_778' title='bbox 1019 2341 1075 2373; x_wconf 89' lang='lat' dir='ltr'><strong>sed</strong></span> <span class='ocrx_word' id='word_1_779' title='bbox 1090 2342 1242 2372; x_wconf 87' lang='lat' dir='ltr'><strong>victoriae</strong></span> <span class='ocrx_word' id='word_1_780' title='bbox 1258 2340 1298 2372; x_wconf 92' lang='lat' dir='ltr'><strong>de</strong></span> <span class='ocrx_word' id='word_1_781' title='bbox 1309 2350 1428 2381; x_wconf 86' lang='lat' dir='ltr'><strong>pugna.</strong></span> 
     </span>
    </p>
   </div>
   <div class='ocr_carea' id='block_1_25' title="bbox 1485 2297 2548 2338">
    <p class='ocr_par' dir='ltr' id='par_1_28' title="bbox 1485 2297 2548 2338">
     <span class='ocr_line' id='line_1_92' title="bbox 1485 2297 2548 2338; baseline 0 -11"><span class='ocrx_word' id='word_1_782' title='bbox 1485 2297 1664 2328; x_wconf 82' lang='lat' dir='ltr'><strong>Christiani</strong></span> <span class='ocrx_word' id='word_1_783' title='bbox 1683 2297 1777 2338; x_wconf 87' lang='lat' dir='ltr'><strong>fiunt</strong></span> <span class='ocrx_word' id='word_1_784' title='bbox 1805 2302 1837 2327; x_wconf 85' lang='lat' dir='ltr'><strong>et</strong></span> <span class='ocrx_word' id='word_1_785' title='bbox 1862 2297 1925 2327; x_wconf 83' lang='lat' dir='ltr'><strong>Dei</strong></span> <span class='ocrx_word' id='word_1_786' title='bbox 1946 2302 2121 2338; x_wconf 80' lang='lat' dir='ltr'><strong>praecepta</strong></span> <span class='ocrx_word' id='word_1_787' title='bbox 2152 2297 2352 2333; x_wconf 84' lang='lat' dir='ltr'><strong>custodiunt,</strong></span> <span class='ocrx_word' id='word_1_788' title='bbox 2377 2307 2414 2327; x_wconf 89' lang='lat' dir='ltr'><strong>eo</strong></span> <span class='ocrx_word' id='word_1_789' title='bbox 2444 2303 2548 2328; x_wconf 87' lang='lat' dir='ltr'><strong>tamen</strong></span> 
     </span>
    </p>
   </div>
   <div class='ocr_carea' id='block_1_26' title="bbox 1476 2341 2551 2384">
    <p class='ocr_par' dir='ltr' id='par_1_29' title="bbox 1476 2341 2551 2384">
     <span class='ocr_line' id='line_1_93' title="bbox 1476 2341 2551 2384; baseline 0 -12"><span class='ocrx_word' id='word_1_790' title='bbox 1476 2341 1650 2383; x_wconf 81' lang='lat' dir='ltr'><strong>proposito</strong></span> <span class='ocrx_word' id='word_1_791' title='bbox 1674 2346 1750 2372; x_wconf 84' lang='lat' dir='ltr'><strong>sunt</strong></span> <span class='ocrx_word' id='word_1_792' title='bbox 1773 2346 1809 2371; x_wconf 86' lang='lat' dir='ltr'><strong>ut</strong></span> <span class='ocrx_word' id='word_1_793' title='bbox 1828 2342 1984 2383; x_wconf 82' lang='lat' dir='ltr'><strong>coniuges</strong></span> <span class='ocrx_word' id='word_1_794' title='bbox 1998 2341 2027 2372; x_wconf 90' lang='lat' dir='ltr'><strong>si</strong></span> <span class='ocrx_word' id='word_1_795' title='bbox 2035 2346 2171 2382; x_wconf 83' lang='lat' dir='ltr'><strong>possent</strong></span> <span class='ocrx_word' id='word_1_796' title='bbox 2188 2341 2349 2378; x_wconf 87' lang='lat' dir='ltr'><strong>haberent,</strong></span> <span class='ocrx_word' id='word_1_797' title='bbox 2367 2342 2551 2384; x_wconf 82' lang='lat' dir='ltr'><strong>coniugatis</strong></span> 
     </span>
    </p>
   </div>
   <div class='ocr_carea' id='block_1_27' title="bbox 417 2385 1841 2428">
    <p class='ocr_par' dir='ltr' id='par_1_30' title="bbox 417 2385 1841 2428">
     <span class='ocr_line' id='line_1_94' title="bbox 417 2385 1841 2428; baseline -0.003 -8"><span class='ocrx_word' id='word_1_798' title='bbox 417 2390 468 2420; x_wconf 85' lang='lat' dir='ltr'><strong>An</strong></span> <span class='ocrx_word' id='word_1_799' title='bbox 492 2399 656 2420; x_wconf 69' lang='lat' dir='ltr'><strong>sneunnuu</strong></span> <span class='ocrx_word' id='word_1_800' title='bbox 678 2398 839 2419; x_wconf 72' lang='lat' dir='ltr'><strong>mmmmm</strong></span> <span class='ocrx_word' id='word_1_801' title='bbox 862 2387 952 2428; x_wconf 89' lang='lat' dir='ltr'><strong>quod</strong></span> <span class='ocrx_word' id='word_1_802' title='bbox 975 2387 1094 2427; x_wconf 86' lang='lat' dir='ltr'><strong>duplex</strong></span> <span class='ocrx_word' id='word_1_803' title='bbox 1118 2387 1201 2416; x_wconf 92' lang='lat' dir='ltr'><strong>circa</strong></span> <span class='ocrx_word' id='word_1_804' title='bbox 1215 2386 1280 2416; x_wconf 93' lang='lat' dir='ltr'><strong>hoc</strong></span> <span class='ocrx_word' id='word_1_805' title='bbox 1297 2391 1343 2416; x_wconf 87' lang='lat' dir='ltr'><strong>est</strong></span> <span class='ocrx_word' id='word_1_806' title='bbox 1359 2385 1429 2426; x_wconf 83' lang='lat' dir='ltr'><strong>opi·</strong></span> <span class='ocrx_word' id='word_1_807' title='bbox 1444 2395 1470 2416; x_wconf 83' lang='lat'><strong>50</strong></span> <span class='ocrx_word' id='word_1_808' title='bbox 1473 2386 1629 2428; x_wconf 87' lang='lat' dir='ltr'><strong>fidelibus</strong></span> <span class='ocrx_word' id='word_1_809' title='bbox 1652 2385 1841 2426; x_wconf 84' lang='lat' dir='ltr'><strong>adaequari.</strong></span> 
     </span>
    </p>
   </div>
   <div class='ocr_carea' id='block_1_28' title="bbox 361 2430 1430 2562">
    <p class='ocr_par' dir='ltr' id='par_1_31' title="bbox 361 2430 1430 2562">
     <span class='ocr_line' id='line_1_95' title="bbox 361 2430 1430 2473; baseline -0.006 -8"><span class='ocrx_word' id='word_1_810' title='bbox 361 2435 428 2466; x_wconf 90' lang='lat' dir='ltr'><strong>nio.</strong></span> <span class='ocrx_word' id='word_1_811' title='bbox 445 2433 587 2472; x_wconf 88' lang='lat' dir='ltr'><strong>Quidam</strong></span> <span class='ocrx_word' id='word_1_812' title='bbox 603 2433 691 2464; x_wconf 90' lang='lat' dir='ltr'><strong>enim</strong></span> <span class='ocrx_word' id='word_1_813' title='bbox 706 2433 818 2464; x_wconf 89' lang='lat' dir='ltr'><strong>dicunt</strong></span> <span class='ocrx_word' id='word_1_814' title='bbox 836 2432 926 2473; x_wconf 93' lang='lat' dir='ltr'><strong>quod</strong></span> <span class='ocrx_word' id='word_1_815' title='bbox 941 2432 1039 2462; x_wconf 87' lang='lat' dir='ltr'><strong>Beata</strong></span> <span class='ocrx_word' id='word_1_816' title='bbox 1053 2431 1152 2471; x_wconf 89' lang='lat' dir='ltr'><strong>Virgo</strong></span> <span class='ocrx_word' id='word_1_817' title='bbox 1169 2440 1229 2471; x_wconf 92' lang='lat' dir='ltr'><strong>pro</strong></span> <span class='ocrx_word' id='word_1_818' title='bbox 1244 2430 1430 2470; x_wconf 87' lang='lat' dir='ltr'><strong>virginitatis</strong></span> 
     </span>
     <span class='ocr_line' id='line_1_96' title="bbox 361 2475 1430 2520; baseline -0.005 -11"><span class='ocrx_word' id='word_1_819' title='bbox 361 2479 506 2520; x_wconf 85' lang='lat' dir='ltr'><strong>praemio</strong></span> <span class='ocrx_word' id='word_1_820' title='bbox 521 2487 590 2509; x_wconf 92' lang='lat' dir='ltr'><strong>non</strong></span> <span class='ocrx_word' id='word_1_821' title='bbox 605 2478 702 2508; x_wconf 90' lang='lat' dir='ltr'><strong>habet</strong></span> <span class='ocrx_word' id='word_1_822' title='bbox 721 2477 896 2513; x_wconf 88' lang='lat' dir='ltr'><strong>aureolam,</strong></span> <span class='ocrx_word' id='word_1_823' title='bbox 913 2476 939 2507; x_wconf 92' lang='lat' dir='ltr'><strong>si</strong></span> <span class='ocrx_word' id='word_1_824' title='bbox 955 2475 1086 2507; x_wconf 90' lang='lat' dir='ltr'><strong>aureola</strong></span> <span class='ocrx_word' id='word_1_825' title='bbox 1099 2475 1229 2515; x_wconf 90' lang='lat' dir='ltr'><strong>proprie</strong></span> <span class='ocrx_word' id='word_1_826' title='bbox 1246 2475 1430 2515; x_wconf 88' lang='lat' dir='ltr'><strong>accipiatur,</strong></span> 
     </span>
     <span class='ocr_line' id='line_1_97' title="bbox 362 2518 1430 2562; baseline -0.005 -9"><span class='ocrx_word' id='word_1_827' title='bbox 362 2522 542 2554; x_wconf 88' lang='lat' dir='ltr'><strong>secundum</strong></span> <span class='ocrx_word' id='word_1_828' title='bbox 570 2522 659 2562; x_wconf 90' lang='lat' dir='ltr'><strong>quod</strong></span> <span class='ocrx_word' id='word_1_829' title='bbox 686 2522 815 2562; x_wconf 89' lang='lat' dir='ltr'><strong>respicit</strong></span> <span class='ocrx_word' id='word_1_830' title='bbox 843 2530 997 2561; x_wconf 88' lang='lat' dir='ltr'><strong>pugnam.</strong></span> <span class='ocrx_word' id='word_1_831' title='bbox 1028 2520 1155 2550; x_wconf 92' lang='lat' dir='ltr'><strong>Tamen</strong></span> <span class='ocrx_word' id='word_1_832' title='bbox 1185 2520 1281 2549; x_wconf 92' lang='lat' dir='ltr'><strong>habet</strong></span> <span class='ocrx_word' id='word_1_833' title='bbox 1311 2518 1430 2559; x_wconf 88' lang='lat' dir='ltr'><strong>aliquid</strong></span> 
     </span>
    </p>
   </div>
   <div class='ocr_carea' id='block_1_29' title="bbox 1581 2460 2456 2539">
    <p class='ocr_par' dir='ltr' id='par_1_32' title="bbox 1581 2460 2456 2539">
     <span class='ocr_line' id='line_1_98' title="bbox 1581 2460 2456 2491; baseline 0.001 -1"><span class='ocrx_word' id='word_1_834' title='bbox 1581 2460 1680 2491; x_wconf 90' lang='lat' dir='ltr'><strong>ART.</strong></span> <span class='ocrx_word' id='word_1_835' title='bbox 1705 2460 1758 2490; x_wconf 91' lang='lat' dir='ltr'><strong>Vl.</strong></span> <span class='ocrx_word' id='word_1_836' title='bbox 1783 2470 1888 2490; x_wconf 75' lang='lat' dir='ltr'><strong>uranu</strong></span> <span class='ocrx_word' id='word_1_837' title='bbox 1911 2470 2102 2491; x_wconf 72' lang='lat' dir='ltr'>MARTYRIBUS</span> <span class='ocrx_word' id='word_1_838' title='bbox 2126 2470 2270 2491; x_wconf 71' lang='lat' dir='ltr'>AUREOLA</span> <span class='ocrx_word' id='word_1_839' title='bbox 2293 2471 2456 2491; x_wconf 65' lang='lat' dir='ltr'><strong>nnnzarun</strong></span> 
     </span>
     <span class='ocr_line' id='line_1_99' title="bbox 1700 2510 2339 2539; baseline 0.002 -7"><span class='ocrx_word' id='word_1_840' title='bbox 1700 2510 1771 2537; x_wconf 78' lang='lat' dir='ltr'><strong>Infra.</strong></span> <span class='ocrx_word' id='word_1_841' title='bbox 1785 2514 1828 2532; x_wconf 82' lang='lat' dir='ltr'><strong>art.</strong></span> <span class='ocrx_word' id='word_1_842' title='bbox 1844 2517 1882 2536; x_wconf 83' lang='grc' dir='ltr'><strong>ιι;</strong></span> <span class='ocrx_word' id='word_1_843' title='bbox 1897 2510 1934 2532; x_wconf 91' lang='lat' dir='ltr'><strong>De</strong></span> <span class='ocrx_word' id='word_1_844' title='bbox 1950 2510 2035 2537; x_wconf 67' lang='lat' dir='ltr'><strong>Verit„</strong></span> <span class='ocrx_word' id='word_1_845' title='bbox 2050 2516 2090 2538; x_wconf 89' lang='lat' dir='ltr'><strong>qu.</strong></span> <span class='ocrx_word' id='word_1_846' title='bbox 2104 2516 2166 2537; x_wconf 78' lang='lat' dir='ltr'><strong>xxvi,</strong></span> <span class='ocrx_word' id='word_1_847' title='bbox 2181 2515 2223 2532; x_wconf 71' lang='lat' dir='ltr'><strong>nrt.</strong></span> <span class='ocrx_word' id='word_1_848' title='bbox 2239 2510 2261 2538; x_wconf 89' lang='lat'><strong>6,</strong></span> <span class='ocrx_word' id='word_1_849' title='bbox 2276 2511 2305 2532; x_wconf 82' lang='lat' dir='ltr'><strong>nd</strong></span> <span class='ocrx_word' id='word_1_850' title='bbox 2318 2518 2339 2539; x_wconf 85' lang='lat'><strong>3.</strong></span> 
     </span>
    </p>
   </div>
   <div class='ocr_carea' id='block_1_30' title="bbox 362 2560 2554 3270">
    <p class='ocr_par' dir='ltr' id='par_1_33' title="bbox 362 2560 2551 2646">
     <span class='ocr_line' id='line_1_100' title="bbox 363 2560 2551 2636; baseline -0.003 -38"><span class='ocrx_word' id='word_1_851' title='bbox 363 2568 467 2598; x_wconf 85' lang='lat' dir='ltr'><strong>maius</strong></span> <span class='ocrx_word' id='word_1_852' title='bbox 490 2566 636 2603; x_wconf 87' lang='lat' dir='ltr'><strong>aureola,</strong></span> <span class='ocrx_word' id='word_1_853' title='bbox 660 2571 793 2606; x_wconf 90' lang='lat' dir='ltr'><strong>propter</strong></span> <span class='ocrx_word' id='word_1_854' title='bbox 814 2565 1083 2606; x_wconf 81' lang='lat' dir='ltr'><strong>perfectissimum</strong></span> <span class='ocrx_word' id='word_1_855' title='bbox 1109 2564 1315 2605; x_wconf 88' lang='lat' dir='ltr'><strong>propositum</strong></span> <span class='ocrx_word' id='word_1_856' title='bbox 1338 2563 1432 2603; x_wconf 86' lang='lat' dir='ltr'><strong>virgi·</strong></span> <span class='ocrx_word' id='word_1_857' title='bbox 1488 2572 1571 2636; x_wconf 74' lang='lat' dir='ltr'><strong>An</strong></span> <span class='ocrx_word' id='word_1_858' title='bbox 1588 2571 1708 2592; x_wconf 69' lang='lat' dir='ltr'><strong>saxum</strong></span> <span class='ocrx_word' id='word_1_859' title='bbox 1723 2571 1769 2591; x_wconf 81' lang='lat' dir='ltr'><strong>sxc</strong></span> <span class='ocrx_word' id='word_1_860' title='bbox 1789 2570 1994 2591; x_wconf 65' lang='lat' dir='ltr'><strong>moen-nrum.</strong></span> <span class='ocrx_word' id='word_1_861' title='bbox 2017 2560 2152 2591; x_wconf 91' lang='lat' dir='ltr'><strong>Videtur</strong></span> <span class='ocrx_word' id='word_1_862' title='bbox 2173 2561 2262 2601; x_wconf 94' lang='lat' dir='ltr'><strong>quod</strong></span> <span class='ocrx_word' id='word_1_863' title='bbox 2285 2562 2475 2603; x_wconf 89' lang='lat' dir='ltr'><strong>martyribus</strong></span> <span class='ocrx_word' id='word_1_864' title='bbox 2496 2571 2551 2592; x_wconf 91' lang='lat' dir='ltr'><strong>au-</strong></span> 
     </span>
     <span class='ocr_line' id='line_1_101' title="bbox 362 2605 2551 2646; baseline -0.003 -4"><span class='ocrx_word' id='word_1_865' title='bbox 362 2612 470 2643; x_wconf 89' lang='lat' dir='ltr'><strong>nitatis</strong></span> <span class='ocrx_word' id='word_1_866' title='bbox 492 2610 674 2642; x_wconf 85' lang='lat' dir='ltr'><strong>servandae.</strong></span> <span class='ocrx_word' id='word_1_867' title='bbox 1447 2621 1470 2642; x_wconf 80' lang='grc' dir='ltr'><strong>ςς</strong></span> <span class='ocrx_word' id='word_1_868' title='bbox 1551 2606 1639 2637; x_wconf 93' lang='lat' dir='ltr'><strong>reola</strong></span> <span class='ocrx_word' id='word_1_869' title='bbox 1654 2615 1722 2636; x_wconf 93' lang='lat' dir='ltr'><strong>non</strong></span> <span class='ocrx_word' id='word_1_870' title='bbox 1744 2605 1905 2636; x_wconf 91' lang='lat' dir='ltr'><strong>debeatur.</strong></span> <span class='ocrx_word' id='word_1_871' title='bbox 1930 2605 2071 2635; x_wconf 88' lang='lat' dir='ltr'><strong>Aureola</strong></span> <span class='ocrx_word' id='word_1_872' title='bbox 2091 2606 2177 2635; x_wconf 91' lang='lat' dir='ltr'><strong>enim</strong></span> <span class='ocrx_word' id='word_1_873' title='bbox 2197 2611 2244 2636; x_wconf 89' lang='lat' dir='ltr'><strong>est</strong></span> <span class='ocrx_word' id='word_1_874' title='bbox 2262 2607 2442 2646; x_wconf 89' lang='lat' dir='ltr'><strong>praemium</strong></span> <span class='ocrx_word' id='word_1_875' title='bbox 2463 2606 2551 2646; x_wconf 93' lang='lat' dir='ltr'><strong>quod</strong></span> 
     </span>
    </p>

    <p class='ocr_par' dir='ltr' id='par_1_34' title="bbox 363 2649 2554 3217">
     <span class='ocr_line' id='line_1_102' title="bbox 418 2649 2551 2694; baseline -0.003 -8"><span class='ocrx_word' id='word_1_876' title='bbox 418 2655 483 2686; x_wconf 88' lang='lat' dir='ltr'><strong>Alii</strong></span> <span class='ocrx_word' id='word_1_877' title='bbox 512 2664 589 2685; x_wconf 91' lang='lat' dir='ltr'><strong>vero</strong></span> <span class='ocrx_word' id='word_1_878' title='bbox 620 2654 732 2685; x_wconf 91' lang='lat' dir='ltr'><strong>dicunt</strong></span> <span class='ocrx_word' id='word_1_879' title='bbox 761 2653 852 2694; x_wconf 93' lang='lat' dir='ltr'><strong>quod</strong></span> <span class='ocrx_word' id='word_1_880' title='bbox 882 2653 1064 2688; x_wconf 87' lang='lat' dir='ltr'><strong>aureolam,</strong></span> <span class='ocrx_word' id='word_1_881' title='bbox 1089 2653 1185 2683; x_wconf 81' lang='lat' dir='ltr'><strong>etiam</strong></span> <span class='ocrx_word' id='word_1_882' title='bbox 1215 2652 1275 2682; x_wconf 91' lang='lat' dir='ltr'><strong>sub</strong></span> <span class='ocrx_word' id='word_1_883' title='bbox 1303 2651 1433 2691; x_wconf 90' lang='lat' dir='ltr'><strong>propria</strong></span> <span class='ocrx_word' id='word_1_884' title='bbox 1487 2651 1639 2691; x_wconf 93' lang='lat' dir='ltr'><strong>operibus</strong></span> <span class='ocrx_word' id='word_1_885' title='bbox 1661 2650 1952 2690; x_wconf 89' lang='lat' dir='ltr'><strong>supererogationis</strong></span> <span class='ocrx_word' id='word_1_886' title='bbox 1974 2649 2132 2680; x_wconf 86' lang='lat' dir='ltr'><strong>redditur:</strong></span> <span class='ocrx_word' id='word_1_887' title='bbox 2157 2649 2243 2680; x_wconf 92' lang='lat' dir='ltr'><strong>unde</strong></span> <span class='ocrx_word' id='word_1_888' title='bbox 2263 2650 2340 2680; x_wconf 91' lang='lat' dir='ltr'><strong>dicit</strong></span> <span class='ocrx_word' id='word_1_889' title='bbox 2354 2650 2440 2680; x_wconf 90' lang='lat' dir='ltr'><strong>Beda</strong></span> <span class='ocrx_word' id='word_1_890' title='bbox 2456 2651 2482 2686; x_wconf 48' lang='grc' dir='ltr'><strong>θ,</strong></span> <span class='ocrx_word' id='word_1_891' title='bbox 2500 2660 2551 2680; x_wconf 90' lang='lat' dir='ltr'><strong>su-</strong></span> 
     </span>
     <span class='ocr_line' id='line_1_103' title="bbox 363 2693 2552 2735; baseline -0.003 -4"><span class='ocrx_word' id='word_1_892' title='bbox 363 2701 488 2731; x_wconf 86' lang='lat' dir='ltr'><strong>ratione</strong></span> <span class='ocrx_word' id='word_1_893' title='bbox 503 2699 663 2735; x_wconf 90' lang='lat' dir='ltr'><strong>aureolae,</strong></span> <span class='ocrx_word' id='word_1_894' title='bbox 679 2699 784 2735; x_wconf 88' lang='lat' dir='ltr'><strong>habet,</strong></span> <span class='ocrx_word' id='word_1_895' title='bbox 802 2703 834 2729; x_wconf 89' lang='lat' dir='ltr'><strong>et</strong></span> <span class='ocrx_word' id='word_1_896' title='bbox 850 2697 1157 2728; x_wconf 86' lang='lat' dir='ltr'><strong>excellentissimam.</strong></span> <span class='ocrx_word' id='word_1_897' title='bbox 1174 2696 1330 2734; x_wconf 84' lang='lat' dir='ltr'><strong>Quamvis</strong></span> <span class='ocrx_word' id='word_1_898' title='bbox 1346 2696 1433 2726; x_wconf 90' lang='lat' dir='ltr'><strong>enim</strong></span> <span class='ocrx_word' id='word_1_899' title='bbox 1486 2705 1544 2735; x_wconf 90' lang='lat' dir='ltr'><strong>per</strong></span> <span class='ocrx_word' id='word_1_900' title='bbox 1564 2694 1643 2725; x_wconf 89' lang='lat' dir='ltr'><strong>illud</strong></span> <span class='ocrx_word' id='word_1_901' title='bbox 1665 2694 1773 2724; x_wconf 86' lang='lat' dir='ltr'><strong>Exod.</strong></span> <span class='ocrx_word' id='word_1_902' title='bbox 1790 2704 1851 2724; x_wconf 81' lang='lat' dir='ltr'><strong>xxv</strong></span> <span class='ocrx_word' id='word_1_903' title='bbox 1866 2695 1893 2730; x_wconf 53' lang='grc' dir='ltr'>ξ</span> <span class='ocrx_word' id='word_1_904' title='bbox 1909 2693 2015 2723; x_wconf 82' lang='lat' dir='ltr'><strong>Aliam</strong></span> <span class='ocrx_word' id='word_1_905' title='bbox 2039 2703 2196 2724; x_wconf 86' lang='lat' dir='ltr'><strong>coronam</strong></span> <span class='ocrx_word' id='word_1_906' title='bbox 2219 2695 2387 2724; x_wconf 88' lang='lat' dir='ltr'><strong>aureolam</strong></span> <span class='ocrx_word' id='word_1_907' title='bbox 2405 2700 2482 2724; x_wconf 87' lang='lat' dir='ltr'><strong>etc.:</strong></span> <span class='ocrx_word' id='word_1_908' title='bbox 2502 2695 2552 2724; x_wconf 89' lang='lat' dir='ltr'><strong>De</strong></span> 
     </span>
     <span class='ocr_line' id='line_1_104' title="bbox 364 2738 2551 2786; baseline -0.004 -11"><span class='ocrx_word' id='word_1_909' title='bbox 364 2753 508 2786; x_wconf 88' lang='lat' dir='ltr'><strong>pugnam</strong></span> <span class='ocrx_word' id='word_1_910' title='bbox 530 2753 599 2774; x_wconf 93' lang='lat' dir='ltr'><strong>non</strong></span> <span class='ocrx_word' id='word_1_911' title='bbox 622 2743 764 2778; x_wconf 89' lang='lat' dir='ltr'><strong>senserit,</strong></span> <span class='ocrx_word' id='word_1_912' title='bbox 788 2751 931 2783; x_wconf 83' lang='lat' dir='ltr'><strong>pugnam</strong></span> <span class='ocrx_word' id='word_1_913' title='bbox 957 2747 1066 2772; x_wconf 85' lang='lat' dir='ltr'><strong>tamen</strong></span> <span class='ocrx_word' id='word_1_914' title='bbox 1090 2741 1190 2771; x_wconf 90' lang='lat' dir='ltr'><strong>carnis</strong></span> <span class='ocrx_word' id='word_1_915' title='bbox 1215 2740 1355 2780; x_wconf 89' lang='lat' dir='ltr'><strong>aliquam</strong></span> <span class='ocrx_word' id='word_1_916' title='bbox 1378 2740 1433 2770; x_wconf 87' lang='lat' dir='ltr'><strong>ha·</strong></span> <span class='ocrx_word' id='word_1_917' title='bbox 1487 2749 1601 2770; x_wconf 86' lang='lat' dir='ltr'><strong>eorum</strong></span> <span class='ocrx_word' id='word_1_918' title='bbox 1619 2739 1768 2779; x_wconf 82' lang='lat' dir='ltr'><strong>praemio</strong></span> <span class='ocrx_word' id='word_1_919' title='bbox 1791 2743 1900 2778; x_wconf 83' lang='lat' dir='ltr'><strong>potest</strong></span> <span class='ocrx_word' id='word_1_920' title='bbox 1922 2743 2007 2768; x_wconf 86' lang='lat' dir='ltr'><strong>recte</strong></span> <span class='ocrx_word' id='word_1_921' title='bbox 2029 2738 2170 2779; x_wconf 82' lang='lat' dir='ltr'><strong>intelligi</strong></span> <span class='ocrx_word' id='word_1_922' title='bbox 2191 2739 2247 2778; x_wconf 83' lang='lat' dir='ltr'><strong>qui</strong></span> <span class='ocrx_word' id='word_1_923' title='bbox 2268 2739 2438 2779; x_wconf 83' lang='lat' dir='ltr'><strong>generalia</strong></span> <span class='ocrx_word' id='word_1_924' title='bbox 2461 2748 2551 2768; x_wconf 86' lang='lat' dir='ltr'><strong>man-</strong></span> 
     </span>
     <span class='ocr_line' id='line_1_105' title="bbox 364 2782 2551 2823; baseline -0.003 -4"><span class='ocrx_word' id='word_1_925' title='bbox 364 2789 452 2820; x_wconf 91' lang='lat' dir='ltr'><strong>buit:</strong></span> <span class='ocrx_word' id='word_1_926' title='bbox 478 2788 534 2819; x_wconf 90' lang='lat' dir='ltr'><strong>sed</strong></span> <span class='ocrx_word' id='word_1_927' title='bbox 550 2797 588 2819; x_wconf 84' lang='lat' dir='ltr'><strong>ex</strong></span> <span class='ocrx_word' id='word_1_928' title='bbox 604 2787 807 2818; x_wconf 84' lang='lat' dir='ltr'><strong>vehementia</strong></span> <span class='ocrx_word' id='word_1_929' title='bbox 829 2786 952 2820; x_wconf 85' lang='lat' dir='ltr'><strong>virtutis</strong></span> <span class='ocrx_word' id='word_1_930' title='bbox 975 2785 1056 2816; x_wconf 92' lang='lat' dir='ltr'><strong>adeo</strong></span> <span class='ocrx_word' id='word_1_931' title='bbox 1080 2785 1192 2815; x_wconf 89' lang='lat' dir='ltr'><strong>habuit</strong></span> <span class='ocrx_word' id='word_1_932' title='bbox 1215 2794 1343 2815; x_wconf 89' lang='lat' dir='ltr'><strong>carnem</strong></span> <span class='ocrx_word' id='word_1_933' title='bbox 1359 2784 1434 2814; x_wconf 86' lang='lat' dir='ltr'><strong>sub·</strong></span> <span class='ocrx_word' id='word_1_934' title='bbox 1487 2784 1564 2814; x_wconf 88' lang='lat' dir='ltr'><strong>data</strong></span> <span class='ocrx_word' id='word_1_935' title='bbox 1587 2788 1766 2823; x_wconf 82' lang='lat' dir='ltr'><strong>spontanea</strong></span> <span class='ocrx_word' id='word_1_936' title='bbox 1790 2783 1875 2812; x_wconf 78' lang='lat' dir='ltr'><strong>vitae</strong></span> <span class='ocrx_word' id='word_1_937' title='bbox 1891 2782 2101 2823; x_wconf 74' lang='lat' dir='ltr'><strong>perfectioris</strong></span> <span class='ocrx_word' id='word_1_938' title='bbox 2129 2782 2283 2812; x_wconf 86' lang='lat' dir='ltr'><strong>electione</strong></span> <span class='ocrx_word' id='word_1_939' title='bbox 2311 2783 2551 2813; x_wconf 87' lang='lat' dir='ltr'><strong>transcendunt.</strong></span> 
     </span>
     <span class='ocr_line' id='line_1_106' title="bbox 365 2825 2551 2873; baseline -0.003 -9"><span class='ocrx_word' id='word_1_940' title='bbox 365 2833 464 2864; x_wconf 90' lang='lat' dir='ltr'><strong>ditam</strong></span> <span class='ocrx_word' id='word_1_941' title='bbox 488 2831 578 2873; x_wconf 94' lang='lat' dir='ltr'><strong>quod</strong></span> <span class='ocrx_word' id='word_1_942' title='bbox 605 2830 792 2862; x_wconf 89' lang='lat' dir='ltr'><strong>huiusmodi</strong></span> <span class='ocrx_word' id='word_1_943' title='bbox 822 2839 932 2871; x_wconf 88' lang='lat' dir='ltr'><strong>pugna</strong></span> <span class='ocrx_word' id='word_1_944' title='bbox 955 2830 985 2860; x_wconf 92' lang='lat' dir='ltr'><strong>ei</strong></span> <span class='ocrx_word' id='word_1_945' title='bbox 1007 2829 1198 2860; x_wconf 89' lang='lat' dir='ltr'><strong>insensibilis</strong></span> <span class='ocrx_word' id='word_1_946' title='bbox 1226 2834 1301 2859; x_wconf 90' lang='lat' dir='ltr'><strong>erat.</strong></span> <span class='ocrx_word' id='word_1_947' title='bbox 1324 2847 1348 2851; x_wconf 98' lang='lat'><strong>—</strong></span> <span class='ocrx_word' id='word_1_948' title='bbox 1371 2827 1435 2859; x_wconf 89' lang='lat' dir='ltr'><strong>Sed</strong></span> <span class='ocrx_word' id='word_1_949' title='bbox 1447 2836 1474 2856; x_wconf 79' lang='lat'><strong>60</strong></span> <span class='ocrx_word' id='word_1_950' title='bbox 1488 2827 1551 2859; x_wconf 91' lang='lat' dir='ltr'><strong>Sed</strong></span> <span class='ocrx_word' id='word_1_951' title='bbox 1566 2828 1650 2858; x_wconf 91' lang='lat' dir='ltr'><strong>mori</strong></span> <span class='ocrx_word' id='word_1_952' title='bbox 1666 2836 1725 2867; x_wconf 90' lang='lat' dir='ltr'><strong>pro</strong></span> <span class='ocrx_word' id='word_1_953' title='bbox 1743 2826 1946 2857; x_wconf 89' lang='lat' dir='ltr'><strong>confessione</strong></span> <span class='ocrx_word' id='word_1_954' title='bbox 1970 2825 2045 2856; x_wconf 89' lang='lat' dir='ltr'><strong>fidei</strong></span> <span class='ocrx_word' id='word_1_955' title='bbox 2069 2826 2266 2866; x_wconf 90' lang='lat' dir='ltr'><strong>quandoque</strong></span> <span class='ocrx_word' id='word_1_956' title='bbox 2285 2832 2332 2857; x_wconf 91' lang='lat' dir='ltr'><strong>est</strong></span> <span class='ocrx_word' id='word_1_957' title='bbox 2346 2827 2551 2863; x_wconf 90' lang='lat' dir='ltr'><strong>necessitatis,</strong></span> 
     </span>
     <span class='ocr_line' id='line_1_107' title="bbox 364 2870 2551 2912; baseline -0.004 -3"><span class='ocrx_word' id='word_1_958' title='bbox 364 2877 451 2909; x_wconf 91' lang='lat' dir='ltr'><strong>istud</strong></span> <span class='ocrx_word' id='word_1_959' title='bbox 479 2886 547 2908; x_wconf 92' lang='lat' dir='ltr'><strong>non</strong></span> <span class='ocrx_word' id='word_1_960' title='bbox 577 2876 703 2907; x_wconf 91' lang='lat' dir='ltr'><strong>videtur</strong></span> <span class='ocrx_word' id='word_1_961' title='bbox 733 2875 961 2906; x_wconf 90' lang='lat' dir='ltr'><strong>convenienter</strong></span> <span class='ocrx_word' id='word_1_962' title='bbox 990 2873 1063 2904; x_wconf 91' lang='lat' dir='ltr'><strong>dici.</strong></span> <span class='ocrx_word' id='word_1_963' title='bbox 1097 2873 1199 2912; x_wconf 85' lang='lat' dir='ltr'><strong>Quia,</strong></span> <span class='ocrx_word' id='word_1_964' title='bbox 1232 2882 1308 2903; x_wconf 91' lang='lat' dir='ltr'><strong>cum</strong></span> <span class='ocrx_word' id='word_1_965' title='bbox 1337 2873 1435 2903; x_wconf 89' lang='lat' dir='ltr'><strong>Beata</strong></span> <span class='ocrx_word' id='word_1_966' title='bbox 1487 2882 1556 2903; x_wconf 92' lang='lat' dir='ltr'><strong>non</strong></span> <span class='ocrx_word' id='word_1_967' title='bbox 1579 2871 1885 2912; x_wconf 90' lang='lat' dir='ltr'><strong>supererogationis:</strong></span> <span class='ocrx_word' id='word_1_968' title='bbox 1911 2875 1947 2900; x_wconf 92' lang='lat' dir='ltr'><strong>ut</strong></span> <span class='ocrx_word' id='word_1_969' title='bbox 1968 2875 2056 2910; x_wconf 87' lang='lat' dir='ltr'><strong>patet</strong></span> <span class='ocrx_word' id='word_1_970' title='bbox 2076 2880 2114 2900; x_wconf 89' lang='lat' dir='ltr'><strong>ex</strong></span> <span class='ocrx_word' id='word_1_971' title='bbox 2129 2871 2193 2901; x_wconf 94' lang='lat' dir='ltr'><strong>hoc</strong></span> <span class='ocrx_word' id='word_1_972' title='bbox 2217 2870 2306 2910; x_wconf 92' lang='lat' dir='ltr'><strong>quod</strong></span> <span class='ocrx_word' id='word_1_973' title='bbox 2330 2870 2444 2901; x_wconf 90' lang='lat' dir='ltr'><strong>dicitur</strong></span> <span class='ocrx_word' id='word_1_974' title='bbox 2458 2871 2551 2902; x_wconf 88' lang='lat' dir='ltr'><strong>Rom.</strong></span> 
     </span>
     <span class='ocr_line' id='line_1_108' title="bbox 364 2915 2554 2962; baseline -0.003 -10"><span class='ocrx_word' id='word_1_975' title='bbox 364 2922 465 2962; x_wconf 89' lang='lat' dir='ltr'><strong>Virgo</strong></span> <span class='ocrx_word' id='word_1_976' title='bbox 489 2920 635 2952; x_wconf 90' lang='lat' dir='ltr'><strong>credatur</strong></span> <span class='ocrx_word' id='word_1_977' title='bbox 658 2921 794 2951; x_wconf 91' lang='lat' dir='ltr'><strong>omnino</strong></span> <span class='ocrx_word' id='word_1_978' title='bbox 820 2919 973 2949; x_wconf 89' lang='lat' dir='ltr'><strong>immunis</strong></span> <span class='ocrx_word' id='word_1_979' title='bbox 996 2917 1094 2948; x_wconf 87' lang='lat' dir='ltr'><strong>fuisse</strong></span> <span class='ocrx_word' id='word_1_980' title='bbox 1117 2927 1136 2948; x_wconf 87' lang='lat' dir='ltr'><strong>a</strong></span> <span class='ocrx_word' id='word_1_981' title='bbox 1159 2917 1279 2948; x_wconf 79' lang='lat' dir='ltr'><strong>fomitis</strong></span> <span class='ocrx_word' id='word_1_982' title='bbox 1301 2917 1434 2947; x_wconf 89' lang='lat' dir='ltr'><strong>inclina—</strong></span> <span class='ocrx_word' id='word_1_983' title='bbox 1487 2927 1507 2947; x_wconf 88' lang='lat' dir='ltr'><strong>x</strong></span> <span class='ocrx_word' id='word_1_984' title='bbox 1522 2917 1549 2952; x_wconf 47' lang='grc' dir='ltr'><strong>ὓ,</strong></span> <span class='ocrx_word' id='word_1_985' title='bbox 1576 2915 1683 2946; x_wconf 86' lang='lat' dir='ltr'><strong>Corde</strong></span> <span class='ocrx_word' id='word_1_986' title='bbox 1705 2915 1849 2946; x_wconf 80' lang='lat' dir='ltr'><strong>creditur</strong></span> <span class='ocrx_word' id='word_1_987' title='bbox 1870 2915 1913 2945; x_wconf 85' lang='lat' dir='ltr'><strong>ad</strong></span> <span class='ocrx_word' id='word_1_988' title='bbox 1936 2915 2099 2951; x_wconf 87' lang='lat' dir='ltr'><strong>iustitiam,</strong></span> <span class='ocrx_word' id='word_1_989' title='bbox 2123 2924 2180 2945; x_wconf 88' lang='lat' dir='ltr'><strong>ore</strong></span> <span class='ocrx_word' id='word_1_990' title='bbox 2203 2920 2309 2945; x_wconf 87' lang='lat' dir='ltr'><strong>autem</strong></span> <span class='ocrx_word' id='word_1_991' title='bbox 2333 2916 2493 2957; x_wconf 86' lang='lat' dir='ltr'><strong>confessio</strong></span> <span class='ocrx_word' id='word_1_992' title='bbox 2507 2916 2554 2956; x_wconf 88' lang='lat' dir='ltr'><strong>fit</strong></span> 
     </span>
     <span class='ocr_line' id='line_1_109' title="bbox 365 2958 2551 3007; baseline -0.003 -10"><span class='ocrx_word' id='word_1_993' title='bbox 365 2966 454 2997; x_wconf 87' lang='lat' dir='ltr'><strong>tione</strong></span> <span class='ocrx_word' id='word_1_994' title='bbox 476 2970 609 3007; x_wconf 90' lang='lat' dir='ltr'><strong>propter</strong></span> <span class='ocrx_word' id='word_1_995' title='bbox 639 2965 708 2995; x_wconf 90' lang='lat' dir='ltr'><strong>eius</strong></span> <span class='ocrx_word' id='word_1_996' title='bbox 739 2963 1025 2994; x_wconf 88' lang='lat' dir='ltr'><strong>sanctificationem</strong></span> <span class='ocrx_word' id='word_1_997' title='bbox 1055 2962 1230 3002; x_wconf 85' lang='lat' dir='ltr'><strong>perfectam</strong></span> <span class='ocrx_word' id='word_1_998' title='bbox 1245 2962 1273 2998; x_wconf 62' lang='lat'><strong>⁴²,</strong></span> <span class='ocrx_word' id='word_1_999' title='bbox 1296 2970 1364 2991; x_wconf 93' lang='lat' dir='ltr'><strong>non</strong></span> <span class='ocrx_word' id='word_1_1000' title='bbox 1388 2966 1435 2991; x_wconf 93' lang='lat' dir='ltr'><strong>est</strong></span> <span class='ocrx_word' id='word_1_1001' title='bbox 1488 2960 1531 2991; x_wconf 87' lang='lat' dir='ltr'><strong>ad</strong></span> <span class='ocrx_word' id='word_1_1002' title='bbox 1553 2960 1699 2990; x_wconf 86' lang='lat' dir='ltr'><strong>salutem.</strong></span> <span class='ocrx_word' id='word_1_1003' title='bbox 1728 2960 1814 2999; x_wconf 91' lang='lat' dir='ltr'><strong>Ergo</strong></span> <span class='ocrx_word' id='word_1_1004' title='bbox 1837 2959 1989 2999; x_wconf 87' lang='lat' dir='ltr'><strong>martyrio</strong></span> <span class='ocrx_word' id='word_1_1005' title='bbox 2013 2968 2081 2989; x_wconf 91' lang='lat' dir='ltr'><strong>non</strong></span> <span class='ocrx_word' id='word_1_1006' title='bbox 2103 2968 2230 2999; x_wconf 89' lang='lat' dir='ltr'><strong>semper</strong></span> <span class='ocrx_word' id='word_1_1007' title='bbox 2252 2958 2386 2990; x_wconf 91' lang='lat' dir='ltr'><strong>debetur</strong></span> <span class='ocrx_word' id='word_1_1008' title='bbox 2413 2960 2551 2990; x_wconf 88' lang='lat' dir='ltr'><strong>aureola.</strong></span> 
     </span>
     <span class='ocr_line' id='line_1_110' title="bbox 365 3002 2551 3051; baseline -0.004 -10"><span class='ocrx_word' id='word_1_1009' title='bbox 365 3011 458 3051; x_wconf 89' lang='lat' dir='ltr'><strong>pium</strong></span> <span class='ocrx_word' id='word_1_1010' title='bbox 480 3019 603 3050; x_wconf 90' lang='lat' dir='ltr'><strong>ponere</strong></span> <span class='ocrx_word' id='word_1_1011' title='bbox 627 3009 768 3049; x_wconf 89' lang='lat' dir='ltr'><strong>aliquam</strong></span> <span class='ocrx_word' id='word_1_1012' title='bbox 791 3017 935 3048; x_wconf 90' lang='lat' dir='ltr'><strong>pugnam</strong></span> <span class='ocrx_word' id='word_1_1013' title='bbox 951 3017 969 3037; x_wconf 92' lang='lat' dir='ltr'><strong>a</strong></span> <span class='ocrx_word' id='word_1_1014' title='bbox 985 3016 1079 3037; x_wconf 87' lang='lat' dir='ltr'><strong>carne</strong></span> <span class='ocrx_word' id='word_1_1015' title='bbox 1102 3006 1200 3036; x_wconf 87' lang='lat' dir='ltr'><strong>fuisse</strong></span> <span class='ocrx_word' id='word_1_1016' title='bbox 1222 3006 1256 3036; x_wconf 91' lang='lat' dir='ltr'><strong>in</strong></span> <span class='ocrx_word' id='word_1_1017' title='bbox 1281 3015 1333 3036; x_wconf 88' lang='lat' dir='ltr'><strong>ea:</strong></span> <span class='ocrx_word' id='word_1_1018' title='bbox 1359 3015 1435 3035; x_wconf 90' lang='lat' dir='ltr'><strong>cum</strong></span> <span class='ocrx_word' id='word_1_1019' title='bbox 1545 3014 1574 3035; x_wconf 89' lang='lat'><strong>2.</strong></span> <span class='ocrx_word' id='word_1_1020' title='bbox 1599 3004 1796 3039; x_wconf 75' lang='lat' dir='ltr'><strong>PRAETEREA,</strong></span> <span class='ocrx_word' id='word_1_1021' title='bbox 1820 3002 1999 3033; x_wconf 89' lang='lat' dir='ltr'><strong>secundum</strong></span> <span class='ocrx_word' id='word_1_1022' title='bbox 2019 3002 2212 3043; x_wconf 84' lang='lat' dir='ltr'><strong>Gregorium</strong></span> <span class='ocrx_word' id='word_1_1023' title='bbox 2227 3005 2259 3039; x_wconf 77' lang='lat'><strong>*,</strong></span> <span class='ocrx_word' id='word_1_1024' title='bbox 2283 3004 2407 3034; x_wconf 91' lang='lat' dir='ltr'><strong>servitia</strong></span> <span class='ocrx_word' id='word_1_1025' title='bbox 2430 3009 2551 3044; x_wconf 86' lang='lat' dir='ltr'><strong>quanto</strong></span> 
     </span>
     <span class='ocr_line' id='line_1_111' title="bbox 365 3047 2551 3095; baseline -0.003 -10"><span class='ocrx_word' id='word_1_1026' title='bbox 365 3054 436 3085; x_wconf 84' lang='lat' dir='ltr'><strong>talis</strong></span> <span class='ocrx_word' id='word_1_1027' title='bbox 457 3063 568 3095; x_wconf 84' lang='lat' dir='ltr'><strong>pugna</strong></span> <span class='ocrx_word' id='word_1_1028' title='bbox 582 3063 651 3084; x_wconf 92' lang='lat' dir='ltr'><strong>non</strong></span> <span class='ocrx_word' id='word_1_1029' title='bbox 667 3054 706 3083; x_wconf 89' lang='lat' dir='ltr'><strong>sit</strong></span> <span class='ocrx_word' id='word_1_1030' title='bbox 720 3053 782 3083; x_wconf 91' lang='lat' dir='ltr'><strong>nisi</strong></span> <span class='ocrx_word' id='word_1_1031' title='bbox 798 3062 816 3082; x_wconf 93' lang='lat' dir='ltr'><strong>a</strong></span> <span class='ocrx_word' id='word_1_1032' title='bbox 831 3051 952 3082; x_wconf 89' lang='lat' dir='ltr'><strong>fomitis</strong></span> <span class='ocrx_word' id='word_1_1033' title='bbox 974 3051 1201 3086; x_wconf 81' lang='lat' dir='ltr'><strong>inclinatione3</strong></span> <span class='ocrx_word' id='word_1_1034' title='bbox 1223 3059 1286 3080; x_wconf 91' lang='lat' dir='ltr'><strong>nec</strong></span> <span class='ocrx_word' id='word_1_1035' title='bbox 1301 3050 1434 3080; x_wconf 88' lang='lat' dir='ltr'><strong>tentatio</strong></span> <span class='ocrx_word' id='word_1_1036' title='bbox 1447 3056 1472 3081; x_wconf 76' lang='grc' dir='ltr'><strong>σς</strong></span> <span class='ocrx_word' id='word_1_1037' title='bbox 1488 3054 1564 3079; x_wconf 93' lang='lat' dir='ltr'><strong>sunt</strong></span> <span class='ocrx_word' id='word_1_1038' title='bbox 1585 3049 1686 3088; x_wconf 89' lang='lat' dir='ltr'><strong>magis</strong></span> <span class='ocrx_word' id='word_1_1039' title='bbox 1709 3047 1817 3083; x_wconf 91' lang='lat' dir='ltr'><strong>libera,</strong></span> <span class='ocrx_word' id='word_1_1040' title='bbox 1833 3052 1923 3078; x_wconf 93' lang='lat' dir='ltr'><strong>tanto</strong></span> <span class='ocrx_word' id='word_1_1041' title='bbox 1944 3052 2019 3077; x_wconf 88' lang='lat' dir='ltr'><strong>sunt</strong></span> <span class='ocrx_word' id='word_1_1042' title='bbox 2038 3047 2138 3087; x_wconf 88' lang='lat' dir='ltr'><strong>magis</strong></span> <span class='ocrx_word' id='word_1_1043' title='bbox 2161 3053 2256 3087; x_wconf 84' lang='lat' dir='ltr'><strong>grata.</strong></span> <span class='ocrx_word' id='word_1_1044' title='bbox 2282 3047 2345 3079; x_wconf 93' lang='lat' dir='ltr'><strong>Sed</strong></span> <span class='ocrx_word' id='word_1_1045' title='bbox 2366 3049 2551 3089; x_wconf 80' lang='lat' dir='ltr'><strong>martyrium</strong></span> 
     </span>
     <span class='ocr_line' id='line_1_112' title="bbox 368 3091 2553 3138; baseline -0.004 -8"><span class='ocrx_word' id='word_1_1046' title='bbox 368 3107 452 3138; x_wconf 83' lang='lat' dir='ltr'><strong>quae</strong></span> <span class='ocrx_word' id='word_1_1047' title='bbox 479 3104 527 3129; x_wconf 67' lang='lat' dir='ltr'><strong>eet</strong></span> <span class='ocrx_word' id='word_1_1048' title='bbox 549 3108 568 3129; x_wconf 91' lang='lat' dir='ltr'><strong>a</strong></span> <span class='ocrx_word' id='word_1_1049' title='bbox 591 3107 685 3129; x_wconf 90' lang='lat' dir='ltr'><strong>carne</strong></span> <span class='ocrx_word' id='word_1_1050' title='bbox 715 3098 784 3128; x_wconf 87' lang='lat' dir='ltr'><strong>sine</strong></span> <span class='ocrx_word' id='word_1_1051' title='bbox 812 3101 947 3137; x_wconf 90' lang='lat' dir='ltr'><strong>peccato</strong></span> <span class='ocrx_word' id='word_1_1052' title='bbox 977 3105 1045 3126; x_wconf 91' lang='lat' dir='ltr'><strong>esse</strong></span> <span class='ocrx_word' id='word_1_1053' title='bbox 1067 3095 1186 3135; x_wconf 90' lang='lat' dir='ltr'><strong>possit,</strong></span> <span class='ocrx_word' id='word_1_1054' title='bbox 1210 3098 1247 3124; x_wconf 92' lang='lat' dir='ltr'><strong>ut</strong></span> <span class='ocrx_word' id='word_1_1055' title='bbox 1269 3098 1356 3134; x_wconf 89' lang='lat' dir='ltr'><strong>patet</strong></span> <span class='ocrx_word' id='word_1_1056' title='bbox 1378 3103 1436 3134; x_wconf 93' lang='lat' dir='ltr'><strong>per</strong></span> <span class='ocrx_word' id='word_1_1057' title='bbox 1488 3093 1661 3123; x_wconf 87' lang='lat' dir='ltr'><strong>minimum</strong></span> <span class='ocrx_word' id='word_1_1058' title='bbox 1683 3092 1779 3122; x_wconf 89' lang='lat' dir='ltr'><strong>habet</strong></span> <span class='ocrx_word' id='word_1_1059' title='bbox 1802 3091 1842 3122; x_wconf 91' lang='lat' dir='ltr'><strong>de</strong></span> <span class='ocrx_word' id='word_1_1060' title='bbox 1864 3092 2024 3122; x_wconf 86' lang='lat' dir='ltr'><strong>libertate:</strong></span> <span class='ocrx_word' id='word_1_1061' title='bbox 2049 3101 2124 3122; x_wconf 90' lang='lat' dir='ltr'><strong>cum</strong></span> <span class='ocrx_word' id='word_1_1062' title='bbox 2148 3092 2187 3122; x_wconf 91' lang='lat' dir='ltr'><strong>sit</strong></span> <span class='ocrx_word' id='word_1_1063' title='bbox 2209 3101 2315 3132; x_wconf 92' lang='lat' dir='ltr'><strong>poena</strong></span> <span class='ocrx_word' id='word_1_1064' title='bbox 2339 3093 2378 3122; x_wconf 91' lang='lat' dir='ltr'><strong>ab</strong></span> <span class='ocrx_word' id='word_1_1065' title='bbox 2402 3093 2464 3123; x_wconf 89' lang='lat' dir='ltr'><strong>alio</strong></span> <span class='ocrx_word' id='word_1_1066' title='bbox 2483 3093 2553 3122; x_wconf 90' lang='lat' dir='ltr'><strong>vio-</strong></span> 
     </span>
     <span class='ocr_line' id='line_1_113' title="bbox 369 3138 1435 3182; baseline -0.006 -9"><span class='ocrx_word' id='word_1_1067' title='bbox 369 3141 518 3173; x_wconf 85' lang='lat' dir='ltr'><strong>Glossam</strong></span> <span class='ocrx_word' id='word_1_1068' title='bbox 532 3143 551 3159; x_wconf 56' lang='grc' dir='ltr'><strong>θ</strong></span> <span class='ocrx_word' id='word_1_1069' title='bbox 574 3142 602 3173; x_wconf 95' lang='lat'><strong>11</strong></span> <span class='ocrx_word' id='word_1_1070' title='bbox 620 3142 696 3172; x_wconf 91' lang='lat' dir='ltr'><strong>Cor.</strong></span> <span class='ocrx_word' id='word_1_1071' title='bbox 713 3152 767 3178; x_wconf 86' lang='lat' dir='ltr'><strong>xn,</strong></span> <span class='ocrx_word' id='word_1_1072' title='bbox 793 3150 889 3182; x_wconf 87' lang='lat' dir='ltr'><strong>super</strong></span> <span class='ocrx_word' id='word_1_1073' title='bbox 911 3139 991 3170; x_wconf 86' lang='lat' dir='ltr'><strong>illud</strong></span> <span class='ocrx_word' id='word_1_1074' title='bbox 1006 3140 1058 3176; x_wconf 70' lang='lat'><strong>”,</strong></span> <span class='ocrx_word' id='word_1_1075' title='bbox 1081 3139 1188 3169; x_wconf 89' lang='lat' dir='ltr'><strong>Datus</strong></span> <span class='ocrx_word' id='word_1_1076' title='bbox 1211 3143 1259 3169; x_wconf 88' lang='lat' dir='ltr'><strong>est</strong></span> <span class='ocrx_word' id='word_1_1077' title='bbox 1280 3138 1359 3168; x_wconf 83' lang='lat' dir='ltr'><strong>mihi</strong></span> <span class='ocrx_word' id='word_1_1078' title='bbox 1380 3138 1435 3168; x_wconf 86' lang='lat' dir='ltr'><strong>sti-</strong></span> 
     </span>
     <span class='ocr_line' id='line_1_114' title="bbox 369 3185 804 3217; baseline 0 -1"><span class='ocrx_word' id='word_1_1079' title='bbox 369 3185 476 3216; x_wconf 83' lang='lat' dir='ltr'><strong>mulus</strong></span> <span class='ocrx_word' id='word_1_1080' title='bbox 498 3187 608 3217; x_wconf 86' lang='lat' dir='ltr'><strong>carnis</strong></span> <span class='ocrx_word' id='word_1_1081' title='bbox 630 3196 721 3217; x_wconf 89' lang='lat' dir='ltr'><strong>meae</strong></span> <span class='ocrx_word' id='word_1_1082' title='bbox 744 3191 804 3216; x_wconf 90' lang='lat' dir='ltr'><strong>etc.</strong></span> 
     </span>
    </p>

    <p class='ocr_par' dir='ltr' id='par_1_35' title="bbox 425 3226 1436 3270">
     <span class='ocr_line' id='line_1_115' title="bbox 425 3226 1436 3270; baseline -0.006 -9"><span class='ocrx_word' id='word_1_1083' title='bbox 425 3228 520 3261; x_wconf 90' lang='lat' dir='ltr'><strong>Unde</strong></span> <span class='ocrx_word' id='word_1_1084' title='bbox 543 3229 717 3261; x_wconf 86' lang='lat' dir='ltr'><strong>dicendum</strong></span> <span class='ocrx_word' id='word_1_1085' title='bbox 741 3235 788 3261; x_wconf 90' lang='lat' dir='ltr'><strong>est</strong></span> <span class='ocrx_word' id='word_1_1086' title='bbox 811 3228 902 3270; x_wconf 94' lang='lat' dir='ltr'><strong>quod</strong></span> <span class='ocrx_word' id='word_1_1087' title='bbox 925 3228 1088 3258; x_wconf 90' lang='lat' dir='ltr'><strong>aureolam</strong></span> <span class='ocrx_word' id='word_1_1088' title='bbox 1111 3226 1241 3267; x_wconf 91' lang='lat' dir='ltr'><strong>proprie</strong></span> <span class='ocrx_word' id='word_1_1089' title='bbox 1265 3226 1376 3262; x_wconf 89' lang='lat' dir='ltr'><strong>habet,</strong></span> <span class='ocrx_word' id='word_1_1090' title='bbox 1400 3231 1436 3256; x_wconf 86' lang='lat' dir='ltr'><strong>ut</strong></span> 
     </span>
    </p>
   </div>
   <div class='ocr_carea' id='block_1_31' title="bbox 1488 3135 2553 3221">
    <p class='ocr_par' dir='ltr' id='par_1_36' title="bbox 1488 3135 2553 3221">
     <span class='ocr_line' id='line_1_116' title="bbox 1488 3135 2553 3177; baseline 0.001 -11"><span class='ocrx_word' id='word_1_1091' title='bbox 1488 3137 1591 3167; x_wconf 92' lang='lat' dir='ltr'><strong>lenter</strong></span> <span class='ocrx_word' id='word_1_1092' title='bbox 1613 3135 1741 3166; x_wconf 87' lang='lat' dir='ltr'><strong>inflicta.</strong></span> <span class='ocrx_word' id='word_1_1093' title='bbox 1771 3136 1857 3176; x_wconf 85' lang='lat' dir='ltr'><strong>Ergo</strong></span> <span class='ocrx_word' id='word_1_1094' title='bbox 1880 3136 2032 3176; x_wconf 89' lang='lat' dir='ltr'><strong>martyrio</strong></span> <span class='ocrx_word' id='word_1_1095' title='bbox 2057 3136 2186 3166; x_wconf 88' lang='lat' dir='ltr'><strong>aureola</strong></span> <span class='ocrx_word' id='word_1_1096' title='bbox 2208 3146 2276 3167; x_wconf 89' lang='lat' dir='ltr'><strong>non</strong></span> <span class='ocrx_word' id='word_1_1097' title='bbox 2299 3136 2446 3173; x_wconf 90' lang='lat' dir='ltr'><strong>debetur,</strong></span> <span class='ocrx_word' id='word_1_1098' title='bbox 2471 3146 2553 3177; x_wconf 90' lang='lat' dir='ltr'><strong>quae</strong></span> 
     </span>
     <span class='ocr_line' id='line_1_117' title="bbox 1489 3179 1999 3221; baseline -0.002 -10"><span class='ocrx_word' id='word_1_1099' title='bbox 1489 3179 1662 3221; x_wconf 91' lang='lat' dir='ltr'><strong>respondet</strong></span> <span class='ocrx_word' id='word_1_1100' title='bbox 1683 3181 1798 3210; x_wconf 89' lang='lat' dir='ltr'><strong>merito</strong></span> <span class='ocrx_word' id='word_1_1101' title='bbox 1823 3180 1999 3210; x_wconf 84' lang='lat' dir='ltr'><strong>excellenti.</strong></span> 
     </span>
    </p>
   </div>
   <div class='ocr_carea' id='block_1_32' title="bbox 369 3224 2553 3310">
    <p class='ocr_par' dir='ltr' id='par_1_37' title="bbox 369 3224 2553 3310">
     <span class='ocr_line' id='line_1_118' title="bbox 1547 3224 2553 3265; baseline -0.001 -9"><span class='ocrx_word' id='word_1_1102' title='bbox 1547 3225 1576 3256; x_wconf 85' lang='lat'><strong>3.</strong></span> <span class='ocrx_word' id='word_1_1103' title='bbox 1599 3225 1796 3260; x_wconf 66' lang='lat' dir='ltr'><strong>Pnazrnnna,</strong></span> <span class='ocrx_word' id='word_1_1104' title='bbox 1820 3224 2008 3265; x_wconf 86' lang='lat' dir='ltr'><strong>martyrium</strong></span> <span class='ocrx_word' id='word_1_1105' title='bbox 2030 3233 2098 3254; x_wconf 90' lang='lat' dir='ltr'><strong>non</strong></span> <span class='ocrx_word' id='word_1_1106' title='bbox 2121 3224 2227 3255; x_wconf 91' lang='lat' dir='ltr'><strong>solum</strong></span> <span class='ocrx_word' id='word_1_1107' title='bbox 2251 3225 2395 3255; x_wconf 83' lang='lat' dir='ltr'><strong>consistit</strong></span> <span class='ocrx_word' id='word_1_1108' title='bbox 2415 3225 2448 3255; x_wconf 92' lang='lat' dir='ltr'><strong>in</strong></span> <span class='ocrx_word' id='word_1_1109' title='bbox 2468 3230 2553 3255; x_wconf 88' lang='lat' dir='ltr'><strong>exte-</strong></span> 
     </span>
     <span class='ocr_line' id='line_1_119' title="bbox 369 3267 2552 3310; baseline -0.002 -6"><span class='ocrx_word' id='word_1_1110' title='bbox 369 3274 404 3304; x_wconf 92' lang='lat' dir='ltr'><strong>in</strong></span> <span class='ocrx_word' id='word_1_1111' title='bbox 433 3273 497 3304; x_wconf 90' lang='lat' dir='ltr'><strong>hoc</strong></span> <span class='ocrx_word' id='word_1_1112' title='bbox 526 3274 679 3304; x_wconf 89' lang='lat' dir='ltr'><strong>membris</strong></span> <span class='ocrx_word' id='word_1_1113' title='bbox 710 3274 779 3305; x_wconf 85' lang='lat' dir='ltr'><strong>aliis</strong></span> <span class='ocrx_word' id='word_1_1114' title='bbox 810 3273 972 3304; x_wconf 89' lang='lat' dir='ltr'><strong>Ecclesiae</strong></span> <span class='ocrx_word' id='word_1_1115' title='bbox 1004 3271 1225 3303; x_wconf 90' lang='lat' dir='ltr'><strong>conformetur</strong></span> <span class='ocrx_word' id='word_1_1116' title='bbox 1254 3271 1288 3300; x_wconf 92' lang='lat' dir='ltr'><strong>in</strong></span> <span class='ocrx_word' id='word_1_1117' title='bbox 1319 3270 1436 3310; x_wconf 91' lang='lat' dir='ltr'><strong>quibus</strong></span> <span class='ocrx_word' id='word_1_1118' title='bbox 1450 3281 1476 3302; x_wconf 83' lang='lat'><strong>70</strong></span> <span class='ocrx_word' id='word_1_1119' title='bbox 1489 3269 1565 3300; x_wconf 91' lang='lat' dir='ltr'><strong>riori</strong></span> <span class='ocrx_word' id='word_1_1120' title='bbox 1595 3269 1743 3310; x_wconf 86' lang='lat' dir='ltr'><strong>passione</strong></span> <span class='ocrx_word' id='word_1_1121' title='bbox 1774 3268 1901 3304; x_wconf 82' lang='lat' dir='ltr'><strong>mortis,</strong></span> <span class='ocrx_word' id='word_1_1122' title='bbox 1933 3267 1988 3298; x_wconf 93' lang='lat' dir='ltr'><strong>sed</strong></span> <span class='ocrx_word' id='word_1_1123' title='bbox 2019 3269 2114 3298; x_wconf 88' lang='lat' dir='ltr'><strong>etiam</strong></span> <span class='ocrx_word' id='word_1_1124' title='bbox 2145 3269 2178 3299; x_wconf 93' lang='lat' dir='ltr'><strong>in</strong></span> <span class='ocrx_word' id='word_1_1125' title='bbox 2207 3269 2347 3299; x_wconf 81' lang='lat' dir='ltr'><strong>interiori</strong></span> <span class='ocrx_word' id='word_1_1126' title='bbox 2379 3269 2552 3299; x_wconf 89' lang='lat' dir='ltr'><strong>voluntate.</strong></span> 
     </span>
    </p>
   </div>
   <div class='ocr_carea' id='block_1_33' title="bbox 343 3312 2552 3358">
    <p class='ocr_par' dir='ltr' id='par_1_38' title="bbox 343 3312 2552 3358">
     <span class='ocr_line' id='line_1_120' title="bbox 343 3312 2552 3358; baseline -0.003 -10"><span class='ocrx_word' id='word_1_1127' title='bbox 343 3342 345 3344; x_wconf 94' lang='lat'><strong>.</strong></span> <span class='ocrx_word' id='word_1_1128' title='bbox 369 3317 532 3357; x_wconf 81' lang='lat' dir='ltr'><strong>virginitas</strong></span> <span class='ocrx_word' id='word_1_1129' title='bbox 553 3318 725 3349; x_wconf 84' lang='lat' dir='ltr'><strong>invenitur.</strong></span> <span class='ocrx_word' id='word_1_1130' title='bbox 754 3318 799 3349; x_wconf 90' lang='lat' dir='ltr'><strong>Et</strong></span> <span class='ocrx_word' id='word_1_1131' title='bbox 819 3318 966 3358; x_wconf 86' lang='lat' dir='ltr'><strong>quamvis</strong></span> <span class='ocrx_word' id='word_1_1132' title='bbox 988 3326 1057 3347; x_wconf 93' lang='lat' dir='ltr'><strong>non</strong></span> <span class='ocrx_word' id='word_1_1133' title='bbox 1080 3315 1191 3346; x_wconf 87' lang='lat' dir='ltr'><strong>habuit</strong></span> <span class='ocrx_word' id='word_1_1134' title='bbox 1213 3324 1356 3355; x_wconf 88' lang='lat' dir='ltr'><strong>pugnam</strong></span> <span class='ocrx_word' id='word_1_1135' title='bbox 1379 3323 1435 3354; x_wconf 92' lang='lat' dir='ltr'><strong>per</strong></span> <span class='ocrx_word' id='word_1_1136' title='bbox 1489 3313 1585 3344; x_wconf 87' lang='lat' dir='ltr'><strong>Unde</strong></span> <span class='ocrx_word' id='word_1_1137' title='bbox 1613 3312 1792 3343; x_wconf 89' lang='lat' dir='ltr'><strong>Bernardus</strong></span> <span class='ocrx_word' id='word_1_1138' title='bbox 1808 3313 1824 3329; x_wconf 76' lang='lat'><strong>⁴*</strong></span> <span class='ocrx_word' id='word_1_1139' title='bbox 1853 3312 2017 3353; x_wconf 87' lang='lat' dir='ltr'><strong>distinguit</strong></span> <span class='ocrx_word' id='word_1_1140' title='bbox 2039 3312 2097 3342; x_wconf 88' lang='lat' dir='ltr'><strong>tria</strong></span> <span class='ocrx_word' id='word_1_1141' title='bbox 2127 3322 2244 3353; x_wconf 88' lang='lat' dir='ltr'><strong>genera</strong></span> <span class='ocrx_word' id='word_1_1142' title='bbox 2272 3318 2462 3354; x_wconf 84' lang='lat' dir='ltr'><strong>martyrum:</strong></span> <span class='ocrx_word' id='word_1_1143' title='bbox 2494 3323 2552 3343; x_wconf 88' lang='lat' dir='ltr'><strong>vo-</strong></span> 
     </span>
    </p>
   </div>
   <div class='ocr_carea' id='block_1_34' title="bbox 369 3357 2554 3489">
    <p class='ocr_par' dir='ltr' id='par_1_39' title="bbox 369 3357 2554 3489">
     <span class='ocr_line' id='line_1_121' title="bbox 369 3357 2552 3402; baseline -0.001 -11"><span class='ocrx_word' id='word_1_1144' title='bbox 369 3362 581 3392; x_wconf 79' lang='lat' dir='ltr'><strong>tentationem</strong></span> <span class='ocrx_word' id='word_1_1145' title='bbox 604 3371 689 3402; x_wconf 85' lang='lat' dir='ltr'><strong>quae</strong></span> <span class='ocrx_word' id='word_1_1146' title='bbox 711 3366 759 3392; x_wconf 65' lang='lat' dir='ltr'><strong>est</strong></span> <span class='ocrx_word' id='word_1_1147' title='bbox 780 3372 801 3393; x_wconf 88' lang='lat' dir='ltr'><strong>a</strong></span> <span class='ocrx_word' id='word_1_1148' title='bbox 825 3371 934 3397; x_wconf 88' lang='lat' dir='ltr'><strong>carne,</strong></span> <span class='ocrx_word' id='word_1_1149' title='bbox 950 3361 1062 3392; x_wconf 89' lang='lat' dir='ltr'><strong>habuit</strong></span> <span class='ocrx_word' id='word_1_1150' title='bbox 1083 3366 1192 3390; x_wconf 85' lang='lat' dir='ltr'><strong>tamen</strong></span> <span class='ocrx_word' id='word_1_1151' title='bbox 1214 3368 1357 3399; x_wconf 84' lang='lat' dir='ltr'><strong>pugnam</strong></span> <span class='ocrx_word' id='word_1_1152' title='bbox 1379 3367 1437 3399; x_wconf 89' lang='lat' dir='ltr'><strong>per</strong></span> <span class='ocrx_word' id='word_1_1153' title='bbox 1490 3358 1622 3393; x_wconf 87' lang='lat' dir='ltr'><strong>luntate,</strong></span> <span class='ocrx_word' id='word_1_1154' title='bbox 1646 3366 1713 3387; x_wconf 95' lang='lat' dir='ltr'><strong>non</strong></span> <span class='ocrx_word' id='word_1_1155' title='bbox 1737 3366 1827 3393; x_wconf 91' lang='lat' dir='ltr'><strong>nece,</strong></span> <span class='ocrx_word' id='word_1_1156' title='bbox 1851 3362 1888 3387; x_wconf 90' lang='lat' dir='ltr'><strong>ut</strong></span> <span class='ocrx_word' id='word_1_1157' title='bbox 1910 3357 2062 3393; x_wconf 79' lang='lat' dir='ltr'><strong>Ioannes3</strong></span> <span class='ocrx_word' id='word_1_1158' title='bbox 2086 3357 2252 3388; x_wconf 83' lang='lat' dir='ltr'><strong>voluntate</strong></span> <span class='ocrx_word' id='word_1_1159' title='bbox 2275 3363 2306 3388; x_wconf 90' lang='lat' dir='ltr'><strong>et</strong></span> <span class='ocrx_word' id='word_1_1160' title='bbox 2323 3367 2413 3394; x_wconf 91' lang='lat' dir='ltr'><strong>nece,</strong></span> <span class='ocrx_word' id='word_1_1161' title='bbox 2430 3363 2466 3388; x_wconf 92' lang='lat' dir='ltr'><strong>ut</strong></span> <span class='ocrx_word' id='word_1_1162' title='bbox 2485 3357 2552 3388; x_wconf 91' lang='lat' dir='ltr'><strong>Ste-</strong></span> 
     </span>
     <span class='ocr_line' id='line_1_122' title="bbox 370 3401 2553 3446; baseline -0.002 -10"><span class='ocrx_word' id='word_1_1163' title='bbox 370 3405 582 3436; x_wconf 84' lang='lat' dir='ltr'><strong>tentationem</strong></span> <span class='ocrx_word' id='word_1_1164' title='bbox 603 3405 644 3436; x_wconf 84' lang='lat' dir='ltr'><strong>ab</strong></span> <span class='ocrx_word' id='word_1_1165' title='bbox 663 3406 774 3436; x_wconf 77' lang='lat' dir='ltr'><strong>hoste.-</strong></span> <span class='ocrx_word' id='word_1_1166' title='bbox 796 3406 853 3446; x_wconf 87' lang='lat' dir='ltr'><strong>qui</strong></span> <span class='ocrx_word' id='word_1_1167' title='bbox 872 3415 934 3436; x_wconf 92' lang='lat' dir='ltr'><strong>nec</strong></span> <span class='ocrx_word' id='word_1_1168' title='bbox 950 3406 1046 3436; x_wconf 88' lang='lat' dir='ltr'><strong>etiarn</strong></span> <span class='ocrx_word' id='word_1_1169' title='bbox 1069 3405 1177 3445; x_wconf 90' lang='lat' dir='ltr'><strong>ipsum</strong></span> <span class='ocrx_word' id='word_1_1170' title='bbox 1201 3403 1364 3435; x_wconf 90' lang='lat' dir='ltr'><strong>Christum</strong></span> <span class='ocrx_word' id='word_1_1171' title='bbox 1388 3412 1437 3433; x_wconf 88' lang='lat' dir='ltr'><strong>re-</strong></span> <span class='ocrx_word' id='word_1_1172' title='bbox 1490 3403 1633 3443; x_wconf 84' lang='lat' dir='ltr'><strong>phanus3</strong></span> <span class='ocrx_word' id='word_1_1173' title='bbox 1653 3411 1743 3438; x_wconf 92' lang='lat' dir='ltr'><strong>nece,</strong></span> <span class='ocrx_word' id='word_1_1174' title='bbox 1756 3411 1824 3432; x_wconf 92' lang='lat' dir='ltr'><strong>non</strong></span> <span class='ocrx_word' id='word_1_1175' title='bbox 1841 3401 2015 3437; x_wconf 83' lang='lat' dir='ltr'><strong>voluntate,</strong></span> <span class='ocrx_word' id='word_1_1176' title='bbox 2028 3406 2064 3431; x_wconf 90' lang='lat' dir='ltr'><strong>ut</strong></span> <span class='ocrx_word' id='word_1_1177' title='bbox 2079 3401 2270 3432; x_wconf 91' lang='lat' dir='ltr'><strong>Innocentes</strong></span> <span class='ocrx_word' id='word_1_1178' title='bbox 2282 3403 2309 3432; x_wconf 70' lang='grc'><strong>“.</strong></span> <span class='ocrx_word' id='word_1_1179' title='bbox 2330 3402 2363 3433; x_wconf 90' lang='lat' dir='ltr'><strong>Si</strong></span> <span class='ocrx_word' id='word_1_1180' title='bbox 2379 3411 2455 3442; x_wconf 88' lang='lat' dir='ltr'><strong>ergo</strong></span> <span class='ocrx_word' id='word_1_1181' title='bbox 2470 3411 2553 3432; x_wconf 84' lang='lat' dir='ltr'><strong>mar—</strong></span> 
     </span>
     <span class='ocr_line' id='line_1_123' title="bbox 369 3445 2554 3489; baseline -0.002 -10"><span class='ocrx_word' id='word_1_1182' title='bbox 369 3449 490 3480; x_wconf 87' lang='lat' dir='ltr'><strong>veritus</strong></span> <span class='ocrx_word' id='word_1_1183' title='bbox 511 3449 582 3484; x_wconf 79' lang='lat' dir='ltr'><strong>fuit.</strong></span> <span class='ocrx_word' id='word_1_1184' title='bbox 605 3454 643 3479; x_wconf 91' lang='lat' dir='ltr'><strong>ut</strong></span> <span class='ocrx_word' id='word_1_1185' title='bbox 664 3454 752 3489; x_wconf 85' lang='lat' dir='ltr'><strong>patet</strong></span> <span class='ocrx_word' id='word_1_1186' title='bbox 775 3449 886 3480; x_wconf 83' lang='lat' dir='ltr'><strong>Matth.</strong></span> <span class='ocrx_word' id='word_1_1187' title='bbox 911 3459 944 3480; x_wconf 83' lang='lat' dir='ltr'><strong>xv</strong></span> <span class='ocrx_word' id='word_1_1188' title='bbox 957 3450 985 3480; x_wconf 68' lang='lat'><strong>&#39;.</strong></span> <span class='ocrx_word' id='word_1_1189' title='bbox 1490 3447 1574 3487; x_wconf 91' lang='lat' dir='ltr'><strong>tyrio</strong></span> <span class='ocrx_word' id='word_1_1190' title='bbox 1598 3446 1727 3476; x_wconf 89' lang='lat' dir='ltr'><strong>aureola</strong></span> <span class='ocrx_word' id='word_1_1191' title='bbox 1750 3445 1927 3482; x_wconf 89' lang='lat' dir='ltr'><strong>deberetur,</strong></span> <span class='ocrx_word' id='word_1_1192' title='bbox 1951 3446 2052 3485; x_wconf 88' lang='lat' dir='ltr'><strong>magis</strong></span> <span class='ocrx_word' id='word_1_1193' title='bbox 2075 3445 2242 3476; x_wconf 90' lang='lat' dir='ltr'><strong>deberetur</strong></span> <span class='ocrx_word' id='word_1_1194' title='bbox 2264 3447 2415 3487; x_wconf 90' lang='lat' dir='ltr'><strong>martyrio</strong></span> <span class='ocrx_word' id='word_1_1195' title='bbox 2439 3446 2554 3476; x_wconf 90' lang='lat' dir='ltr'><strong>volun-</strong></span> 
     </span>
    </p>
   </div>
   <div class='ocr_carea' id='block_1_35' title="bbox 427 3490 2553 3554">
    <p class='ocr_par' dir='ltr' id='par_1_40' title="bbox 427 3490 2553 3554">
     <span class='ocr_line' id='line_1_124' title="bbox 427 3490 2553 3534; baseline -0.001 -11"><span class='ocrx_word' id='word_1_1196' title='bbox 427 3493 478 3523; x_wconf 71' lang='grc' dir='ltr'><strong>ΑΒ</strong></span> <span class='ocrx_word' id='word_1_1197' title='bbox 501 3502 636 3523; x_wconf 71' lang='lat' dir='ltr'><strong>ram-nm</strong></span> <span class='ocrx_word' id='word_1_1198' title='bbox 658 3503 818 3523; x_wconf 68' lang='lat' dir='ltr'><strong>nrcnunuu</strong></span> <span class='ocrx_word' id='word_1_1199' title='bbox 841 3492 931 3534; x_wconf 91' lang='lat' dir='ltr'><strong>quod</strong></span> <span class='ocrx_word' id='word_1_1200' title='bbox 952 3493 1123 3534; x_wconf 82' lang='lat' dir='ltr'><strong>virginitati</strong></span> <span class='ocrx_word' id='word_1_1201' title='bbox 1145 3502 1214 3523; x_wconf 92' lang='lat' dir='ltr'><strong>non</strong></span> <span class='ocrx_word' id='word_1_1202' title='bbox 1233 3492 1366 3523; x_wconf 90' lang='lat' dir='ltr'><strong>debetur</strong></span> <span class='ocrx_word' id='word_1_1203' title='bbox 1382 3500 1437 3521; x_wconf 91' lang='lat' dir='ltr'><strong>au·</strong></span> <span class='ocrx_word' id='word_1_1204' title='bbox 1451 3503 1475 3524; x_wconf 71' lang='grc' dir='ltr'><strong>ἰς</strong></span> <span class='ocrx_word' id='word_1_1205' title='bbox 1491 3491 1563 3521; x_wconf 85' lang='lat' dir='ltr'><strong>tatis</strong></span> <span class='ocrx_word' id='word_1_1206' title='bbox 1587 3499 1684 3531; x_wconf 91' lang='lat' dir='ltr'><strong>quam</strong></span> <span class='ocrx_word' id='word_1_1207' title='bbox 1709 3490 1855 3521; x_wconf 82' lang='lat' dir='ltr'><strong>exteriori</strong></span> <span class='ocrx_word' id='word_1_1208' title='bbox 1878 3490 2047 3531; x_wconf 90' lang='lat' dir='ltr'><strong>martyrio:</strong></span> <span class='ocrx_word' id='word_1_1209' title='bbox 2074 3500 2148 3521; x_wconf 91' lang='lat' dir='ltr'><strong>cum</strong></span> <span class='ocrx_word' id='word_1_1210' title='bbox 2171 3491 2320 3521; x_wconf 78' lang='lat' dir='ltr'><strong>meritum</strong></span> <span class='ocrx_word' id='word_1_1211' title='bbox 2337 3500 2375 3521; x_wconf 88' lang='lat' dir='ltr'><strong>ex</strong></span> <span class='ocrx_word' id='word_1_1212' title='bbox 2390 3490 2553 3521; x_wconf 89' lang='lat' dir='ltr'><strong>voluntate</strong></span> 
     </span>
     <span class='ocr_line' id='line_1_125' title="bbox 895 3539 903 3554; baseline 0 0"><span class='ocrx_word' id='word_1_1213' title='bbox 895 3539 903 3554; x_wconf 65' lang='grc' dir='ltr'>ἱ</span> 
     </span>
    </p>
   </div>
   <div class='ocr_carea' id='block_1_36' title="bbox 2559 402 2769 456">
    <p class='ocr_par' dir='ltr' id='par_1_41' title="bbox 2559 402 2769 456">
     <span class='ocr_line' id='line_1_126' title="bbox 2560 402 2769 429; baseline -0.005 -5"><span class='ocrx_word' id='word_1_1214' title='bbox 2560 406 2569 415; x_wconf 91' lang='grc'>·</span> <span class='ocrx_word' id='word_1_1215' title='bbox 2584 403 2622 424; x_wconf 78' lang='lat' dir='ltr'><strong>Ad</strong></span> <span class='ocrx_word' id='word_1_1216' title='bbox 2638 402 2698 424; x_wconf 85' lang='lat' dir='ltr'><strong>Heb.</strong></span> <span class='ocrx_word' id='word_1_1217' title='bbox 2718 408 2769 429; x_wconf 84' lang='lat' dir='ltr'><strong>cap.</strong></span> 
     </span>
     <span class='ocr_line' id='line_1_127' title="bbox 2559 435 2719 456; baseline -0.006 -5"><span class='ocrx_word' id='word_1_1218' title='bbox 2559 436 2608 456; x_wconf 82' lang='lat' dir='ltr'><strong>xm,</strong></span> <span class='ocrx_word' id='word_1_1219' title='bbox 2624 435 2682 451; x_wconf 85' lang='lat' dir='ltr'><strong>vers.</strong></span> <span class='ocrx_word' id='word_1_1220' title='bbox 2696 436 2719 455; x_wconf 82' lang='lat'><strong>4.</strong></span> 
     </span>
    </p>
   </div>
   <div class='ocr_carea' id='block_1_37' title="bbox 2566 797 2776 876">
    <p class='ocr_par' dir='ltr' id='par_1_42' title="bbox 2566 797 2776 876">
     <span class='ocr_line' id='line_1_128' title="bbox 2566 797 2775 824; baseline 0 -6"><span class='ocrx_word' id='word_1_1221' title='bbox 2566 799 2575 808; x_wconf 85' lang='lat'><strong>·</strong></span> <span class='ocrx_word' id='word_1_1222' title='bbox 2589 797 2685 818; x_wconf 83' lang='lat' dir='ltr'><strong>Hieron.</strong></span> <span class='ocrx_word' id='word_1_1223' title='bbox 2702 797 2775 824; x_wconf 81' lang='lat' dir='ltr'><strong>Epist.</strong></span> 
     </span>
     <span class='ocr_line' id='line_1_129' title="bbox 2567 822 2776 850; baseline 0 -6"><span class='ocrx_word' id='word_1_1224' title='bbox 2567 823 2643 850; x_wconf 83' lang='lat' dir='ltr'><strong>xxn,</strong></span> <span class='ocrx_word' id='word_1_1225' title='bbox 2673 823 2707 844; x_wconf 79' lang='lat' dir='ltr'><strong>ad</strong></span> <span class='ocrx_word' id='word_1_1226' title='bbox 2729 822 2776 844; x_wconf 85' lang='lat' dir='ltr'><strong>Eu-</strong></span> 
     </span>
     <span class='ocr_line' id='line_1_130' title="bbox 2566 850 2737 876; baseline 0 -5"><span class='ocrx_word' id='word_1_1227' title='bbox 2566 850 2648 876; x_wconf 60' lang='lat' dir='ltr'><strong>stocli„</strong></span> <span class='ocrx_word' id='word_1_1228' title='bbox 2666 856 2688 871; x_wconf 93' lang='lat' dir='ltr'><strong>n.</strong></span> <span class='ocrx_word' id='word_1_1229' title='bbox 2704 855 2737 872; x_wconf 71' lang='grc' dir='ltr'><strong>αι.</strong></span> 
     </span>
    </p>
   </div>
   <div class='ocr_carea' id='block_1_38' title="bbox 2567 1066 2778 1121">
    <p class='ocr_par' dir='ltr' id='par_1_43' title="bbox 2567 1066 2778 1121">
     <span class='ocr_line' id='line_1_131' title="bbox 2568 1066 2778 1095; baseline 0 -7"><span class='ocrx_word' id='word_1_1230' title='bbox 2568 1067 2616 1088; x_wconf 76' lang='grc' dir='ltr'><strong>ἸῙ·</strong></span> <span class='ocrx_word' id='word_1_1231' title='bbox 2622 1066 2675 1092; x_wconf 74' lang='lat'><strong>11⁸⁶,</strong></span> <span class='ocrx_word' id='word_1_1232' title='bbox 2683 1071 2778 1095; x_wconf 65' lang='lat' dir='ltr'><strong>qun-11,</strong></span> 
     </span>
     <span class='ocr_line' id='line_1_132' title="bbox 2567 1094 2725 1121; baseline 0 -6"><span class='ocrx_word' id='word_1_1233' title='bbox 2567 1097 2610 1115; x_wconf 80' lang='lat' dir='ltr'><strong>m.</strong></span> <span class='ocrx_word' id='word_1_1234' title='bbox 2626 1100 2646 1121; x_wconf 77' lang='grc' dir='ltr'><strong>ι,</strong></span> <span class='ocrx_word' id='word_1_1235' title='bbox 2659 1094 2688 1115; x_wconf 77' lang='lat' dir='ltr'><strong>nd</strong></span> <span class='ocrx_word' id='word_1_1236' title='bbox 2702 1100 2725 1119; x_wconf 82' lang='lat'><strong>4.</strong></span> 
     </span>
    </p>
   </div>
   <div class='ocr_carea' id='block_1_39' title="bbox 2570 1282 2784 1384">
    <p class='ocr_par' dir='ltr' id='par_1_44' title="bbox 2570 1282 2784 1384">
     <span class='ocr_line' id='line_1_133' title="bbox 2571 1282 2780 1305; baseline 0 -1"><span class='ocrx_word' id='word_1_1237' title='bbox 2571 1285 2580 1294; x_wconf 93' lang='grc'><em>·</em></span> <span class='ocrx_word' id='word_1_1238' title='bbox 2589 1283 2652 1305; x_wconf 81' lang='lat' dir='ltr'><strong>Lect.</strong></span> <span class='ocrx_word' id='word_1_1239' title='bbox 2660 1289 2683 1304; x_wconf 81' lang='lat' dir='ltr'><strong>vi</strong></span> <span class='ocrx_word' id='word_1_1240' title='bbox 2696 1282 2724 1304; x_wconf 70' lang='lat' dir='ltr'><strong>nd</strong></span> <span class='ocrx_word' id='word_1_1241' title='bbox 2732 1282 2780 1304; x_wconf 81' lang='lat' dir='ltr'><strong>Ma-</strong></span> 
     </span>
     <span class='ocr_line' id='line_1_134' title="bbox 2570 1309 2781 1332; baseline -0.005 -1"><span class='ocrx_word' id='word_1_1242' title='bbox 2570 1309 2638 1332; x_wconf 85' lang='lat' dir='ltr'><strong>tutin.</strong></span> <span class='ocrx_word' id='word_1_1243' title='bbox 2654 1309 2677 1331; x_wconf 87' lang='lat' dir='ltr'><strong>in</strong></span> <span class='ocrx_word' id='word_1_1244' title='bbox 2693 1309 2753 1330; x_wconf 73' lang='lat' dir='ltr'><strong>festo</strong></span> <span class='ocrx_word' id='word_1_1245' title='bbox 2763 1315 2781 1330; x_wconf 77' lang='lat' dir='ltr'><strong>s.</strong></span> 
     </span>
     <span class='ocr_line' id='line_1_135' title="bbox 2571 1335 2784 1363; baseline -0.005 -6"><span class='ocrx_word' id='word_1_1246' title='bbox 2571 1337 2663 1363; x_wconf 78' lang='lat' dir='ltr'><strong>Luciae,</strong></span> <span class='ocrx_word' id='word_1_1247' title='bbox 2669 1336 2706 1357; x_wconf 85' lang='lat' dir='ltr'><strong>die</strong></span> <span class='ocrx_word' id='word_1_1248' title='bbox 2713 1341 2736 1363; x_wconf 77' lang='lat'><strong>¹3</strong></span> <span class='ocrx_word' id='word_1_1249' title='bbox 2742 1335 2784 1357; x_wconf 85' lang='lat' dir='ltr'><strong>De-</strong></span> 
     </span>
     <span class='ocr_line' id='line_1_136' title="bbox 2571 1363 2646 1384; baseline 0 0"><span class='ocrx_word' id='word_1_1250' title='bbox 2571 1363 2646 1384; x_wconf 86' lang='lat' dir='ltr'><strong>cemb.</strong></span> 
     </span>
    </p>
   </div>
   <div class='ocr_carea' id='block_1_40' title="bbox 2578 1902 2747 1928">
    <p class='ocr_par' dir='ltr' id='par_1_45' title="bbox 2578 1902 2747 1928">
     <span class='ocr_line' id='line_1_137' title="bbox 2578 1902 2747 1928; baseline -0.006 -5"><span class='ocrx_word' id='word_1_1251' title='bbox 2578 1904 2588 1913; x_wconf 91' lang='grc'><em>·</em></span> <span class='ocrx_word' id='word_1_1252' title='bbox 2601 1902 2626 1923; x_wconf 83' lang='grc' dir='ltr'><strong>Ιι]</strong></span> <span class='ocrx_word' id='word_1_1253' title='bbox 2641 1907 2747 1928; x_wconf 75' lang='lat' dir='ltr'><strong>corpore.</strong></span> 
     </span>
    </p>
   </div>
   <div class='ocr_carea' id='block_1_41' title="bbox 2576 2078 2784 2132">
    <p class='ocr_par' dir='ltr' id='par_1_46' title="bbox 2576 2078 2784 2132">
     <span class='ocr_line' id='line_1_138' title="bbox 2576 2078 2784 2106; baseline 0 -6"><span class='ocrx_word' id='word_1_1254' title='bbox 2576 2080 2586 2089; x_wconf 78' lang='grc'><em>·</em></span> <span class='ocrx_word' id='word_1_1255' title='bbox 2596 2078 2683 2100; x_wconf 80' lang='lat' dir='ltr'><strong>Hieron</strong></span> <span class='ocrx_word' id='word_1_1256' title='bbox 2701 2084 2732 2100; x_wconf 90' lang='lat' dir='ltr'><strong>m.</strong></span> <span class='ocrx_word' id='word_1_1257' title='bbox 2743 2079 2784 2106; x_wconf 88' lang='lat' dir='ltr'><strong>Ep.</strong></span> 
     </span>
     <span class='ocr_line' id='line_1_139' title="bbox 2577 2085 2778 2132; baseline 0.005 -6"><span class='ocrx_word' id='word_1_1258' title='bbox 2577 2105 2636 2132; x_wconf 84' lang='lat' dir='ltr'><strong>LIV,</strong></span> <span class='ocrx_word' id='word_1_1259' title='bbox 2647 2106 2676 2128; x_wconf 83' lang='lat' dir='ltr'><strong>al.</strong></span> <span class='ocrx_word' id='word_1_1260' title='bbox 2685 2085 2715 2132; x_wconf 49' lang='grc' dir='ltr'><strong>ξ,</strong></span> <span class='ocrx_word' id='word_1_1261' title='bbox 2727 2111 2741 2127; x_wconf 83' lang='grc' dir='ltr'><strong>ιι</strong></span> <span class='ocrx_word' id='word_1_1262' title='bbox 2765 2106 2778 2127; x_wconf 85' lang='grc'>6</span> 
     </span>
    </p>
   </div>
   <div class='ocr_carea' id='block_1_42' title="bbox 2577 2216 2734 2243">
    <p class='ocr_par' dir='ltr' id='par_1_47' title="bbox 2577 2216 2734 2243">
     <span class='ocr_line' id='line_1_140' title="bbox 2577 2216 2734 2243; baseline -0.013 -5"><span class='ocrx_word' id='word_1_1263' title='bbox 2577 2217 2586 2226; x_wconf 80' lang='grc'><em>“</em></span> <span class='ocrx_word' id='word_1_1264' title='bbox 2601 2216 2657 2243; x_wconf 80' lang='lat' dir='ltr'><strong>cap.</strong></span> <span class='ocrx_word' id='word_1_1265' title='bbox 2673 2222 2734 2237; x_wconf 70' lang='grc' dir='ltr'><strong>ων.</strong></span> 
     </span>
    </p>
   </div>
   <div class='ocr_carea' id='block_1_43' title="bbox 2579 2657 2789 2763">
    <p class='ocr_par' dir='ltr' id='par_1_48' title="bbox 2579 2657 2789 2738">
     <span class='ocr_line' id='line_1_141' title="bbox 2579 2657 2788 2680; baseline -0.014 0"><span class='ocrx_word' id='word_1_1266' title='bbox 2579 2660 2589 2670; x_wconf 87' lang='grc'>·</span> <span class='ocrx_word' id='word_1_1267' title='bbox 2603 2658 2639 2680; x_wconf 86' lang='lat' dir='ltr'><strong>De</strong></span> <span class='ocrx_word' id='word_1_1268' title='bbox 2659 2657 2788 2679; x_wconf 79' lang='lat' dir='ltr'><strong>Tabernae.</strong></span> 
     </span>
     <span class='ocr_line' id='line_1_142' title="bbox 2579 2684 2789 2709; baseline -0.014 -2"><span class='ocrx_word' id='word_1_1269' title='bbox 2579 2687 2603 2707; x_wconf 83' lang='lat' dir='ltr'><strong>et</strong></span> <span class='ocrx_word' id='word_1_1270' title='bbox 2627 2684 2695 2706; x_wconf 77' lang='lat' dir='ltr'><strong>vasis</strong></span> <span class='ocrx_word' id='word_1_1271' title='bbox 2724 2684 2789 2709; x_wconf 64' lang='lat' dir='ltr'><strong>edus,</strong></span> 
     </span>
     <span class='ocr_line' id='line_1_143' title="bbox 2579 2712 2762 2738; baseline -0.011 -5"><span class='ocrx_word' id='word_1_1272' title='bbox 2579 2712 2619 2733; x_wconf 87' lang='lat' dir='ltr'><strong>lib.</strong></span> <span class='ocrx_word' id='word_1_1273' title='bbox 2634 2712 2651 2738; x_wconf 89' lang='lat'><strong>1,</strong></span> <span class='ocrx_word' id='word_1_1274' title='bbox 2667 2716 2718 2737; x_wconf 71' lang='lat' dir='ltr'><strong>cup.</strong></span> <span class='ocrx_word' id='word_1_1275' title='bbox 2733 2715 2762 2731; x_wconf 81' lang='lat' dir='ltr'><strong>vi.</strong></span> 
     </span>
    </p>

    <p class='ocr_par' dir='ltr' id='par_1_49' title="bbox 2579 2738 2718 2763">
     <span class='ocr_line' id='line_1_144' title="bbox 2579 2738 2718 2763; baseline -0.007 -4"><span class='ocrx_word' id='word_1_1276' title='bbox 2579 2740 2589 2750; x_wconf 87' lang='grc'><em>·</em></span> <span class='ocrx_word' id='word_1_1277' title='bbox 2603 2738 2671 2759; x_wconf 75' lang='lat' dir='ltr'><strong>Vers-</strong></span> <span class='ocrx_word' id='word_1_1278' title='bbox 2685 2742 2718 2763; x_wconf 83' lang='lat'><strong>25.</strong></span> 
     </span>
    </p>
   </div>
   <div class='ocr_carea' id='block_1_44' title="bbox 2579 2925 2720 2948">
    <p class='ocr_par' dir='ltr' id='par_1_50' title="bbox 2579 2925 2720 2948">
     <span class='ocr_line' id='line_1_145' title="bbox 2579 2925 2720 2948; baseline -0.007 -1"><span class='ocrx_word' id='word_1_1279' title='bbox 2579 2927 2589 2938; x_wconf 78' lang='lat'>⁸</span> <span class='ocrx_word' id='word_1_1280' title='bbox 2604 2925 2671 2948; x_wconf 78' lang='lat' dir='ltr'><strong>Vers.</strong></span> <span class='ocrx_word' id='word_1_1281' title='bbox 2687 2931 2720 2947; x_wconf 88' lang='grc' dir='ltr'><strong>ιο.</strong></span> 
     </span>
    </p>
   </div>
   <div class='ocr_carea' id='block_1_45' title="bbox 2579 3017 2789 3096">
    <p class='ocr_par' dir='ltr' id='par_1_51' title="bbox 2579 3017 2789 3096">
     <span class='ocr_line' id='line_1_146' title="bbox 2582 3017 2719 3044; baseline -0.007 -5"><span class='ocrx_word' id='word_1_1282' title='bbox 2582 3021 2591 3028; x_wconf 87' lang='grc'>·</span> <span class='ocrx_word' id='word_1_1283' title='bbox 2618 3017 2654 3039; x_wconf 74' lang='lat' dir='ltr'><strong>cf.</strong></span> <span class='ocrx_word' id='word_1_1284' title='bbox 2680 3018 2719 3044; x_wconf 79' lang='lat' dir='ltr'><strong>Ap</strong></span> 
     </span>
     <span class='ocr_line' id='line_1_147' title="bbox 2580 3044 2781 3066; baseline -0.01 0"><span class='ocrx_word' id='word_1_1285' title='bbox 2580 3044 2682 3066; x_wconf 71' lang='lat' dir='ltr'><strong>Gratim.</strong></span> <span class='ocrx_word' id='word_1_1286' title='bbox 2696 3049 2710 3064; x_wconf 80' lang='grc' dir='ltr'><strong>ι</strong></span> <span class='ocrx_word' id='word_1_1287' title='bbox 2740 3049 2781 3064; x_wconf 69' lang='lat' dir='ltr'><strong>ean</strong></span> 
     </span>
     <span class='ocr_line' id='line_1_148' title="bbox 2579 3070 2789 3096; baseline -0.005 -4"><span class='ocrx_word' id='word_1_1288' title='bbox 2579 3070 2629 3092; x_wconf 84' lang='lat' dir='ltr'><strong>Iam</strong></span> <span class='ocrx_word' id='word_1_1289' title='bbox 2642 3076 2712 3096; x_wconf 74' lang='lat' dir='ltr'><strong>vero,</strong></span> <span class='ocrx_word' id='word_1_1290' title='bbox 2727 3075 2789 3091; x_wconf 75' lang='lat' dir='ltr'><strong>caus.</strong></span> 
     </span>
    </p>
   </div>
   <div class='ocr_carea' id='block_1_46' title="bbox 2580 3096 2791 3204">
    <p class='ocr_par' dir='ltr' id='par_1_52' title="bbox 2580 3096 2791 3204">
     <span class='ocr_line' id='line_1_149' title="bbox 2580 3096 2791 3124; baseline -0.005 -6"><span class='ocrx_word' id='word_1_1291' title='bbox 2580 3096 2667 3123; x_wconf 84' lang='lat' dir='ltr'><strong>XXIII,</strong></span> <span class='ocrx_word' id='word_1_1292' title='bbox 2691 3102 2729 3124; x_wconf 88' lang='lat' dir='ltr'><strong>qu.</strong></span> <span class='ocrx_word' id='word_1_1293' title='bbox 2754 3102 2791 3123; x_wconf 81' lang='lat' dir='ltr'><strong>vr,</strong></span> 
     </span>
     <span class='ocr_line' id='line_1_150' title="bbox 2581 3122 2789 3150; baseline 0 -6"><span class='ocrx_word' id='word_1_1294' title='bbox 2581 3126 2641 3150; x_wconf 75' lang='lat' dir='ltr'><strong>Aug.</strong></span> <span class='ocrx_word' id='word_1_1295' title='bbox 2661 3123 2690 3144; x_wconf 82' lang='lat' dir='ltr'><strong>de</strong></span> <span class='ocrx_word' id='word_1_1296' title='bbox 2711 3122 2789 3144; x_wconf 75' lang='lat' dir='ltr'><strong>Aduu.</strong></span> 
     </span>
     <span class='ocr_line' id='line_1_151' title="bbox 2582 3149 2791 3177; baseline -0.01 -5"><span class='ocrx_word' id='word_1_1297' title='bbox 2582 3150 2695 3177; x_wconf 62' lang='lat' dir='ltr'><strong>Coniug„</strong></span> <span class='ocrx_word' id='word_1_1298' title='bbox 2711 3150 2750 3171; x_wconf 86' lang='lat' dir='ltr'><strong>lib.</strong></span> <span class='ocrx_word' id='word_1_1299' title='bbox 2768 3149 2791 3175; x_wconf 85' lang='lat'><strong>1;</strong></span> 
     </span>
     <span class='ocr_line' id='line_1_152' title="bbox 2581 3182 2693 3204; baseline -0.009 -6"><span class='ocrx_word' id='word_1_1300' title='bbox 2581 3182 2632 3204; x_wconf 76' lang='lat' dir='ltr'><strong>cap.</strong></span> <span class='ocrx_word' id='word_1_1301' title='bbox 2646 3182 2693 3198; x_wconf 81' lang='lat' dir='ltr'><strong>xiv.</strong></span> 
     </span>
    </p>
   </div>
   <div class='ocr_carea' id='block_1_47' title="bbox 2738 3017 2790 3038">
    <p class='ocr_par' dir='ltr' id='par_1_53' title="bbox 2738 3017 2790 3038">
     <span class='ocr_line' id='line_1_153' title="bbox 2738 3017 2790 3038; baseline 0 0"><span class='ocrx_word' id='word_1_1302' title='bbox 2738 3017 2790 3038; x_wconf 86' lang='lat' dir='ltr'><strong>end.</strong></span> 
     </span>
    </p>
   </div>
   <div class='ocr_carea' id='block_1_48' title="bbox 2580 3319 2791 3369">
    <p class='ocr_par' dir='ltr' id='par_1_54' title="bbox 2580 3319 2791 3369">
     <span class='ocr_line' id='line_1_154' title="bbox 2580 3319 2791 3369; baseline -0.009 -27"><span class='ocrx_word' id='word_1_1303' title='bbox 2580 3320 2719 3369; x_wconf 50' lang='grc' dir='ltr'><strong>ἒέειὶῧωισκ</strong></span> <span class='ocrx_word' id='word_1_1304' title='bbox 2736 3319 2791 3341; x_wconf 84' lang='lat' dir='ltr'><strong>Nat.</strong></span> 
     </span>
    </p>
   </div>
   <div class='ocr_carea' id='block_1_49' title="bbox 2581 3407 2790 3435">
    <p class='ocr_par' dir='ltr' id='par_1_55' title="bbox 2581 3407 2790 3435">
     <span class='ocr_line' id='line_1_155' title="bbox 2581 3407 2790 3435; baseline -0.005 -5"><span class='ocrx_word' id='word_1_1305' title='bbox 2581 3410 2591 3419; x_wconf 89' lang='grc'><em>·</em></span> <span class='ocrx_word' id='word_1_1306' title='bbox 2601 3407 2637 3430; x_wconf 61' lang='grc' dir='ltr'><strong>Εἰ</strong></span> <span class='ocrx_word' id='word_1_1307' title='bbox 2647 3413 2707 3435; x_wconf 85' lang='lat' dir='ltr'><strong>resp.</strong></span> <span class='ocrx_word' id='word_1_1308' title='bbox 2720 3407 2748 3429; x_wconf 79' lang='lat' dir='ltr'><strong>ad</strong></span> <span class='ocrx_word' id='word_1_1309' title='bbox 2760 3414 2790 3429; x_wconf 63' lang='grc' dir='ltr'><strong>ια.</strong></span> 
     </span>
    </p>
   </div>
  </div>
 </body>
</html>
