2918 4088
231 414 242 424 ·
248 413 319 435 Levit.
328 419 377 440 cap.
382 418 435 434 xxm

232 445 292 461 vers.
316 445 350 467 ²7·
375 451 385 456 -
406 429 442 461 Cf}

232 472 279 493 arg.
293 472 312 494 3.

231 519 242 530 ·
257 518 292 540 Cf.
307 524 353 546 arg.
369 524 388 540 2.

476 182 548 218 144

1126 172 1388 219 QUAESTIO
1416 172 1588 219 LXXIII,
1618 170 1909 208 ARTICULUS
1937 171 1987 208 VI

471 248 521 286 ad
547 248 676 298 ipsum
706 248 902 287 Christum
935 262 1109 299 passum,
1143 250 1210 300 qui
1242 250 1456 288 continetur
1489 250 1529 288 in
1555 249 1558 288 Ι
1584 249 1742 300 azymis:
1764 249 1980 287 secundum
1999 249 2091 286 illud
2110 249 2232 287 Exod.
2248 262 2295 288 ΧΠ
2313 250 2350 287 *2
2377 250 2496 288 Edent
2514 262 2645 288 carnes

471 302 547 339 hoc
575 308 825 349 sacramento,
853 302 999 351 figurae
1028 303 1110 340 eius
1136 304 1290 341 fuerunt
1318 303 1450 341 omnia
1472 315 1530 340 sa·

471 353 612 392 crificia
639 354 776 393 veteris
803 356 1056 403 Testamenti;
1093 363 1128 392 et
1155 355 1361 405 praecipue
1389 355 1529 393 sacrifi-

471 407 575 444 cium
607 407 843 458 expiationis,
863 409 971 458 quod
999 416 1077 446 erat
1105 409 1432 446 solemnissimum
1453 408 1483 445 *.
1504 430 1529 435 -

471 460 672 507 Quantum
700 468 830 498 autem
858 461 907 499 ad
927 461 1118 508 effectum,
1137 461 1206 501 suit
1223 461 1429 511 praecipua
1447 461 1530 499 eius

469 512 593 562 figura
611 526 755 552 manna
773 514 804 561 ²⁸,
825 515 932 563 quod
950 515 1105 552 habebat
1132 516 1169 551 in
1188 527 1228 552 se
1250 516 1369 552 omnis
1386 516 1530 563 saporis

469 568 705 613 suavitatem,
734 574 776 603 ut
803 566 939 604 dicitur
966 569 1052 617 Sap.
1071 567 1187 613 XV1*‚
1223 567 1319 605 sicut
1350 575 1386 604 et
1412 567 1530 616 gratia

470 618 587 657 huius
632 619 858 658 sacramenti
903 628 1092 670 quantum
1138 620 1186 657 ad
1233 620 1365 658 omnia
1410 620 1530 658 reficit

470 679 653 710 mentem.

524 725 601 763 Sed
638 736 759 773 agnus
792 725 980 775 paschalis
1017 733 1206 775 quantum
1243 727 1291 763 ad
1328 726 1424 764 haec
1459 726 1530 763 tria

469 777 751 826 praefigurabat
777 779 854 816 hoc
881 786 1174 816 sacramentum.
1205 779 1406 826 Quantum
1425 778 1529 817 enirn

470 830 519 867 ad
551 830 737 879 primum,
775 830 866 880 quia
899 831 1204 869 manducabatur
1240 843 1330 869 curn
1364 831 1529 881 panibus

1583 309 1616 340 et
1643 314 1795 351 azrmos
1817 314 1947 352 panes.
1986 302 2188 349 Quantum
2215 314 2309 340 vero
2338 303 2386 341 ad
2415 303 2643 350 secundum,

1584 356 1675 405 quia
1701 355 1974 392 immolabatur
2001 355 2049 392 ab
2078 354 2186 392 omni
2212 355 2455 398 multitudine
2474 355 2645 395 filiorum

1583 410 1696 447 Israel
1723 407 2008 458 quartadecima
2028 409 2121 446 luna
2138 407 2176 444 *ε
2206 408 2314 457 quod
2332 407 2400 446 fuit
2417 408 2541 457 figura
2558 421 2645 458 pas-

1584 461 1701 499 sionis
1737 460 1894 508 Christi,
1927 460 1995 510 qui
2027 468 2185 510 propter
2211 460 2471 501 innocentiam
2508 461 2646 500 dicitur

1583 527 1703 563 agnus
1722 514 1752 551 ³¹⁶.
1793 514 1995 561 Quantum
2022 525 2116 551 vero
2145 513 2194 551 ad
2223 513 2423 561 effectum,
2453 513 2545 563 quia
2575 526 2646 564 per

1583 567 1810 615 sanguinem
1833 566 1920 615 agni
1938 565 2126 616 paschalis
2153 566 2313 616 protecti
2332 573 2420 604 sunt
2446 566 2515 605 filii
2532 568 2647 606 Israel

1584 633 1607 658 a
1625 621 1845 658 devastante
1873 621 2022 668 angelo,
2043 627 2079 657 et
2098 619 2225 657 educti
2243 620 2291 656 de
2311 618 2542 669 Aegyptiaca
2569 631 2646 658 ser-

1583 673 1703 711 vitute
1728 672 1758 710 ²¹⁶.
1806 674 1854 710 Et
1891 681 2081 722 quantum
2117 672 2166 710 ad
2201 673 2295 718 hoc,
2332 671 2490 722 ponitur
2522 672 2647 721 figura

1583 725 1700 764 huius
1719 726 1945 764 sacramenti
1962 725 2170 776 praecipua
2187 737 2308 773 agnus
2326 724 2530 775 paschalis:
2555 725 2647 775 quia

1584 779 1800 816 secundum
1828 778 1961 816 omnia
1987 791 2076 816 eam
2094 777 2110 808 β
2137 786 2404 828 repraesentat.

1637 832 1686 870 Et
1713 844 1782 881 per
1810 832 1886 869 hoc
1911 839 2014 881 patet
2041 830 2240 881 responsio
2269 832 2317 869 ad
2345 830 2505 870 obiecta.

524 960 550 995 β)
568 969 636 988 eam.
651 975 672 982 -
689 962 788 996 Nempe
806 963 1006 995 Eucharistiam3
1029 970 1087 988 eum
1107 971 1186 997 super
1203 971 1255 990 ras.
1274 964 1306 995 G,
1325 971 1357 989 ea
1375 964 1393 996 1,
1413 964 1500 997 ipsum
1519 964 1548 996 P,
1563 971 1615 996 per
1632 971 1690 990 eam
1710 965 1934 997 (representatur)
1952 965 1982 991 F.

2672 259 2682 268 ·
2697 257 2763 280 Vert.
2778 258 2799 280 8.

2673 415 2683 427 ·
2696 414 2755 437 Ihid.
2769 420 2829 437 vers.
2844 415 2867 438 6.

2673 521 2683 531 ·
2701 519 2765 541 lom.
2780 523 2807 540 οι
2824 536 2830 542 .
2854 526 2870 546 ι,

2673 552 2732 568 vers.
2742 544 2784 573 36;
2799 525 2870 574 Xpoc.

2674 578 2723 601 cap.
2737 578 2759 598 v,
2773 577 2832 595 vera.
2848 573 2870 595 6.

2673 679 2684 690 ·
2695 677 2772 701 Exod.
2783 683 2832 706 cap.
2843 684 2886 701 ιιι,

2771 782 2787 816 β
