2878 4088
160 743 170 750 “
195 739 230 762 Cf.
258 740 319 766 Aug.
344 739 373 760 de

162 766 219 788 Gen.
230 765 264 787 ad
275 766 319 787 litt.
331 766 370 788 lib.

161 793 200 819 XI,
219 799 269 819 cap.
284 798 371 816 xxvru:

161 820 190 841 de
201 819 268 840 Trin.
281 819 319 840 lib.
332 819 372 844 111,

161 852 211 873 cap.
228 852 269 867 vn.

163 1142 172 1150 ·
194 1140 248 1161 Luc.
270 1145 320 1167 cap.
342 1145 372 1164 x,

162 1173 221 1188 vers.
250 1172 274 1194 ¹7
305 1172 372 1193 sqq..-

163 1199 212 1220 cap,
228 1198 260 1215 xr.
271 1198 329 1213 vers.
348 1199 373 1218 ¹4

163 1226 225 1247 sqq.:
240 1220 309 1246 Apoc.
321 1224 371 1245 cap.

162 1253 199 1271 ιιι,
214 1252 271 1266 vers.
283 1251 295 1271 7
306 1251 348 1272 sqq
366 1252 371 1270 ;

162 1279 211 1299 cap.
220 1271 336 1297 Firmiter,
344 1271 373 1292 de
399 1274 568 1298 vocantur,

162 1298 245 1320 Surum.
261 1298 326 1319 Trin.

162 1328 169 1336 ·
183 1325 219 1346 Cf.
234 1325 293 1346 Part.
305 1325 321 1349 I,
334 1330 375 1351 qu.

163 1357 223 1375 cxiv,
239 1355 280 1372 art.
295 1358 318 1377 4.

163 1377 372 1399 ·Au1issio.Summ.

161 1405 219 1426 Aur.
235 1404 275 1425 lib.
293 1404 333 1428 lv.
344 1404 373 1425 de

162 1430 248 1459 Jmped.
259 1430 372 1455 Matr-im„

163 1463 212 1485 cup.
236 1457 265 1478 de
292 1457 372 1484 Impot.

162 1484 263 1505 coeundi
266 1491 275 1508 ,·
294 1483 372 1505 Gloss.

162 1510 183 1532 in
208 1517 258 1538 cap.
274 1510 371 1531 Frater-

163 1537 260 1563 nitatis,
277 1537 305 1557 de
319 1536 374 1557 Fri-

160 1563 212 1601 gid.
230 1566 253 1584 et
270 1563 373 1590 Malefic.

188 1590 244 1616 Cap.
261 1589 373 1616 Litterae,

163 1616 192 1638 de
200 1616 318 1644 Frigid.et
325 1616 372 1636 Ma-

162 1643 237 1691 lgfidcn
247 1643 283 1665 ef.
295 1643 373 1664 Gloss.

162 1676 168 1691 ι
188 1676 193 1691 ι
213 1686 218 1691 .

163 1697 174 1707 ·
189 1696 272 1718 citatis
287 1696 308 1717 in
325 1695 373 1718 ead.

166 1723 258 1744 Glossa.

166 1758 174 1767 ·
189 1758 238 1779 Art.
255 1757 351 1785 praeced
356 1773 361 1778 .

167 2380 176 2390 ·
185 2378 209 2400 5.
217 2379 276 2405 Aug.
283 2377 313 2399 de
320 2377 377 2400 Gen.

166 2405 200 2426 ad
217 2405 261 2426 lm.
278 2404 318 2426 lib.
332 2404 376 2430 XI,

233 2437 313 2453 xxvur.

227 2464 252 2479 n.
269 2464 317 2485 cap.
335 2463 369 2479 ιιι.

167 2438 193 2453 ca
211 2446 217 2452 .

166 2438 226 2479 'ge

403 216 472 252 118

398 294 460 325 Sed
477 304 574 334 opere
598 295 740 325 humano
765 300 871 335 potest
895 295 1008 335 aliquis
1032 294 1100 326 fieri
1123 296 1284 336 impotens
1300 294 1339 324 ad
1356 304 1463 324 carna-

397 339 461 369 lem
492 339 643 379 copulam
673 349 730 379 per
758 340 898 380 aliquam
922 341 1090 380 potionem
1113 340 1163 370 vel
1187 345 1408 374 castraturam‚
1433 343 1464 367 et

399 393 435 413 ex
451 383 514 413 hoc
530 384 772 414 matrimonium
794 384 952 424 impediri.
977 385 1062 424 Ergo
1085 384 1189 414 multo
1214 383 1325 414 fortius
1348 383 1464 412 virtute

398 427 563 458 daemonis
586 429 649 458 hoc
673 427 742 458 fieri
765 434 880 468 potest.

452 472 642 503 Responmzo
665 483 826 503 monimum
847 472 936 513 quod
960 472 1091 513 quidam
1115 472 1261 503 dixerunt
1285 470 1375 511 quod
1397 480 1464 500 ma-

398 515 540 546 leficium
570 517 646 547 nihil
679 523 745 547 erat
767 518 799 547 in
824 517 947 547 mundo
976 518 1036 547 nisi
1059 518 1091 547 in
1116 517 1336 547 aestimatione
1359 515 1464 545 homi-

398 570 488 597 num,
506 562 562 601 qui
579 561 710 592 effeetus
732 562 890 592 naturales
911 571 1051 601 quorum
1074 571 1187 591 causae
1211 565 1285 590 sunt
1308 559 1464 595 occultae,

398 604 563 636 maleficiis
593 606 803 646 imputabant.
820 625 843 629 —
866 606 928 637 Sed
959 607 1021 636 hoc
1051 611 1098 636 est
1122 611 1232 635 contra
1262 605 1465 634 auctoritates

399 649 601 686 Sanctorum,
622 651 678 691 qui
697 650 808 681 dicunt
832 650 920 690 quod
937 650 1109 681 daemones
1133 650 1251 679 habent
1274 654 1466 689 potestatem

399 703 494 734 supra
518 704 654 734 corpora
677 700 708 725 et
730 704 825 734 supra
848 695 1108 735 imaginationem
1132 694 1313 728 hominum,
1335 692 1466 733 quando

400 748 417 768 a
433 738 504 769 Deo
524 740 753 779 permittuntur
767 740 794 769 *.
819 739 912 770 Unde
928 749 985 779 per
1009 749 1065 769 eos
1087 737 1226 769 malefici
1249 738 1356 777 aliqua
1378 738 1467 777 signa

399 781 503 813 facere
526 789 671 823 possunt.

455 827 603 857 Procedit
625 833 733 857 autem
757 828 835 858 haec
859 828 971 867 opini0
996 837 1033 857 ex
1057 827 1162 858 radice
1185 826 1378 857 infidelitatis
1402 826 1467 856 sive

400 871 638 902 incredulitatis.
674 871 759 909 Quia
787 881 855 902 non
886 872 1020 902 credunt
1051 881 1119 902 esse
1150 871 1323 901 daemones
1350 871 1411 901 nisi
1434 870 1467 900 in

401 916 621 946 aestimatione
637 916 724 955 vulgi
739 921 880 946 tantum:
894 922 930 946 ut
941 922 1075 946 terrores
1092 925 1175 955 quos
1191 916 1250 946 sibi
1266 915 1339 946 facit
1355 915 1467 950 homo,

402 969 439 989 ex
463 969 519 990 sua
543 960 763 990 aestimatione
791 960 928 1000 imputet
956 960 1123 996 daemoni;
1157 965 1187 990 et
1211 960 1286 999 quia
1310 960 1406 989 etiam
1430 968 1468 989 ex

400 1004 627 1043 imaginatione
651 1004 832 1033 vehementi
856 1004 981 1043 aliquae
1004 1003 1124 1044 figurae
1148 1009 1302 1044 apparent
1319 1004 1352 1033 in
1372 1012 1468 1033 sensu

400 1048 477 1078 tales
502 1048 611 1087 quales
638 1048 739 1077 homo
769 1049 902 1087 cogitat,
928 1054 959 1078 et
982 1053 1059 1078 tunc
1090 1047 1263 1078 creduntur
1293 1046 1468 1077 daemones

399 1091 509 1121 videri.
526 1110 548 1113 —
572 1091 634 1122 Sed
657 1092 736 1121 haec
759 1101 832 1121 vera
855 1091 934 1122 fides
953 1091 1115 1131 repudiat:
1140 1101 1197 1131 per
1217 1101 1314 1131 quarn
1337 1091 1468 1130 angelos

400 1135 439 1165 de
471 1135 560 1165 caelo
592 1135 742 1166 cecidisse
768 1141 798 1165 et
826 1135 1000 1166 daemones
1033 1145 1101 1166 esse
1125 1136 1142 1152 ⁴*
1166 1135 1344 1170 credimus,
1372 1140 1403 1165 et
1430 1144 1468 1165 ex

400 1180 571 1210 subtilitate
595 1189 670 1210 suae
694 1185 826 1210 naturae
848 1180 949 1210 multa
973 1189 1068 1220 posse
1093 1190 1175 1220 quae
1193 1189 1254 1210 nos
1270 1189 1337 1210 non
1353 1188 1468 1219 possu-

400 1233 472 1254 mus
488 1224 514 1254 ἢ
539 1223 580 1254 Et
595 1224 640 1254 illi
657 1225 713 1264 qui
730 1234 785 1254 eos
802 1223 841 1254 ad
857 1224 1040 1255 faciendum
1057 1225 1130 1255 talia
1144 1223 1313 1260 inducunt,
1330 1222 1469 1263 malefici

456 1313 497 1342 Et
524 1312 597 1342 ideo
629 1312 681 1342 alii
706 1313 723 1328 ³*
747 1312 894 1343 dixerunt
925 1312 1014 1353 quod
1045 1323 1102 1353 per
1131 1311 1288 1343 maleficia
1317 1312 1469 1352 praestari

400 1362 506 1397 potest
530 1356 797 1396 impedimentum
822 1358 938 1388 carnali
962 1358 1110 1398 copulae,
1127 1356 1183 1388 sed
1198 1357 1325 1387 nullum
1343 1356 1406 1387 tale
1423 1361 1469 1386 est

400 1406 610 1441 perpetuum:
642 1401 729 1431 unde
753 1411 820 1431 non
845 1401 963 1432 dirimit
986 1402 1229 1432 matrimonium
1257 1407 1467 1432 contractum.

400 1446 440 1476 Et
469 1445 579 1476 dicunt
606 1446 674 1476 iura
703 1455 784 1486 quae
808 1446 870 1476 hoc
895 1446 1057 1483 dicebant,
1082 1456 1149 1477 esse
1178 1452 1337 1476 revocata.
1360 1465 1383 1468 -
1407 1444 1469 1476 Sed

400 1491 463 1520 hoc
480 1495 526 1520 est
543 1495 652 1520 contra
677 1491 941 1530 experimentum.
966 1491 1007 1522 Et
1023 1497 1135 1522 contra
1154 1500 1239 1521 nova
1261 1492 1331 1521 iura
1342 1491 1368 1527 ὓ,
1387 1499 1469 1530 quae

401 1534 539 1574 antiquis
555 1535 571 1551 ὅ*
596 1535 803 1565 concordant.

456 1579 497 1608 Et
519 1578 593 1608 ideo
618 1578 879 1619 distinguendum
907 1585 963 1610 est.
995 1580 1080 1618 Quia
1108 1580 1300 1620 impotentia
1330 1578 1470 1610 coeundi

402 1633 439 1653 ex
463 1622 623 1653 maleficio
652 1629 706 1653 aut
729 1630 776 1654 est
798 1630 969 1664 perpetua:
1002 1630 1034 1655 et
1057 1630 1134 1655 tunc
1157 1625 1400 1654 matrimonium
1424 1623 1470 1654 di-

401 1668 496 1697 rimit.
521 1667 587 1697 Aut
610 1677 678 1698 non
702 1674 748 1698 est
771 1674 944 1708 perpetua:
970 1674 1001 1700 et
1023 1675 1101 1699 tunc
1124 1679 1192 1699 non
1216 1668 1343 1699 dirimit.
1368 1669 1409 1698 Et
1432 1667 1471 1698 ad

401 1713 465 1742 hoc
493 1711 722 1751 experiendum
746 1712 860 1743 eodem
880 1713 980 1744 modo
1004 1713 1148 1744 Ecclesia
1171 1719 1299 1753 tempus
1315 1712 1470 1753 praefixit,

402 1757 575 1786 triennium
599 1757 728 1792 scilicet,
753 1758 836 1787 sicut
858 1763 890 1787 et
913 1757 951 1788 de
974 1757 1144 1798 frigiditate
1168 1758 1290 1788 dictum
1315 1764 1361 1788 est
1377 1759 1403 1787 *-

458 1800 583 1830 Tamen
605 1801 684 1831 haec
709 1807 755 1831 est
778 1801 953 1832 differentia
976 1803 1059 1833 inter
1081 1802 1277 1833 maleficium
1301 1808 1332 1832 et
1351 1801 1471 1842 frigidi-

403 1850 517 1875 tatem:
541 1845 615 1885 quia
632 1846 688 1885 qui
705 1851 751 1875 est
770 1846 932 1885 impotens
955 1856 993 1877 ex
1010 1846 1188 1887 frigiditate,
1206 1847 1288 1877 sicut
1304 1852 1350 1877 est
1366 1847 1471 1886 impo-

404 1895 473 1919 tens
490 1889 529 1919 ad
545 1899 653 1925 unam,
669 1890 712 1920 ita
736 1895 783 1920 est
806 1890 845 1920 ad
868 1890 978 1927 aliam;
1004 1896 1035 1921 et
1050 1891 1134 1927 ideo,
1153 1891 1283 1931 quando
1307 1891 1468 1921 matrimo-

403 1934 495 1964 nium
519 1933 684 1970 dirimitur,
701 1944 767 1964 non
790 1934 881 1965 datur
896 1935 1022 1966 licentia
1039 1936 1068 1966 ei
1085 1941 1120 1966 ut
1136 1935 1225 1966 alteri
1248 1936 1470 1975 coniungatur.

405 1977 467 2008 Sed
491 1987 527 2007 ex
552 1978 710 2008 maleficio
735 1979 835 2009 homo
860 1984 966 2019 potest
990 1989 1058 2010 esse
1081 1980 1243 2020 impotens
1267 1979 1306 2010 ad
1325 1989 1424 2010 unam
1442 1985 1472 2010 et

1045 217 1308 264 QUAESTIO
1338 215 1465 261 LVIII,
1487 213 1779 260 ARTICULUS
1807 214 1864 258 III,
1886 213 1936 249 IV

1518 293 1677 331 hominis,
1703 301 1740 322 ex
1765 301 1829 331 qua
1860 291 1981 322 tollitur
2003 292 2072 321 viro
2106 291 2368 331 concupiscentia
2390 300 2525 322 movens
2548 291 2597 328 acl

1518 337 1615 366 talem
1638 336 1817 372 mulierem,
1835 341 1866 366 et
1888 345 1957 366 non
1981 335 2020 365 ad
2044 335 2148 366 aliam.

1640 402 1740 433 ART.
1758 402 1809 432 111.
1834 412 1939 432 urium
1962 412 2054 432 ruam
2078 411 2224 432 mmmm
2247 411 2467 433 :ammomum

1487 479 1496 499 5
1522 479 1605 541 Ab
1629 479 1763 498 martum
1784 479 1829 498 src
1850 478 2054 498 PRocemTUR.
2079 468 2214 499 Videtur
2236 468 2326 509 quod
2342 468 2423 499 furia
2445 479 2513 500 non
2528 470 2589 500 im-

1584 513 1691 553 pediat
1726 513 1977 543 matrimonium.
2013 513 2255 544 Matrimonium
2291 513 2377 543 enim
2409 514 2589 553 spirituale,

1521 557 1610 598 quod
1633 558 1667 587 in
1690 558 1849 597 baptismo
1874 557 2089 593 contrahitur,
2113 557 2239 598 dignius
2263 563 2310 588 est
2333 566 2431 597 quam
2455 558 2589 589 carnale.

1521 601 1584 633 Sed
1600 601 1712 632 furiosi
1727 607 1865 642 possunt
1879 602 2030 642 baptizari
2047 602 2074 631 *.
2098 601 2184 642 Ergo
2209 607 2240 632 et
2256 602 2499 632 matrimonium
2511 612 2590 633 con-

1521 647 1653 677 trahere.

1579 700 1608 721 2.
1632 691 1829 725 PRAETEREA,
1850 689 2003 730 frigiditas
2026 690 2160 730 impedit
2182 691 2426 721 matrimonium
2454 691 2592 731 inquan-

1522 740 1591 765 tum
1615 735 1750 775 impedit
1773 735 1931 765 carnalem
1948 735 2110 775 copulam.
2135 734 2228 773 Quae
2248 745 2317 765 non
2339 735 2513 775 impeditur
2534 745 2593 776 pet

1522 779 1648 810 furiam.
1673 780 1759 820 Ergo
1782 789 1843 810 nec
1866 780 2118 810 matrimonium.

1579 824 1608 854 3.
1632 824 1829 860 Plurimae-A,
1845 824 2088 854 matrimonium
2108 834 2176 854 non
2200 823 2358 855 dirimitur
2372 824 2435 854 nisi
2457 833 2515 864 per
2537 824 2593 854 ali-

1524 868 1613 909 quod
1636 868 1903 908 impedimentum
1920 874 2124 908 perpetuum.
2149 868 2212 899 Sed
2228 868 2267 899 de
2291 867 2372 899 furia
2397 878 2465 898 non
2488 873 2595 909 potest

1484 925 1505 944 ις
1523 914 1595 943 sciri
1619 912 1709 952 quod
1731 913 1771 943 sit
1793 913 2061 953 impedimentum
2085 918 2289 953 perpetuum.
2318 913 2405 953 Ergo
2428 922 2497 943 non
2521 912 2594 943 diri-

1523 958 1582 987 mit
1604 958 1857 988 matrimonium.

1577 1010 1609 1039 4.
1633 1002 1830 1038 PRAETEREA,
1847 1003 1880 1032 in
1896 1002 2039 1032 versibus
2055 1001 2243 1042 supradictis
2258 1003 2275 1019 ⁸*
2299 1001 2493 1032 sufficienter
2516 1011 2594 1032 con-
2620 1009 2630 1019 ·

1522 1046 1665 1075 tinentur
1694 1045 1925 1085 impedimenta
1955 1046 2135 1076 dirimentia
2167 1046 2421 1077 matrimonium.
2457 1045 2521 1077 Sed
2550 1046 2595 1076 ibi

1523 1099 1591 1119 non
1614 1089 1651 1119 fit
1673 1090 1795 1120 mentio
1821 1089 1860 1120 de
1883 1089 1974 1120 furia.
1999 1090 2096 1130 Ergo,
2114 1097 2174 1121 etc.

1579 1133 1642 1163 Ser>
1667 1143 1801 1170 comm,
1818 1134 1890 1173 plus
1905 1134 1989 1164 tollit
2004 1144 2100 1165 usum
2122 1135 2253 1166 rationis
2277 1134 2359 1165 furia
2374 1144 2474 1175 quam
2497 1144 2594 1166 error.

1524 1177 1587 1207 Sed
1611 1187 1698 1207 error
1721 1177 1855 1217 impedit
1877 1179 2121 1209 matrimonium
2136 1180 2163 1209 “.
2188 1179 2274 1219 Ergo
2299 1185 2331 1209 et
2353 1178 2444 1209 furia.

1580 1230 1609 1251 2.
1634 1222 1831 1258 PRAETEREA,
1849 1221 1959 1252 furiosi
1976 1232 2045 1253 non
2068 1228 2142 1253 sunt
2156 1223 2267 1254 idonei
2289 1222 2330 1254 ad
2352 1223 2494 1263 aliquem
2517 1232 2595 1254 con-

1523 1270 1660 1295 tractum
1683 1265 1877 1296 faciendum.
1902 1266 1965 1297 Sed
1983 1267 2226 1298 matrimonium
2249 1272 2296 1298 est
2319 1272 2500 1298 contractus
2525 1268 2596 1308 qui-

1524 1309 1608 1340 dam.
1633 1310 1730 1350 Ergo,
1748 1315 1807 1340 etc.
1843 1307 1846 1310 ”

1578 1354 1768 1384 stpmmno
1786 1364 1946 1385 mmmmm
1969 1355 2059 1396 quod
2074 1355 2156 1386 furia
2179 1361 2235 1386 aut
2249 1355 2411 1396 praecedit
2432 1356 2598 1387 matrimo-

1523 1399 1626 1435 nium,
1643 1404 1699 1429 aut
1717 1399 1871 1439 sequitur.
1896 1399 1928 1430 Si
1945 1400 2099 1440 sequitur,
2115 1400 2207 1430 nullo
2231 1400 2331 1431 modo
2348 1399 2467 1431 dirimit
2489 1401 2598 1431 matri—

1524 1444 1684 1473 monium.
1709 1443 1742 1474 Si
1765 1449 1874 1474 autem
1896 1443 2067 1484 praecedit,
2084 1450 2162 1475 tunc
2186 1450 2241 1475 aut
2263 1444 2403 1476 furiosus
2430 1445 2527 1476 habet
2547 1445 2598 1476 lu-

1525 1487 1595 1517 cida
1618 1488 1791 1524 intervalla,
1808 1493 1863 1518 aut
1885 1498 1964 1518 non.
1989 1488 2022 1519 Si
2045 1489 2150 1525 habet,
2172 1495 2260 1525 tunc,
2277 1490 2425 1530 quamvis
2448 1488 2527 1520 dum
2551 1493 2599 1521 est

1525 1532 1558 1562 in
1581 1532 1638 1562 illo
1661 1533 1828 1563 intervallo
1851 1542 1919 1563 non
1943 1533 1982 1563 sit
2005 1538 2112 1564 tutum
2136 1533 2227 1574 quod
2252 1534 2495 1564 matrimonium
2519 1543 2598 1564 con-

1486 1590 1511 1610 3⁰
1525 1577 1636 1613 trahat,
1654 1577 1728 1616 quia
1745 1578 1847 1607 nescit
1861 1577 1988 1618 prolem
2003 1577 2156 1615 educare;
2181 1584 2300 1614 tamen,
2321 1579 2348 1608 si
2364 1578 2534 1615 contrahit,
2550 1583 2598 1610 est

1525 1621 1777 1652 matrimonium.
1803 1621 1836 1652 Si
1851 1627 1960 1652 autem
1982 1631 2050 1653 non
2067 1623 2172 1659 habet,
2190 1622 2240 1657 vel
2263 1623 2290 1653 si
2305 1622 2437 1663 quando
2456 1633 2525 1654 non
2542 1623 2599 1655 ha-

1525 1666 1580 1696 bet
1603 1666 1771 1702 contrahit,
1794 1671 1882 1702 tunc,
1907 1667 1983 1706 quia
2005 1676 2074 1697 non
2103 1673 2211 1707 potest
2241 1677 2309 1698 esse
2343 1677 2520 1705 consensus
2542 1668 2600 1699 ubi

1526 1709 1614 1740 deest
1636 1711 1767 1740 rationis
1791 1720 1878 1747 usus,
1894 1720 1962 1741 non
1987 1712 2045 1741 erit
2067 1721 2180 1742 verum
2203 1712 2447 1742 matrimonium
2461 1713 2489 1742 ⁵.

1526 1844 1778 1873 matrimonium.
1803 1844 1844 1874 Et
1866 1843 1940 1874 ideo
1964 1854 2032 1874 non
2056 1850 2102 1875 est
2126 1845 2235 1876 similis
2258 1845 2350 1876 ratio.
2371 1864 2394 1868 -
2417 1845 2544 1876 Tamen
2559 1845 2600 1877 de

1526 1888 1686 1928 baptismo
1711 1887 1907 1918 furiosorum
1932 1888 2053 1919 dictum
2078 1894 2124 1919 est
2147 1899 2243 1930 supra
2258 1883 2285 1920 *ff

1582 1932 1632 1962 An
1661 1942 1824 1962 secuuntur
1854 1943 2015 1963 DICENDUM
2046 1933 2136 1973 quod
2158 1932 2240 1964 furia
2270 1933 2406 1974 impedit
2434 1935 2600 1966 matrimo-

1526 1977 1619 2006 nium
1642 1977 1765 2008 ratione
1789 1986 1864 2007 suae
1888 1987 2002 2008 causae
2015 2001 2022 2014 ‚
2048 1987 2131 2018 quae
2155 1983 2202 2008 est
2232 1987 2428 2015 consensus,
2453 1980 2599 2019 quamvis

404 2032 471 2052 non
495 2022 534 2052 ad
558 2023 668 2052 aliam:
701 2028 732 2052 et
755 2023 846 2059 ideo,
872 2023 1002 2063 quando
1033 2023 1152 2055 iudicio
1180 2024 1342 2055 Ecclesiae
1365 2025 1472 2054 matri-
1486 2032 1513 2052 4⁰
1527 2030 1595 2051 non
1619 2021 1741 2051 ratione
1765 2026 1864 2057 actus,
1881 2027 1917 2052 ut
1935 2020 2098 2062 frigiditas.
2124 2022 2187 2053 Sed
2202 2028 2310 2053 tamen
2333 2023 2429 2054 simul
2453 2033 2529 2054 cum
2545 2023 2600 2054 fri-

404 2067 552 2096 monium
583 2067 756 2102 dirimitur,
783 2068 909 2107 utrique
939 2067 1030 2098 datur
1052 2068 1180 2099 licentia
1203 2074 1239 2099 ut
1262 2069 1393 2099 alteram
1417 2078 1471 2098 co—

405 2111 514 2151 pulam
539 2117 678 2151 quaerat.

448 2155 498 2185 An
522 2165 639 2185 PR1MUM
662 2165 744 2186 ERGO
769 2166 929 2186 meramnum
945 2156 1044 2198 quod,
1063 2157 1138 2198 quia
1160 2157 1324 2197 corruptio
1349 2157 1470 2197 peccati

404 2200 515 2240 prima,
539 2209 596 2239 per
620 2209 716 2239 quam
740 2200 841 2230 homo
866 2200 967 2232 factus
992 2206 1039 2231 est
1061 2211 1170 2231 servus
1194 2201 1330 2237 diaboli,
1354 2202 1388 2231 in
1412 2211 1472 2231 nos

1526 2065 1657 2105 gidjtate
1680 2065 1831 2105 Magister
1849 2065 2038 2096 determinat
2054 2067 2081 2103 *‚
2099 2067 2175 2107 quia
2197 2073 2373 2108 utrumque
2397 2073 2444 2098 est
2467 2067 2600 2108 quidam

1526 2115 1659 2139 naturae
1682 2108 1836 2140 defectus.

1582 2153 1633 2183 An
1658 2163 1792 2183 ren-rrum
1815 2164 1976 2184 menumm
1991 2154 2082 2195 quod
2105 2161 2372 2189 momentaneum
2387 2156 2600 2197 impedimen-

1526 2202 1597 2228 tum
1622 2197 1711 2238 quod
1727 2208 1856 2228 causam
1871 2199 2078 2236 matrimonii,
2096 2199 2216 2230 scilicet
2232 2209 2437 2237 consensum,
2454 2201 2599 2242 impedit,

403 2253 460 2284 per
475 2249 583 2274 actum
606 2245 805 2284 generativae
827 2244 964 2282 devenit,
981 2245 1054 2276 ideo
1071 2245 1220 2276 maleficii
1244 2251 1385 2286 potestas
1400 2255 1472 2286 per·
1486 2257 1510 2278 45
1527 2242 1770 2272 matrimonium
1792 2243 1931 2273 totaliter
1946 2243 2039 2274 tollit.
2064 2243 2128 2274 Sed
2142 2243 2412 2284 impedimentum
2435 2245 2526 2286 quod
2539 2247 2600 2279 im-

404 2289 538 2318 mittitur
562 2288 690 2318 diabolo
715 2299 732 2318 a
756 2289 826 2320 Deo
850 2290 883 2320 in
908 2291 971 2321 hoc
995 2296 1068 2321 actu
1091 2291 1192 2330 magis
1216 2300 1313 2330 quam
1337 2291 1369 2320 in
1387 2291 1470 2321 aliis:

404 2333 486 2363 sicut
509 2334 542 2362 in
565 2334 764 2373 serpentibus
788 2335 888 2374 magis
913 2334 1091 2365 ostenditur
1107 2336 1205 2365 virtus
1228 2334 1471 2371 maleficiorum,

405 2383 440 2407 ut
459 2376 574 2407 dicitur.
589 2378 615 2414 ἕ,
633 2387 729 2417 quarn
746 2378 780 2408 in
796 2378 863 2408 aliis
887 2379 1086 2415 animalibus,
1112 2380 1187 2420 quia
1210 2389 1268 2420 per
1291 2386 1471 2420 serpentem

405 2421 550 2451 diabolus
574 2422 742 2452 mulierem
766 2423 898 2453 tentavit
913 2425 939 2453 ’ἦ

1526 2286 1615 2327 pedit
1638 2292 1756 2323 actum,
1773 2293 1902 2327 oportet
1926 2297 1994 2318 esse
2017 2294 2212 2329 perpetuum
2235 2288 2275 2319 ad
2297 2289 2361 2320 hoc
2381 2290 2472 2330 quod
2493 2291 2601 2322 matri-

1526 2331 1675 2362 monium
1699 2331 1800 2362 tollat.

1582 2376 1633 2406 An
1658 2386 1806 2406 anan-run
1829 2386 1990 2407 nrcexnim
2013 2376 2103 2417 quod
2125 2377 2189 2408 hoc
2213 2377 2483 2418 impedimentum
2505 2379 2600 2411 redu-

1528 2420 1609 2450 citur
1632 2419 1671 2450 ad
1695 2429 1851 2451 errorem:
1877 2421 1953 2462 quia
1976 2422 2149 2462 utrobique
2178 2427 2224 2453 est
2249 2421 2393 2454 defectus
2423 2433 2600 2456 consensus

459 2466 510 2495 An
535 2476 696 2496 sncmmrm
729 2477 886 2497 mmmmm
910 2467 1000 2508 quod
1031 2477 1114 2508 opus
1145 2468 1205 2499 Dei
1235 2474 1342 2509 potest
1374 2478 1472 2509 opere
1488 2479 1513 2499 50
1528 2473 1566 2494 ex
1589 2470 1678 2505 parte
1702 2465 1842 2495 rationis-

405 2509 524 2540 diaboli
546 2510 694 2550 impediri
722 2510 828 2541 divina
858 2513 1083 2551 permissione:
1115 2522 1182 2543 non
1206 2513 1296 2553 quod
1327 2513 1473 2544 diabolus

405 2555 444 2584 sit
467 2554 538 2584 Deo
562 2554 684 2591 fortior,
701 2560 737 2585 ut
759 2565 817 2595 per
839 2556 1025 2586 violentiam
1049 2566 1147 2597 opera
1171 2557 1239 2587 eius
1263 2557 1412 2588 destruat.

460 2598 511 2628 An
535 2608 670 2628 ‘reni-rim
693 2609 852 2630 mmmmm
875 2600 965 2640 quod
997 2600 1193 2631 maleficium
1224 2607 1270 2632 est
1293 2603 1335 2632 ita
1358 2612 1473 2643 perpe-

405 2648 498 2672 tuum
523 2642 612 2682 quod
635 2653 702 2673 non
726 2649 832 2683 potest
853 2645 969 2675 habere
993 2645 1171 2676 remedium
1186 2646 1331 2676 humano
1356 2656 1471 2687 opere:

406 2687 551 2727 quamvis
574 2687 662 2717 Deus
685 2688 786 2727 possit
808 2688 987 2720 remedium
1010 2695 1178 2730 praestare,
1201 2690 1394 2722 daemonem
1418 2701 1473 2722 co·
1489 2700 1511 2721 55

405 2730 528 2772 gend03
552 2731 603 2761 vel
627 2732 722 2762 etiarn
747 2732 884 2763 daemon
909 2733 1100 2765 desistendo.
1135 2735 1211 2765 Non
1238 2736 1324 2766 enim
1348 2745 1474 2776 semper

406 2781 534 2815 oportet
556 2781 592 2806 ut
615 2776 647 2806 id
663 2776 752 2816 quod
775 2787 833 2817 per
857 2777 1051 2808 maleficium
1075 2778 1195 2810 factum
1219 2785 1275 2815 est,
1293 2781 1394 2820 possit
1416 2790 1474 2821 per

406 2819 491 2850 aliud
515 2819 709 2850 maleficium
733 2820 868 2852 destrui:
899 2827 935 2852 ut
957 2823 1016 2863 ipsi
1041 2822 1178 2854 malefici
1202 2823 1407 2855 confitentur.
1432 2824 1473 2855 Et

405 2870 523 2900 tamen,
540 2865 565 2894 si
588 2870 697 2904 posset
719 2875 776 2905 per
799 2865 994 2897 maleficium
1018 2867 1196 2898 remedium
1220 2868 1371 2905 adhiberi,
1390 2870 1471 2900 nihi-

1555 2560 1655 2590 ART.
1674 2560 1726 2591 IV.
1750 2570 1855 2591 UTRUM
1878 2571 2022 2592 mens-rus
2046 2571 2111 2592 auo
2137 2571 2207 2593 aurs
2231 2570 2406 2593 coenoscrr
2431 2572 2578 2594 soaom

1751 2614 1863 2636 uxoms
1887 2615 1980 2641 sun,
2005 2615 2224 2636 mramozmm
2247 2616 2377 2644 manm-

1593 2703 1614 2723 ι)
1639 2703 1788 2724 oum-rim
1803 2703 1849 2724 sic
1871 2703 2077 2726 PROCEDITUR.
2101 2694 2237 2726 Videtur
2252 2695 2343 2736 quod
2365 2696 2506 2728 incestus
2529 2705 2598 2737 quo

1529 2706 1665 2778 Aquis
1685 2738 1851 2778 cognoscit
1869 2748 2014 2769 sororem
2035 2740 2143 2770 uxoris
2163 2749 2250 2777 suae,
2266 2740 2511 2772 matrimonium
2530 2751 2599 2772 non

1528 2781 1663 2812 dirimat.
1689 2782 1775 2820 Quia
1796 2783 1913 2814 mulier
1943 2793 2011 2814 non
2035 2783 2130 2815 debet
2158 2785 2266 2824 puniri
2288 2794 2348 2826 pro
2371 2791 2506 2825 peccato
2529 2786 2598 2817 viri.

1528 2826 1591 2857 Sed
1613 2827 1781 2867 puniretur
1803 2828 1830 2857 si
1852 2828 2094 2859 matrimonium
2118 2828 2304 2860 solveretur.
2328 2829 2425 2869 Ergo,
2443 2835 2502 2860 etc.

1585 2881 1614 2901 2.
1639 2871 1835 2908 Palmum,
1852 2871 1924 2912 plus
1939 2878 2052 2912 peccat
2075 2873 2131 2913 qui
2146 2874 2310 2914 propriam
2326 2874 2599 2914 consanguineam

405 2909 545 2939 lominus
575 2914 767 2949 perpetuum
799 2916 1015 2951 reputaretur:
1041 2913 1116 2952 quia
1139 2913 1230 2943 nullo
1254 2913 1354 2944 modo
1379 2913 1473 2945 debet
1486 2918 1513 2938 ⁶⁰
1528 2917 1695 2956 cognoscit
1719 2925 1816 2956 quam
1833 2917 1888 2957 qui
1913 2918 2081 2957 cognoscit
2096 2918 2370 2958 consanguineam
2393 2918 2510 2949 uxoris.
2535 2917 2598 2949 Sed

406 2953 518 2993 aliquis
542 2952 707 2983 daemonis
731 2955 885 2985 auxilium
908 2965 965 2996 per
987 2955 1182 2987 maleficium
1206 2958 1366 2988 invocare.

461 2996 611 3027 Similiter
625 3007 692 3028 non
709 3004 837 3038 oportet
853 3000 952 3040 quod,
968 3001 993 3030 si
1009 3006 1141 3041 propter
1155 3007 1325 3042 peccatum
1342 3002 1474 3043 aliquod

406 3040 534 3071 diabolo
559 3041 629 3071 data
653 3047 699 3072 est
721 3048 860 3083 potestas
883 3045 917 3075 in
941 3045 1091 3085 aliquem,
1109 3045 1208 3086 quod,
1233 3052 1374 3078 cessante
1398 3057 1473 3088 pec-

407 3091 488 3121 cato,
505 3091 605 3116 cesset
620 3092 770 3126 potestas.
795 3087 880 3126 Quia
904 3098 1009 3128 poena
1029 3089 1190 3120 interdum
1212 3097 1356 3122 remanet
1379 3091 1474 3132 culpa

406 3135 597 3160 transeunte.

462 3173 612 3204 Similiter
634 3175 729 3205 etiam
753 3177 921 3207 exorcismi
949 3177 1111 3209 Ecclesiae
1141 3188 1209 3208 non
1232 3179 1339 3210 valent
1362 3179 1402 3210 ad
1424 3190 1473 3211 re·-

407 3217 611 3257 primendum
634 3218 806 3250 daemones
831 3230 965 3261 semper,
992 3228 1148 3262 quantum
1173 3222 1212 3253 ad
1236 3233 1349 3255 omnes
1371 3225 1473 3255 mole-

407 3261 479 3291 stias
504 3263 694 3302 corporales,
720 3264 840 3294 iudicio
865 3265 972 3296 divino
996 3266 1060 3297 hoc
1084 3267 1239 3306 exigente.
1271 3267 1404 3308 Semper
1426 3274 1473 3299 ta-

407 3315 482 3349 men
514 3306 619 3336 valent
652 3313 762 3338 contra
784 3308 852 3339 illas
883 3309 1101 3341 infestationes
1133 3310 1330 3343 daemonum
1363 3318 1474 3344 contra

409 3358 487 3389 quas
510 3351 724 3390 principaliter
746 3353 889 3383 instituta
912 3359 995 3384 sunt.

464 3393 514 3423 An
532 3404 679 3425 QUARTUM
701 3405 860 3426 nrcannrm
876 3397 965 3437 quod
981 3398 1175 3430 maleficium
1188 3399 1385 3440 quandoque
1400 3406 1473 3441 pot-

410 3442 456 3467 est
487 3443 643 3476 praestare
673 3438 712 3469 ad
741 3449 853 3470 omnes
885 3441 1171 3481 impedimentum,
1205 3444 1401 3484 quandoque
1434 3444 1473 3476 ad

410 3490 507 3510 unam
530 3486 670 3512 tantum:
696 3484 771 3522 quia
792 3483 937 3515 diabolus
960 3485 1137 3517 voluntaria
1153 3497 1247 3518 causa
1271 3494 1327 3524 est,
1344 3498 1412 3519 non
1435 3498 1473 3519 ex

410 3525 595 3555 necessitate
615 3531 744 3556 naturae
761 3537 866 3567 agens.
890 3529 931 3558 Et
946 3535 1107 3568 praeterea
1122 3531 1390 3571 impedimentum
1405 3542 1472 3563 ma-

1527 2961 1668 3034 primugn
1692 2966 1861 3000 peccatum
1884 2970 1953 2991 non
1975 2961 2111 3002 impedit
2139 2962 2392 2993 matrimonium.
2427 2962 2514 3003 Ergo
2537 2971 2598 2994 nec

1527 3014 1627 3035 secun
1651 3014 1716 3035 um.

1584 3049 1614 3079 3.
1638 3049 1835 3086 Puerum,
1852 3049 1878 3080 si
1900 3049 1934 3080 in
1949 3059 2091 3090 poenam
2110 3051 2234 3090 peccati
2249 3050 2313 3081 hoc
2331 3049 2494 3090 infligitur,
2510 3049 2598 3082 vide-

1527 3098 1579 3124 tur
1602 3093 1697 3124 etiarn
1719 3094 1755 3130 si,
1777 3099 1905 3124 mortua
1927 3103 2042 3130 uxore,
2067 3103 2142 3124 cum
2166 3094 2226 3124 alia
2249 3094 2414 3125 contrahat
2435 3095 2598 3126 incestuo-

1486 3143 1511 3169 ὅς
1528 3147 1591 3173 suS,
1609 3137 1698 3178 quod
1721 3138 1858 3178 separari
1882 3137 2027 3168 debeant.
2052 3137 2152 3176 Quod
2174 3147 2243 3169 non
2265 3143 2313 3169 est
2334 3147 2447 3169 verum
2462 3139 2489 3169 '‘.

1583 3191 1614 3221 4.
1639 3182 1836 3218 Puerum,
1852 3182 1916 3212 hoc
1932 3183 2028 3213 etiam
2042 3181 2312 3222 impedimentum
2335 3192 2403 3213 non
2419 3192 2599 3215 connume-

1528 3231 1613 3256 ratur
1627 3226 1710 3256 inter
1725 3226 1786 3256 alia
1807 3235 1903 3266 supra
1918 3227 1935 3243 ⁸⁸
1958 3231 2152 3257 enumerata.
2177 3226 2263 3266 Ergo
2288 3236 2357 3257 non
2380 3226 2499 3258 dirimit
2519 3237 2598 3259 con·
2625 3229 2636 3239 “

1527 3275 1664 3300 tractum
1687 3270 1940 3300 matrimonium.

1584 3313 1646 3345 Ser>
1671 3323 1795 3344 con-riu
1817 3323 1882 3351 nsr,
1899 3314 1975 3354 quia
1989 3323 2048 3354 per
2069 3314 2134 3344 hoc
2157 3313 2247 3354 quod
2263 3316 2431 3355 cognoscit
2452 3325 2598 3348 sororem

1487 3368 1515 3390 70
1527 3358 1647 3394 uxoris,
1664 3358 1861 3388 contrahitur
1882 3357 2017 3388 affinitas
2040 3357 2080 3388 ad
2102 3367 2246 3389 uxorem.
2279 3359 2342 3390 Sed
2364 3359 2499 3391 affinitas
2523 3360 2597 3392 diri-

1527 3402 1587 3476 rdqit
1616 3402 1858 3433 matrimonium
1888 3407 2089 3432 contractum
2110 3403 2137 3433 ⁹.
2173 3402 2258 3443 Ergo
2283 3409 2314 3434 et
2337 3404 2478 3435 incestus
2506 3414 2598 3446 prae—

1552 3446 1643 3476 'ctus.

1585 3499 1614 3520 2.
1638 3489 1834 3525 Praemium,
1851 3489 1884 3519 in
1900 3499 1963 3530 quo
1987 3490 2058 3531 quis
2068 3495 2191 3531 peccat,
2209 3491 2242 3522 in
2258 3492 2319 3522 hoc
2327 3493 2469 3533 punitur
2483 3494 2510 3524 ⁹.
2534 3492 2598 3524 Sed

1527 3533 1597 3563 talis
1612 3534 1756 3573 peccavit
1772 3539 1882 3564 contra
1897 3534 2148 3566 matrimonium.
2173 3535 2258 3576 Ergo
2275 3536 2370 3567 debet
2384 3537 2492 3577 puniri
2507 3537 2597 3578 quod

410 3566 505 3598 leficii
521 3574 627 3608 potest
643 3579 710 3600 esse
733 3580 771 3600 ex
786 3571 996 3612 impressione
1012 3573 1177 3605 daemonis
1192 3575 1226 3606 in
1246 3575 1474 3616 imaginatione
1487 3587 1512 3607 π
1527 3577 1733 3607 matrimonio
1757 3577 1907 3617 privetur.

2618 608 2629 618 ·
2643 606 2680 628 ef.
2701 606 2761 628 pm.
2782 606 2830 633 111,

2619 638 2741 661 qua-xviii,
2747 636 2789 654 art.
2798 638 2831 655 ιη.

2626 1718 2637 1728 “
2661 1717 2721 1740 Cn.

1581 1755 1632 1784 An
1656 1764 1774 1785 Paruum
1795 1764 1879 1785 eaeo
1896 1765 2056 1786 nrcrmnuu
2081 1756 2171 1796 quod
2187 1766 2264 1787 usus
2286 1757 2418 1787 rationis
2441 1766 2511 1787 non
2534 1757 2599 1788 en‘-
2618 1743 2735 1798 Μ’

1487 1811 1509 1832 35
1526 1799 1610 1839 gitur
1633 1798 1673 1829 ad
1696 1799 1891 1839 baptismum
1915 1801 2005 1840 quasi
2036 1809 2131 1830 causa
2153 1801 2272 1841 ipsius,
2297 1801 2380 1831 sicut
2402 1801 2538 1841 exigitur
2559 1801 2600 1832 ad
2625 1797 2825 1820 ‘Cf-⁰¹⁰⁸·-⁵¹’³‘¹·

2745 1716 2828 1745 Neque

2738 1761 2746 1771 ,
2761 1749 2824 1766 enus.

2737 1777 2777 1799 qu.
2788 1777 2825 1792 vn.

2627 1897 2638 1907 ‘
2652 1894 2685 1917 lv
2693 1895 2769 1922 Sext„
2785 1895 2839 1917 dist.

2627 1928 2658 1950 η’
2668 1927 2711 1961 φ’·
2719 1925 2841 1971 ΠιΙΙοῗτ’ν.ι’

2625 1954 2699 2032 {flu-¹2³,
2705 1965 2752 2024 ’,ιι-1,
2761 1981 2784 2002 2,
2794 1965 2842 2004 qu‘

2641 2018 2648 2030 ,
2720 2017 2727 2024 .

2627 2065 2638 2076 ·
2651 2063 2713 2086 Dm.
2726 2069 2808 2085 xxxiv.
