2878 4088
158 284 168 293 ·
188 282 254 303 Vers.
270 288 305 310 39,
321 288 360 307 40-

162 370 171 380 ·
181 368 262 390 Gloss.
273 368 375 390 interlin.

159 399 188 417 et
203 395 285 416 Lomb.

162 458 170 467 ·
196 456 298 478 Interlin.
326 460 347 476 et

163 483 246 504 Lomb,

163 630 171 639 ·
189 628 254 650 νει-ε.
272 634 306 650 2·-

162 678 171 687 ·
183 676 250 698 Vers.
261 683 301 705 30:
317 676 371 698 Luc.

163 709 212 731 cap.
221 710 258 730 xx,
267 709 325 725 vers.
336 704 371 732 36.

160 855 170 864 '
185 854 240 879 Cap.
258 859 290 875 rv.

160 1252 169 1261 ·
185 1250 250 1272 Vers.
266 1256 288 1277 9.

162 1340 170 1349 ”
178 1338 235 1360 Dist.
244 1344 324 1365 χινιιι,
333 1345 370 1387 Ἑλ.

160 1371 185 1389 ιι,
205 1369 247 1387 art.
268 1370 288 1386 ι.
305 1376 315 1380 -
355 1365 370 1386 f.

160 1397 229 1419 supra
240 1398 278 1419 qu.
290 1398 357 1413 Lxxiv
365 1409 370 1419 ,

159 1422 201 1440 art.
216 1426 238 1444 4.

159 1565 169 1573 ·
185 1562 220 1584 cf.
237 1563 259 1583 b.
281 1562 369 1584 Albert.

161 1589 192 1610 [v
215 1589 294 1615 Sena,
316 1589 370 1610 dist.

159 1619 369 1673 eae-gat...

159 1668 370 1697 Phystc.,11b.vm‚

159 1701 239 1744 ἓῗὲᾑίῐ
253 1701 350 1744 1¹2·01¹.’..²·
361 1706 371 1710 ”

160 1749 210 1770 “Ca
230 1754 371 1777 .111‚n.23.—

159 1775 214 1797 S.'1·
232 1791 237 1797 .
257 1775 308 1797 lect.
322 1781 369 1797 vni.

158 2229 167 2238 ·
184 2227 222 2248 Aa
237 2227 304 2254 Heb.,
320 2233 370 2255 cap.

160 2260 192 2281 ix,
207 2260 266 2276 vers.
281 2254 317 2275 26.

158 2539 169 2549 '
183 2537 251 2565 Resp.
267 2537 296 2559 ad
312 2544 329 2560 ι.

159 2803 168 2812 ·
185 2801 297 2824 Cit.innr
314 2808 347 2824 .2.
361 2814 370 2818 -

159 2828 196 2850 Cf.
207 2828 267 2850 Part.
277 2829 298 2850 11
312 2845 318 2856 ,
331 2835 370 2857 qu.

158 2861 208 2880 uu,
223 2858 265 2877 art.
281 2861 301 2884 3.

159 2894 168 2903 ·
184 2892 248 2914 loen.
265 2899 316 2921 cap.
331 2900 353 2915 ιι
363 2910 368 2920 ,

161 2925 222 2941 vern.
237 2926 274 2949 43,
287 2927 327 2947 ⁴4·

159 3024 167 3032 ·
184 3021 241 3043 Ord.
257 3022 342 3045 Sti-nbi.

159 3067 168 3076 ·
185 3065 250 3089 Vers.
264 3072 297 3094 52,
312 3071 344 3092 53.

159 3203 168 3211 ·
185 3200 243 3222 Vide
267 3201 370 3224 Pseudo-

157 3227 263 3255 Hieron.‚
274 3229 319 3250 loe.
330 3229 368 3251 cit.

409 205 480 241 174
1069 197 1332 243 QUAESTIO
1362 196 1552 242 LXXVII,
1573 197 1867 235 ARTICULUS
1895 199 1926 235 11

461 282 490 303 2.
515 273 711 311 PRAETBREA,
727 274 810 305 Heb.
827 285 858 304 xl
874 276 890 291 ἦ*
915 274 1044 306 dicitur:
1061 276 1221 307 Homines
1236 276 1308 311 Dei,
1327 275 1465 306 testimo-

405 317 459 346 nio
472 317 557 358 fidei
571 319 712 358 probati,
731 328 794 349 non
820 324 1012 359 acceperunt
1035 321 1326 360 repromissionem,
1354 333 1367 346 α
1387 319 1467 349 idest

399 361 530 401 plenam
554 363 683 393 animae
707 368 737 394 et
760 364 907 404 corporis
930 364 1155 395 beatitudinem
1172 366 1188 395 ἦ
1208 379 1235 400 »,
1251 365 1322 395 Deo
1344 363 1467 404 aliquid

404 405 495 436 aliud
504 416 569 446 pro
587 407 678 438 nobis
687 408 888 448 providente,
908 418 947 439 ne
961 409 1031 439 sine
1047 409 1137 440 nobis
1153 413 1465 443 consummarentur,

407 462 420 475 0¹
441 450 521 481 idest
529 452 767 492 perficerentur
785 460 822 482 »:
843 452 958 483 Glossa
973 454 1005 482 *z
1031 466 1044 480 «
1065 459 1100 483 ut
1116 454 1147 484 in
1165 453 1327 484 communi
1342 452 1465 494 gaudio
1487 462 1495 481 ς

404 495 547 525 omnium
563 496 669 527 maius
672 497 775 537 fieret
788 497 946 538 gaudium
962 498 1169 539 singulorum
1188 511 1215 527 ».
1241 497 1303 528 Sed
1319 506 1386 527 non
1410 497 1467 526 erit

403 544 476 569 ante
499 542 689 571 resurrectio
714 551 811 581 quam
836 551 1010 582 corporum
1033 542 1242 582 glorificatio:
1268 542 1343 581 quia
1359 541 1466 582 resor-

403 583 501 613 mabit
532 594 650 625 corpus
681 586 871 617 humilitatis
904 591 1035 616 nostrae
1065 587 1305 628 configuratum
1336 585 1467 625 corpori

402 628 561 659 claritatis
583 639 672 665 suae,
696 630 831 671 Philipp.
849 641 882 660 111
898 631 932 666 *;
958 637 989 660 et
1013 631 1260 661 resurrectionis
1272 630 1343 671 filii
1373 634 1468 660 erunt

400 672 484 702 sicut
506 674 618 715 angeli
642 674 674 704 in
699 675 800 710 caelo,
825 681 860 705 ut
884 680 970 715 patet
994 675 1105 705 Matth.
1123 686 1186 705 xxn
1202 676 1228 705 ἢ
1254 675 1339 714 Ergo
1363 683 1465 704 resur-
1483 687 1507 701 ιο

401 717 501 747 rectio
527 717 688 749 differetur
711 729 814 759 usque
847 719 886 749 ad
917 718 1015 749 finem
1046 719 1175 755 mundi,
1200 720 1233 749 in
1258 728 1324 759 quo
1353 728 1467 749 omnes

401 761 497 792 simul
520 768 694 803 resurgent.

456 805 645 837 Rasronmzo
671 817 830 838 DICENDUM
854 807 962 848 quod,
987 808 1068 838 sicut
1091 809 1290 848 Augustinus
1314 807 1409 843 dicit,
1433 807 1466 837 in

401 849 442 880 111
466 850 505 880 de
532 851 621 881 Trin.
639 852 665 887 ἦ,
691 851 797 882 divina
819 851 1020 892 providentia
1043 853 1151 882 statuit
1172 858 1206 882 ut
1221 861 1362 892 corpora
1378 861 1465 882 cras-

399 894 490 925 siora
520 900 551 925 et
581 895 741 936 inferiora
767 905 831 936 per
860 896 1030 927 subtiliora
1061 901 1091 926 et
1114 896 1302 936 potentiora
1326 896 1466 936 quodam
1482 908 1503 929 ις

401 938 516 969 ordine
539 944 707 980 regantur.
733 940 773 970 Et
796 939 869 970 ideo
894 945 960 970 tota
983 941 1115 970 materia
1139 950 1313 980 corporum
1336 940 1466 970 inferio-

399 992 472 1013 rum
495 983 637 1013 subiacet
660 984 826 1013 variationi
850 983 1029 1014 secundum
1045 989 1173 1014 motum
1190 985 1374 1015 caelestium
1395 994 1465 1015 cor-

399 1036 527 1067 porum.
553 1026 646 1057 Unde
671 1033 752 1057 esset
777 1034 888 1058 contra
911 1027 1057 1058 ordinem
1091 1037 1189 1068 quem
1221 1028 1327 1059 divina
1358 1029 1465 1068 provi-

400 1070 506 1100 dentia
525 1071 557 1100 in
581 1072 675 1101 rebus
699 1073 816 1107 statuit,
837 1073 862 1101 si
885 1073 1015 1102 materia
1031 1071 1219 1102 inferiorum
1235 1081 1410 1112 corporum
1426 1072 1465 1102 ad

399 1120 516 1145 statum
543 1116 793 1156 incorruptionis
814 1116 1054 1156 produceretur,
1076 1122 1226 1147 manente
1250 1122 1343 1146 motu
1370 1126 1465 1156 supe-

399 1159 521 1190 riorum
541 1169 724 1199 corporum.
749 1160 790 1190 Et
813 1161 888 1200 quia
911 1160 1090 1191 secundum
1105 1161 1302 1200 positionem
1318 1159 1393 1191 fidei
1416 1170 1464 1190 re-

399 1204 552 1234 surrectio
571 1204 628 1234 erit
642 1205 677 1234 in
693 1205 791 1235 vitam
807 1205 1022 1235 immortalem
1035 1204 1243 1235 conformiter
1256 1204 1394 1241 Christo,
1409 1205 1465 1245 qui

400 1257 574 1289 resurgens
589 1257 608 1278 a
625 1249 762 1279 mortuis
777 1249 842 1279 iam
859 1259 924 1280 non
941 1249 1091 1285 moritur,
1102 1255 1138 1279 ut
1154 1249 1268 1279 dicitur
1283 1249 1375 1279 Rom.
1389 1259 1420 1279 vr
1432 1250 1462 1285 ἢ

399 1291 472 1322 ideo
496 1293 714 1323 humanorum
738 1303 911 1333 corporum
943 1294 1131 1324 resurrectio
1162 1303 1266 1334 usque
1296 1293 1336 1324 ad
1366 1293 1464 1324 finem

399 1336 512 1367 mundi
536 1336 687 1373 differtur,
705 1338 738 1367 in
755 1347 820 1378 quo
841 1344 949 1369 motus
965 1338 1044 1368 caeli
1068 1339 1211 1378 quiescet
1226 1339 1252 1368 Ψ.
1277 1338 1318 1368 Et
1333 1343 1465 1378 propter

399 1381 462 1412 hoc
486 1381 581 1411 etiam
605 1381 737 1421 quidam
761 1382 956 1423 philosophi,
974 1384 1030 1423 qui
1046 1388 1226 1422 posuerunt
1240 1388 1368 1413 motum
1385 1383 1464 1413 caeli

399 1435 567 1466 nunquam
591 1435 722 1462 cessare,
748 1433 926 1466 posuerunt
948 1427 1087 1458 reditum
1110 1428 1324 1458 humanarum
1343 1428 1463 1458 anima-

398 1480 469 1500 rum
503 1469 542 1500 ad
575 1479 711 1510 corpora
742 1472 906 1508 mortalia,
932 1472 1038 1512 qualia
1070 1481 1159 1502 nunc
1191 1472 1364 1502 habemus:
1397 1473 1463 1503 sive

398 1520 557 1555 ponerent
579 1514 717 1546 reditum
741 1516 866 1547 animae
890 1516 930 1547 ad
952 1516 1039 1547 idem
1062 1526 1180 1556 corpus
1202 1517 1236 1546 in
1259 1516 1324 1547 fine
1350 1517 1464 1558 magni

398 1559 478 1589 anni
494 1560 527 1595 ’ἣ
552 1565 588 1589 ut
611 1559 825 1600 Empedocles
848 1562 899 1597 ’ἢ
931 1561 996 1591 sive
1020 1560 1060 1591 ad
1083 1560 1185 1597 aliud,
1210 1566 1246 1591 ut
1269 1561 1463 1602 Pythagoras

397 1604 506 1644 posuit
529 1604 702 1644 quamlibet
723 1604 865 1636 animam
884 1605 1047 1646 quodlibet
1069 1615 1187 1646 corpus
1203 1605 1342 1647 ingredi,
1359 1611 1394 1636 ut
1417 1606 1463 1637 di-

398 1648 479 1678 citur
501 1648 534 1678 in
558 1648 571 1678 Ι
595 1647 634 1678 de
656 1649 775 1679 Anima
790 1650 816 1680 ’ἃ

453 1693 504 1722 An
528 1703 645 1723 panum
661 1703 743 1724 aneo
768 1703 928 1724 mmmmm
949 1693 1048 1734 quod,
1073 1695 1218 1734 quamvis
1244 1700 1340 1734 caput
1363 1696 1463 1735 magis

399 1738 570 1767 conveniat
593 1747 668 1768 cum
691 1738 843 1768 membris
867 1739 1092 1769 convenientia
1120 1739 1356 1779 proportionis,
1381 1749 1464 1779 quae

400 1781 535 1821 exigitur
558 1781 598 1811 ad
620 1782 683 1812 hoc
708 1782 798 1822 quod
820 1783 853 1812 in
876 1783 1020 1813 membra
1043 1782 1174 1819 influat,
1199 1792 1297 1823 quarn
1320 1784 1462 1814 membra

400 1825 439 1855 ad
462 1826 620 1862 invicem;
653 1831 761 1857 tamen
794 1832 891 1867 caput
923 1827 1018 1857 habet
1050 1827 1267 1858 causalitatem
1302 1828 1464 1868 quandam

399 1879 496 1910 super
517 1871 662 1901 membra
685 1880 750 1911 qua
778 1872 922 1901 membra
952 1877 1076 1907 carent,
1102 1877 1134 1902 et
1162 1872 1196 1902 in
1227 1872 1290 1902 hoc
1320 1873 1464 1903 membra

400 1913 550 1945 differunt
573 1925 591 1944 a
614 1915 717 1955 capite
742 1921 772 1945 et
796 1916 994 1946 conveniunt
1016 1915 1056 1946 ad
1078 1916 1227 1946 invicem.
1252 1916 1345 1947 Unde
1361 1927 1464 1948 resur-

399 1959 498 1989 rectio
517 1958 634 1989 Christi
651 1964 698 1989 est
713 1960 874 2000 exemplar
890 1959 1054 2000 quoddam
1069 1965 1196 1991 nostrae
1212 1962 1462 1998 resurrectionis,

401 2012 438 2033 ex
455 2003 546 2033 cuius
562 2002 626 2034 fide
642 2013 714 2044 spes
729 2005 824 2034 nobis
840 2004 880 2035 de
903 2010 1012 2035 nostra
1034 2005 1267 2035 resurrectione
1283 2006 1462 2046 consurgit:

399 2057 467 2077 non
491 2052 598 2078 autem
621 2049 810 2079 resurrectio
834 2048 967 2079 alicuius
990 2049 1125 2079 membri
1151 2048 1268 2079 Christi
1293 2054 1340 2080 est
1369 2059 1464 2080 causa

399 2092 638 2122 resurrectionis
663 2097 844 2123 ceterorum
867 2093 1099 2124 membrorum.
1124 2092 1166 2123 Et
1187 2092 1261 2124 ideo
1282 2093 1399 2124 Christi
1415 2104 1463 2125 re-

399 2137 553 2166 surrectio
584 2135 695 2167 debuit
725 2136 916 2177 praecedere
939 2138 1205 2168 resurrectionem
1229 2138 1382 2174 aliorum,
1407 2139 1464 2179 qui

400 2189 513 2211 omnes
536 2181 632 2211 simul
655 2190 818 2221 resurgere
842 2181 1022 2212 debuerunt
1046 2182 1077 2212 in
1102 2183 1380 2214 consummatione
1393 2192 1463 2214 sae-

399 2225 548 2255 culorum
564 2225 591 2255 *.

454 2270 505 2299 An
529 2279 691 2299 snctmnun
715 2279 874 2300 mmmmm
905 2269 1009 2310 quod,
1034 2270 1180 2310 quamvis
1210 2271 1292 2301 inter
1321 2272 1465 2302 membra

399 2312 518 2344 Christi
541 2314 603 2344 sint
626 2313 784 2354 quaedam
807 2314 874 2344 aliis
899 2313 1043 2354 digniora
1076 2320 1108 2344 et
1136 2315 1238 2355 magis
1267 2316 1363 2356 capiti
1387 2326 1464 2347 con-

399 2357 523 2394 formia,
548 2367 616 2388 non
639 2363 747 2389 tamen
770 2359 956 2399 pertingunt
978 2358 1018 2389 ad
1040 2359 1198 2390 rationem
1214 2360 1335 2400 capitis,
1352 2366 1388 2391 ut
1403 2361 1465 2391 sint

399 2412 494 2433 causa
517 2402 664 2432 aliorum.
689 2403 730 2433 Et
753 2403 827 2433 ideo
852 2413 890 2434 ex
914 2402 1140 2434 conformitate
1160 2403 1199 2434 ad
1216 2403 1379 2435 Christum
1395 2415 1463 2436 non

399 2446 532 2477 debetur
555 2447 600 2477 eis
623 2446 713 2487 quod
737 2457 849 2478 eorum
869 2447 1057 2478 resurrectio
1078 2447 1247 2488 praecedat
1261 2451 1464 2480 resurrectio-

398 2501 475 2522 nem
498 2491 635 2522 aliorum
659 2492 750 2531 quasi
781 2492 943 2532 exemplar
972 2492 1205 2532 exemplatum,
1230 2493 1312 2523 sicut
1341 2493 1463 2525 dictum

400 2541 447 2566 est
462 2536 478 2552 ⁴*
502 2535 541 2565 de
565 2536 796 2566 resurreetione
821 2535 955 2566 Christi:
980 2535 1036 2566 sed
1059 2536 1149 2576 quod
1172 2537 1331 2577 aliquibus
1346 2538 1387 2568 sit
1401 2539 1465 2569 hoc

1520 276 1643 306 tionem
1660 286 1727 307 esse
1744 276 1885 307 dictum:
1911 276 2001 317 quod
2024 276 2207 317 frequenter
2222 279 2482 320 historiographis
2504 280 2585 310 acci-

1522 318 1575 349 dit.
1601 320 1688 351 Nulli
1713 321 1799 351 enim
1822 330 1895 351 vera
1918 323 2150 352 resurrectione
2169 328 2242 353 ante
2267 322 2430 354 Christum
2448 333 2585 354 resurre-

1521 370 1644 398 xerunt,
1661 374 1700 395 eo
1726 364 1815 405 quod
1837 366 1906 405 ipse
1927 371 1974 396 est
1987 366 2155 406 primitiae
2170 367 2407 403 dormientium,
2421 373 2457 398 ut
2472 368 2586 399 dicitur

1523 408 1534 438 1
1553 409 1629 439 Cor.
1647 419 1687 439 xv
1703 410 1735 439 ἢ
1762 410 1907 449 quamvis
1923 410 2042 440 fuerint
2058 410 2156 450 aliqui
2179 412 2355 442 resuscitati
2378 418 2451 443 ante
2468 412 2585 442 Christi

1521 454 1798 489 resurrectionem,
1823 459 1859 484 ut
1882 453 1922 484 de
1945 454 2066 485 Lazaro
2090 460 2187 494 patet.

1577 498 1627 527 Ao
1653 508 1800 528 duaa-run
1824 508 1983 529 nxczunun
2009 499 2099 539 quod
2126 501 2297 530 occasione
2320 500 2449 531 illorum
2472 501 2585 531 verbo-

1522 587 1611 616 retici
1629 593 1807 626 posuerunt
1824 588 1960 626 primam
1977 588 2244 619 resurrectionem
2260 588 2399 619 futuram
2416 598 2485 619 esse
2499 598 2586 619 mor-

1522 636 1654 662 tuorum
1671 636 1706 661 ut
1722 641 1797 662 cum
1814 631 1942 662 Christo
1966 632 2054 662 mille
2071 633 2161 662 annis
2177 633 2210 663 in
2226 639 2308 664 terra
2323 639 2474 673 regnent:
2500 633 2586 664 unde

1521 676 1626 705 vocati
1643 681 1716 706 sunt
1731 676 1915 712 Chiliastae,
1929 677 2020 716 quasi
2036 677 2228 708 Millenarii.
2249 678 2290 707 Et
2301 677 2375 708 ideo
2387 678 2586 718 Augustinus

1522 719 1643 750 ibidem
1667 720 1806 750 ostendit
1829 721 1923 750 verba
1948 721 2000 751 illa
2024 721 2112 751 aliter
2136 721 2339 762 intelligenda
2359 731 2443 752 esse:
2466 722 2587 753 scilicet

1522 763 1561 794 de
1584 765 1815 795 resurrectione
1839 765 2002 805 spirituali,
2028 775 2085 805 per
2108 775 2206 805 quam
2229 767 2377 797 homines
2404 776 2422 796 a
2448 766 2586 807 peccatis

1522 807 1610 839 dono
1642 810 1759 849 gratiae
1789 815 1967 850 resurgunt.
1999 809 2147 841 Secunda
2179 816 2287 841 autem
2319 811 2507 841 resurrectio
2540 816 2586 841 est

1522 862 1706 893 corporum.

1575 898 1724 939 Regnum
1747 904 1856 929 autem
1889 899 2009 929 Christi
2038 898 2152 930 dicitur
2175 900 2332 936 Ecclesia,
2356 900 2389 930 in
2423 909 2487 940 qua
2511 908 2586 929 cum

1522 941 1650 972 Christo
1675 952 1742 973 non
1766 943 1872 973 solum
1890 949 2054 984 martyres,
2071 944 2127 974 sed
2143 945 2239 974 etiam
2259 945 2311 975 alii
2328 944 2420 975 electi
2435 948 2585 984 regnant:

1522 991 1558 1015 ut
1575 996 1595 1016 a
1609 992 1707 1026 parte
1723 992 1823 1017 totum
1841 988 2045 1029 intelligatur
2059 989 2085 1018 *.
2102 1007 2123 1010 —
2140 989 2199 1019 Vel
2215 995 2348 1029 regnant
2364 998 2440 1019 cum
2456 988 2585 1019 Christo

1520 1030 1554 1059 in
1576 1030 1677 1069 gloria
1701 1036 1858 1071 quantum
1882 1031 1922 1062 ad
1945 1041 2069 1068 omneS,
2095 1038 2126 1063 et
2149 1032 2184 1064 fit
2208 1034 2385 1073 specialiter
2406 1034 2530 1064 mentio
2546 1032 2586 1063 de

1520 1075 1710 1114 martyribus
1734 1075 1810 1115 quia
1831 1076 1891 1115 ipsi
1907 1076 2085 1116 praecipue
2109 1083 2250 1118 regnant
2272 1078 2394 1108 mortui
2416 1078 2471 1118 qui
2487 1087 2587 1118 usque

1520 1117 1564 1147 ad
1586 1123 1721 1149 mortem
1739 1129 1804 1159 pro
1828 1120 1962 1150 veritate
1985 1125 2191 1151 certaverunt
2201 1123 2228 1152 *.

1575 1162 1784 1194 Millenarius
1799 1169 1906 1194 autem
1922 1173 1990 1194 non
2005 1164 2161 1204 significat
2176 1166 2317 1205 aliquem
2333 1171 2457 1197 certum
2471 1176 2586 1197 nume-

1519 1215 1602 1241 rum,
1619 1205 1675 1236 sed
1691 1206 1835 1247 designat
1857 1213 1964 1238 totum
1986 1213 2114 1248 tempus
2131 1209 2220 1249 quod
2235 1219 2323 1240 nunc
2340 1211 2452 1250 agitur,
2468 1211 2502 1240 in
2518 1220 2585 1250 quo

1519 1259 1606 1280 nunc
1630 1252 1731 1281 sancti
1746 1261 1822 1282 cum
1846 1251 1974 1282 Christo
1997 1259 2139 1292 regnant.
2165 1253 2251 1291 Quia
2266 1263 2419 1284 numerus
2440 1255 2584 1285 millena-

1519 1295 1584 1325 rius
1617 1294 1759 1335 designat
1789 1297 2027 1327 universitatem
2050 1298 2150 1337 magis
2175 1307 2272 1338 quam
2296 1298 2513 1329 centenarius:
2546 1308 2585 1329 eo

1479 1127 1506 1141 20

1479 1348 1502 1368 ²5
1520 1338 1610 1379 quod
1634 1341 1834 1371 centenarius
1857 1347 1904 1371 est
1928 1340 2119 1381 quadratum
2143 1341 2280 1379 denarii;
2304 1342 2361 1373 sed
2389 1342 2586 1374 millenarius

1519 1388 1566 1414 est
1591 1393 1746 1415 numerus
1772 1384 1894 1416 solidus
1917 1395 1955 1416 ex
1978 1385 2099 1426 duplici
2123 1386 2222 1417 ductu
2245 1386 2365 1418 denarii
2388 1388 2422 1418 in
2445 1388 2586 1427 seipsum

1518 1437 1660 1468 surgens.
1685 1429 1760 1469 quia
1784 1429 1889 1460 decies
1912 1429 2026 1460 decem
2049 1430 2155 1461 decies
2184 1431 2272 1462 mille
2295 1437 2380 1462 sunt.
2413 1431 2454 1462 Et
2476 1432 2586 1462 simili·

1518 1478 1566 1502 ter
1580 1473 1612 1503 in
1629 1473 1757 1504 Psalmo
1774 1475 1790 1491 *
1814 1474 1944 1505 dicitur:
1968 1474 2060 1505 Verbi
2075 1475 2163 1516 quod
2178 1476 2346 1506 mandavit
2368 1476 2400 1506 in
2425 1475 2514 1507 mille
2526 1486 2584 1518 ge-

1519 1517 1712 1554 nerationes,
1735 1517 1817 1549 idest
1840 1519 1873 1549 in
1898 1528 2008 1550 omnes
2022 1520 2050 1550 ⁹.

1479 1569 1504 1588 ³⁰
1652 1583 1751 1614 ART.
1770 1583 1806 1614 11.
1832 1594 1937 1614 urium
1960 1595 2077 1616 ‘ramnus
2100 1596 2193 1616 rum>
2217 1596 2263 1617 srr
2287 1596 2452 1617 occumuu

1583 1659 1604 1679 n
1641 1659 1804 1680 secunaum
1837 1659 1882 1680 s1c
1918 1659 2123 1681 enocenrrun.
2159 1648 2294 1682 Videtur
2331 1652 2421 1693 quod
2457 1658 2586 1694 tempus

1521 1662 1663 1724 Ainud
1685 1703 1753 1724 non
1781 1694 1820 1724 sit
1850 1694 2027 1725 occultum.
2061 1694 2147 1733 Quia
2182 1696 2274 1727 cuius
2306 1698 2502 1738 principium
2539 1703 2586 1729 est

1519 1737 1766 1769 determinatum
1790 1744 1822 1769 et
1844 1739 1970 1775 scitum,
1996 1744 2027 1769 et
2050 1738 2122 1770 finis
2145 1746 2253 1780 potest
2269 1740 2477 1773 determinate
2493 1743 2583 1773 sciri:

1519 1792 1558 1813 eo
1576 1782 1666 1823 quod
1682 1783 1792 1813 omnia
1807 1789 2040 1814 mensurantur
2053 1784 2194 1824 quadam
2206 1785 2357 1825 periodo,
2370 1791 2407 1816 ut
2421 1786 2537 1817 dicitur
2551 1787 2584 1817 in

1519 1827 1546 1857 II
1561 1827 1601 1858 de
1623 1827 1773 1858 Generat.
1787 1828 1803 1844 ⁴*
1828 1827 1892 1858 Sed
1907 1828 2102 1868 principium
2117 1829 2231 1860 mundi
2247 1829 2456 1861 determinate
2477 1831 2584 1862 scitur.

1518 1871 1604 1911 Ergo
1629 1878 1660 1902 et
1683 1870 1755 1902 finis
1778 1872 1878 1912 ipsius
1900 1877 2008 1912 potest
2031 1872 2240 1904 determinate
2255 1875 2336 1905 sciri.
2361 1874 2457 1906 Tunc
2476 1881 2585 1906 autem

1519 1917 1577 1946 erit
1599 1921 1727 1956 tempus
1750 1917 1989 1947 resurrectionis
2020 1923 2052 1947 et
2082 1917 2202 1948 iudicii.
2234 1918 2320 1959 Ergo
2349 1925 2478 1960 tempus
2506 1920 2586 1951 illud

1518 1970 1586 1990 non
1610 1966 1657 1991 est
1680 1961 1855 1991 occultum.

1576 2014 1606 2035 2.
1622 2005 1819 2041 Pus-rann,
1835 2006 1934 2045 Apoc.
1947 2015 1990 2035 xn
2001 2006 2017 2022 ὕ
2033 2005 2149 2036 dicitur
2164 2007 2254 2047 quod
2269 2008 2396 2044 mulier,
2413 2018 2471 2049 per
2486 2018 2585 2049 quam

1519 2049 1662 2079 Ecclesia
1681 2048 1876 2089 significatur
1888 2049 1914 2085 ἥ
1930 2049 2025 2080 habet
2047 2050 2154 2081 locum
2163 2056 2320 2091 paratum
2336 2062 2356 2082 a
2371 2052 2454 2089 Deo,
2471 2053 2504 2083 in
2520 2063 2584 2094 quo

1512 2098 1672 2133 pascatur
1683 2093 1793 2124 diebus
1808 2093 1896 2124 mille
1907 2093 2052 2124 ducentis
2067 2095 2251 2136 sexaginta.
2276 2096 2390 2127 Daniel
2407 2098 2502 2128 etiam
2514 2099 2584 2128 xn’

1518 2138 1651 2178 ponitur
1666 2137 1894 2168 determinatus
1909 2147 2064 2169 numerus
2080 2138 2215 2176 dierum,
2227 2149 2285 2181 per
2301 2150 2384 2181 quos
2397 2142 2472 2172 anni
2488 2142 2584 2182 signi-

1519 2181 1607 2213 ficari
1622 2182 1779 2218 videntur,
1799 2181 1979 2213 secundum
1994 2182 2074 2214 illud
2091 2183 2209 2214 Ezech.
2223 2194 2254 2214 rv
2269 2185 2296 2221 ἡ
2308 2185 2404 2216 Diem
2414 2195 2480 2226 pro
2496 2195 2584 2217 anno

1478 2237 1502 2257 45
1518 2226 1592 2257 dedi
1614 2227 1679 2257 tibi.
1704 2227 1790 2267 Ergo
1812 2236 1850 2257 ex
1872 2236 1961 2258 sacra
1981 2227 2144 2267 Scriptura
2158 2233 2266 2268 potest
2286 2229 2359 2260 sciri
2375 2229 2586 2262 determinate

1519 2270 1591 2302 finis
1614 2271 1728 2302 mundi
1752 2276 1783 2302 et
1805 2272 2044 2303 resurrectionis
2067 2277 2206 2313 tempus.

1576 2315 1605 2346 3.
1629 2316 1826 2351 Pium-anan,
1843 2321 1941 2346 status
1965 2317 2043 2347 novi
2059 2316 2257 2348 Testamenti
2279 2317 2510 2359 praefiguratus
2525 2318 2586 2350 fuit

1519 2361 1552 2390 in
1568 2361 1667 2391 veteri
1683 2360 1892 2391 Testamento
1909 2361 1935 2390 ⁴¹⁸.
1960 2360 2023 2391 Sed
2038 2361 2158 2392 scimus
2177 2362 2385 2394 determinate
2400 2368 2529 2404 tempus
2551 2364 2584 2394 in

1519 2414 1586 2445 quo
1619 2411 1709 2435 vetus
1733 2405 1977 2435 Testamentum
2010 2410 2127 2436 statum
2157 2406 2278 2438 habuit.
2309 2407 2395 2448 Ergo
2427 2413 2458 2438 et
2479 2413 2586 2448 potest

1480 2458 1505 2478 50
1519 2450 1591 2480 sciri
1624 2455 1752 2490 tempus
1785 2449 1993 2480 determinate
2023 2451 2056 2480 in
2091 2459 2158 2491 quo
2186 2460 2310 2482 novum
2340 2451 2584 2484 Testamentum

1519 2499 1636 2524 statum
1659 2494 1798 2524 habebit.
1823 2493 1886 2524 Sed
1909 2503 2032 2525 novum
2057 2494 2301 2526 Testamentum
2319 2496 2448 2527 habebit
2467 2502 2584 2528 statum

1519 2548 1623 2578 usque
1646 2538 1686 2569 ad
1709 2538 1807 2569 finem
1831 2538 1960 2569 mundi:
1986 2539 2073 2570 unde
2098 2539 2213 2570 dicitur
2229 2540 2341 2572 Matth.
2357 2541 2415 2571 ult.
2432 2542 2465 2571 ‘x
2489 2541 2583 2578 Ecce,

1519 2593 1581 2624 ego
1615 2583 1775 2614 vobiscum
1806 2593 1875 2614 sum
1908 2592 2007 2623 usque
2036 2584 2081 2614 ad
2112 2585 2420 2616 consummationem
2451 2586 2583 2621 saeculi.

1519 2627 1605 2668 Ergo
1629 2633 1736 2668 potest
1759 2628 1831 2658 sciri
1855 2627 2064 2658 determinate
2082 2627 2154 2659 finis
2170 2629 2284 2660 mundi
2299 2635 2331 2660 et
2345 2631 2585 2661 resurrectionis

1480 2685 1502 2705 ςς
1518 2677 1655 2712 tempus.

1574 2716 1637 2747 Sur>
1661 2725 1795 2752 comm,
1822 2715 1902 2747 illud
1925 2716 2015 2756 quod
2038 2722 2086 2747 est
2107 2718 2291 2758 ignoratum
2314 2719 2353 2749 ab
2377 2719 2514 2759 angelis,
2537 2724 2584 2750 est

1519 2762 1615 2791 etiam
1638 2761 1824 2791 hominibus
1847 2761 1952 2791 multo
1975 2762 2076 2801 magis
2093 2762 2276 2793 occultum:
2301 2763 2377 2803 quia
2393 2773 2431 2794 ea
2445 2763 2486 2794 ad
2500 2772 2584 2804 quae

1518 2806 1667 2836 homines
1690 2805 1824 2835 naturali
1849 2805 1971 2836 ratione
1994 2807 2174 2846 pertingere
2200 2813 2354 2847 possunt,
2378 2807 2482 2838 multo
2511 2808 2584 2838 lim·

1518 2849 1625 2890 pidius
1649 2855 1680 2880 et
1710 2850 1825 2880 certius
1858 2849 1962 2890 angeli
1994 2851 2129 2881 naturali
2152 2852 2338 2891 cognitione
2371 2857 2583 2892 cognoscunt.

1478 2902 1505 2922 ⁶0
1519 2894 1670 2926 Similiter
1693 2895 1789 2924 etiam
1812 2894 2022 2925 revelationes
2045 2895 2232 2926 hominibus
2254 2905 2323 2927 non
2341 2895 2424 2927 fiunt
2439 2897 2500 2927 nisi
2514 2905 2583 2927 me-

1519 2939 1679 2969 dianu'bus
1703 2939 1840 2979 angelis:
1866 2944 1902 2970 ut
1925 2944 2012 2979 patet
2036 2948 2093 2979 per
2116 2940 2327 2981 Dionysium,
2350 2951 2382 2971 ιν
2404 2949 2474 2980 cap.
2493 2940 2581 2971 Cael.

1479 1790 1502 1811 35

1478 2015 1505 2035 40

400 2589 590 2610 concessum
614 2579 703 2619 quod
727 2589 840 2610 eorum
856 2581 1044 2611 resurrectio
1061 2590 1129 2611 non
1145 2581 1184 2611 sit
1199 2591 1303 2622 usque
1319 2582 1358 2613 ad
1374 2592 1462 2614 com-

399 2633 533 2654 munem
556 2624 823 2655 resurrectionem
846 2623 950 2661 dilata,
976 2630 1023 2655 est
1047 2634 1084 2655 ex
1107 2625 1238 2665 speciali
1259 2627 1376 2666 gratiae
1401 2628 1464 2667 pri-

399 2668 527 2708 vilegio,
550 2677 618 2698 non
642 2677 680 2698 ex
704 2667 812 2699 debito
837 2668 1069 2699 conformitatis
1093 2669 1133 2700 ad
1156 2669 1330 2701 Christum.

454 2713 505 2742 An
529 2722 663 2742 marum
686 2722 846 2744 monimum
869 2713 958 2754 quod
981 2713 1021 2744 de
1044 2713 1097 2744 illa
1130 2715 1361 2746 resurrectione
1392 2725 1463 2746 san-

400 2762 526 2787 ctorum
559 2766 634 2787 curn
667 2756 795 2788 Christo
828 2757 954 2789 videtur
986 2757 1129 2789 dubitare
1162 2759 1400 2800 Hieronymus,
1430 2760 1463 2791 in

399 2800 556 2832 Sermone
579 2801 618 2832 de
640 2802 865 2842 Assumptione
880 2803 911 2832 ἐ
936 2808 1044 2833 utrum
1068 2803 1198 2839 scilicet,
1215 2809 1345 2843 peracto
1361 2814 1464 2835 resur-

398 2846 549 2876 rectionis
581 2846 786 2882 testimonio,
811 2847 927 2877 iterum
956 2847 1077 2877 mortui
1106 2847 1187 2883 sint,
1212 2853 1247 2878 ut
1277 2849 1322 2879 sic
1350 2858 1464 2880 eorum

398 2889 493 2921 fuerit
516 2890 616 2930 magis
639 2891 837 2922 resuscitatio
870 2891 1046 2931 quaedam,
1070 2891 1152 2922 sicut
1181 2892 1292 2923 Lazari
1308 2894 1340 2929 *,
1365 2903 1464 2933 quam

398 2944 471 2964 vera
494 2935 693 2971 resurrectio,
719 2935 821 2975 qualis
845 2936 903 2966 erit
926 2936 958 2966 in
983 2935 1047 2966 fine
1063 2936 1193 2972 mundi;
1219 2947 1259 2967 an
1276 2937 1314 2967 ad
1330 2938 1463 2969 immor-

397 2979 493 3009 talem
517 2979 614 3009 vitam
637 2989 711 3009 vere
734 2985 972 3011 resurrexerunt
995 2989 1122 3021 semper
1138 2981 1170 3011 in
1187 2991 1323 3022 corpore
1339 2983 1462 3019 victuri,

398 3023 431 3053 in
445 3023 569 3054 caelum
585 3032 656 3053 cum
672 3023 800 3054 Christo
817 3025 1023 3056 ascendentes
1035 3025 1261 3065 corporaliter,
1275 3032 1310 3057 ut
1323 3025 1437 3058 Glossa
1447 3028 1464 3044 ⁴*

398 3066 483 3104 dicit,
508 3067 619 3098 Matth.
636 3078 720 3099 xxvn
735 3069 762 3098 ἦ
787 3069 828 3099 Et
851 3069 914 3100 hoc
937 3069 1062 3100 videtur
1084 3069 1291 3110 probabilius.
1316 3070 1402 3109 Quia
1424 3071 1464 3102 ad

397 3112 461 3142 hoc
477 3111 567 3152 quod
582 3121 695 3142 verum
710 3113 933 3144 testimonium
949 3113 989 3145 de
1005 3123 1078 3144 vera
1097 3115 1329 3146 resurrectione
1345 3115 1463 3147 Christi
1477 3127 1501 3153 σς
1575 3126 1604 3147 2.
1629 3117 1831 3152 Plurimum,
1856 3116 2007 3157 Apostoli
2031 3115 2160 3148 fuerunt
2182 3117 2283 3157 magis
2307 3117 2428 3147 conscii
2443 3122 2582 3148 secreto—

397 3155 585 3196 proferrent,
603 3166 785 3196 congruum
808 3157 868 3188 fuit
891 3164 927 3189 ut
950 3168 1023 3189 vere
1047 3164 1262 3199 resurgerent:
1287 3160 1370 3190 sicut
1385 3160 1463 3191 Hie·
1518 3170 1590 3192 rum
1614 3161 1673 3191 Dei
1694 3170 1791 3201 quam
1808 3161 1860 3191 alii
1876 3165 2062 3201 sequentes:
2088 3161 2174 3201 quia,
2190 3165 2227 3191 ut
2243 3160 2359 3191 dicitur
2373 3161 2466 3192 Rom.
2483 3171 2538 3192 vm
2553 3162 2580 3198 “,

397 3209 552 3241 ronymus
582 3200 702 3231 ibidem
718 3202 735 3217 ⁴*
759 3201 844 3232 dicit.
878 3202 946 3233 Nec
971 3212 1083 3233 eorum
1113 3204 1301 3234 resurrectio
1331 3210 1464 3244 propter
1517 3206 1578 3245 ipsi
1596 3205 1761 3246 primitias
1776 3205 1916 3246 Spiritus
1938 3204 2138 3241 habuerunt‚·
2161 3203 2276 3235 Glossa
2290 3206 2317 3241 “,
2335 3210 2476 3246 tempore
2485 3207 2582 3246 prius

397 3244 484 3284 ipsos
507 3245 680 3275 accelerata
710 3251 774 3276 est:
807 3245 863 3276 sed
893 3253 1024 3287 propter
1046 3248 1312 3279 resurrectionem
1345 3248 1462 3280 Christi
1517 3255 1549 3280 et
1570 3250 1684 3280 ceteris
1706 3249 1933 3280 abundantius.
1957 3247 2020 3279 Sed
2043 3249 2088 3278 eis
2111 3248 2151 3279 de
2174 3249 2238 3279 hoc
2260 3250 2332 3290 ipso
2356 3251 2582 3290 quaerentibus

397 3287 638 3320 testificandam.
662 3289 762 3327 Quod
778 3290 909 3330 quidem
933 3292 1153 3322 testimonium
1175 3298 1240 3323 erat
1262 3292 1303 3323 ad
1325 3292 1462 3324 fundan-
1517 3293 1640 3324 dictum
1664 3299 1720 3330 est,
1737 3295 1806 3324 Act.
1823 3303 1834 3324 1
1849 3294 1882 3323 ἐ
1906 3293 1983 3323 Non
2007 3297 2055 3323 est
2077 3297 2217 3323 vestrum
2241 3303 2335 3324 nosse
2359 3299 2504 3335 tempora
2532 3295 2583 3326 vel

398 3332 471 3363 dam
494 3332 591 3363 fidem
615 3334 691 3364 novi
716 3334 923 3365 Testamenti.
957 3335 1052 3367 Unde
1075 3335 1241 3367 decentius
1271 3336 1391 3368 factum
1416 3343 1463 3368 est
1475 3353 1503 3374 70
1517 3343 1678 3368 momenta
1701 3347 1784 3379 quae
1801 3337 1914 3378 posuit
1935 3337 2033 3367 Pater
2051 3336 2084 3366 in
2103 3341 2265 3377 potestate
2279 3347 2349 3369 sua.
2375 3339 2461 3380 Ergo
2476 3339 2582 3371 multo

397 3385 454 3416 per
485 3376 592 3408 Patres
622 3378 735 3408 veteris
765 3378 963 3410 Testamenti
994 3389 1092 3420 quam
1123 3389 1181 3420 per
1210 3390 1266 3411 eos
1297 3382 1369 3421 qui,
1398 3382 1461 3412 iam
1516 3383 1617 3422 magis
1641 3387 1688 3412 est
1711 3382 1778 3412 aliis
1801 3381 1976 3412 occultum.

397 3430 484 3451 novo
509 3421 717 3452 Testamento
742 3421 886 3459 fundato,
904 3423 1117 3454 decesserunt.
1571 3427 1761 3456 Rnsronnno
1789 3434 1948 3455 DICENDUM
1972 3424 2078 3464 quod,
2103 3426 2185 3456 sicut
2207 3427 2406 3466 Augustinus
2429 3427 2524 3464 dicit,
2547 3428 2580 3458 in

453 3465 578 3495 Tamen
595 3465 761 3496 sciendum
778 3472 824 3496 est
849 3467 948 3506 quod,
966 3469 1023 3498 etsi
1040 3467 1079 3498 de
1099 3470 1330 3500 resurrectione
1347 3478 1461 3500 eorum
1516 3470 1598 3500 libro
1621 3469 1895 3511 Octogintatrium
1910 3468 2042 3504 Quaest.
2059 3470 2085 3505 *‚
2099 3474 2189 3501 aetas
2205 3471 2319 3502 ultima
2334 3471 2470 3502 humani
2483 3481 2581 3514 gene-

398 3508 431 3538 in
443 3508 618 3549 Evangelio
631 3510 754 3540 mentio
767 3509 822 3540 fiat
837 3516 910 3541 ante
922 3512 1188 3543 resurrectionem
1201 3513 1329 3549 Christi,
1342 3519 1460 3549 tamen,
1517 3515 1573 3549 ris,
1585 3523 1669 3554 quae
1685 3513 1796 3553 incipit
1810 3513 1849 3543 ab
1865 3513 2004 3543 adventu
2017 3513 2152 3544 Domini
2169 3524 2268 3556 usque
2283 3516 2436 3556 adfinem
2449 3516 2580 3552 saeculi,

398 3557 433 3582 ut
457 3562 513 3593 per
529 3554 749 3584 testimonium
773 3560 870 3594 patet,
891 3555 1135 3595 intelligendum
1159 3563 1205 3587 est
1228 3566 1285 3597 per
1308 3557 1461 3596 anticipa·
1475 3571 1498 3593 ης
1515 3558 1629 3598 quibus
1639 3557 1906 3598 generationibus
1918 3562 2120 3597 computetur
2137 3558 2293 3590 incertum
2305 3565 2371 3591 est:
2387 3561 2469 3591 sicut
2485 3561 2580 3591 etiam

1519 3028 1720 3058 Matth.xx1v
1736 3028 1772 3057 ’ἢ
1796 3027 1847 3058 De
1870 3027 1922 3058 die
1946 3028 2002 3058 illa
2027 3033 2058 3058 et
2079 3028 2162 3060 hora
2186 3038 2279 3060 nemo
2301 3028 2370 3065 scit,
2395 3038 2497 3069 neque
2523 3038 2582 3059 an—

1517 3072 1585 3114 geli
1608 3073 1783 3103 caelorum.
1808 3072 1894 3112 Ergo
1917 3071 1997 3102 illud
2020 3078 2067 3103 est
2089 3073 2275 3103 hominibus
2298 3072 2474 3103 occultum.

1522 551 1604 578 rum,
1625 548 1660 572 ut
1675 542 1874 582 Augustinus
1894 548 2008 579 narrat,
2025 543 2084 573 XX
2099 543 2139 574 de
2157 544 2225 574 Civ.
2241 544 2305 575 Dei
2320 545 2346 580 ἢ
2365 544 2496 584 quidam
2511 545 2585 575 hae—
2613 553 2623 563 ·

2613 417 2622 426 ·
2639 415 2655 435 V
2661 421 2706 437 ert.
2721 421 2758 437 ιο.

2639 551 2696 579 cap.
2713 557 2753 573 vn.

2613 995 2623 1006 ·
2638 993 2695 1022 Cap.
2711 999 2743 1020 ιι,
2757 999 2780 1016 n.
2794 999 2818 1016 a.

2613 1123 2623 1133 ‘
2638 1121 2696 1143 ibid.

2613 1470 2624 1480 '¹
2631 1468 2670 1491 Pu.
2678 1474 2722 1496 civ,
2732 1475 2790 1492 ven.
2802 1469 2828 1491 8-

2613 1502 2623 1511 ·
2637 1500 2698 1528 Aug.
2713 1500 2754 1523 ιιυ.
2773 1500 2827 1528 cn„

2612 1532 2664 1554 cap.
2679 1533 2719 1553 vu,
2733 1533 2757 1550 n.
2772 1532 2791 1550 ².

2613 1893 2685 1911 ment.
2693 1889 2828 1912 ·.·rh.1eet.

2613 1834 2829 1885 actitabat

2613 1921 2635 1936 x.

2613 2017 2622 2026 ·
2638 2014 2705 2038 Ven-
2720 2015 2742 2038 6.

2637 2111 2704 2134 Vere.
2721 2119 2753 2140 u,
2769 2119 2802 2135 ιι.

2613 2195 2621 2204 ·
2637 2192 2704 2215 ven.
2718 2192 2740 2215 6.

2611 2365 2623 2376 ·
2631 2364 2642 2386 1
2651 2363 2686 2386 ad
2694 2364 2759 2392 Cor„
2770 2370 2822 2393 etp.

2636 2390 2760 2418 ven.6,n;
2818 2407 2826 2414 .

2630 2419 2678 2441 ont.
2688 2417 2770 2440 Fanet.
2781 2418 2797 2440 ti
2815 2434 2823 2441 .

2611 2444 2738 2473 meap.
2745 2450 2826 2471 cxxvi,

2611 2476 2688 2494 unx.

2612 2546 2622 2555 ·
2633 2542 2702 2566 Vm.
2716 2548 2754 2566 ao.

1518 2983 1613 3014 Hier.
1627 2984 1643 3000 ⁴*
1669 2982 1731 3014 Sed
1748 2983 1852 3023 angeli
1867 2984 2016 3014 nesciunt
2038 2989 2167 3024 tempus
2187 2984 2410 3015 determinate:
2435 2989 2471 3015 ut
2495 2989 2583 3025 patet
2609 2989 2620 3000 ·
2672 3003 2679 3010 -

2607 3012 2621 3071 g
2634 3030 2701 3053 v...
2715 3030 2752 3060 ³⁶.

2609 3162 2620 3173 ·
2634 3161 2700 3184 ven.
2715 3167 2749 3195 ι).

2609 3209 2744 3259 use*
2771 3213 2796 3232 ‘⁸

2610 3300 2618 3310 ·
2634 3297 2700 3323 ven.
2715 3304 2738 3327 ⁷·

2609 3477 2619 3488 ⁸
2634 3475 2682 3503 Qu.
2696 3480 2760 3498 ινιιι.
