2878 4088
166 577 174 586 ·
195 575 230 597 ef.
249 575 292 596 1¹⁰¹
316 575 375 601 11¹⁶,

182 608 203 623 u.
213 607 292 627 υυιιιι,
301 605 341 623 art.
349 607 360 622 2
369 608 374 626 ;

164 628 173 649 1
185 628 195 649 1
210 627 276 649 Cone.
294 627 359 650 Gent.
368 645 375 655 ‚

164 660 215 681 cap.
231 660 295 676 ινιιι.

165 747 174 756 ·
185 745 233 772 Qu.
243 750 321 772 unx,
333 749 374 766 art.

166 779 184 798 ι,
200 777 220 793 2.

163 1590 170 1596 ·
185 1587 235 1608 Art.
251 1586 369 1613 praeced.,

161 1614 189 1634 ad
203 1619 223 1635 2.

163 2560 172 2570 ·
187 2557 251 2580 Vers.
269 2565 300 2587 13.

163 2742 172 2751 “
189 2740 246 2762 Ord.
258 2744 279 2762 et
290 2740 372 2763 Lon-ib.

164 2768 185 2778 ··
202 2767 267 2789 vm.
282 2773 318 2794 ²4·

167 3136 176 3146 ·
189 3135 224 3156 ΑΙ.
234 3134 269 3155 De
275 3134 374 3156 Animal.

168 3160 286 3188 Generat„
298 3161 336 3183 lib.
347 3161 376 3188 11,

167 3193 218 3215 cap.
234 3193 265 3208 ιιι.

167 3272 176 3281 “
192 3270 248 3298 Cap.
263 3277 319 3293 xvu.

169 3447 179 3456 ·
196 3445 260 3468 Vers.
275 3452 308 3468 22.

410 176 480 212 186

459 254 520 285 San
546 264 678 290 CONTRA,
705 254 864 294 quantitas
894 254 1045 284 naturalis
1078 253 1286 293 consequitur
1319 256 1464 281 naturam

403 299 657 338 uniuscuiusque
679 297 845 328 individui.
870 297 933 329 Sed
954 299 989 328 in
1012 298 1242 328 resurrectione
1269 305 1336 326 non
1366 294 1465 324 varia-

403 343 487 373 bitur
509 348 621 373 natura
644 342 809 372 individui.
834 342 920 382 Ergo
943 351 1003 372 nec
1028 342 1185 382 quantitas
1208 339 1357 370 naturalis
1386 338 1463 367 eius.

404 386 466 418 Sed
481 396 549 417 non
565 392 612 417 est
628 386 740 417 eadem
756 387 915 427 quantitas
939 386 1088 417 naturalis
1112 385 1259 415 omnium
1282 382 1463 413 hominum.

404 432 488 471 Ergo
509 441 577 461 non
601 440 714 461 omnes
737 436 902 471 resurgent
925 432 958 461 in
982 430 1093 460 eadem
1116 434 1242 459 statura.

459 485 488 505 2.
511 475 706 511 Parmam,
729 481 842 506 natura
864 476 1004 505 humana
1027 473 1221 513 reparabitur
1243 480 1300 510 per
1327 478 1464 499 resurre-

404 520 545 550 ctionem
569 519 608 550 ad
630 520 764 560 gloriam
787 519 837 550 vel
862 519 900 549 ad
923 527 1072 559 poenam.
1098 515 1160 546 Sed
1183 524 1250 545 non
1274 514 1331 544 erit
1353 513 1465 543 eadem

403 564 561 604 quantitas
588 564 707 603 gloriae
730 564 781 594 vel
803 573 927 603 poenae
946 563 979 592 in
1007 561 1157 591 omnibus
1185 558 1421 598 resurgentibus
1436 558 1463 587 *ἢ

403 608 488 648 Ergo
512 618 572 639 nec
596 608 708 639 eadem
731 609 888 648 quantitas
912 612 1052 636 naturae.

457 653 645 683 Responmzo
674 661 830 682 monimum
855 650 942 690 quod
973 650 1005 678 in
1028 647 1260 678 resurrectione
1283 655 1350 677 non
1373 655 1464 686 repa·
1480 657 1488 670 ι

402 697 521 727 rabitur
543 697 682 727 humana
706 701 815 725 natura
839 695 945 724 solum
975 697 1132 732 quantum
1160 690 1200 721 ad
1229 690 1316 721 idem
1346 691 1462 730 specie,

403 739 459 771 sed
482 747 639 781 quantum
655 740 694 770 ad
710 739 795 769 idem
811 746 946 768 numero
962 738 989 766 ³.
1014 736 1054 766 Et
1077 735 1151 766 ideo
1174 736 1208 765 in
1230 735 1462 765 resurrectione

403 794 470 815 non
493 785 599 815 solum
623 782 850 814 attendendum
874 787 920 811 est
943 779 1021 820 quid
1045 785 1208 820 competat
1230 785 1362 810 naturae
1392 788 1463 819 spe-

404 829 473 864 ciei,
497 829 552 859 sed
576 828 653 868 quid
677 831 838 866 competat
860 831 991 855 naturae
1014 824 1180 855 individui.
1211 823 1332 854 Natura
1355 829 1463 854 autern

402 873 519 912 speciei
542 873 636 902 habet
658 871 797 910 aliquam
821 870 1030 909 quantitatem
1054 878 1153 908 quam
1175 877 1237 898 nec
1260 867 1384 898 excedit
1402 877 1463 898 nec

403 918 441 947 ab
465 927 501 947 ea
524 915 630 946 deficit
653 916 771 954 absque
796 923 917 943 errore:
943 922 1026 952 quae
1049 918 1157 943 tamen
1185 913 1344 952 quantitas
1368 912 1463 942 habet

402 961 526 1000 aliquos
548 959 663 999 gradus
686 957 868 993 latitudinis,
887 962 917 987 et
932 967 1000 987 non
1017 962 1064 987 est
1079 956 1265 997 accipienda
1283 956 1463 986 secundum

402 1014 498 1034 unam
521 1012 703 1035 mensuram
726 1002 978 1032 determinatam.
1004 1000 1272 1041 Unumquodque
1291 1005 1399 1030 autem
1414 1000 1462 1029 in-

401 1047 566 1078 dividuum
582 1048 614 1077 in
631 1047 736 1087 specie
752 1047 892 1076 humana
908 1046 1096 1086 assequitur,
1112 1044 1194 1075 infra
1209 1044 1363 1074 terminos
1378 1044 1463 1074 illius

400 1091 582 1126 latitudinis,
606 1091 746 1131 aliquem
769 1090 903 1130 gradum
926 1090 1120 1130 quantitatis,
1138 1098 1221 1129 quae
1237 1088 1392 1128 competit
1406 1097 1463 1118 na-

400 1142 487 1166 turae
510 1135 682 1171 individui;
707 1140 738 1164 et
761 1134 800 1165 ad
827 1135 910 1165 hanc
941 1134 1127 1174 perducitur
1156 1134 1188 1163 in
1218 1132 1356 1163 termino
1386 1141 1464 1172 aug-

399 1180 508 1215 menti,
533 1180 558 1209 si
581 1189 648 1209 non
671 1178 732 1209 fuit
747 1179 861 1219 aliquis
877 1188 964 1209 error
979 1179 1013 1209 in
1030 1187 1129 1219 opere
1144 1183 1276 1208 naturae
1291 1186 1349 1217 per
1365 1185 1464 1216 quem

400 1225 438 1254 sit
461 1223 581 1264 aliquid
604 1223 747 1253 additum
770 1223 821 1253 vel
849 1224 1046 1253 subtractum
1075 1221 1255 1262 praedictae
1285 1221 1462 1261 quantitati.

400 1268 501 1298 Cuius
517 1267 647 1308 quidem
670 1277 821 1298 mensura
844 1268 999 1308 accipitur
1020 1266 1200 1298 secundum
1218 1266 1465 1306 proportionem

399 1313 510 1343 caloris
534 1311 731 1342 extendentis
762 1317 792 1342 et
822 1311 947 1342 humidi
971 1311 1173 1342 extensibilis.
1202 1309 1302 1348 Quod
1325 1319 1393 1340 non
1417 1314 1464 1340 est

399 1356 541 1387 eiusdem
565 1357 687 1386 virtutis
710 1356 744 1386 in
768 1357 928 1387 omnibus.
961 1356 1002 1386 Et
1024 1355 1098 1386 ideo
1122 1365 1190 1386 non
1220 1364 1334 1385 omnes
1361 1363 1464 1384 resur-

397 1407 473 1441 gent
502 1402 536 1431 in
567 1400 678 1431 eadem
711 1401 905 1440 quantitate:
935 1399 991 1431 sed
1021 1400 1156 1441 quilibet
1182 1404 1325 1439 resurget
1354 1399 1388 1428 in
1410 1398 1464 1428 illa

399 1446 573 1485 quantitate
597 1446 630 1476 in
654 1454 718 1485 qua
742 1444 852 1475 fuisset
875 1446 908 1475 in
931 1445 1070 1475 termino
1095 1443 1277 1484 augmenti,
1302 1444 1328 1473 si
1350 1447 1462 1473 natura

397 1499 464 1520 non
488 1495 619 1520 errasset
642 1490 693 1520 vel
717 1489 892 1520 defecisset.
917 1488 1017 1527 Quod
1040 1494 1148 1519 autem
1171 1493 1315 1528 superest
1337 1487 1388 1518 vel
1409 1486 1463 1518 de-

397 1533 463 1564 ficit
485 1535 519 1564 in
541 1534 684 1570 homine,
709 1534 863 1564 resecabit
886 1533 936 1564 vel
960 1533 1123 1573 supplebit
1141 1532 1247 1563 divina
1262 1532 1416 1572 potentia.

451 1579 502 1608 An
522 1588 639 1608 ramim
661 1588 745 1609 naoo
768 1587 929 1608 monimum
959 1577 1050 1618 quod
1078 1578 1143 1607 iam
1166 1582 1254 1617 patet
1277 1586 1315 1607 ex
1339 1575 1430 1607 dictis
1445 1576 1463 1592 *

397 1622 486 1662 quod
501 1632 569 1653 non
586 1622 735 1653 dicuntur
751 1631 864 1653 omnes
879 1623 914 1653 in
930 1621 1043 1652 eadem
1067 1627 1169 1652 aetate
1191 1630 1355 1661 resurgere
1371 1620 1463 1660 quasi

398 1668 548 1698 omnibus
572 1673 735 1707 competat
758 1666 870 1697 eadem
894 1667 1053 1707 quantitas
1077 1666 1270 1697 durationis:
1303 1664 1359 1695 sed
1387 1665 1462 1705 quia

397 1711 483 1742 idem
513 1717 611 1742 status
643 1711 848 1752 perfectionis
879 1712 937 1742 erit
967 1711 1000 1741 in
1032 1711 1193 1741 omnibus.
1229 1710 1295 1748 Qui
1329 1708 1462 1750 quidem

397 1761 496 1786 status
519 1756 630 1786 salvari
652 1761 760 1796 potest
781 1756 815 1786 in
837 1765 954 1795 magna
978 1760 1009 1785 et
1031 1755 1066 1785 in
1089 1764 1185 1795 parva
1208 1754 1394 1795 quantitate.

452 1800 503 1830 An
527 1810 690 1830 saeuitum!
712 1810 872 1830 monimum
896 1799 985 1840 quod
1009 1800 1168 1840 quantitas
1191 1799 1287 1829 huius
1305 1797 1462 1828 individui

397 1854 465 1874 non
488 1845 594 1875 solum
616 1844 789 1884 respondet
812 1843 935 1875 formae
958 1844 1092 1884 speciei,
1117 1842 1173 1874 sed
1203 1844 1299 1873 etiam
1331 1847 1462 1873 naturae

397 1888 563 1919 individui.
587 1889 628 1919 Et
651 1888 725 1919 ideo
749 1889 829 1919 ratio
852 1898 921 1919 non
944 1889 1098 1928 sequitur.

452 1933 503 1963 An
527 1943 662 1963 ‘manum
685 1943 844 1963 monimum
865 1932 955 1973 quod
987 1933 1146 1973 quantitas
1176 1932 1367 1971 resurgentis
1393 1939 1462 1960 non

397 1978 660 2017 proportionatur
682 1978 790 2007 virtuti
814 1978 981 2017 reparanti,
1007 1977 1083 2017 quia
1106 1977 1159 2006 illa
1181 1985 1250 2006 non
1273 1981 1320 2006 est
1343 1975 1383 2005 de
1405 1984 1462 2004 na-

397 2027 467 2051 tura
491 2022 651 2062 corporis;
675 2031 783 2062 neque
807 2021 958 2052 omnibus
981 2020 1161 2051 secundum
1184 2020 1276 2050 illum
1295 2024 1413 2050 statum
1428 2019 1462 2049 in

398 2075 464 2106 quo
488 2071 562 2096 sunt
586 2071 658 2096 ante
682 2066 964 2101 resurrectionem3
990 2064 1046 2095 sed
1068 2070 1200 2095 naturae
1224 2073 1323 2104 quam
1355 2063 1461 2103 primo

397 2110 599 2141 individuum
621 2110 767 2140 habebat.
791 2110 933 2146 Tamen,
958 2110 983 2139 si
1006 2110 1105 2139 virtus
1133 2108 1300 2139 formativa
1331 2113 1463 2148 propter

397 2155 537 2195 aliquem
554 2154 716 2185 defectum
731 2164 799 2184 non
814 2159 940 2194 poterat
958 2153 1134 2194 perducere
1149 2152 1189 2183 ad
1205 2152 1344 2184 debitam
1361 2161 1462 2192 quan-

396 2200 518 2229 titatem
543 2208 625 2239 quae
649 2199 804 2239 competit
827 2199 956 2239 speciei,
982 2197 1089 2228 divina
1111 2198 1210 2228 virtus
1240 2197 1403 2237 supplebit
1429 2197 1463 2227 in

397 2244 627 2274 resurrectione
651 2243 830 2274 defectum:
855 2243 938 2273 sicut
967 2247 1054 2282 patet
1084 2242 1124 2272 de
1147 2242 1248 2272 nanis.
1281 2242 1322 2272 Et
1351 2241 1463 2272 eadem

397 2289 476 2318 ratio
500 2293 547 2318 est
570 2287 609 2318 de
633 2288 694 2318 illis
726 2288 783 2328 qui
810 2286 1040 2318 immoderatae
1063 2286 1291 2327 magnitudinis
1322 2285 1462 2323 fuerunt,

398 2333 478 2363 ultra
501 2332 645 2363 debitum
668 2337 809 2363 naturae.

434 2408 532 2438 ART.
550 2408 602 2438 111.
626 2418 730 2438 urium
746 2417 847 2438 onnus
863 2417 1091 2438 RESURRECTURI
1107 2417 1174 2438 sm‘r
1189 2417 1222 2437 m
1238 2416 1313 2437 saxu
1328 2416 1423 2436 vnum

398 2458 429 2479 lV
446 2458 511 2480 Cant.
528 2458 603 2485 Gent„
615 2464 664 2486 cap.
681 2464 797 2481 Lxxxvnt:
812 2458 838 2479 ln
851 2458 946 2485 Matth.,
956 2463 1009 2486 cap.
1024 2463 1087 2483 utu
1101 2457 1137 2479 Aa
1149 2457 1243 2485 Ephec„
1259 2463 1352 2485 cap.1v‚
1368 2458 1419 2479 lect.
1433 2464 1463 2480 tv.

462 2519 482 2539 n
499 2519 633 2539 marum
656 2518 702 2539 sic
723 2518 928 2538 Paocamrtm.
953 2507 1088 2539 Videtur
1110 2507 1200 2548 quod
1224 2517 1338 2538 omnes
1361 2517 1463 2538 resur-

401 2521 537 2593 Agent
552 2554 586 2584 in
606 2562 684 2584 sexu
699 2553 791 2583 virili.
810 2552 895 2591 Quia
915 2552 1220 2593 diciturEphes.1v*
1237 2552 1327 2592 quod
1348 2561 1461 2583 occur—

400 2607 505 2629 remus
522 2607 631 2628 omnes
647 2598 679 2628 in
697 2598 802 2628 virum
816 2597 1009 2639 perfectum.
1034 2597 1120 2638 Ergo
1136 2606 1204 2628 non
1220 2597 1279 2627 erit
1293 2597 1355 2627 nisi
1370 2607 1463 2628 sexus

400 2649 494 2679 virilis
517 2649 571 2679 ibi.

456 2702 484 2723 2.
508 2693 709 2728 Paaaramu,
734 2693 767 2723 in
791 2691 900 2723 futuro
926 2692 1030 2723 omnis
1054 2692 1219 2733 praelatio
1250 2693 1402 2729 cessabit,
1427 2698 1463 2723 ut

400 2736 475 2767 dicit
491 2736 604 2768 Glossa
613 2738 640 2774 *‚
653 2737 665 2767 1
681 2737 757 2767 Cor.
773 2746 814 2767 xv
829 2738 874 2767 ““.
899 2736 962 2767 Sed
978 2737 1093 2768 mulier
1109 2737 1222 2768 ordine
1237 2737 1372 2768 naturali
1388 2738 1462 2767 sub-

401 2781 463 2811 dita
487 2787 533 2811 est
555 2782 634 2812 viro.
658 2782 744 2822 Ergo
769 2781 919 2812 mulieres
942 2790 1010 2812 non
1034 2786 1199 2822 resurgent
1226 2782 1260 2812 in
1290 2791 1368 2812 sexu
1390 2791 1462 2812 mu-

400 2826 499 2862 liebri,
524 2825 579 2856 sed
601 2826 692 2856 virili.

456 2870 484 2900 3.
509 2870 703 2906 Pitumnus,
727 2869 807 2900 illud
831 2869 920 2910 quod
945 2875 992 2900 est
1015 2869 1259 2901 occasionaliter
1282 2875 1313 2901 et
1339 2875 1463 2910 praeter

400 2914 611 2945 intentionem
634 2920 765 2945 naturae
788 2914 967 2950 inductum,
991 2924 1060 2945 non
1083 2920 1241 2955 resurget:
1267 2915 1343 2955 quia
1365 2915 1398 2945 in
1414 2924 1463 2945 re-

401 2959 594 3001 surrectione
618 2960 722 2989 ornnis
746 2968 833 2989 error
855 2959 995 2989 tolletur.
1021 2959 1085 2990 Sed
1108 2969 1201 2990 sexus
1224 2959 1388 2990 muliebris
1417 2964 1463 2990 est

401 3007 522 3041 praeter
544 3004 757 3033 intentionem
779 3008 910 3034 naturae
933 3003 1083 3034 inductus
1111 3013 1149 3034 ex
1180 3002 1308 3034 defectu
1340 3004 1463 3034 virtutis

401 3045 584 3077 formativae
607 3048 640 3077 in
664 3048 795 3084 semine,
821 3057 903 3088 quae
927 3057 995 3078 non
1022 3053 1129 3088 potest
1159 3048 1334 3088 perducere
1362 3053 1463 3078 mate-

402 3091 480 3120 riam
502 3097 677 3131 conceptus
700 3091 740 3121 ad
762 3091 995 3132 perfectionem
1018 3092 1158 3123 virilem:
1183 3092 1270 3124 unde
1294 3091 1370 3123 dicit
1389 3092 1463 3123 Phi-

403 3134 571 3174 losophus,
594 3135 666 3166 XVI
690 3136 728 3166 de
750 3136 890 3166 Animal.
903 3137 930 3172 *,
955 3136 1044 3177 quod
1067 3136 1186 3167 femina
1210 3142 1257 3168 est
1279 3147 1348 3168 mas
1371 3145 1464 3167 occa-

403 3178 558 3209 sionatus.
582 3179 666 3219 Ergo
690 3189 782 3210 sexus
804 3180 967 3211 muliebris
989 3190 1056 3211 non
1079 3187 1231 3222 resurget.

459 3222 520 3253 sno
545 3233 666 3253 com-aa
690 3234 743 3254 nsr
767 3224 856 3264 quod
880 3224 955 3255 dicit
978 3225 1195 3265 Augustinus,
1218 3225 1306 3256 XXII
1330 3225 1370 3256 de
1394 3225 1463 3256 Civ.

404 3266 465 3296 Dei
481 3267 512 3296 *t
539 3267 657 3298 Melius
671 3277 784 3308 sapere
806 3268 955 3299 videntur
969 3270 1024 3310 qui
1041 3275 1211 3311 utrumque
1226 3279 1339 3300 sexum
1356 3279 1464 3301 resur-

406 3315 567 3340 recturum
590 3321 657 3342 esse
676 3322 739 3342 non
764 3312 919 3343 dubitant.

462 3363 490 3384 2.
514 3355 708 3391 Pluinnam,
725 3356 812 3386 Deus
835 3357 991 3396 reparabit
1014 3358 1047 3388 in
1070 3358 1302 3389 resurrectione
1325 3357 1415 3399 quod
1430 3358 1463 3389 in

406 3398 535 3428 homine
559 3398 633 3429 fecit
648 3400 681 3429 in
697 3400 798 3439 prima
822 3400 1017 3432 conditione.
1042 3401 1105 3432 Sed
1120 3402 1189 3442 ipse
1205 3402 1280 3433 fecit
1295 3403 1464 3433 mulierem

407 3441 445 3471 de
469 3448 555 3472 costa
577 3443 644 3478 viri,
668 3449 704 3473 ut
726 3449 813 3483 patet
838 3444 949 3474 Genes.
966 3455 988 3474 n
1003 3446 1029 3475 ἦ
1054 3445 1139 3486 Ergo
1155 3446 1224 3486 ipse
1245 3456 1356 3478 sexum
1373 3446 1463 3478 femi-

406 3494 503 3515 neum
527 3486 559 3515 in
582 3488 812 3517 resurrectione
835 3489 1000 3527 reparabit.

1487 435 1496 455 5

1478 877 1501 897 ¹5

1478 1321 1502 1342 ²5

1479 1543 1504 1564 30

1477 1765 1500 1785 35

1476 1985 1503 2005 40

1477 2208 1501 2228 45

1479 2433 1505 2454 50

1479 2654 1501 2674 55

1476 2873 1504 2894 6ο

1477 3093 1502 3120 6ς

1478 3319 1505 3340 70

1026 175 1289 222 QUAESTIO
1318 173 1488 219 LXXXI,
1510 170 1804 208 ARTICULUS
1833 171 1890 218 111,
1911 171 1961 208 ιν

1520 248 1651 285 dividui,
1675 248 1809 280 debetur
1832 249 1955 280 diversa
1977 251 2136 290 quantitas
2159 249 2288 281 diversis
2311 251 2506 288 hominibus,
2530 252 2582 288 ita,

1520 293 1718 323 considerata
1740 299 1852 324 natura
1881 293 2056 330 individui,
2081 294 2214 324 debetur
2243 294 2385 326 diversus
2413 305 2507 326 sexus
2537 295 2584 326 di-

1519 337 1616 367 versis
1640 338 1835 368 hominibus.
1860 338 1901 369 Et
1923 339 2002 369 haec
2026 338 2122 369 etiam
2145 338 2306 369 diversitas
2329 341 2484 380 competit
2512 349 2583 380 per-

1520 380 1652 411 fectioni
1675 382 1804 422 speciei,
1829 383 1920 413 cuius
1944 383 2059 413 diversi
2073 382 2189 422 gradus
2204 383 2379 423 implentur
2393 393 2451 424 per
2466 383 2583 414 dictam

1520 424 1733 457 diversitatem
1756 436 1849 457 sexus
1871 427 1923 457 vel
1947 427 2140 467 quantitatis.
2165 427 2207 457 Et
2221 427 2306 463 ideo,
2323 428 2405 458 sicut
2419 434 2584 468 resurgent

1519 469 1668 501 homines
1690 471 1724 501 in
1747 470 1877 501 diversis
1900 471 2025 501 staturis
2041 472 2074 505 *,
2098 471 2142 501 ita
2164 471 2197 501 in
2221 470 2350 502 diversis
2373 472 2510 502 sexibus.
2542 472 2584 503 Et

1520 515 1666 553 quamvis
1682 516 1721 545 sit
1740 514 1916 545 differentia
1930 524 2076 550 sexuum,
2097 514 2196 545 deerit
2218 521 2327 546 tamen
2342 515 2491 546 confusio
2511 525 2583 547 mu-

1519 563 1593 588 tuae
1616 559 1764 589 visionis:
1789 560 1864 599 quia
1887 559 1986 589 aberit
2009 558 2108 589 libido
2132 560 2267 590 incitans
2290 559 2330 590 ad
2351 565 2461 600 turpes
2484 566 2583 597 actus,

1520 611 1558 632 ex
1582 603 1699 643 quibus
1722 603 1871 634 confusio
1896 609 2052 634 causatur.

1574 647 1625 677 An
1642 657 1759 678 ramum
1774 657 1857 678 aaoo
1873 657 2034 678 mesanum
2050 647 2140 688 quod
2159 647 2310 678 dicuntur
2325 657 2438 679 omnes
2455 648 2583 679 Christo

1519 699 1686 722 occurrere
1703 692 1736 722 in
1753 693 1858 722 virum
1868 693 2061 734 perfectum,
2077 701 2146 722 non
2159 697 2293 733 propter
2315 702 2427 723 sexum
2449 693 2583 729 virilem,

1518 734 1574 765 sed
1597 741 1729 776 propter
1750 737 1901 767 virtutem
1925 737 2034 773 animi,
2059 746 2142 777 quae
2166 737 2225 767 erit
2246 737 2281 767 in
2297 737 2448 768 omnibus
2463 742 2496 767 et
2509 737 2583 767 viris

1519 784 1550 810 et
1572 780 1770 811 mulieribus.

1572 824 1623 854 An
1647 834 1809 855 sncuumm
1832 835 1992 855 monimum
2009 825 2099 866 quod
2117 825 2233 856 mulier
2256 825 2402 856 subditur
2423 825 2493 855 viro
2508 834 2584 865 pro-

1517 873 1588 908 pter
1610 869 1860 900 imbecillitatem
1882 875 2014 900 naturae
2030 875 2062 900 et
2077 875 2235 910 quantum
2251 869 2291 900 ad
2310 870 2455 910 vigorem
2474 870 2582 906 animi,

1518 918 1549 942 et
1573 919 1731 953 quantum
1754 913 1794 944 ad
1816 914 1915 944 robur
1938 914 2092 954 corporis.
2123 913 2187 945 Sed
2215 919 2290 954 post
2318 914 2584 944 resurrectionem

1517 966 1585 987 non
1609 957 1667 987 erit
1690 957 1866 988 differentia
1887 959 1921 988 in
1944 958 1993 988 his
2009 958 2188 989 secundum
2205 958 2418 989 diversitatem
2437 967 2582 995 sexuum,

1517 1000 1574 1031 sed
1588 1002 1689 1041 magis
1704 1001 1884 1032 secundum
1900 1002 2113 1033 diversitatem
2132 1003 2332 1034 meritorum.
2356 1003 2398 1033 Et
2412 1001 2487 1033 ideo
2502 1003 2583 1034 ratio

1517 1054 1586 1075 non
1608 1045 1764 1085 procedit.

1573 1089 1624 1119 An
1640 1099 1775 1120 ‘ram-nm
1790 1100 1951 1120 DICBNDUM
1966 1090 2066 1130 quod,
2089 1092 2236 1131 quamvis
2259 1091 2398 1122 feminae
2420 1091 2584 1131 generatio

1518 1133 1558 1162 sit
1580 1138 1705 1173 praeter
1726 1134 1941 1164 intentionem
1964 1140 2096 1165 naturae
2119 1135 2326 1175 particularis,
2351 1140 2398 1166 est
2419 1140 2528 1166 tamen
2544 1134 2584 1166 de

1518 1177 1697 1208 intentione
1720 1183 1852 1208 naturae
1873 1178 2070 1215 universalis,
2093 1188 2177 1219 quae
2200 1179 2241 1209 ad
2262 1179 2495 1219 perfectionem
2523 1180 2584 1210 hu-

1518 1230 1632 1252 manae
1654 1222 1774 1262 speciei
1797 1227 1971 1263 utrumque
1994 1232 2107 1254 sexum
2129 1223 2271 1263 requirit.
2294 1223 2364 1254 Nec
2379 1232 2418 1254 ex
2433 1232 2511 1254 sexu
2526 1224 2585 1254 erit

1518 1266 1562 1296 ibi
1586 1266 1700 1306 aliquis
1724 1265 1877 1306 defectus,
1901 1271 1938 1297 ut
1960 1276 1999 1297 ex
2022 1266 2114 1297 dictis
2130 1268 2147 1284 *
2169 1272 2268 1308 patet.

1573 1341 1673 1372 ART.
1691 1341 1743 1372 IV.
1768 1351 1873 1372 urium
1896 1351 2125 1372 ausoauso-rum
2148 1351 2215 1372 smr
2238 1351 2270 1372 m
2293 1351 2367 1372 ’στι-Α
2389 1351 2528 1378 aurunt,

1540 1395 1581 1416 UT
1611 1396 1746 1416 scrucn'r
1775 1395 1920 1416 UTANTUR
1949 1396 2031 1416 Actu
2060 1396 2247 1417 NUTRH‘IVAR
2277 1396 2316 1417 ΕΤ
2347 1396 2563 1418 GRNRRATIVAB

1679 1436 1739 1458 Part.
1755 1436 1765 1457 1
1805 1441 1827 1457 u.
1842 1440 1918 1463 xcvn,
1933 1439 1976 1458 nrt.
1991 1442 2015 1465 3;
2030 1435 2063 1458 1v
2077 1436 2144 1458 cont.
2161 1435 2242 1462 σαι,
2257 1441 2309 1463 cap.
2323 1441 2424 1462 ιιιιιιις

1653 1442 1898 1490 Compendqrheol„
1919 1468 1969 1490 cap.
1994 1468 2061 1487 ccvi:
2081 1462 2107 1484 In
2127 1462 2168 1484 Iob
2203 1468 2254 1490 cap.
2276 1469 2328 1489 xix,
2343 1463 2396 1484 lect.
2420 1468 2448 1488 u:

1612 1489 1637 1510 In
1651 1489 1744 1516 Matth.,
1759 1495 1811 1517 cap.
1825 1495 1887 1516 xxn3
1902 1489 1912 1510 1
1926 1489 1960 1511 ad
1974 1488 2039 1516 Cor„
2055 1495 2107 1517 cap.
2123 1495 2153 1514 vr,
2168 1478 2220 1511 sect.
2235 1495 2265 1516 ¹¹3
2280 1495 2331 1517 enp.
2345 1495 2384 1516 xv,
2398 1489 2451 1511 leet.
2466 1495 2489 1511 v.

1582 1548 1603 1568 n
1628 1548 1778 1569 unaarum
1800 1549 1846 1569 s1c
1868 1548 2074 1570 PROCEDITUR.
2091 1538 2226 1570 Videtur
2251 1539 2342 1580 quod
2365 1545 2532 1580 resurgent
2550 1540 2585 1571 in

1519 1551 1647 1613 Avita
1669 1583 1812 1620 animali,
1836 1589 1873 1614 ut
1895 1584 2016 1614 scilicet
2039 1589 2169 1614 utantur
2192 1589 2265 1614 actu
2284 1584 2454 1615 nutritivae
2477 1589 2509 1614 et
2530 1593 2586 1625 ge·-

1516 1628 1686 1658 nerativae.
1711 1627 1797 1666 Quia
1818 1628 2008 1659 resurrectio
2032 1633 2140 1659 nostra
2164 1629 2222 1659 erit
2242 1628 2421 1660 conformis
2447 1636 2585 1660 resurre-

1517 1672 1617 1702 ctioni
1641 1671 1759 1703 Christi
1774 1673 1800 1702 ³.
1826 1671 1890 1703 Sed
1913 1672 2059 1703 Christus
2081 1677 2156 1713 post
2178 1674 2446 1704 resurrectionem
2470 1673 2586 1713 legitur

1517 1715 1712 1747 comedisse:
1744 1722 1781 1747 ut
1802 1722 1891 1757 patet
1913 1717 2001 1748 Ioan.
2026 1717 2083 1748 ult.
2100 1717 2117 1734 ¹*
2141 1722 2172 1747 et
2195 1717 2275 1748 Luc.
2300 1717 2358 1748 ult.
2374 1718 2410 1734 ‘⁴‘
2442 1717 2529 1758 Ergo
2553 1723 2586 1748 et

1515 1760 1664 1806 homines
1687 1766 1762 1801 post
1784 1761 2050 1792 resurrectionem
2069 1760 2252 1792 comedent.
2276 1761 2318 1792 Et
2333 1761 2446 1792 eadem
2461 1761 2585 1793 ratione

1515 1805 1724 1845 generabunt.

1573 1858 1602 1879 2.
1627 1849 1830 1886 Pmmnm,
1854 1849 2016 1880 distinctio
2040 1859 2176 1881 sexuum
2199 1849 2239 1880 ad
2261 1851 2504 1891 generationem
2532 1859 2584 1882 or-

1516 1892 1659 1924 dinatur:
1684 1899 1716 1924 et
1739 1893 1882 1924 similiter
1899 1894 2123 1926 instrumenta
2152 1904 2235 1935 quae
2266 1894 2449 1925 deserviunt
2474 1895 2584 1926 virtuti

1515 1938 1704 1974 nutritivae,
1730 1938 1917 1974 ordinantur
1941 1938 1981 1969 ad
2004 1939 2248 1970 comestionem.
2283 1938 2347 1970 Sed
2372 1939 2474 1973 homo
2507 1948 2583 1971 curn

1517 1982 1668 2013 omnibus
1691 1982 1877 2013 huiusmodi
1901 1988 2043 2023 resurget
2058 1984 2085 2014 ff.
2116 1983 2205 2024 Ergo
2236 1988 2344 2014 utetur
2373 1983 2495 2015 actibus
2521 1984 2583 2015 vir-

1516 2026 1592 2056 tutis
1614 2027 1815 2066 generativae
1839 2031 1871 2057 et
1893 2027 2072 2058 nutritivae.

1573 2070 1603 2100 3.
1619 2070 1816 2107 Pinarum,
1835 2076 1923 2102 totus
1938 2072 2040 2102 homo
2056 2070 2255 2102 beatificatur
2270 2076 2302 2102 et
2317 2070 2496 2102 secundum
2516 2071 2584 2103 ani-

1516 2123 1605 2144 mam
1628 2120 1659 2145 et
1682 2115 1862 2146 secundum
1885 2125 2004 2156 corpus
2019 2117 2046 2146 “.
2075 2115 2140 2147 Sed
2162 2114 2328 2147 beatitudo
2351 2116 2418 2146 sive
2441 2115 2583 2153 felicitas,

1517 2158 1696 2190 secundum
1715 2159 1951 2200 Philosophum
1966 2161 1993 2196 “,
2010 2160 2043 2191 in
2067 2159 2208 2200 perfecta
2224 2160 2412 2200 operatione
2429 2160 2583 2191 consistit.

1517 2203 1604 2243 Ergo
1632 2209 1761 2244 oportet
1793 2203 1883 2244 quod
1915 2214 2029 2235 omnes
2062 2204 2226 2245 potentiae
2255 2204 2381 2235 animae
2412 2209 2444 2234 et
2475 2205 2585 2246 omnia

1517 2248 1662 2278 membra
1685 2248 1748 2279 sint
1769 2248 1803 2279 in
1827 2249 1892 2279 suis
1915 2249 2038 2280 actibus
2053 2249 2088 2280 in
2102 2249 2203 2280 beatis
2218 2254 2292 2289 post
2307 2249 2583 2280 resurrectionem.

1518 2292 1559 2322 Et
1582 2293 1626 2323 sic
1650 2292 1736 2323 idem
1760 2292 1850 2333 quod
1873 2294 1971 2333 prius.

1573 2346 1604 2375 4.
1629 2337 1825 2373 PRAaTnmzA,
1853 2337 1885 2368 in
1909 2338 2009 2368 beatis
2031 2342 2106 2378 post
2128 2337 2395 2368 resurrectionem
2425 2337 2483 2367 erit
2513 2346 2585 2378 per—

1518 2380 1601 2411 fecta
1625 2387 1656 2412 et
1679 2383 1770 2412 beata
1793 2381 1984 2413 iucunditas.
2010 2381 2072 2413 Sed
2095 2382 2165 2412 talis
2187 2381 2368 2412 iucunditas
2392 2390 2506 2412 omnes
2529 2380 2585 2412 de-

1517 2425 1704 2456 lectationes
1726 2425 1877 2456 includit:
1902 2427 1979 2467 quia
2000 2425 2165 2458 beatitudo
2183 2431 2230 2457 est
2251 2430 2354 2457 status
2370 2426 2513 2456 omnium
2529 2426 2585 2456 bo-

1518 2479 1637 2500 norum
1670 2471 1911 2512 aggregatione
1935 2471 2102 2512 perfectus
2119 2471 2154 2508 ’ς
2185 2475 2216 2501 et
2246 2469 2426 2511 perfectum
2454 2475 2502 2501 est
2531 2470 2585 2501 cui

1518 2514 1600 2544 nihil
1621 2514 1709 2545 deest
1723 2516 1749 2545 ’ἢ
1782 2514 1869 2546 Cum
1899 2525 1975 2555 ergo
2006 2516 2040 2546 in
2070 2521 2143 2546 actu
2166 2515 2291 2546 virtutis
2322 2515 2523 2555 generativae
2553 2519 2585 2545 et

1517 2559 1686 2590 nutritivae
1710 2560 1749 2590 sit
1772 2569 1888 2600 magna
1911 2559 2100 2596 delectatio,
2123 2558 2250 2590 videtur
2272 2558 2362 2600 quod
2390 2559 2468 2589 tales
2495 2563 2585 2590 actus

1517 2602 1557 2633 ad
1579 2604 1678 2634 vitam
1701 2604 1872 2635 animalem
1895 2604 2091 2644 pertinentes
2114 2604 2148 2634 in
2171 2604 2271 2634 beatis
2294 2608 2398 2634 erunt.
2423 2603 2464 2634 Et
2478 2603 2584 2635 multo

1518 2647 1631 2678 fortius
1654 2649 1688 2678 in
1712 2648 1789 2685 aliis,
1814 2649 1870 2689 qui
1893 2649 2000 2679 minus
2023 2648 2198 2688 spiritualia
2213 2657 2350 2688 corpora
2364 2647 2538 2678 habebunt.

1574 2691 1636 2722 San
1661 2702 1784 2723 CONTRA
1808 2702 1862 2723 asr
1886 2692 1976 2733 quod
1999 2692 2114 2724 dicitur
2137 2692 2249 2723 Matth.
2266 2702 2330 2722 xxn
2345 2693 2380 2722 *z
2405 2691 2444 2722 In
2476 2701 2585 2723 resur-

1518 2737 1660 2767 rectione
1684 2746 1785 2778 neque
1808 2737 1928 2768 nubent
1949 2746 2051 2779 neque
2074 2737 2243 2768 nubentur.

1574 2790 1603 2811 2.
1628 2781 1834 2817 PRAETEREA,
1865 2782 2028 2822 generatio
2060 2780 2224 2812 ordinatur
2254 2780 2294 2811 ad
2326 2779 2584 2811 subveniendum

1518 2824 1658 2856 defectui
1681 2826 1737 2866 qui
1759 2835 1817 2866 per
1839 2832 1979 2856 mortem
2002 2825 2127 2862 accidit,
2144 2825 2184 2856 ad
2206 2825 2508 2866 multiplicationem
2523 2824 2584 2855 hu·

1516 2870 1604 2900 mani
1627 2870 1769 2910 generis3
1795 2876 1826 2901 et
1850 2871 2006 2901 comestio
2031 2869 2071 2901 ad
2093 2870 2357 2901 restaurationem
2381 2867 2536 2909 deperditi
2552 2873 2584 2899 et

1518 2913 1557 2944 ad
1573 2920 1783 2954 augmentum
1807 2915 2000 2955 quantitatis.
2025 2914 2088 2945 Sed
2102 2915 2136 2945 in
2152 2919 2235 2945 statu
2258 2912 2496 2944 resurrectionis
2518 2913 2584 2943 iam

1517 2958 1697 2989 humanum
1712 2968 1814 2999 genus
1829 2959 1958 2990 habebit
1973 2964 2075 2990 totam
2090 2957 2331 2990 multitudinem
2342 2956 2583 2988 individuorum

1518 3012 1536 3033 a
1559 3002 1630 3033 Deo
1654 3002 1871 3043 praefinitam:
1897 3004 1975 3044 quia
1994 3012 2098 3044 usque
2121 3002 2161 3034 ad
2183 3003 2248 3033 hoc
2269 3001 2433 3042 generatio
2461 2999 2582 3031 defere-

1517 3052 1569 3077 tur
1584 3048 1610 3077 *.
1643 3047 1793 3078 Similiter
1824 3048 1919 3078 etiam
1950 3047 2084 3088 quilibet
2113 3047 2214 3078 homo
2244 3051 2386 3086 resurget
2416 3045 2450 3075 in
2477 3043 2583 3076 debita

1518 3092 1704 3132 quantitate.
1728 3091 1797 3122 Nec
1812 3091 1874 3122 erit
1889 3092 1976 3122 ultra
1992 3101 2081 3123 mors
2095 3092 2122 3127 ¹⁵,
2139 3096 2195 3121 aut
2209 3090 2314 3131 aliqua
2330 3088 2507 3130 deperditio
2528 3088 2584 3120 fiet

1518 3145 1537 3165 a
1559 3135 1700 3176 partibus
1723 3136 1874 3166 hominis.
1905 3136 1991 3176 Ergo
2023 3135 2136 3166 frustra
2159 3141 2241 3166 esset
2264 3139 2353 3165 actus
2382 3133 2583 3174 genet-ativae

1519 3185 1550 3210 et
1571 3180 1741 3210 nutritivae
1763 3181 1897 3210 virtutis.

1572 3224 1762 3254 stpounno
1786 3234 1947 3255 nrcnnmm
1969 3222 2060 3264 quod
2089 3223 2277 3254 resurrectio
2300 3231 2369 3253 non
2392 3222 2450 3252 erit
2472 3230 2582 3252 neces-

1518 3269 1598 3299 saria
1620 3268 1746 3299 homini
1768 3273 1900 3309 propter
1927 3269 2065 3309 primam
2093 3267 2326 3308 perfectionem
2355 3267 2475 3307 ipsius,
2499 3274 2582 3306 quae

1519 3313 1663 3344 consistit
1685 3313 1719 3343 in
1741 3313 1921 3352 integritate
1944 3321 2058 3343 eorum
2081 3321 2164 3352 quae
2188 3311 2227 3342 ad
2249 3316 2396 3342 naturam
2419 3315 2580 3350 spectant:

1518 3358 1595 3398 quia
1617 3355 1657 3388 ad
1679 3357 1743 3387 hoc
1765 3357 1867 3388 homo
1898 3357 2065 3397 pervenire
2095 3361 2203 3396 potest
2232 3357 2265 3386 in
2296 3360 2379 3386 statu
2407 3354 2582 3395 praesentis

1518 3402 1601 3432 vitae
1624 3410 1681 3442 per
1703 3401 1864 3432 actionem
1888 3409 2055 3432 causarum
2083 3400 2285 3431 naturalium.
2318 3398 2381 3430 Sed
2412 3398 2582 3429 necessitas

1518 3445 1756 3477 resurrectionis
1773 3451 1819 3476 est
1834 3444 1874 3476 ad
1890 3443 2151 3485 consequendam
2174 3444 2320 3475 ultimam
2339 3442 2581 3484 perfectionem,

1519 3499 1601 3531 quae
1626 3490 1770 3520 consistit
1792 3490 1826 3520 in
1848 3489 2056 3530 perventione
2079 3488 2119 3519 ad
2141 3488 2292 3519 ultimum
2314 3487 2424 3519 finem.
2446 3486 2488 3518 Et
2507 3485 2581 3517 ideo

460 3529 646 3560 Rnsponnno
674 3540 832 3560 DICRNDUM
855 3531 944 3571 quod
967 3533 1058 3568 sicut,
1076 3533 1274 3564 considerata
1288 3539 1400 3565 natura
1415 3535 1463 3565 in—
1480 3539 1504 3560 57
1519 3534 1591 3565 illae
1612 3535 1815 3574 operationes
1830 3533 1988 3564 naturales
2004 3542 2086 3574 quae
2102 3532 2289 3564 ordinantur
2305 3531 2344 3563 ad
2359 3532 2495 3572 primam
2511 3539 2582 3571 per-

2611 481 2622 492 ·
2635 480 2687 502 Art.
2701 481 2809 508 praeced.

2611 1278 2623 1288 ·
2635 1276 2704 1306 Resp.
2718 1277 2748 1299 nd
2762 1283 2784 1300 π.

2635 1677 2667 1700 Ω

2666 1693 2672 1700 .
2687 1683 2726 1707 qn.
2740 1684 2808 1701 mvi
2816 1695 2823 1705 .

2611 1707 2658 1770 κς,
2611 1678 2622 1690 ·

2610 1986 2620 1997 ·
2638 1985 2675 2007 Cf.
2694 1989 2737 2008 nrt.
2757 1990 2825 2014 prte-

2610 2011 2678 2061 1·εὲἀὶ
2683 2017 2734 2060 ιςιι.
2753 2018 2824 2038 uu.

2611 2118 2622 2129 ·
2632 2117 2668 2140 Cf.
2680 2123 2720 2146 qu.
2735 2123 2815 2140 mvn

2611 2147 2699 2192 εκ·
2710 2150 2762 2193 :5⁸-
2776 2135 2826 2167 ⁸⁶³

2611 2198 2622 2208 “
2642 2195 2718 2220 Bluc-
2737 2198 2778 2220 lib.
2799 2197 2823 2224 1.

2611 2228 2663 2252 enp-
2683 2229 2730 2251 ω,
2743 2230 2767 2247 n.
2784 2230 2823 2254 153

2611 2255 2824 2304 ῗῆλὲἓὲιῗὲιὲέ

2611 2303 2651 2326 lib.
2666 2302 2696 2330 X.
2756 2320 2762 2326 .
2777 2310 2807 2326 vn
2818 2321 2825 2330 ,

2610 2336 2636 2379 ἓ..
2648 2337 2671 2357 ις
2685 2329 2737 2353 ..Τ
2753 2346 2760 2354 .
2770 2331 2822 2353 leet.

2612 2475 2623 2486 ·
2636 2473 2701 2497 Boot.
2716 2474 2747 2497 de
2761 2474 2823 2497 Con-

2610 2580 2652 2603 tib.
2669 2579 2710 2608 111,
2719 2570 2776 2614 ἀρ.
2790 2569 2824 2607 π’,

2611 2607 2709 2656 ῗὲἑὲῑ
2719 2617 2732 2624 '
2742 2608 2767 2630 *⁸*
2777 2606 2822 2629 π·

2611 2696 2704 2720 ‘Vn-⁸.
2717 2702 2755 2727 ³⁰·

2611 3047 2621 3057 ·
2629 3045 2666 3068 Cf.
2675 3045 2730 3068 dist.
2739 3051 2821 3073 uun,

2610 3076 2763 3121 mm
2773 3078 2821 3129 ζ’·

2610 3125 2697 3154 'Apum
2711 3131 2763 3154 etp.
2774 3131 2823 3153 m,

2610 3158 2669 3174 vern.
2683 3159 2707 3180 4.
