2918 4088
201 903 212 914 ·
232 902 370 929 Quaesitum
390 907 411 923 ιι.

202 992 211 1002 ·
227 991 366 1018 Quaesitum
381 996 411 1012 ιιι.

200 1081 210 1091 ·
226 1080 261 1102 Cf.
277 1085 340 1101 uum.
355 1085 385 1101 iv.

201 1565 210 1573 ·
226 1563 262 1584 Cf.
281 1567 345 1583 num.
363 1567 410 1589 seq.

207 2658 216 2671 ⁸
231 2656 267 2679 Cf.
287 2657 417 2685 quaesitum

207 2690 293 2711 praec„
304 2683 389 2706 introd.

447 200 522 248 370

1243 199 1552 237 CARDINALIS
1583 198 1828 235 CAIETANI

477 409 585 463 DE
612 407 1166 492 SACRAMENTO
1193 406 1692 462 MATRIMONII
1714 404 2083 471 >TRIPLEX
2109 404 2595 481 QUAESITUM

1237 536 1571 586 QUAESITUM
1603 535 1824 577 PRIMUM

690 633 749 662 AN
774 632 1092 663 MATRIMONIUM
1117 631 1428 662 CONTRACTUM
1451 630 1534 661 PER
1557 629 1920 661 PROCURATOREM
1945 629 2011 660 SIT
2036 629 2371 661 SACRAMENTUM

506 730 576 750 mea
610 726 842 750 sacramentum
872 720 1067 750 matrimonii
1097 720 1234 759 paucula
1261 719 1421 749 tractanda
1449 728 1504 749 oc-

443 731 646 795 Ccurrunt.
670 765 711 794 Et
734 765 848 804 primo,
867 765 948 794 circa
964 765 1073 804 ipsum·
1086 764 1281 794 matrimonii
1304 768 1503 794 contractum

439 809 497 838 tria
521 814 694 839 occurrunt
717 808 823 839 dubia.
851 809 994 839 Primum
1016 814 1072 844 est,
1097 818 1136 838 an
1160 808 1402 838 matrimonium
1426 818 1504 838 con-

439 859 575 883 tractum
597 862 654 892 per
670 858 911 892 procuratorem
928 854 967 882 sit
982 857 1232 888 sacramentum;
1257 852 1446 887 secundum,
1464 862 1503 882 an

440 902 622 927 contractus
646 897 840 927 matrimonii
857 897 1069 927 clandestinus
1086 897 1124 926 sit
1141 896 1338 936 quandoque
1354 896 1459 926 licitus
1471 897 1502 932 ἡ

439 943 569 972 tertium
593 945 648 977 est,
673 951 713 971 an
729 942 924 971 matrimonii
941 946 1123 971 contractus
1145 950 1213 970 non
1232 946 1364 980 propter
1378 940 1504 980 prolem

439 995 499 1016 nec
522 991 654 1025 propter
676 985 837 1015 vitandam
861 981 1117 1020 fornicationem,
1142 985 1181 1014 sit
1204 985 1309 1015 licitus
1325 985 1351 1014 *.

506 1083 576 1102 mea
591 1074 731 1112 primum
752 1074 831 1102 ratio
848 1072 936 1102 dubii
953 1078 999 1102 est
1014 1074 1041 1108 *,
1059 1073 1134 1112 quia
1158 1072 1399 1102 matrimonium
1422 1072 1504 1101 inter

505 1116 613 1147 fideles
643 1126 755 1146 verum
779 1122 810 1146 et
833 1122 936 1146 ratum
961 1122 1007 1146 est
1038 1121 1281 1146 sacramentum.
1311 1115 1504 1145 Contractus

439 1166 546 1191 autem
573 1160 760 1190 huiusmodi
792 1170 849 1200 per
880 1165 1102 1200 procuratores
1135 1159 1231 1189 efficit
1262 1160 1504 1189 matrimonium

438 1214 550 1235 verum
575 1210 605 1234 et
628 1209 741 1234 ratum.
766 1204 851 1244 Ergo
876 1210 923 1234 est
946 1204 989 1234 ibi
1013 1209 1256 1233 sacramentum.

493 1249 666 1284 Praeterea,
692 1249 880 1288 coniugium
904 1249 986 1278 inter
1009 1247 1154 1278 infideles
1179 1253 1225 1277 est
1248 1251 1500 1277 sacramentum:

439 1298 474 1323 ut
497 1292 611 1322 dicitur
633 1292 737 1327 Extra,
755 1292 794 1322 de
808 1292 977 1327 Divortiis‚
996 1301 1064 1332 cap.
1084 1291 1279 1322 Gaudemus.
1303 1291 1388 1331 Ergo
1406 1300 1423 1320 a
1439 1290 1504 1320 for-

438 1338 511 1366 tiori
535 1337 722 1376 coniugium
745 1336 941 1372 huiusmodi,
966 1336 1056 1376 quod
1080 1341 1127 1366 est
1150 1345 1263 1366 verum
1279 1340 1310 1365 et
1325 1340 1440 1370 ratum,
1458 1340 1504 1364 est

439 1387 683 1411 sacramentum.

493 1425 531 1455 In
550 1426 729 1465 oppositum
747 1430 793 1454 est
805 1424 894 1464 quod
914 1424 1040 1454 nullum
1057 1429 1292 1454 sacramentum
1308 1423 1505 1453 ministratur

439 1478 495 1508 per
518 1475 769 1508 procuratorem.

494 1514 530 1543 ΙΙ.
547 1513 597 1543 Ad
612 1514 676 1544 hoc
692 1513 841 1543 dicuntur
858 1512 923 1543 duo
936 1514 962 1542 *.
979 1512 1133 1548 Primum,
1146 1511 1264 1542 directe
1276 1510 1502 1551 respondendo

439 1558 593 1597 quaesito,
619 1557 708 1598 quod
723 1558 963 1587 matrimonium
980 1561 1181 1587 contractum
1197 1555 1423 1586 tantummodo
1447 1565 1504 1596 per

438 1607 678 1642 procuratorem
701 1611 767 1632 non
794 1607 840 1632 est
862 1606 1096 1631 sacramentum
1120 1600 1293 1630 Ecclesiae.
1318 1599 1418 1638 Quod
1436 1610 1504 1630 ma-

438 1646 602 1676 nifestatur
626 1646 803 1686 dupliciter.
828 1646 946 1681 Primo,
964 1646 1039 1686 quia
1055 1645 1182 1675 nullum
1198 1649 1435 1675 sacramentum
1451 1654 1504 1675 su·

439 1692 570 1731 scipitur
593 1701 650 1731 per
673 1696 924 1730 procuratorem.
954 1690 1039 1728 Quia
1069 1690 1212 1729 receptio
1244 1690 1433 1720 sacramenti
1457 1694 1504 1719 est

438 1737 543 1775 passio
567 1735 759 1775 personalis:
789 1744 863 1765 cum
887 1736 925 1765 sit
948 1735 1034 1764 intus
1058 1733 1190 1774 quidem
1221 1733 1362 1774 receptio
1386 1734 1503 1773 gratiae

439 1780 689 1816 sacramentalis3
721 1779 798 1809 foris
820 1789 896 1809 vero
925 1779 1027 1819 exigat
1054 1779 1195 1819 aliquam
1225 1779 1258 1808 in
1282 1788 1339 1808 sua
1365 1787 1503 1817 persona

439 1825 619 1856 sensibilem
643 1824 802 1855 actionem
825 1824 875 1854 vel
898 1824 1091 1863 passionem,
1115 1828 1152 1853 ut
1175 1827 1262 1862 patet
1282 1832 1320 1853 ex
1336 1823 1504 1853 communi

439 1870 562 1900 ratione
585 1869 735 1899 omnibus
758 1868 972 1898 sacramentis.

494 1914 535 1944 Et
553 1913 759 1944 confirmatur
775 1922 813 1942 ex
828 1914 891 1943 hoc
916 1912 1005 1952 quod
1029 1916 1263 1943 sacramentum
1286 1912 1504 1952 poenitentiae

439 1968 507 1988 non
536 1963 642 1998 potest
665 1957 782 1997 suscipi
806 1967 862 1997 per
884 1962 1137 1997 procuratorem.
1171 1956 1269 1992 Nam,
1297 1957 1379 1987 sicut
1402 1966 1504 1987 sacra-

439 2007 585 2032 mentum
616 2002 811 2032 matrimonii
842 2002 985 2032 consistit
1014 2002 1047 2031 in
1077 2001 1309 2037 contractibus,
1337 2001 1380 2031 ita
1404 2010 1505 2031 sacra-

439 2052 585 2077 mentum
600 2047 815 2087 poenitentiae
839 2047 983 2076 consistit
997 2046 1031 2076 in
1047 2046 1169 2076 actibus
1185 2045 1397 2076 iudicialibus.
1421 2045 1505 2076 Tam

440 2097 547 2121 autem
570 2092 603 2121 in
626 2091 825 2122 iudicialibus
850 2100 947 2131 quam
966 2091 999 2121 in
1016 2091 1231 2121 contractibus
1254 2090 1333 2121 nihil
1356 2091 1506 2131 prohibet

439 2135 540 2166 multa
563 2135 631 2166 fieri
655 2145 711 2175 per
732 2141 973 2175 procuratorem
994 2135 1054 2165 nisi
1076 2135 1156 2166 ratio
1173 2135 1375 2166 sacramenti:
1399 2140 1506 2175 potest

441 2181 526 2210 enim
551 2181 621 2220 quis
644 2179 786 2216 iudicari,
811 2180 949 2216 absolvi,
973 2179 1063 2220 ligari
1085 2189 1142 2220 per
1164 2185 1424 2220 procuratorem,
1449 2179 1505 2210 sed

440 2234 507 2255 non
530 2224 804 2255 sacramentaliter.
839 2224 880 2254 Et
902 2224 1045 2254 similiter
1071 2229 1178 2264 potest
1204 2225 1276 2264 quis
1304 2229 1506 2255 contractum

441 2268 544 2299 facere
567 2269 606 2299 de
628 2269 757 2310 propria
779 2279 916 2309 persona
939 2278 996 2309 per
1018 2274 1271 2309 procuratorem,
1296 2268 1352 2299 sed
1373 2278 1443 2299 non
1458 2278 1505 2299 sa-

443 2314 683 2344 eramentaliter.

1612 719 1654 749 Et
1677 718 1884 749 confirmatur
1907 728 2024 749 rursus.
2050 718 2144 757 Quia,
2162 719 2260 759 siper
2283 724 2526 759 procuratorem
2548 729 2625 760 pos-

1558 768 1605 793 set
1628 764 1747 803 suscipi
1776 769 2027 799 sacramentum,
2052 768 2238 803 sequeretur
2261 763 2367 803 quod,
2392 763 2625 795 dormientibus

1558 808 1715 838 ambobus
1746 808 1938 847 coniugibus
1962 807 2040 838 dum
2062 813 2287 848 procuratores
2318 808 2521 844 contrahunt,
2547 818 2624 839 con-

1558 853 1647 892 iuges
1671 857 1904 882 sacramentum
1928 852 2135 892 susciperent,
2157 857 2188 882 et
2210 852 2289 882 nihil
2314 853 2449 883 omnino
2473 863 2491 882 a
2514 853 2626 893 seipsis

1558 901 1613 927 aut
1643 897 1789 926 ministro
1825 896 1933 936 aliquo
1965 897 2153 926 sacramenti
2185 896 2267 926 circa
2298 897 2385 937 ipsos
2415 902 2494 927 tunc
2524 896 2625 928 fieret.

1558 940 1658 978 Quod
1687 950 1755 970 non
1786 940 1893 970 solum
1924 945 1971 970 est
2000 940 2193 977 absurdum,
2224 940 2280 971 sed
2310 950 2378 971 non
2408 941 2624 982 intelligibile,

1558 990 1660 1014 stante
1687 985 1865 1014 constantia
1888 985 2075 1015 sacramenti
2099 994 2138 1015 ex
2160 986 2291 1015 materia
2318 991 2350 1016 et
2375 985 2493 1022 forma,
2519 991 2579 1016 etc.
2603 1005 2627 1009 —

1558 1028 1598 1058 Et
1621 1029 1703 1058 ultra
1726 1029 1803 1064 hoc,
1828 1033 2016 1068 sequeretur
2048 1028 2138 1069 quod
2170 1028 2331 1060 dormiens
2361 1035 2509 1070 peccaret
2538 1040 2626 1062 mor-

1557 1072 1659 1102 taliter
1681 1078 1815 1112 peccato
1839 1072 2009 1112 sacrilegii,
2035 1074 2211 1113 suscipiens
2235 1079 2470 1105 sacramentum
2493 1075 2526 1105 in
2549 1084 2626 1116 pec-

1558 1121 1629 1146 cato
1653 1116 1797 1151 mortali,
1822 1116 1848 1145 si
1876 1117 2061 1156 contigisset
2088 1122 2124 1147 ut
2153 1117 2260 1147 ivisset
2287 1123 2364 1148 tunc
2393 1118 2568 1150 dormitum
2592 1120 2626 1150 in

1557 1165 1692 1199 peccato
1716 1159 1853 1189 mortali.

1611 1203 1687 1233 Non
1712 1208 1759 1233 est
1782 1212 1858 1243 ergo
1883 1204 2072 1243 coniugium
2096 1209 2297 1235 contractum
2326 1205 2409 1236 inter
2431 1206 2542 1238 fideles
2569 1217 2627 1248 per

1556 1251 1780 1286 procuratores
1814 1252 2068 1283 sacramentum,
2103 1246 2208 1278 donec
2241 1249 2395 1289 coniuges
2424 1251 2486 1290 ipsi
2517 1260 2627 1283 coram

1557 1289 1714 1320 ratificent
1737 1295 1948 1321 contractum.
1984 1290 2085 1329 Quod
2107 1296 2185 1322 tunc
2208 1291 2245 1322 fit
2268 1302 2360 1329 cum,
2385 1302 2494 1325 coram
2517 1297 2626 1335 positi,

1557 1335 1662 1374 primo
1686 1334 1890 1365 manifestant
1913 1335 1972 1365 sibi
1993 1335 2133 1366 invicem
2156 1345 2190 1366 se
2212 1336 2329 1368 habere
2352 1342 2389 1367 ut
2412 1339 2576 1379 coniuges.

1613 1378 1665 1408 111.
1691 1378 1877 1409 Secundum
1905 1384 1952 1409 est
1982 1379 2087 1419 quod,
2115 1379 2191 1410 licet
2219 1380 2407 1412 huiusmodi
2438 1384 2628 1424 coniugium

1557 1432 1615 1463 per
1637 1428 1881 1462 procuratorem
1905 1428 2105 1454 contractum
2133 1434 2201 1454 non
2229 1425 2268 1455 sit
2295 1432 2548 1465 sacramentum,
2581 1433 2629 1459 est

1557 1473 1666 1497 tamen
1677 1476 1790 1497 verum
1802 1467 2000 1507 coniugium,
2010 1467 2160 1499 dirimens
2173 1469 2405 1510 quodcumque
2417 1471 2504 1503 aliud
2514 1478 2629 1513 postea

1558 1517 1760 1542 contractum
1784 1517 1815 1542 et
1834 1518 2109 1543 consummatum:
2134 1513 2238 1544 multo
2254 1515 2355 1555 magis
2372 1524 2470 1555 quam
2485 1517 2628 1557 primum

1558 1557 1749 1596 coniugium
1778 1556 1861 1586 inter
1892 1555 2037 1587 infideles
2068 1556 2187 1588 dirimit
2216 1558 2414 1596 secundum,
2446 1566 2483 1591 ut
2513 1561 2628 1593 dicitur

1557 1601 1663 1636 Extra,
1687 1600 1726 1630 de
1742 1599 1912 1636 Divertiis,
1938 1610 2007 1641 cap.
2026 1601 2221 1633 Gaudemus.

1613 1645 1724 1675 Potest
1756 1650 1866 1675 tamen
1899 1643 2023 1675 facilius
2058 1645 2187 1677 dissolvi
2222 1646 2262 1678 de
2293 1657 2454 1680 consensu
2487 1651 2628 1690 partium

1557 1689 1748 1729 Apostolica
1759 1689 1947 1719 auctoritate
1962 1690 2205 1721 matrimonium
2219 1688 2278 1732 per
2288 1699 2532 1733 procuratorem
2549 1704 2628 1726 con-

1558 1739 1695 1764 tractum
1719 1742 1817 1773 quam
1837 1742 1895 1773 per
1917 1734 2039 1774 seipsos
2056 1735 2209 1776 coniuges
2226 1742 2446 1769 contractum:
2471 1740 2628 1780 quoniam

1558 1779 1592 1808 in
1614 1778 1671 1808 illo
1695 1777 1784 1808 deest
1807 1783 2052 1815 sacramentum,
2077 1779 2167 1820 quod
2189 1789 2258 1811 non
2281 1780 2370 1812 deest
2392 1783 2478 1814 huic.

1614 1822 1667 1852 1V.
1691 1821 1743 1852 Ad
1766 1822 1908 1862 primum
1932 1832 2008 1863 ergo
2037 1823 2255 1855 obiectionem
2277 1826 2312 1856 in
2335 1827 2525 1867 oppositum
2539 1829 2558 1846 ⁵
2580 1827 2628 1860 di·

1559 1867 1641 1897 citur
1671 1866 1762 1907 quod
1792 1867 1981 1907 coniugium
2011 1866 2127 1898 dicitur
2156 1873 2261 1900 ratum
2292 1869 2474 1911 dupliciter:
2505 1873 2557 1904 vel
2579 1883 2628 1904 ra-

1559 1911 1711 1947 dicaliter,
1734 1910 1786 1941 vel
1809 1910 1994 1947 formaliter.
2019 1911 2060 1942 Et
2083 1912 2173 1953 quod
2196 1914 2386 1954 coniugium
2403 1914 2549 1947 fidelium
2571 1926 2630 1958 per

1558 1961 1782 1996 procuratores
1815 1961 2018 1986 contractum
2049 1962 2096 1987 est
2125 1963 2230 1988 ratum
2260 1959 2295 1989 in
2324 1959 2431 1990 radice
2461 1960 2628 2002 baptismi,

1559 2010 1627 2030 non
1651 2005 1759 2031 autem
1783 2005 1830 2030 est
1853 2005 1958 2031 ratum
1989 2010 2027 2031 ex
2050 2000 2153 2032 forma
2182 2002 2282 2042 ipsius
2305 2005 2495 2036 sacramenti
2520 2007 2630 2038 matri-

1559 2045 1672 2075 monii.
1697 2044 1897 2084 Coniugium
1921 2050 2030 2075 autem
2053 2046 2135 2077 inter
2157 2045 2303 2078 infideles
2326 2053 2442 2080 neutro
2463 2049 2565 2081 modo
2582 2056 2630 2082 est

1560 2094 1675 2119 ratum.

1614 2133 1667 2164 Ad
1689 2132 1869 2164 secundum
1885 2132 2001 2164 dicitur
2024 2133 2114 2174 quod
2129 2135 2181 2166 vel
2205 2140 2252 2166 est
2273 2136 2398 2168 locutio
2421 2138 2628 2176 intransitiva,

1559 2183 1596 2209 ut
1611 2177 1733 2209 dicatur
1755 2182 1995 2208 sacramentum
2011 2179 2158 2221 coniugii
2174 2189 2235 2220 pro
2251 2181 2418 2224 coniugio.
2442 2182 2503 2213 Vel
2525 2183 2631 2215 latiori

1559 2222 1720 2253 vocabulo
1743 2222 1880 2253 sumitur
1902 2228 2165 2254 sacramentum:
2194 2229 2226 2255 et
2254 2234 2323 2256 non
2345 2227 2493 2267 proprie,
2522 2233 2559 2258 ut
2579 2237 2629 2260 re-

1559 2267 1722 2307 stringitur
1745 2266 1785 2297 ad
1808 2266 2054 2307 significandum
2084 2274 2319 2300 sacramentum
2341 2280 2446 2302 novae
2468 2271 2557 2312 legis,
2589 2271 2630 2304 de

1559 2322 1626 2352 quo
1650 2311 1721 2342 solo
1746 2316 1793 2341 est
1815 2316 1925 2342 nostra
1948 2312 2105 2352 quaestio.

1189 2470 1528 2524 QUAESITUM
1563 2470 1880 2513 SECUNDUM

731 2565 791 2595 AN
815 2565 1081 2596 MATRIMONH
1106 2564 1404 2596 CONTRACTUS
1428 2563 1761 2595 CLANDESTINUS
1785 2564 1852 2595 srr
1876 2564 2156 2603 QUANDOQUE
2179 2564 2352 2597 Llcrrus

510 2664 582 2684 ch
605 2654 784 2684 secundum
800 2656 827 2688 θ,
851 2665 890 2685 an
914 2655 1110 2686 matrimonii
1138 2660 1320 2685 contractus
1344 2653 1513 2684 clandesti-

510 2709 571 2729 nus
594 2699 633 2728 sit
656 2698 852 2738 quandoque
880 2699 1002 2735 licitus,
1028 2700 1148 2739 absque
1179 2699 1373 2739 argumentis
1402 2698 1510 2729 dicen-

445 2743 523 2774 dum
547 2748 594 2773 est
617 2742 716 2783 quod,
733 2752 808 2773 cum
825 2749 1005 2774 contractus
1022 2743 1236 2774 clandestinus
1252 2753 1320 2774 non
1336 2744 1375 2773 sit
1398 2752 1512 2773 secun-

446 2788 523 2818 dum
547 2797 580 2818 se
603 2788 706 2817 malus
729 2788 913 2823 mortaliter,
938 2787 993 2818 sed
1016 2789 1139 2818 ratione
1163 2787 1378 2819 accidentium
1398 2797 1436 2818 ex
1454 2787 1511 2818 illo

446 2832 724 2872 consequentium,
749 2831 822 2862 ideo
846 2832 879 2862 in
904 2841 978 2862 casu
1002 2841 1068 2872 quo
1093 2838 1251 2863 cessarent
1274 2833 1383 2863 omnia
1398 2833 1512 2862 incon-

444 2877 622 2912 venientia,
650 2877 773 2907 licitum
797 2882 878 2906 esset
902 2877 1088 2907 contrahere
1112 2877 1323 2908 clandestine:
1356 2877 1512 2918 quoniam

445 2927 523 2951 tunc
546 2922 641 2951 etiam
665 2926 801 2951 cessaret
823 2921 975 2961 obligatio
1000 2921 1076 2951 iuris
1099 2922 1243 2961 positivi,
1268 2921 1358 2962 quod
1380 2926 1513 2962 propter

446 2965 632 2996 huiusmodi
655 2965 915 2995 inconvenientia
939 2970 1063 2996 constat
1086 2975 1259 2996 emanasse.

502 3010 538 3039 II.
556 3009 723 3050 Contingit
746 3015 853 3040 autem
877 3010 916 3040 de
932 3009 1016 3041 facto
1039 3010 1157 3050 pluries
1182 3020 1272 3041 casus
1295 3011 1364 3047 iste,
1382 3010 1512 3051 quando

447 3054 688 3084 matrimonium
711 3059 912 3085 contractum
935 3060 982 3084 est
1011 3055 1044 3084 in
1075 3054 1155 3085 facie
1187 3055 1350 3085 Ecclesiae
1380 3060 1412 3086 et
1434 3062 1513 3085 con-

448 3104 654 3134 summatum,
680 3104 710 3128 et
732 3103 841 3128 tamen
864 3098 924 3128 fuit
947 3099 980 3129 in
1003 3099 1134 3129 veritate
1157 3099 1285 3130 nullum
1307 3104 1440 3140 propter
1457 3099 1513 3129 ali-

449 3142 538 3181 quod
562 3143 726 3173 occultum
749 3142 1017 3182 impedimentum
1034 3142 1197 3173 dirimens:
1223 3148 1301 3183 puta
1324 3143 1400 3183 quia
1422 3152 1513 3183 prae-

450 3193 643 3226 cognoverat
666 3187 937 3226 consanguineam
960 3187 1077 3217 uxoris.
1102 3187 1197 3218 Tunc
1216 3188 1312 3223 enim,
1329 3187 1435 3218 habita
1451 3187 1513 3218 dis-

450 3231 637 3269 pensatione
660 3240 717 3270 per
740 3237 874 3261 secretas
896 3232 973 3267 vias,
998 3237 1104 3271 potest
1127 3237 1158 3262 et
1176 3231 1270 3262 debet
1286 3232 1431 3262 contrahi
1446 3241 1513 3262 ma—

450 3274 639 3304 trimonium
662 3275 729 3304 sine
752 3275 894 3310 testibus,
919 3275 958 3305 ad
982 3275 1165 3305 evitandum
1189 3275 1384 3306 scandalum.
1409 3275 1513 3306 Immo

450 3327 511 3347 nec
528 3319 657 3358 coniugi
673 3318 766 3348 debet
784 3318 1051 3358 impedimentum
1067 3319 1283 3350 manifestare:
1308 3319 1363 3350 sed
1380 3319 1514 3350 dulciter

451 3370 562 3400 rogare
582 3367 627 3397 ut,
643 3371 702 3401 pro
728 3362 949 3392 consolatione
972 3373 1038 3398 sua,
1055 3363 1130 3393 velit
1153 3373 1185 3393 se
1209 3364 1325 3393 iterum
1349 3369 1513 3403 acceptare

452 3406 485 3434 in
502 3406 690 3445 coniugem;
711 3411 751 3441 et,
768 3411 856 3445 parte
872 3407 1070 3442 assentiente,
1088 3406 1213 3437 sufficit.
1240 3407 1292 3438 Sic
1315 3408 1400 3437 enim
1417 3407 1514 3437 evita-

451 3454 504 3478 tur
519 3450 624 3479 omnis
640 3449 788 3485 infamia;
814 3455 844 3479 et
860 3450 1019 3480 intentum
1035 3451 1186 3486 habetur;
1212 3456 1243 3480 et
1265 3451 1392 3480 nullum
1408 3456 1515 3490 potest

451 3492 682 3523 inconveniens
711 3494 802 3533 sequi
831 3503 869 3523 ex
891 3493 1077 3523 huiusmodi
1108 3493 1305 3524 clandestino
1337 3499 1512 3524 contractu.

1622 2653 1674 2684 111.
1698 2654 1751 2684 An
1774 2663 1862 2690 vero,
1886 2659 1959 2685 ante
1983 2660 2185 2686 contractum
2211 2656 2245 2686 in
2271 2655 2353 2687 facie
2379 2656 2543 2688 Ecclesiae
2565 2666 2633 2688 ma-

1564 2699 1764 2734 fflmonium,
1789 2698 1932 2729 accidere
1955 2699 2057 2739 possit
2083 2709 2174 2730 casus
2201 2700 2235 2730 in
2261 2709 2328 2741 quo
2355 2700 2461 2732 licitus
2487 2702 2528 2732 sit
2553 2711 2633 2733 con-

1564 2748 1682 2773 tractus
1705 2742 1930 2780 clandestian
1955 2753 2023 2774 non
2046 2744 2126 2774 mihi
2146 2745 2286 2775 occurrit
2305 2744 2345 2775 de
2361 2745 2559 2776 clandestino
2575 2755 2634 2787 per

1565 2797 1617 2818 se:
1651 2787 1708 2818 sed
1738 2793 1846 2828 potest
1877 2788 2063 2828 contingere
2095 2787 2135 2819 de
2166 2788 2364 2820 clandestino
2395 2799 2453 2830 per
2485 2789 2632 2821 accidens

1566 2831 1656 2872 quod
1683 2832 1722 2862 sit
1752 2838 1807 2862 aut
1836 2832 1958 2868 licitus,
1983 2838 2038 2863 aut
2069 2833 2138 2863 sine
2170 2833 2298 2864 mortali
2330 2839 2475 2874 peccato.
2510 2834 2632 2865 Licitus

1566 2875 1712 2916 quidem,
1737 2876 1763 2906 si
1787 2877 1987 2917 contingeret
2010 2886 2115 2908 carere
2138 2877 2281 2914 testibus,
2310 2883 2341 2908 et
2368 2883 2531 2918 oporteret
2553 2887 2632 2909 con—

1565 2921 1707 2951 trahere:
1735 2925 1781 2957 ut,
1806 2921 1832 2951 si
1854 2921 1888 2951 in
1912 2921 1998 2951 bello
2025 2930 2083 2952 seu
2110 2921 2288 2962 direptione
2315 2922 2448 2952 civitatis
2475 2921 2552 2952 salvi
2574 2921 2632 2953 fie-

1565 2970 1635 2996 rent
1666 2965 1845 3005 coniugafi,
1877 2970 2009 3005 possent
2040 2975 2197 3006 personae
2230 2966 2351 2996 habiles
2382 2966 2569 2996 contrahere
2601 2972 2633 2997 et

1567 3018 1810 3045 consummare,
1839 3014 1875 3040 ut
1897 3009 1949 3040 vel
1976 3010 2021 3040 sic
2049 3009 2219 3041 evaderent
2247 3010 2430 3050 opprobria,
2455 3015 2534 3046 etc.;
2565 3020 2632 3042 ces-

1566 3059 1636 3085 sant
1659 3054 1746 3084 enim
1774 3054 1884 3084 omnia
1910 3054 2186 3090 inconvenientia,
2211 3059 2243 3084 et
2264 3059 2389 3094 praeter
2418 3054 2632 3086 intentionem

1567 3103 1614 3129 est
1643 3097 1877 3128 clandestinum
1906 3098 2159 3128 matrimonium.

1621 3141 1754 3182 Absque
1780 3141 1908 3172 mortali
1934 3151 2025 3178 vero,
2045 3147 2082 3172 ut
2112 3142 2137 3172 si
2169 3141 2276 3181 puella
2310 3142 2369 3172 sub
2399 3142 2546 3182 malignis
2579 3148 2629 3174 tu-

1566 3187 1708 3222 toribus,
1741 3195 1783 3216 ne
1814 3185 1955 3216 tradatur
1983 3186 2052 3216 viro
2075 3185 2271 3226 imprudenti
2301 3195 2376 3217 cum
2400 3185 2518 3217 damno
2543 3186 2632 3218 debi-

1566 3236 1617 3260 tae
1646 3230 1706 3260 sibi
1741 3229 1824 3260 dotis
1854 3234 1909 3260 aut
1936 3228 2118 3260 hereditatis
2141 3230 2307 3270 propriae,
2344 3230 2450 3260 oblata
2485 3241 2632 3262 commo-

1567 3274 1681 3310 ditate,
1706 3283 1774 3304 non
1802 3273 1912 3304 valens
1938 3273 2054 3304 habere
2081 3278 2176 3304 testes
2208 3279 2406 3313 praesenteS‚
2431 3276 2633 3306 contraheret

1568 3328 1642 3348 cum
1666 3318 1734 3347 viro
1762 3322 1862 3357 grato,
1886 3317 2053 3357 prudente,
2076 3322 2146 3353 etc.,
2168 3317 2270 3348 sciens
2294 3318 2383 3359 quod
2406 3325 2480 3359 post
2510 3319 2632 3351 factum

1567 3362 1778 3401 publicabunt
1799 3362 1867 3401 ipsa
1899 3366 1931 3391 et
1956 3361 2004 3391 vir
2034 3366 2244 3398 contractum,
2270 3368 2301 3392 et
2327 3363 2372 3393 sic
2392 3363 2630 3403 praevalebunt.

1567 3406 1615 3435 Ex
1639 3415 1705 3445 quo
1730 3405 1835 3441 enim,
1859 3405 1960 3444 parati
1990 3405 2169 3445 publicare,
2202 3407 2396 3438 contrahunt
2429 3413 2553 3447 praeter
2582 3409 2632 3438 in-

1566 3454 1691 3479 tentum
1723 3458 1761 3479 ex
1790 3449 1970 3479 rationabili
2000 3459 2094 3479 causa
2124 3450 2206 3480 clam
2219 3474 2226 3486 ‚
2257 3457 2447 3482 excusantur
2479 3452 2591 3483 saltem
2613 3462 2632 3483 a

1567 3493 1704 3523 mortali.

2654 1834 2666 1844 ·
2678 1831 2750 1854 Num.
2765 1837 2782 1854 ι.
