2918 4088
451 187 525 224 380

444 274 609 294 ARTICULUS
624 275 655 294 111

526 356 540 371 D

445 631 610 653 ARTICL'LUS
626 632 635 651 1

527 674 541 689 ἱ

527 755 542 770 D

525 835 540 849 ¹»

525 915 539 929 2)

580 1711 629 1739 De
649 1710 819 1739 ministris
839 1717 902 1746 per
923 1716 1012 1745 quos
1033 1708 1183 1739 traditur
1203 1709 1368 1745 baptismi

442 1837 604 1856 ARTICULUS
616 1837 626 1856 1

523 1921 537 1935 2>

440 2627 603 2647 ARTICULUS

521 2710 536 2725 ἱ

521 2829 536 2844 U

686 268 788 295 Utrum
821 274 1032 295 sacramentum
1066 267 1262 296 Eucharistiae
1295 267 1330 295 sit

723 307 906 343 potissimum
922 307 996 335 inter
1011 314 1200 336 sacramenta.
1231 330 1236 335 .
1261 330 1266 335 .
1291 329 1297 335 .
1321 329 1326 335 .

624 354 653 374 1v
684 348 786 375 Utrum
815 347 913 375 omnia
942 354 1120 376 sacramenta
1148 347 1203 375 sint
1224 348 1259 375 de
1281 356 1330 375 ne-

724 387 853 415 cessitate
868 388 965 415 salutis
969 408 1329 416 .............

686 475 878 509 QUAESTIO
902 475 1270 503 SEXAGESIMASEXTA

733 546 781 575 De
803 547 1024 575 sacramento
1045 545 1220 581 baptismi.

687 624 787 651 Utrum
812 623 970 660 baptismus
985 623 1019 650 sit
1035 623 1095 659 ipsa
1117 622 1236 650 ablutio.
1260 644 1266 650 .
1291 644 1296 650 .
1321 643 1327 649 .

625 673 646 692 11
686 664 788 691 Utrum
811 663 968 699 baptismus
994 663 1077 690 fuerit
1099 662 1243 690 institutus
1266 668 1332 698 post

724 702 829 731 Christi
851 703 1013 739 passionem
1018 723 1328 730 ...........

625 752 656 771 111
687 744 789 771 Utrum
819 752 895 779 aqua
922 742 957 769 sit
984 742 1101 778 propria
1132 741 1251 770 materia
1278 743 1328 770 ba-

725 783 821 819 ptismi
825 802 1325 810 ..................

624 832 654 851 iv
687 823 789 850 Utrum
810 823 847 849 ad
869 822 1042 858 baptismum
1071 821 1234 858 requiratur
1254 831 1330 858 aqua

723 863 775 889 sim
799 863 842 889 lex
846 882 1327 890 .................

623 912 642 930 ν
682 872 797 930 Utrump
811 902 881 929 haec
908 901 943 928 sit
969 901 1144 929 conveniens
1165 901 1259 929 forma
1279 902 1330 930 ba-

722 941 818 969 tismi:
850 942 917 979 Ego
949 947 975 968 te
1008 941 1122 980 baptizo
1153 940 1182 979 in
1214 940 1328 969 nomine

723 982 821 1008 Patris
843 986 869 1008 et
891 981 960 1008 Filii
981 986 1008 1008 et
1029 980 1157 1018 Spiritus
1180 981 1299 1009 Sancti.
1322 1002 1328 1009 .

622 1030 652 1049 VI
681 1022 784 1049 Utrum
814 1021 843 1048 in
869 1020 988 1048 nomine
1017 1020 1121 1048 Christi
1149 1021 1240 1057 possit
1269 1020 1330 1048 dari

722 1060 889 1096 baptismus.
921 1082 927 1088 .

621 1110 662 1128 vn
682 1101 783 1128 Utrum
811 1100 960 1128 immersio
991 1100 1020 1127 in
1049 1109 1125 1137 aqua
1154 1100 1189 1128 sit
1217 1101 1253 1129 de
1278 1109 1329 1128 ne-

722 1140 850 1168 cessitate
872 1140 1007 1176 baptismi
1013 1161 1326 1168 ...........

620 1190 672 1209 ν111
681 1181 783 1208 Utrum
800 1180 874 1208 trina
895 1180 1043 1208 immersio
1058 1180 1094 1208 sit
1109 1181 1144 1208 de
1159 1180 1328 1209 necessitate

722 1220 856 1256 baptismi
861 1241 1327 1249 ................

619 1271 650 1290 111
681 1261 782 1288 Utrum
805 1261 964 1297 baptismus
985 1261 1077 1297 possit
1098 1260 1194 1289 iterari
1199 1281 1327 1289 .....

621 1311 640 1330 x
681 1302 782 1329 Utrum
798 1301 833 1329 sit
847 1300 1023 1329 conveniens
1039 1301 1110 1329 ritus
1125 1310 1185 1338 quo
1200 1300 1328 1329 Ecclesia

719 1341 809 1369 utitur
827 1341 856 1368 in
871 1340 1046 1377 baptizando
1050 1362 1326 1370 ..........

620 1390 651 1410 xl
681 1382 784 1409 Utrum
816 1381 1020 1409 convenienter
1048 1381 1247 1410 describantur
1275 1380 1329 1409 tria

719 1421 900 1457 baptismata,
923 1421 1030 1449 scilicet
1057 1430 1159 1458 aquae,
1181 1420 1328 1458 sanguinis

721 1468 748 1490 et
769 1461 894 1489 flaminis
897 1483 1327 1490 ...............

619 1510 661 1530 xn
681 1502 785 1530 Utrum
806 1501 966 1538 baptismus
988 1501 1135 1538 sanguinis
1157 1501 1192 1530 sit
1213 1501 1328 1538 potissi-

725 1551 790 1570 mus
811 1541 884 1570 inter
898 1541 953 1569 tria
966 1541 1140 1578 baptismata
1143 1563 1326 1571 .......

958 1081 1328 1089 .............

661 1637 855 1672 QUAESTIO
879 1636 1290 1666 SEXAGESIMASEPTIMA

839 1750 1109 1779 sacramentum.

677 1829 780 1856 Utrum
811 1828 848 1855 ad
880 1824 1011 1856 officium
1044 1826 1159 1855 diaconi
1187 1827 1329 1863 pertineat

721 1867 866 1904 baptizare
870 1888 1325 1895 ................

619 1917 641 1936 11
681 1909 784 1936 Utrum
807 1907 951 1944 baptizare
975 1907 1117 1944 pertineat
1137 1907 1174 1935 ad
1195 1905 1326 1936 officium

721 1948 969 1984 presbyterorum,
990 1947 1035 1975 vel
1056 1948 1151 1976 solum
1174 1947 1327 1984 episcopo·
1345 1950 1348 1954 '

721 1997 796 2015 rum.

620 2037 653 2056 m
679 2029 783 2056 Utrum
798 2028 887 2056 laicus
909 2027 1054 2063 baptizare
1075 2028 1167 2063 possit
1169 2049 1324 2056 ......

620 2077 651 2096 lv
677 2069 780 2096 Utrum
796 2067 898 2096 mulier
911 2067 1002 2103 possit
1021 2067 1166 2103 baptizare
1169 2089 1325 2096 ......

621 2118 640 2136 v
680 2108 783 2136 Utrum
806 2107 851 2135 ille
873 2107 997 2144 quinon
1020 2114 1062 2135 est
1077 2107 1247 2144 baptizatus,
1262 2116 1329 2144 pos-

720 2147 756 2176 sit
770 2154 981 2176 sacramentum
997 2147 1132 2184 baptismi
1154 2148 1294 2176 conferre.
1316 2169 1322 2176 .

620 2197 650 2216 vr
681 2189 784 2216 Utrum
806 2188 902 2223 plures
923 2187 1035 2223 possint
1056 2187 1141 2215 simul
1171 2187 1326 2224 baptizare.

617 2237 659 2256 vir
679 2229 781 2256 Utrum
807 2227 837 2255 in
866 2226 1010 2264 baptismo
1036 2226 1198 2264 requiratur
1223 2227 1326 2264 aliquis

719 2268 769 2305 qui
783 2267 958 2303 baptizatum
981 2269 1017 2296 de
1038 2276 1121 2296 sacro
1143 2268 1221 2296 fonte
1242 2268 1324 2296 levet.

618 2317 670 2337 vm
681 2309 784 2337 Utrum
806 2308 852 2335 ille
871 2307 921 2344 qui
943 2307 1060 2344 suscipit
1074 2308 1200 2345 aliquem
1223 2308 1259 2336 de
1280 2317 1325 2337 sa-

718 2358 768 2376 cro
800 2348 880 2376 fonte
908 2347 1050 2385 obligetur
1070 2349 1107 2376 ad
1135 2348 1196 2377 eius
1221 2348 1326 2376 instru-

719 2388 844 2417 ctionem
848 2410 1325 2418 .................

826 2009 1324 2016 .................

659 2469 853 2504 QUAESTIO
874 2470 1282 2498 SEXAGESIMAOCTAVA

681 2542 731 2571 De
752 2542 1023 2578 suscipientibus
1044 2542 1265 2579 baptismum.

618 2627 629 2647 1
678 2617 783 2645 Utrum
804 2623 956 2645 teneantur
984 2626 1086 2646 omnes
1108 2618 1145 2646 ad
1168 2618 1326 2655 susceptio-

719 2666 786 2685 nem
809 2656 943 2694 baptismi
947 2679 1324 2687 .............

618 2707 639 2727 11
679 2698 783 2725 Utrum
818 2697 880 2725 sine
915 2697 1060 2734 baptismo
1098 2697 1202 2735 aliquis
1236 2698 1327 2735 possit

720 2736 821 2765 salvari
826 2758 1324 2767 .................

618 2787 652 2806 111
682 2778 785 2806 Utrum
807 2777 967 2814 baptismus
988 2777 1024 2805 sit
1045 2777 1231 2806 differendus.
1255 2800 1261 2806 .
1286 2800 1292 2806 .
1318 2801 1324 2807 .

619 2827 649 2846 1v
679 2818 783 2846 Utrum
798 2824 965 2854 peccatores
987 2817 1044 2846 sint
1057 2818 1232 2854 baptizandi.
1256 2840 1262 2846 .
1287 2840 1293 2847 .

618 2867 637 2886 v
679 2858 782 2886 Utrum
797 2857 997 2894 peccatoribus
1008 2857 1159 2894 baptizatis
1170 2858 1227 2887 sint
1237 2868 1326 2895 opera

718 2897 907 2926 satisfactoria
927 2897 1105 2934 imponenda
1107 2920 1325 2927 ........

619 2946 649 2966 v1
677 2938 779 2966 Utrum
801 2945 967 2974 peccatores
988 2939 1025 2966 ad
1047 2938 1223 2975 baptismum
1244 2948 1325 2968 acce-

721 2978 822 3005 dentes
843 2984 994 3006 teneantur
1024 2987 1076 3006 sua
1105 2985 1224 3015 peccata
1255 2988 1324 3007 con-

720 3017 802 3046 fiteri.

620 3067 661 3086 vn
678 3058 781 3086 Utrum
813 3066 847 3086 ex
877 3064 956 3094 parte
992 3058 1130 3095 baptizati
1164 3059 1327 3096 requiratur

719 3097 840 3126 intentio
856 3097 1029 3134 suscipiendi
1049 3105 1260 3127 sacramentum
1275 3100 1325 3128 ba-

720 3137 816 3173 ptismi
821 3159 1324 3167 ..................

620 3185 671 3204 ν111
682 3177 785 3205 Utrum
796 3177 867 3205 fides
879 3177 1040 3215 requiratur
1047 3187 1080 3206 ex
1089 3185 1169 3214 parte
1180 3179 1324 3216 baptizati.

620 3225 650 3245 tx
679 3217 783 3244 Utrum
798 3216 879 3253 pueri
894 3217 950 3245 sint
969 3217 1134 3254 baptizandi
1137 3239 1324 3247 .......

621 3265 640 3284 x
680 3257 784 3284 Utrum
799 3256 879 3293 pueri
894 3258 1067 3285 Iudaeorum
1082 3258 1127 3286 vel
1141 3258 1266 3286 aliorum
1282 3258 1327 3286 in-

722 3296 849 3324 fidelium
871 3296 927 3324 sint
951 3297 1117 3333 baptizandi
1139 3298 1225 3326 exiam
1253 3298 1325 3327 invi-

723 3335 758 3363 tis
780 3335 957 3371 parentibus.
989 3358 1324 3367 ............

622 3383 653 3402 xi
682 3375 786 3402 Utrum
798 3375 827 3403 in
838 3375 974 3404 maternis
988 3376 1076 3404 uteris
1092 3377 1243 3406 existentes
1257 3387 1326 3414 pos-

722 3414 778 3442 sint
805 3415 952 3451 baptizari.
983 3437 1325 3446 ............

622 3462 663 3482 xu
684 3455 787 3482 Utrum
809 3454 908 3482 furiosi
929 3462 957 3483 et
977 3462 1106 3483 amentes
1127 3457 1252 3484 debeant
1276 3458 1327 3485 ba-

724 3500 834 3530 ptizari.
863 3516 1324 3525 ................

1461 189 1624 224 INDEX

1378 315 1449 345 pag·
1475 306 1510 342 59

1415 396 1428 411 >)

1410 1553 1425 1568 ³>

1411 3508 1424 3523 D

1473 385 1505 412 61

1452 3190 1506 3210 100

1451 3230 1500 3249 101

1452 3347 1504 3368 102

1453 3419 1504 3446 103
1539 3423 1545 3429 '

1453 3498 1504 3525 105

1565 430 1729 450 ARTICULUS
1745 430 1754 449 1

1649 513 1662 527 »

1647 592 1661 606 ›

1646 671 1661 687 ὓ

1646 751 1661 766 ²

1646 912 1661 927 ὓ

1647 991 1661 1006 »

1815 267 2008 302 QUAESTIO
2037 268 2387 298 SEXAGESIMANONA

1874 345 1924 374 De
1946 345 2128 375 effectibus
2148 347 2323 383 baptismi.

1806 422 1909 450 Utrum
1931 431 1982 458 per
1997 422 2171 459 baptismum
2193 423 2331 451 tollantur
2352 424 2451 452 omnia

1846 469 1963 497 peccata
1965 483 2448 492 .................

1746 510 1767 529 11
1809 502 1912 530 Utrum
1934 511 1985 538 per
2006 501 2181 538 baptismum
2203 501 2339 530 liberetur
2360 503 2451 532 homo

1844 542 1880 569 ab
1903 541 1983 569 omni
2009 549 2089 570 reatu
2117 541 2226 578 peccati
2230 563 2450 572 ........

1745 589 1776 608 111
1807 581 1910 609 Utrum
1931 591 1982 618 per
2003 582 2178 618 baptismum
2204 583 2328 610 debeant
2348 582 2452 611 auferri

1844 621 2033 657 poenalitates
2061 621 2219 658 praesentis
2247 622 2322 650 vitae
2326 643 2452 651 .....

1744 669 1774 687 1v
1805 661 1907 689 Utrum
1930 670 1981 698 per
2003 661 2177 698 baptismum
2200 662 2385 690 conferantur
2399 662 2451 690 ho-

1846 700 1918 729 mini
1938 701 2029 738 gratia
2055 708 2083 729 et
2108 701 2226 730 virtutes
2230 722 2450 730 ........

1745 749 1764 767 v
1805 742 1907 769 Utrum
1928 741 2132 770 convenienter
2146 741 2338 770 attribuantur
2359 741 2450 778 bapti-

1844 790 1909 809 smo
1931 790 1984 817 pro
2000 781 2147 810 effectibus
2167 781 2285 819 quidam
2301 788 2381 810 actus
2395 781 2450 809 vir-

1842 827 1947 856 tutum,
1963 821 2070 850 scilicet
2090 821 2287 858 incorporatio
2308 822 2346 850 ad
2367 821 2451 850 Chri-

1844 867 1930 896 stum,
1952 861 2134 896 illuminatio,
2155 861 2319 890 fecundatio
2323 883 2451 890 .....

1746 907 1776 928 vl
1805 901 1908 929 Utrum
1922 901 2004 938 pueri
2025 901 2055 929 in
2071 901 2215 939 baptismo
2236 908 2452 939 consequantur

1843 940 1964 978 gratiam
1990 948 2018 970 et
2043 941 2161 970 virtutes
2165 963 2448 970 ..........

1743 989 1784 1008 vn
1810 982 1914 1010 Utrum
1929 981 2047 1010 effectus
2065 982 2199 1019 baptismi
2220 981 2256 1010 sit
2276 981 2387 1019 apertio
2409 981 2451 1010 ia-

1842 1030 1917 1049 nuae
1936 1021 2017 1059 regni
2036 1022 2164 1050 caelestis
2166 1043 2448 1051 ..........

1742 1069 1794 1088 vm
1813 1061 1916 1088 Utrum
1943 1061 2103 1097 baptismus
2131 1062 2235 1090 habeat
2255 1061 2285 1089 in
2313 1061 2450 1090 omnibus

1841 1101 1992 1137 aequalem
2025 1101 2158 1129 effectum
2162 1123 2449 1130 ..........

1741 1147 1772 1166 tx
1803 1141 1906 1168 Utrum
1920 1140 1998 1168 fictio
2013 1140 2150 1177 impediat
2163 1141 2296 1170 effectum
2308 1141 2451 1178 baptismi.

1742 1187 1760 1206 x
1802 1180 1921 1215 Utrum,
1951 1179 2067 1208 fictione
2093 1182 2261 1216 recedente,
2290 1181 2450 1218 baptismus

1842 1229 1927 1247 suum
1955 1220 2090 1248 effectum
2118 1227 2321 1258 consequatur.
2349 1242 2356 1248 .
2380 1243 2386 1249 .
2410 1242 2418 1249 .
2441 1241 2449 1249 .

1841 1309 2036 1343 QUAESTIO
2058 1310 2351 1340 SEPTUAGESIMA

1920 1381 1970 1410 De
1992 1381 2270 1412 circumcisione.

1560 1456 1727 1477 ARTtCULus
1742 1457 1752 1476 1
1799 1449 1901 1477 Utrum
1923 1449 2104 1478 circumcisio
2130 1450 2215 1479 fuerit
2235 1451 2451 1488 praeparatoria

1644 1620 1659 1635 ³>

1642 1700 1657 1715 D

1841 1496 1870 1517 et
1890 1489 2042 1526 figurativa
2063 1490 2197 1527 baptismi
2201 1512 2448 1520 .........

1741 1537 1762 1556 11
1796 1529 1900 1557 Utrum
1928 1529 2107 1559 circumcisio
2135 1531 2220 1559 fuerit
2245 1531 2451 1560 convenienter

1842 1569 1982 1598 instituta.
2012 1591 2448 1600 ...............

1742 1617 1775 1637 111
1796 1610 1900 1638 Utrum
1926 1610 1997 1638 ritus
2026 1610 2252 1640 circumcisionis
2273 1611 2358 1640 fuerit
2378 1621 2449 1641 con-

1841 1650 1958 1678 veniens
1961 1671 2448 1680 .................

1741 1697 1771 1717 tv
1798 1691 1902 1718 Utrum
1917 1690 2097 1719 circumcisio
2116 1691 2257 1720 conferret
2271 1691 2392 1729 gratiam
2406 1692 2450 1721 iu·

1843 1729 2014 1759 stificantem
2019 1752 2447 1760 ...............

1785 1809 1979 1844 QUAESTIO
2001 1810 2414 1840 SEPTUAGESIMAPRIMA

1809 1882 1859 1910 De
1880 1881 2096 1911 catechismo
2118 1883 2154 1912 et
2175 1883 2386 1912 exorcismo.

1561 1958 1727 1978 ARTmULth
1741 1959 1752 1978 1
1801 1951 1904 1979 Utrum
1933 1950 2124 1979 catechismus
2149 1951 2254 1979 debeat
2277 1952 2449 1988 praecedere

1644 2040 1659 2056 θ

1645 2120 1659 2135 »

1642 2199 1657 2215 t

1841 1989 2018 2027 baptismum
2021 2012 2450 2020 ...............

1741 2038 1763 2057 11
1797 2030 1900 2058 Utrum
1932 2030 2108 2059 exorcismus
2141 2031 2245 2059 debeat
2280 2031 2452 2068 praecedere

1842 2070 2016 2107 baptismum
2021 2091 2447 2100 ...............

1742 2118 1776 2138 111
1797 2110 1899 2138 Utrum
1927 2119 1961 2138 ea
1982 2119 2056 2147 quae
2084 2117 2209 2148 aguntur
2229 2110 2260 2139 in
2288 2111 2449 2140 exorcismo

1842 2147 1970 2179 efficiant
1983 2149 2103 2187 aliquid,
2113 2151 2159 2178 vel
2173 2151 2268 2179 solum
2283 2150 2453 2188 significent.

1740 2198 1770 2217 1v
1791 2190 1895 2218 Utrum
1913 2189 1949 2218 sit
1962 2190 2120 2219 sacerdotis
2134 2190 2310 2220 catechizare
2324 2197 2354 2220 et
2367 2200 2450 2220 exor-

1843 2229 1935 2261 cizare
1960 2230 2166 2267 baptizandum
2169 2251 2448 2261 ..........

1751 2319 1946 2353 QUAESTIO
1969 2319 2442 2349 SEPTUAGESIMASECUNDA

1788 2391 1838 2420 De
1859 2392 2084 2421 sacramento
2105 2390 2390 2422 confirmationis.

1561 2468 1728 2489 narremus
1743 2468 1753 2487 1
1800 2460 1904 2488 Utrum
1925 2459 2109 2488 confirmatio
2131 2459 2167 2488 sit
2194 2468 2417 2490 sacramentum.
2440 2483 2447 2490 .

1643 2511 1658 2527 ²

1740 2508 1761 2528 11
1800 2500 1904 2528 Utrum
1931 2499 2056 2528 chrisma
2077 2499 2112 2527 sit
2133 2500 2309 2529 conveniens
2330 2501 2450 2531 materia

1842 2539 1926 2568 huius
1940 2539 2111 2568 sacramenti
2114 2561 2448 2572 ............

1741 2588 1773 2608 111
1800 2580 1903 2608 Utrum
1924 2579 1960 2608 sit
1988 2580 2024 2608 de
2051 2580 2221 2609 necessitate
2248 2581 2334 2610 huius
2354 2591 2450 2611 sacra-

1842 2619 1932 2648 menti
1953 2620 2034 2657 quod
2058 2619 2198 2656 chrisma,
2222 2622 2304 2658 quod
2324 2628 2367 2650 est
2387 2631 2448 2651 ma·

1841 2659 1912 2688 teria
1939 2659 2025 2688 huius
2049 2661 2238 2696 sacramenti,
2259 2661 2344 2690 fiterit
2369 2662 2450 2699 prius

1841 2709 1893 2737 per
1914 2700 2084 2737 episcopum
2112 2708 2323 2731 consecratum.
2349 2723 2357 2731 .
2379 2723 2388 2732 .
2410 2724 2417 2731 .
2439 2725 2446 2731 .

1740 2749 1770 2769 ιν
1798 2740 1900 2768 Utrum
1921 2741 1992 2768 haec
2006 2740 2043 2769 sit
2060 2740 2236 2770 conveniens
2252 2742 2347 2771 forma
2363 2742 2449 2771 huius

1842 2780 2029 2809 sacramenti:
2055 2780 2204 2820 Consigno
2224 2787 2251 2810 te
2272 2782 2360 2821 signo
2380 2792 2448 2812 cru—

1840 2820 1892 2854 cis,
1914 2826 1958 2848 etc
1961 2841 2446 2852 .................

1740 2869 1758 2888 v
1799 2860 1903 2888 Utrum
1923 2867 2135 2889 sacramentum
2150 2860 2379 2891 confirmationis
2392 2862 2447 2891 im·

1840 2900 1947 2937 primat
1971 2901 2164 2929 characterem
2168 2922 2447 2932 ..........

1740 2949 1770 2968 v1
1797 2941 1900 2969 Utrum
1910 2940 2057 2969 character
2070 2941 2299 2970 confirmationis
2309 2950 2447 2979 praesup-

1841 2987 1932 3017 ponat
1945 2989 1979 3008 ex
1999 2981 2169 3010 necessitate
2183 2981 2377 3011 characterem
2396 2983 2447 3011 ba·

1839 3020 2014 3057 ptismalem.
2044 3042 2445 3051 ..............

1740 3069 1782 3089 v11
1803 3061 1906 3089 Utrum
1920 3069 1972 3097 per
1982 3061 2039 3089 hoc
2050 3067 2263 3090 sacramentum
2277 3061 2368 3099 gratia
2381 3071 2446 3099 gra-

1841 3105 1903 3129 t'um
1929 3100 2036 3129 faciens
2063 3101 2226 3130 conferatur
2228 3122 2445 3130 ........

1741 3149 1792 3169 vm
1808 3141 1912 3169 Utrum
1933 3141 1991 3168 hoc
2011 3147 2224 3169 sacramentum
2245 3140 2282 3169 sit
2308 3141 2446 3170 omnibus

1841 3179 2044 3208 exhibendum.
2076 3201 2445 3210 .............

1741 3229 1771 3248 111
1799 3221 1903 3248 Utrum
1924 3220 1981 3248 hoc
2002 3226 2213 3248 sacramentum
2234 3220 2270 3249 sit
2295 3222 2446 3250 conferen-

1840 3261 1910 3288 dum
1927 3258 2040 3288 homini
2054 3259 2085 3288 in
2103 3259 2199 3288 frome
2201 3281 2446 3290 .........

1741 3308 1760 3328 x
1795 3300 1899 3328 Utrum
1920 3299 1967 3327 ille
1988 3298 2038 3336 qui
2063 3299 2251 3329 confirmatur
2277 3301 2381 3330 debeat
2405 3308 2448 3330 te-

1841 3338 1903 3368 neri
1924 3339 1961 3367 ab
1987 3338 2044 3367 alio
2047 3360 2445 3370 ..............

1741 3387 1772 3407 111
1795 3379 1898 3407 Utrum
1913 3379 1993 3407 solus
2003 3378 2156 3416 episcopus
2167 3381 2223 3409 hoc
2233 3388 2447 3410 sacramentum

1842 3418 1972 3447 conferre
1986 3418 2077 3455 possit
2079 3440 2445 3450 .............
2449 3425 2455 3431 “

1741 3466 1782 3486 x11
1802 3458 1905 3503 Utrum
1926 3457 1997 3486 ritus
2018 3458 2103 3487 huius
2123 3460 2295 3488 sacramenti
2315 3460 2352 3489 sit
2376 3470 2446 3490 con-

1841 3506 1959 3526 vemens
1962 3519 2443 3531 .................

2477 474 2550 503 Pag-

2578 466 2631 493 106

2578 553 2630 580 107

2593 623 2631 652 ib.

2578 703 2631 730 108

2577 869 2631 897 109

2577 950 2631 969 110

2577 1030 2625 1048 111

2576 1108 2630 1129 112

2577 1141 2628 1169 113

2576 1230 2630 1256 ¹14

2577 1492 2631 1520 116

2575 1581 2630 1608 117

2575 1652 2630 1680 118

2574 1741 2630 1769 119

2576 1999 2625 2020 121

2574 2079 2629 2100 122

2589 2151 2629 2180 ib.

2575 2238 2630 2268 124

2574 2465 2627 2493 125

2575 2545 2629 2574 126

2574 2711 2628 2742 ¹27

2573 2830 2627 2860 129

2573 2904 2627 2932 130

2572 3023 2621 3051 131

2571 3103 2625 3132 132

2572 3183 2624 3211 133

2572 3263 2627 3298 134

2587 3342 2627 3371 ib.

2573 3421 2625 3449 135

2572 3501 2627 3529 136
