2918 4088
215 775 226 785 ·
240 773 307 795 Vers.
323 779 344 800 7.

215 875 226 885 '¹
249 874 283 895 Ex
311 873 412 895 Pseudo-

284 899 314 921 de
322 899 380 921 Vera
391 902 414 921 et

215 901 288 948 ῗιιιλῗτα
309 927 396 948 poenit.
403 942 411 953 ‚

216 959 266 981 cap.
281 959 318 974 xx.

213 1406 222 1416 ·
236 1404 286 1425 Art.
301 1410 321 1432 3,
337 1403 364 1425 ad
379 1408 398 1424 2.

213 1512 222 1521 ⁴
236 1510 302 1532 Vere.
317 1516 349 1538 25,
363 1509 399 1531 26.

212 2325 222 2333 ¹·
240 2323 276 2343 ΑΙ.
299 2322 352 2344 dist.
371 2329 421 2350 xvi,

213 2355 250 2376 qu.
266 2355 289 2370 ιι.

456 206 531 244 320

1086 203 1347 252 QUAEsrlo
1376 201 1603 247 Lxxxvn,
1633 197 1925 235 ARthuLus
1953 197 2003 234 1v

1233 372 1551 417 ARTICULUS
1582 370 1854 423 QUARTUS

864 479 1019 511 UTRUM
1044 477 1232 509 VENIALE
1255 474 1498 506 PECCATUM
1522 473 1671 504 Possm
1694 473 1879 503 REMITTI
1903 472 1999 504 SINE
2023 471 2223 503 MORTALI

1230 563 1263 586 lV
1283 563 1365 591 Sent„
1387 561 1446 585 dist.
1465 568 1516 590 xw.
1535 568 1580 593 qu.
1599 567 1627 591 11,
1647 566 1694 585 art.
1715 567 1739 591 1,
1758 560 1808 593 qu‘
1829 559 1852 585 3.

536 673 544 687 ι
585 677 620 696 12-
664 668 686 692 D
707 666 877 697 QUARTUM
897 665 948 690 s1c
968 663 1202 689 Paocsmrua.
1227 649 1387 687 Videtur
1406 649 1513 698 quod

469 741 589 841 ἄξῃ
610 758 826 802 (mortali.
866 759 968 806 Quia
1001 769 1117 806 super
1144 756 1237 793 illud
1265 757 1447 792 loan.v111
1473 755 1511 801 ²⁸,

551 806 604 846 ᾗ)
620 806 651 848 k
670 815 744 856 Qui
777 814 856 849 sine
881 817 1035 861 peccato
1068 816 1118 846 est
1149 814 1331 854 vestrum,
1364 810 1514 858 primus

452 868 489 904 in
519 866 622 903 illam
650 867 809 916 lapidem
838 867 971 910 mittat,
1001 863 1089 910 dicit
1122 862 1316 911 quaedam
1350 862 1476 909 glossa
1493 861 1514 884 *

452 919 559 968 quod
596 931 722 956 omnes
758 919 812 955 illi
846 923 951 955 erant
987 918 1023 953 in
1055 921 1210 965 peccato
1246 915 1416 952 mortali:
1452 927 1512 952 ve-

452 973 566 1009 nialia
603 974 701 1008 enim
739 974 789 1008 eis
826 971 1099 1007 dimittebantur
1133 981 1206 1017 per
1242 970 1511 1006 caeremonias.

450 1026 552 1073 Ergo
567 1024 715 1061 veniale
729 1031 930 1073 peccatum
948 1029 1073 1072 potest
1092 1021 1231 1058 remitti
1251 1021 1332 1058 sine
1348 1022 1511 1059 mortali.

504 1089 539 1114 2.
568 1079 799 1123 PRAETEREA‚
829 1077 878 1113 ad
903 1075 1171 1112 remissionem
1189 1074 1335 1124 peccati
1353 1074 1513 1112 venialis

449 1143 529 1167 non
557 1130 762 1179 requiritur
787 1129 926 1177 gratiae
954 1128 1107 1166 infusio.
1136 1127 1361 1177 Requiritur
1381 1136 1510 1166 autern

449 1184 497 1220 ad
523 1183 790 1220 remissionem
809 1182 989 1219 mortalis.
1019 1183 1121 1230 Ergo
1141 1181 1290 1219 veniale
1309 1189 1512 1231 peccatum

448 1244 573 1286 potest
599 1236 738 1274 remitti
766 1235 846 1272 sine
875 1235 1037 1273 mortali.

503 1289 537 1326 3.
567 1290 799 1336 Pmmmm,
828 1290 915 1338 plus
943 1289 1054 1326 distat
1080 1287 1230 1325 veniale
1257 1295 1462 1337 peccatum
1490 1301 1513 1326 a

448 1343 598 1381 mortali
625 1355 745 1392 quam
772 1343 821 1379 ab
843 1342 916 1380 alio
936 1341 1087 1379 veniali.
1117 1341 1194 1379 Sed
1217 1353 1344 1379 unum
1362 1341 1512 1379 veniale

447 1404 572 1446 potest
603 1395 739 1433 dimitti
777 1395 857 1432 sine
886 1395 978 1442 alio,
1012 1403 1055 1433 ut
1083 1394 1229 1432 dictum
1258 1403 1312 1431 est
1334 1394 1365 1432 ²³⁶.
1409 1396 1511 1444 Ergo

447 1449 595 1487 veniale
622 1457 747 1499 potest
775 1449 912 1486 dimitti
940 1449 1021 1486 sine
1049 1448 1211 1486 mortali.

502 1503 575 1540 SED
604 1515 748 1540 CONTRA
767 1515 833 1540 Esr
856 1503 963 1551 quod
991 1501 1128 1539 dicitur
1154 1502 1290 1539 Matth.
1311 1514 1334 1538 v
1353 1501 1388 1538 *ε
1418 1502 1510 1539 Νοη

448 1558 565 1593 exibis
584 1561 601 1577 α
629 1557 724 1603 inde,
754 1555 893 1593 scilicet
921 1556 969 1592 de
996 1568 1161 1602 carcere,
1190 1555 1230 1592 in
1249 1567 1369 1604 quem
1397 1554 1511 1592 intro-

447 1609 599 1646 ducitur
626 1610 747 1646 homo
775 1621 846 1658 pro
870 1617 1028 1658 peccato
1048 1608 1211 1655 mortali,
1240 1609 1359 1646 donec
1378 1609 1512 1646 reddas

449 1664 687 1701 novissimum
720 1663 985 1713 quadrantem,
1021 1674 1091 1712 per
1122 1674 1241 1711 quem
1276 1661 1512 1710 significatur

446 1715 596 1753 veniale
630 1724 844 1766 peccatum.
887 1717 989 1764 Ergo
1017 1715 1165 1753 veniale
1193 1723 1397 1765 peccatum
1430 1728 1511 1753 non

448 1769 648 1806 remittitur
675 1769 756 1806 sine
783 1769 945 1806 mortali.

1619 650 1847 687 Respommo
1862 661 2046 686 monimum
2066 649 2190 698 quod,
2204 647 2301 686 sicut
2320 661 2436 699 supra
2450 649 2471 671 '¹‘
2489 650 2637 688 dictum
2664 658 2879 686 ‘Qu-umma-

519 707 526 714 ‘
569 694 621 727 Μ
663 707 812 745 veniale
848 714 1049 756 peccatum
1090 703 1209 753 possit
1250 701 1389 739 remitti
1432 702 1513 738 sine
1566 710 1641 748 est,
1681 702 1856 739 remissio
1885 703 2021 751 culpae
2050 714 2333 751 culuscumque
2362 715 2566 752 nunquam
2593 703 2637 741 fit
2662 691 2683 714 ³'

1566 755 1639 792 nisi
1657 768 1728 805 per
1740 756 1922 793 virtutem
1940 755 2098 804 gratiae:
2120 755 2224 804 quia,
2244 763 2287 793 ut
2304 757 2514 805 Apostolus
2533 756 2635 803 dicit,

1565 810 1678 846 Rom.
1698 821 1733 846 1v
1756 809 1796 855 ²¹⁶,
1826 809 1876 846 ad
1903 809 2063 858 gratiam
2091 808 2164 846 Dei
2195 809 2359 859 pertinet
2393 810 2501 859 quod
2529 810 2636 848 Deus

1566 862 1679 900 alicui
1708 875 1783 899 non
1812 864 1968 912 imputat
1988 868 2207 912 peccatum,
2242 863 2351 912 quod
2380 863 2519 902 Glossa
2535 863 2556 886 *
2583 863 2637 902 ibi

1567 915 1725 965 exponit
1752 916 1800 953 de
1828 915 1980 953 veniali.
2010 917 2074 953 Ille
2097 923 2229 953 autern
2257 915 2324 966 qui
2343 924 2399 953 est
2417 916 2457 954 in
2475 925 2635 967 peccato

1566 969 1730 1016 mortali,
1759 977 1861 1006 caret
1878 968 1997 1017 gratia
2015 969 2099 1006 Dei.
2129 969 2241 1007 Unde
2261 971 2413 1008 nullum
2431 978 2636 1020 peccatum

1565 1022 1716 1060 veniale
1745 1022 1817 1059 sibi
1844 1022 2058 1059 remittitur.

1619 1077 1678 1113 An
1702 1088 1839 1113 PRiMUM
1864 1087 1964 1113 ERGO
1992 1087 2176 1113 DICENDUM
2199 1077 2307 1125 quod
2326 1076 2491 1115 venialia
2509 1077 2562 1115 ibi
2580 1078 2636 1116 di-

1566 1137 1708 1166 cuntur
1729 1128 2021 1177 irregularitates
2040 1128 2120 1166 sive
2140 1128 2409 1168 immunditiae
2429 1143 2527 1180 quas
2545 1143 2637 1169 con-

1565 1182 1769 1219 trahebant
1797 1182 2015 1219 secundum
2043 1183 2179 1230 legem.

1622 1236 1677 1272 An
1705 1247 1896 1284 SECUNDUM
1921 1246 2104 1272 montinum
2130 1236 2251 1284 quod,
2271 1235 2357 1273 licet
2375 1236 2424 1274 ad
2444 1237 2637 1275 remissio-

1566 1300 1659 1325 nem
1686 1288 1833 1337 peccati
1859 1287 2020 1325 venialis
2038 1299 2119 1325 non
2138 1288 2356 1338 requiratur
2373 1301 2478 1327 nova
2496 1290 2638 1329 infusio

1566 1341 1771 1379 habitualis
1791 1340 1944 1390 gratiae,
1965 1340 2171 1391 requiritur
2189 1349 2320 1379 tamen
2343 1342 2480 1392 aliquis
2497 1344 2638 1392 gratiae

1566 1402 1685 1432 actus.
1722 1394 1803 1442 Qui
1834 1406 1915 1432 non
1943 1402 2068 1444 potest
2103 1406 2186 1432 esse
2214 1395 2254 1432 in
2283 1407 2331 1433 eo
2368 1396 2435 1446 qui
2467 1397 2639 1436 subiacet

1564 1455 1733 1498 peccato.
1752 1447 1917 1485 mortali.

1617 1503 1675 1539 An
1702 1513 1864 1539 Teanum
1896 1513 2080 1540 memnon
2113 1503 2222 1552 quod
2256 1510 2460 1552 peccatum
2488 1503 2638 1543 veniale

2663 815 2673 826 ·
2688 813 2755 836 Vere.
2769 819 2782 836 a
2796 820 2849 843 sqq.
2864 825 2876 832 -

2663 840 2699 863 Cf.
2705 841 2880 868 Pammen-

2664 873 2880 917 {idei-tatiana.

1564 1567 1646 1592 non
1683 1554 1850 1592 excludit
1884 1566 2046 1592 omnem
2074 1563 2205 1593 actum
2232 1556 2390 1605 gratiae,
2419 1568 2490 1607 per
2517 1568 2638 1607 quem

1563 1616 1728 1658 possunt
1756 1607 1888 1645 omnia
1915 1616 2072 1658 peccata
2090 1609 2422 1647 venialia-dimitti.
2453 1611 2531 1648 Sed
2548 1623 2638 1661 pec·

1563 1669 1695 1700 catum
1722 1662 1884 1699 mortale
1912 1661 2080 1699 excludit
2106 1662 2270 1700 totaliter
2287 1662 2465 1701 habitum
2483 1663 2636 1714 gratiae,

1564 1715 1646 1752 sine
1679 1727 1760 1764 quo
1789 1715 1942 1752 nullum
1968 1723 2174 1764 peccatum
2205 1718 2367 1754 mortale
2395 1718 2459 1755 vel
2485 1717 2638 1756 veniale

1563 1767 1778 1806 remittitur.
1808 1769 1857 1806 Et
1885 1768 1974 1806 ideo
2002 1781 2084 1806 non
2112 1777 2168 1806 est
2196 1769 2329 1807 similis
2357 1770 2465 1807 ratio.

501 1902 529 1937 α)
547 1903 608 1928 Non
628 1903 723 1928 exibis.
741 1917 760 1921 -
777 1904 860 1928 Amen
882 1902 942 1928 dico
961 1902 1009 1927 tibi
1027 1909 1079 1927 non
1100 1902 1186 1927 exibis
1205 1901 1291 1936 (exies
1310 1901 1341 1937 P)
1361 1902 1442 1927 tertia.
1461 1902 1512 1927 Pro
1531 1902 1722 1932 introducitur,
1743 1902 1895 1928 intruditur
1913 1902 1952 1928 ΡΙ.

1120 1999 1456 2033 Commentario
1477 1999 1733 2033 cardinalis
1753 1999 1959 2033 Caietam·

451 2106 498 2169 IN
522 2097 655 2127 articulo
680 2102 803 2137 quarto,
827 2098 861 2127 in
877 2106 1023 2138 corpore,
1047 2097 1174 2128 adverte
1197 2098 1356 2128 rationem
1375 2107 1511 2129 moven-

478 2147 544 2171 tem
566 2139 743 2172 Auctorem
771 2151 839 2172 non
863 2151 896 2172 se
919 2147 1028 2172 tenere
1055 2152 1094 2173 ex
1116 2147 1205 2182 parte
1227 2152 1368 2183 poenae,
1393 2142 1449 2174 sed
1473 2152 1511 2173 ex
1564 2143 1689 2174 tionem
1713 2142 1882 2174 cuiusdam
1907 2142 2049 2175 offensae
2072 2143 2143 2174 Dei.
2178 2142 2220 2174 Et
2241 2147 2422 2184 propterea,
2446 2142 2523 2175 dato
2545 2143 2640 2185 quod

447 2191 536 2226 parte
559 2186 688 2226 culpae:
721 2186 796 2226 quia
827 2186 947 2217 scilicet
972 2186 1060 2217 nulla
1084 2187 1179 2227 culpa
1206 2197 1224 2217 a
1247 2187 1318 2218 Deo
1342 2187 1512 2218 remittitur

447 2230 507 2260 nisi
530 2239 587 2270 per
609 2230 759 2260 virtutem
782 2231 908 2271 gratiae.
933 2230 1032 2268 Quod
1049 2231 1073 2261 si
1090 2230 1260 2262 Durandus
1277 2230 1439 2262 advertere
1453 2241 1511 2262 vo-

447 2275 566 2311 luisset,
591 2280 646 2305 aut
668 2275 812 2305 solvisset
834 2276 916 2306 hanc
938 2276 1106 2311 rationem,
1134 2281 1188 2305 aut
1218 2281 1368 2314 cessasset
1391 2276 1430 2306 ab
1453 2276 1512 2306 ob-

447 2319 597 2349 iiciendo.
621 2319 692 2359 Ipse
716 2319 812 2354 enim,
837 2320 870 2349 in
893 2319 937 2350 IV
952 2319 1050 2355 Sent„
1075 2318 1146 2349 dist.
1162 2329 1224 2356 xvi,
1249 2328 1304 2360 qu.
1321 2330 1349 2356 1,
1373 2325 1429 2350 art.
1448 2329 1466 2350 2
1483 2321 1510 2356 *‚

449 2368 560 2394 contra
582 2364 664 2394 hanc
687 2363 867 2393 doctrinam
890 2363 1000 2394 obiicit
1022 2363 1196 2403 tripliciter.

503 2407 628 2443 Primo,
660 2408 735 2447 quia
763 2407 858 2447 culpa
879 2407 1010 2438 venialis
1039 2408 1183 2438 consistit
1212 2408 1246 2438 in
1270 2407 1512 2439 deordinatione

448 2451 631 2482 voluntatis.
666 2451 758 2489 Quae
788 2451 910 2482 tollitur
938 2461 996 2492 per
1019 2451 1158 2482 debitam
1188 2451 1421 2492 displicentiam
1444 2453 1513 2483 eius

450 2495 540 2535 quod
562 2494 703 2534 indebite
725 2495 855 2536 placuit.

505 2539 666 2575 Secundo,
690 2540 766 2580 quia
788 2549 869 2580 puer
882 2549 950 2570 non
967 2540 1153 2580 baptizatus,
1166 2540 1199 2570 in
1215 2539 1361 2580 originali
1376 2540 1512 2571 existens

450 2589 594 2623 peccato,
622 2583 751 2624 quando
774 2584 862 2614 venit
885 2583 924 2614 ad
948 2589 1097 2620 aetatem,
1121 2589 1228 2624 potest
1249 2584 1355 2624 primo
1379 2593 1513 2625 peccare

450 2628 623 2664 venialiter,
640 2633 671 2658 et
687 2629 791 2658 statim
807 2628 900 2658 mori.
924 2628 966 2659 Et
979 2633 1057 2659 tunc
1072 2628 1270 2668 proceditur:
1295 2628 1347 2658 An
1362 2629 1514 2669 punietur

450 2681 557 2746 poepa
590 2677 717 2703 aeterna
749 2682 809 2713 pro
843 2677 977 2712 peccato
1007 2673 1142 2709 veniali,
1178 2682 1218 2703 an
1250 2681 1357 2712 poena
1386 2678 1513 2714 tempo-

450 2716 507 2747 rali
551 2721 611 2747 etc.
855 2736 864 2742 ,

505 2759 627 2797 Tertio,
651 2769 708 2801 per
731 2770 828 2801 opera
851 2761 937 2792 bona
952 2761 1034 2791 facta
1050 2766 1134 2792 extra
1151 2761 1312 2792 caritatem
1334 2766 1441 2801 potest
1457 2761 1512 2792 ali-

451 2804 540 2845 quis,
563 2804 742 2835 secundum
772 2814 902 2842 omnes,
930 2805 1044 2836 mereri
1067 2804 1107 2836 de
1131 2814 1275 2845 congruo
1299 2805 1431 2846 aliquod
1453 2806 1512 2836 bo-

449 2858 528 2879 num
551 2849 738 2889 temporale.
762 2849 847 2890 Ergo
872 2850 1086 2890 expiationem
1109 2859 1235 2890 poenae
1257 2850 1442 2890 temporalis
1458 2849 1512 2881 de-

449 2894 533 2923 bitae
556 2899 690 2933 peccato
713 2894 839 2924 veniali.

505 2937 541 2967 ΙΙ.
565 2937 616 2968 Ad
639 2938 717 2968 haec
749 2937 840 2968 facile
864 2938 979 2969 dicitur
1005 2937 1094 2979 quod
1117 2938 1212 2978 culpa
1235 2939 1357 2979 peccati
1380 2939 1511 2970 venialis

449 2991 517 3012 non
539 2982 622 3012 tollit
644 2982 852 3013 solummodo
881 2982 1105 3014 rectitudinem
1133 2989 1221 3013 actus
1244 2983 1431 3019 voluntarii,
1456 2983 1511 3014 sed

451 3026 545 3056 etiarn
574 3025 719 3057 ordinem
751 3026 791 3057 ad
821 3027 978 3058 actualem
1008 3027 1213 3058 dilectionem
1243 3027 1319 3058 Dei:
1351 3033 1398 3058 est
1425 3028 1510 3058 enim

1564 2097 1789 2139 impeditivum
1812 2097 1945 2128 fervoris
1969 2098 2114 2129 caritatis.
2148 2098 2190 2129 Et
2213 2107 2251 2130 ex
2273 2098 2334 2129 hac
2357 2103 2447 2139 parte
2469 2099 2567 2130 habet
2587 2109 2637 2131 ra-

1565 2187 1678 2218 sistens
1700 2187 1734 2218 in
1757 2194 1892 2228 peccato
1914 2187 2042 2218 mortali
2064 2187 2166 2228 possit
2180 2197 2326 2228 reparare
2340 2187 2567 2221 rectitudinem
2581 2198 2636 2222 ve-
2672 2189 2677 2191 ’

1565 2231 1656 2262 nialis
1679 2233 1820 2272 peccati,
1843 2238 1923 2273 puta
1945 2232 2021 2272 quia
2045 2241 2084 2262 ex
2105 2231 2261 2263 mendace
2283 2232 2395 2263 iocose
2417 2233 2469 2265 vel
2491 2232 2636 2265 officiose

1563 2276 1746 2306 habituatus
1770 2281 1818 2306 est
1840 2276 1880 2307 ad
1902 2276 2068 2307 veritatem
2091 2275 2261 2307 dicendam
2284 2277 2380 2308 etiam
2403 2276 2515 2308 iocose
2538 2275 2635 2313 et'of-

1565 2319 1693 2358 ficiose;
1723 2329 1792 2351 non
1814 2326 1985 2361 propterea
2007 2320 2231 2351 remissionem
2257 2326 2452 2352 consecutus
2475 2327 2523 2352 est
2543 2317 2635 2362 prae·

1565 2365 1676 2394 teritae
1699 2364 1823 2404 culpae,
1845 2374 1910 2405 qua
1933 2364 2042 2405 aliquo
2058 2363 2160 2395 modo
2183 2364 2291 2395 Deum
2307 2364 2454 2402 offendit3
2478 2366 2635 2406 quoniam

1564 2408 1654 2438 nulla
1677 2407 1800 2439 offensa
1822 2409 1890 2440 sine
1913 2409 2011 2450 gratia
2033 2418 2052 2439 a
2074 2408 2146 2439 Deo
2170 2408 2348 2440 dimittitur.
2372 2409 2442 2440 Nec
2465 2409 2635 2451 displicen-

1564 2452 1609 2482 tia
1630 2452 1684 2482 illa
1707 2461 1791 2493 quae
1813 2453 1848 2483 in
1871 2453 1935 2484 hoc
1958 2453 2101 2494 ponitur,
2124 2452 2242 2484 sufficit
2264 2452 2304 2484 ad
2325 2455 2550 2486 remissionem
2566 2455 2637 2489 cul-

1565 2505 1642 2536 pae:
1676 2497 1752 2536 quia
1774 2505 1843 2527 non
1867 2502 1914 2528 est
1936 2497 2008 2528 Deo
2032 2502 2164 2537 accepta
2188 2498 2256 2528 sine
2279 2498 2388 2538 gratia,
2416 2503 2452 2531 ut
2474 2499 2508 2530 in
2531 2499 2637 2533 littera

1566 2539 1682 2571 dicitur
1711 2550 1749 2571 ex
1776 2541 1904 2572 Psalmo
1935 2547 1967 2572 et
1994 2540 2155 2582 Apostolo
2179 2547 2211 2572 et
2233 2541 2338 2582 glossa
2362 2541 2486 2574 Beatus
2508 2537 2560 2575 νίν
2581 2543 2637 2575 cui

1566 2594 1631 2615 non
1656 2585 1826 2625 imputavit
1846 2585 2010 2616 Dominus
2025 2591 2205 2626 peccatum,
2224 2591 2284 2617 etc.

1621 2628 1673 2659 Ad
1700 2629 1879 2660 secundum
1910 2629 2025 2661 dicitur
2053 2630 2159 2670 quod,
2184 2631 2210 2661 si
2237 2640 2328 2662 casus
2359 2631 2533 2669 accideret,
2557 2632 2634 2674 pei:-

1566 2678 1674 2705 catum
1703 2673 1784 2704 illud
1813 2674 1938 2705 veniale
1968 2674 2167 2706 aeternaliter
2198 2676 2367 2715 puniretur
2394 2685 2453 2717 per
2473 2676 2634 2714 accidens,

1565 2718 1629 2748 hoc
1653 2723 1709 2754 est,
1732 2719 1856 2749 ratione
1879 2724 1987 2749 status.
2019 2718 2104 2757 Quia
2128 2725 2211 2750 esset
2232 2720 2267 2751 in
2289 2725 2373 2752 statu
2402 2721 2436 2751 in
2459 2730 2527 2762 quo
2550 2730 2635 2759 sem-

1565 2771 1623 2802 per
1645 2768 1788 2794 maneret
1811 2763 1915 2804 culpa.
1951 2763 2102 2797 Manente
2132 2768 2240 2795 autem
2271 2764 2366 2806 culpa
2395 2765 2429 2796 in
2455 2771 2633 2804 aeternum,

1566 2805 1661 2837 debet
1684 2807 1779 2837 etiam
1802 2816 1909 2848 poena
1932 2817 2000 2838 esse
2024 2813 2166 2838 aeterna:
2191 2813 2228 2839 ut
2242 2808 2378 2850 ipsemet
2394 2809 2576 2848 Durandus,
2598 2809 2634 2846 in

1566 2849 1683 2881 eodem
1706 2851 1788 2881 libro
1805 2853 1832 2888 ¹,
1857 2852 2023 2892 approbat.

1621 2895 1672 2926 Ad
1687 2896 1817 2926 tertium
1841 2895 1956 2927 dicitur
1979 2896 2079 2937 quod,
2097 2897 2256 2938 quidquid
2271 2898 2311 2928 sit
2326 2897 2366 2929 de
2381 2907 2498 2939 poena,
2514 2908 2634 2940 negan-

1566 2939 1644 2970 dum
1668 2945 1715 2970 est
1739 2939 1829 2980 quod
1844 2949 1902 2981 per
1917 2941 2003 2971 bona
2026 2951 2125 2982 opera
2147 2941 2230 2972 facta
2253 2947 2340 2973 extra
2355 2943 2517 2974 caritatem
2531 2944 2634 2984 possit

1566 2984 1680 3024 aliquis
1695 2985 1811 3015 mereri
1827 2984 1866 3015 de
1883 2994 2028 3026 congruo
2051 2987 2275 3018 remissionem
2298 2987 2422 3027 culpae.
2446 2987 2488 3018 Et
2501 2992 2633 3028 propte-

1565 3038 1618 3059 rea
1634 3035 1859 3069 argumentum
1879 3039 1948 3060 non
1963 3030 2078 3061 militat
2100 3036 2212 3062 contra
2225 3036 2427 3072 praesentem
2443 3030 2632 3064 docuinam.

2910 2369 2918 2570 ...ῳ-..-ω
2912 2230 2918 2355 -Δῌ-ᾣᾼ
2912 2151 2918 2212 .-.-,.,
2916 2118 2918 2123 .

2660 2860 2672 2871 ·
2679 2858 2737 2882 Dm.
2745 2865 2795 2888 xxi,
2801 2865 2841 2888 qu.
2846 2865 2877 2882 ιι.
