2918 4088
22 437 32 458 ἑ
62 441 73 452 ·
137 438 157 460 ¹1.
172 443 223 465 cap.
234 442 272 463 ιιι,

60 471 99 490 xv.
260 483 264 488 .

958 192 1220 237 QUAESTIO
1250 192 1412 240 LXXX,
1441 192 1732 230 ARTICULUS
1761 194 1825 230 VlI

356 271 390 307 3.
420 272 651 316 PRAETEREA,
672 277 860 306 nocturna
882 269 1042 318 pollutio
1062 269 1214 306 videtur
1241 271 1364 306 solam

300 323 588 361 immunditiam
614 324 856 372 corporalem
884 322 1038 358 habere.
1069 322 1146 358 Sed
1170 322 1264 358 aliae
1292 322 1363 358 im-

300 375 510 413 munditiae
537 376 766 424 corporales,
787 386 886 423 quae
907 375 1123 411 secundum
1150 376 1273 422 legem
1292 374 1362 410 im-

299 429 506 478 pediebant
533 428 581 466 ab
610 427 781 478 ingressu
801 434 1022 464 sanctorum
1041 426 1071 473 ²³,
1101 427 1140 463 in
1160 439 1263 463 nova
1282 428 1362 474 lege

299 493 380 519 non
421 480 637 530 impediunt
668 493 691 517 a
728 479 948 530 sumptione
989 479 1160 528 corporis
1203 479 1360 516 Christi:

261 533 263 535 ’
299 534 396 571 sicut
430 534 478 571 de
513 533 674 570 muliere
706 532 892 582 pariente,
920 534 983 569 vel
1016 539 1271 577 menstruata,
1300 533 1363 568 vel

0 630 2 632 Ι
27 659 30 662 .
58 645 70 656 ·
82 643 140 666 Loe.
154 643 194 665 cit.

297 587 451 625 fluxum
479 586 674 634 sanguinis
700 586 877 635 patiente,
901 585 1028 622 scribit
1055 585 1190 621 beatus
1218 585 1362 633 Grego-

298 640 377 677 rius
411 640 626 687 Augustino
654 640 866 687 Anglorum
897 637 1091 688 Episcopo
1110 637 1141 674 ²¹².
1177 638 1279 685 Ergo
1307 637 1362 674 vi-

298 694 410 730 detur
436 693 544 742 quod
571 703 698 741 neque
733 692 848 728 etiam
875 698 1064 728 noctuma
1097 690 1258 740 pollutio
1291 690 1362 727 irn-

295 746 426 796 pediat
452 745 654 783 hominem
682 757 705 781 a
732 744 951 793 sumptione
977 744 1094 780 huius
1122 743 1360 780 sacramenti.

296 824 298 826 v
349 811 386 846 4.
416 799 657 844 PRAETEREA,
686 805 889 846 peccatum
916 796 1065 833 veniale
1093 808 1174 833 non
1201 796 1362 845 impedit

296 851 498 889 hominem
539 863 562 888 a
598 850 819 899 sumptione
856 849 973 886 huius
1008 849 1254 886 sacramenti:
1290 850 1361 886 -sed

294 916 367 941 nec
395 904 510 941 etiarn
537 909 740 952 peccatum
768 904 929 939 mortale
957 910 1045 951 post
1071 902 1359 952 poenitentiam.

295 957 383 1001 Sed,
412 957 502 994 dato
531 956 638 1005 quod
665 963 854 992 nocturna
880 955 1042 1004 pollutio
1070 955 1291 1004 provenerit
1314 969 1360 993 ex

293 1009 424 1059 aliquo
465 1016 622 1059 peccato
663 1008 906 1058 praecedenti
941 1008 1021 1045 sive
1059 1010 1237 1058 crapulae
1279 1008 1359 1046 sive

291 1062 466 1112 turpium
491 1061 778 1110 cogitationum,
797 1063 1029 1111 plerumque
1056 1063 1129 1098 tale
1157 1068 1359 1111 peccatum

293 1123 350 1153 est
376 1115 541 1152 veniale:
571 1121 627 1161 et,
657 1114 687 1151 si
716 1114 924 1164 aliquando
952 1114 998 1151 sit
1025 1116 1206 1162 mortale,
1235 1122 1361 1164 potest

292 1168 512 1217 contingere
540 1168 649 1217 quod
676 1168 725 1204 de
753 1180 868 1205 mane
895 1167 1066 1217 poenitet
1093 1175 1130 1205 et
1156 1175 1356 1217 peccatum

253 1221 259 1227 '
292 1227 410 1259 suum
437 1221 652 1258 confitetur.
682 1221 784 1268 Ergo
803 1220 956 1258 videtur
978 1221 1085 1270 quod
1113 1233 1194 1258 non
1221 1221 1359 1258 debeat

247 1278 250 1282 ⁴
293 1274 472 1324 impediri
500 1284 523 1311 a
550 1273 772 1323 sumptione
800 1273 917 1311 huius
945 1274 1183 1311 sacramenti.

292 1335 294 1337 ’
349 1329 382 1364 5.
407 1329 641 1374 PRAETEREA,
670 1327 824 1374 gravius
851 1335 1053 1376 peccatum
1082 1335 1137 1364 est
1160 1327 1359 1364 homicidii

282 1384 413 1430 'quam
439 1379 710 1417 fornicationis.
747 1380 824 1417 Sed
852 1379 883 1416 si
911 1380 1047 1429 aliquis
1075 1381 1123 1417 de
1151 1388 1263 1417 nocte
1298 1393 1358 1417 so—

290 1433 413 1471 mniet
453 1432 710 1471 homicidium
746 1440 964 1482 perpetrare
1002 1440 1068 1470 aut
1101 1433 1268 1479 furtum,
1297 1435 1359 1470 vel

291 1487 572 1536 quodcumque
601 1486 703 1523 aliud
740 1493 961 1534 peccatum,
990 1498 1071 1522 non
1098 1493 1256 1535 propter
1282 1487 1359 1523 hoc

213 1565 217 1566 ν
267 1539 502 1589 ,impeditur
535 1551 558 1576 a
592 1538 812 1587 sumptione
849 1538 1027 1588 corporisv
1059 1538 1209 1575 Christi.
1255 1540 1357 1587 Ergo

39 1750 65 1771 ⁶
75 1748 194 1780 Voenss'ffi.

291 1592 452 1640 yidetur-
471 1592 580 1642 quod
607 1593 730 1628 multo
764 1591 895 1628 minus
921 1591 1121 1628 fornicatio
1156 1591 1357 1638 somniata,

290 1652 384 1682 'cum
417 1644 629 1694 pollutione
664 1644 940 1693 subsequente,
969 1643 1154 1692 impediat
1182 1656 1204 1680 a
1231 1656 1357 1681 susce-

287 1698 423 1748 ptione
451 1697 568 1734 huius
596 1697 835 1733 saci-amenti.

289 1770 296 1776 ·
345 1751 420 1788 sm>
449 1761 595 1797 con-riu
619 1761 685 1786 EST
717 1750 825 1798 quod
853 1751 968 1787 Levit.
989 1762 1037 1786 xv
1055 1748 1075 1771 '¹‘
1102 1749 1256 1786 dicitur:
1294 1751 1359 1787 Vir

287 1806 318 1842 ’ά
345 1815 576 1853 quocumque
594 1801 610 1831 β
637 1803 827 1852 egreditur
845 1815 970 1839 semen
999 1804 1126 1848 coitus,
1147 1802 1359 1839 immundus

286 1858 360 1894 erit
386 1859 501 1906 usque
527 1856 579 1893 ad
594 1867 798 1905 vesperam.
828 1855 906 1892 Sed
924 1855 1137 1892 immundis
1155 1867 1236 1892 non
1254 1862 1358 1904 patet

287 1909 416 1947 aditus
449 1909 499 1946 ad
533 1916 782 1946 sacramenta.
819 1909 920 1956 Ergo
948 1908 1101 1945 videtur
1132 1908 1239 1957 quod
1271 1921 1357 1957 pro-

289 1970 375 2012 pter
400 1961 656 2012 pollutionem
683 1969 915 1998 nocturnam
943 1961 1079 2010 aliquis
1106 1961 1315 2010 impeditur
1335 1975 1358 1999 a

289 2015 511 2065 sumptione
531 2014 648 2052 huius
677 2014 914 2061 sacramenti,
936 2015 1044 2063 quod
1066 2021 1123 2051 est
1141 2014 1357 2052 maximum

289 2076 586 2107 sacramentum.

341 2123 567 2160 Responmzo
604 2133 787 2158 DICENDUM
822 2120 930 2169 quod
967 2118 1067 2157 circa
1102 2119 1356 2168 pollutionem

288 2183 521 2212 nocturnam
549 2174 629 2211 duo
657 2180 820 2223 possunt
839 2172 1088 2210 considerari:
1118 2185 1241 2209 unum
1272 2172 1355 2221 qui-

287 2229 379 2266 dem
407 2227 553 2265 ratione
581 2226 691 2264 cuius
719 2239 766 2263 ex
793 2225 1014 2263 necessitate
1042 2225 1203 2274 impedit
1230 2225 1355 2262 homi-

286 2293 380 2319 nem
399 2293 422 2318 a
441 2279 661 2330 sumptione
681 2279 796 2316 huius
818 2278 1065 2324 sacramenti;
1094 2278 1197 2315 aliud
1225 2285 1355 2314 autem

287 2334 434 2372 ratione
463 2333 573 2371 cuius
601 2345 681 2370 non
710 2345 756 2370 ex
784 2332 1004 2369 necessitate
1037 2330 1198 2380 impedit
1229 2330 1354 2368 horni-

288 2399 392 2434 nem,
422 2387 489 2424 sed
513 2399 564 2436 ex
592 2386 763 2436 quadam
792 2384 1051 2434 congruentia.

341 2441 401 2477 Ex
428 2438 650 2476 necessitate
683 2438 842 2487 quidem
877 2437 1037 2487 impedit
1071 2436 1272 2474 hominem
1305 2436 1353 2473 ab

287 2493 404 2530 huius
424 2491 651 2531 sacramenti
668 2491 914 2541 perceptione
938 2492 1066 2527 solum
1085 2491 1245 2527 mortale
1265 2501 1352 2538 pec-

288 2554 429 2584 catum.
466 2547 514 2582 Et
541 2544 720 2594 quamvis
753 2544 836 2593 ipsa
871 2551 1061 2581 nocturna
1087 2543 1267 2592 pollutio,
1297 2555 1353 2578 se-

249 2598 259 2608 '
288 2599 463 2637 cundum
491 2610 531 2635 se
560 2597 814 2643 considerata,
842 2604 1046 2646 peccatum
1074 2597 1233 2632 mortale
1270 2607 1352 2632 esse

6 2919 7 2922 ’
51 2916 61 2946 s
73 2922 121 2951 Qu.
131 2928 178 2951 αι,
187 2926 230 2946 m.
241 2929 261 2952 3.

287 2664 369 2691 non
396 2651 526 2701 possit,
546 2650 798 2688 nihilominus
816 2658 957 2695 tamen,
979 2649 1124 2686 ratione
1153 2661 1244 2685 suae
1264 2660 1352 2685 cau-

287 2717 372 2753 sae,
402 2704 640 2754 quandoque
668 2703 784 2740 habet
810 2710 1012 2752 peccatum
1040 2703 1200 2739 mortale
1236 2713 1352 2738 anne-

286 2771 394 2796 xum.
424 2759 473 2795 Et
500 2757 588 2794 ideo
608 2756 887 2793 consideranda
915 2763 971 2793 est
989 2767 1105 2792 causa
1132 2753 1352 2804 pollutionis

287 2819 511 2849 nocturnae.
549 2809 798 2858 Quandoque
827 2808 931 2846 enim
957 2807 1136 2858 provenit
1163 2820 1209 2844 ex
1237 2819 1352 2844 causa

287 2864 498 2902 extrinseca
526 2862 720 2912 spirituali,
745 2861 885 2899 scilicet
906 2862 1145 2898 daemonum
1164 2860 1349 2906 illusione,

287 2917 367 2968 qui,
397 2917 495 2954 sicut
522 2916 562 2953 in
590 2915 720 2953 Prima
747 2916 857 2952 Parte
876 2914 896 2936 ’¹‘
923 2914 1100 2951 habitum
1128 2921 1201 2959 est,
1230 2913 1351 2962 phan-

285 2978 448 3008 tasmata
475 2981 726 3006 commovere
754 2975 927 3017 possunt,
957 2980 1003 3004 ex
1032 2979 1203 3016 quorum
1235 2978 1350 3014 appa—

285 3023 422 3070 ritione
449 3022 610 3073 pollutio
643 3022 837 3058 interdum
870 3020 1125 3070 subsequitur.
1165 3018 1350 3065 Quando-

286 3089 364 3128 que
391 3088 486 3114 vero
514 3075 692 3126 provenit
727 3074 888 3124 pollutio
924 3086 971 3110 ex
999 3085 1114 3110 causa
1150 3071 1351 3109 intrinseca

285 3129 490 3181 ¹spirituali,
520 3128 659 3166 scilicet
691 3140 737 3171 ex
770 3126 1086 3177 praecedentibus
1118 3123 1350 3173 cogitationi-

285 3184 370 3221 bus.
394 3182 626 3232 *Aliquando
655 3188 785 3218 autem
814 3193 860 3217 ex
887 3191 1003 3217 causa
1036 3178 1237 3215 intrinseca
1270 3189 1349 3213 cor-

285 3235 424 3288 porali:
463 3248 532 3272 seu
567 3247 613 3272 ex
649 3233 911 3283 superfluitate
946 3232 1025 3269 sive
1063 3230 1252 3268 debilitate
1286 3241 1348 3266 na-

294 3353 300 3356 ”
338 3352 365 3387 β)
384 3360 402 3378 a
419 3359 583 3386 quocunque.
605 3365 624 3371 -
643 3352 675 3382 de
693 3357 744 3384 quo
764 3351 792 3380 Ρ,
811 3357 828 3374 α
848 3357 899 3382 quo
923 3354 1006 3374 cetera
1030 3348 1117 3378 tertia3
1143 3346 1174 3371 cf.
1193 3353 1236 3378 qu.
1255 3352 1346 3370 Lxxxn.

285 3395 333 3416 um
354 3388 559 3458 3.d⁰;.votionem.
573 3438 592 3441 —
610 3423 759 3448 orationem
778 3424 805 3446 et
823 3420 988 3445 devotionem
1004 3419 1013 3443 l
1029 3424 1053 3443 et
1066 3425 1112 3451 per
1125 3417 1200 3442 Alias
1214 3423 1303 3449 margo
1318 3415 1347 3441 Ρ.

337 3459 363 3493 ὃ)
382 3460 502 3493 quidam.
520 3473 539 3477 -
549 3460 645 3492 frater
663 3458 760 3482 addunt
779 3457 841 3481 PFI.

337 3496 361 3530 ε)
380 3497 420 3521 sin
439 3498 538 3520 autem.
555 3509 575 3513 -
592 3493 633 3518 sin
653 3492 688 3526 (si
705 3491 735 3526 P)
754 3495 843 3517 autem
869 3491 937 3516 desit
959 3490 1011 3515 erit
1034 3489 1171 3518 editiones;
1197 3487 1238 3512 sin
1258 3490 1347 3511 autem

285 3532 389 3558 veniale
406 3539 460 3556 om.
480 3531 513 3554 H.

2400 196 2474 243 237

1418 278 1545 316 turae;
1575 282 1643 307 seu
1672 270 1785 308 etiam
1813 284 1859 308 ex
1891 273 2148 321 superfluitate
2185 275 2258 312 cibi
2287 284 2323 312 et
2349 283 2473 325 potuS.

1418 322 1621 369 Quaelibet
1648 331 1777 359 autem
1805 324 1945 360 harum
1973 325 2088 362 trium
2115 338 2318 364 causarum
2352 336 2475 377 potest

1418 383 1453 411 et
1481 375 1562 412 sine
1581 383 1748 424 peccatO,
1770 383 1917 412 etcum
1944 385 2099 425 peccato
2127 379 2265 415 veniali
2292 382 2354 416 vel
2371 393 2473 417 mor-

1416 427 1479 464 tali
1511 427 1680 464 existere.
1720 429 1768 464 Et
1795 428 1826 464 si
1853 428 2011 476 quidem
2040 429 2085 465 sit
2112 430 2191 466 sine
2219 440 2386 479 peccato,
2413 434 2474 469 vel

1416 492 1508 517 cum
1535 487 1692 529 peccato
1711 480 1862 527 veniali,
1888 493 1967 517 non
1995 493 2041 517 ex
2069 482 2287 519 necessitate
2316 484 2474 533 impedit

1416 533 1678 582 sumptionem
1711 532 1826 569 huius
1854 533 2097 580 sacramenti,
2126 534 2176 570 ita
2203 535 2340 572 scilicet
2367 538 2473 585 quod

1415 587 1537 622 homo
1579 586 1770 622 sumendo
1812 585 1858 622 sit
1898 598 1982 622 reus
2015 588 2181 635 corporis
2218 593 2250 623 et
2282 591 2474 637 sanguinis

1416 640 1572 675 Domini
1587 638 1618 674 ²⁸.
1649 637 1689 675 Si
1716 650 1809 674 vero
1838 638 1884 674 sit
1911 650 2002 675 cum
2029 646 2185 687 peccato
2214 640 2375 687 mortali,
2404 640 2473 677 im-

1415 691 1520 740 pedit
1548 703 1593 727 ex
1621 690 1853 727 necessitate.

1467 743 1594 781 Illusio
1623 743 1727 780 enim
1755 744 1994 780 daemonum
2031 744 2266 793 quandoque
2299 745 2475 793 provenit

1415 809 1460 834 ex
1488 796 1730 845 praecedenti
1757 796 1982 844 negligentia
2008 796 2306 845 praeparationis
2334 798 2382 834 ad
2410 798 2474 835 de-

1414 849 1614 904 votionem
1633 855 1660 894 Υ,
1689 861 1789 898 quae
1817 856 1940 898 potest
1964 861 2044 885 esse
2065 851 2126 886 vel
2153 851 2311 886 mortale
2331 852 2392 887 vel
2410 863 2474 887 ve—

1414 903 1512 940 niale
1540 910 1753 951 peccatum.
1783 924 1808 928 -
1837 902 2085 950 Quandoque
2112 915 2206 939 vero
2233 903 2410 951 provenit
2428 915 2475 940 ex

1414 957 1495 993 sola
1514 955 1683 1005 nequitia
1702 955 1941 992 daemonum
1959 954 2173 992 volentium
2196 955 2381 1004 impedire
2406 956 2475 992 ho-

1414 1009 1560 1046 minem
1589 1021 1611 1045 a
1639 1008 1859 1057 sumptione
1887 1007 2004 1044 huius
2027 1007 2263 1045 sacramenti.
2294 1008 2404 1046 Unde
2423 1010 2474 1045 le-

1412 1061 1512 1110 gitur
1539 1061 1578 1098 in
1610 1062 1874 1099 Collationibus
1900 1062 2055 1097 Patrum
2076 1060 2097 1082 *
2123 1061 2242 1110 quod,
2272 1073 2362 1098 cum
2391 1061 2474 1110 qui-

1413 1116 1504 1152 dam
1523 1113 1536 1136 δ
1562 1114 1816 1163 pollutionem
1843 1121 2035 1163 pateretur
2062 1125 2215 1162 semper
2241 1113 2280 1150 in
2306 1113 2407 1151 festis
2434 1113 2474 1150 in

1413 1168 1554 1217 quibus
1573 1174 1652 1204 erat
1670 1166 2053 1214 communicandum,
2074 1166 2253 1213 seniores,
2274 1174 2472 1216 comperto

1412 1221 1520 1270 quod
1548 1221 1652 1257 nulla
1678 1232 1794 1256 causa
1820 1220 1869 1256 ab
1897 1219 1981 1268 ipso
2008 1226 2273 1268 praecesserat,
2294 1219 2472 1256 decreve-

1412 1282 1502 1311 runt
1529 1274 1636 1323 quod
1663 1280 1821 1322 propter
1847 1273 1923 1309 hoc
1942 1284 1964 1309 a
1983 1271 2259 1309 communione
2285 1284 2366 1309 non
2392 1284 2471 1309 ces-

1412 1334 1530 1373 saret:
1560 1334 1596 1363 et
1623 1325 1674 1362 ita
1701 1325 1861 1362 cessavit
1888 1324 2012 1362 illusio
2040 1325 2289 1361 daemonum.

1466 1379 1646 1417 Similiter
1673 1379 1786 1415 etiam
1805 1378 2076 1427 praecedentes
2104 1377 2349 1425 cogitationes
2369 1377 2471 1414 lasci-

1411 1445 1483 1470 vae
1512 1432 1748 1481 quandoque
1780 1438 1942 1480 possunt
1970 1442 2051 1467 esse
2080 1430 2241 1466 omnino
2276 1430 2356 1466 sine
2383 1442 2470 1479 pec-

1390 1497 1393 1500 ·
1412 1493 1512 1522 cato:
1542 1492 1635 1534 puta
1654 1495 1745 1520 cum
1766 1483 1902 1532 aliquis
1930 1495 2046 1519 causa
2072 1482 2243 1519 lectionis
2261 1484 2323 1519 vel
2342 1482 2470 1531 dispu-

1410 1537 1562 1575 tationis
1590 1536 1737 1584 cogitur
1763 1536 1811 1572 de
1839 1535 1977 1572 talibus
2004 1535 2179 1583 cogitare.
2210 1536 2257 1572 Et
2283 1535 2313 1571 si
2332 1536 2407 1572 hoc
2426 1535 2472 1572 sit

1412 1591 1492 1627 sine
1512 1588 1823 1637 concupiscentia
1842 1595 1878 1624 et
1897 1588 2156 1635 delectatione,
2178 1599 2258 1624 non
2279 1595 2390 1624 erunt
2408 1600 2471 1625 co—

1411 1643 1609 1691 gitationes
1628 1641 1866 1687 immundae,
1887 1640 1954 1677 sed
1973 1641 2174 1677 honestae:
2197 1652 2243 1676 ex
2261 1640 2402 1688 quibus
2420 1648 2471 1677 ta-

1411 1708 1503 1732 men
1530 1694 1691 1744 pollutio
1720 1693 1829 1742 sequi
1856 1700 1990 1742 potest,
2011 1692 2107 1729 sicut
2125 1699 2227 1741 patet
2246 1705 2291 1729 ex
2311 1693 2471 1729 auctori-

1411 1747 1485 1786 tate
1500 1746 1703 1796 Augustini
1722 1746 1878 1783 inducta
1890 1745 1921 1782 *.
1942 1768 1967 1772 -
1987 1746 2235 1794 Quandoque
2254 1757 2347 1782 vero
2366 1758 2471 1794 prae-

1411 1801 1589 1838 cedentes
1617 1799 1863 1848 cogitationes
1891 1806 1979 1835 sunt
1999 1810 2090 1835 cum
2109 1797 2417 1847 concupiscentia
2436 1807 2472 1835 et

1412 1853 1680 1891 delectatione:
1720 1859 1773 1899 et,
1808 1851 1838 1888 si
1875 1851 1972 1888 adsit
2007 1863 2235 1898 consensus,
2268 1858 2471 1900 peccatum

1412 1908 1573 1944 mortale
1601 1905 1689 1952 erit;
1719 1904 1778 1941 sin
1806 1912 1936 1942 autem
1955 1909 1980 1951 ²,
2008 1903 2169 1940 veniale.

1464 1959 1644 1997 Similiter
1671 1957 1786 1995 etiam
1805 1965 1841 1994 et
1860 1969 1975 1994 causa
1998 1956 2205 2006 corporalis
2233 1957 2469 2006 quandoque

1411 2021 1466 2050 est
1484 2012 1565 2049 sine
1592 2018 1769 2061 peccato:
1798 2018 1891 2059 puta
1918 2022 2010 2046 cum
2029 2017 2084 2046 est
2102 2021 2149 2045 ex
2167 2008 2385 2046 infirmitate
2405 2022 2468 2046 na-

1409 2073 1529 2111 turae,
1549 2065 1654 2101 unde
1674 2071 1710 2100 et
1728 2063 1889 2112 quidam
1916 2062 2109 2110 vigilando
2137 2061 2283 2110 absque
2310 2070 2467 2111 peccato

1409 2118 1562 2155 fluxum
1590 2115 1746 2153 seminis
1777 2115 1994 2165 patiuntur;
2027 2116 2088 2151 vel
2116 2113 2231 2151 etiam
2259 2113 2320 2151 sit
2348 2115 2394 2151 sit
2421 2127 2467 2152 ex

1409 2169 1670 2219 superfluitate
1703 2175 1877 2215 naturae,
1906 2167 2002 2204 sicut
2034 2166 2138 2203 enim
2172 2165 2355 2215 contingit
2382 2180 2466 2204 san-

1409 2224 1566 2272 guinem
1594 2221 1831 2271 superfluere
1851 2226 1869 2247 ⁷¹
1897 2220 2043 2268 absque
2070 2227 2239 2268 peccato,
2268 2218 2318 2256 ita
2346 2227 2382 2256 et
2409 2233 2465 2257 se-

1409 2289 1512 2321 men,
1542 2275 1649 2324 quod
1677 2281 1732 2310 est
1759 2272 2001 2322 superfluitas
2025 2272 2229 2320 sanguinis,
2250 2273 2465 2309 secundum

1408 2328 1691 2376 Philosophum
1710 2326 1740 2363 ²¹³.
1761 2349 1787 2353 -
1806 2326 2054 2374 Quandoque
2081 2337 2175 2361 vero
2195 2332 2249 2361 est
2267 2337 2358 2362 cum
2377 2338 2465 2374 pec·
2492 2336 2502 2346 ·

1397 2389 1512 2428 cato:
1541 2388 1635 2430 puta
1662 2392 1753 2416 cum
1772 2377 1949 2428 provenit
1968 2390 2014 2414 ex
2033 2377 2293 2427 superfluitate
2312 2377 2385 2414 cibi
2404 2380 2466 2415 vel

1394 2440 1533 2484 potus.
1559 2434 1608 2470 Et
1626 2434 1702 2470 hoc
1721 2431 1835 2468 etiam
1853 2438 1978 2480 potest
1996 2442 2078 2467 esse
2097 2437 2298 2479 peccatum
2315 2430 2464 2468 veniale

1406 2489 1468 2525 vel
1495 2487 1674 2524 mortale:
1704 2485 1789 2522 licet
1815 2483 2051 2532 frequentius
2077 2490 2279 2532 peccatum
2304 2485 2464 2521 mortale

1407 2540 1551 2578 accidat
1579 2539 1677 2576 circa
1704 2545 1834 2586 turpes
1862 2536 2119 2585 cogitationes,
2140 2543 2296 2585 propter
2314 2536 2464 2573 facilita-

1406 2601 1484 2630 tem
1512 2603 1734 2637 consensus,
1764 2602 1883 2639 quam
1911 2589 2010 2626 circa
2037 2588 2299 2638 sumptionem
2327 2588 2464 2630 cibisset

1406 2654 1531 2696 potus.
1547 2644 1658 2682 Unde
1679 2642 1898 2691 Gregorius,
1914 2642 2082 2679 scribens
2097 2641 2311 2689 Augustino
2325 2643 2463 2689 Anglo-

1406 2712 1494 2736 rum
1514 2697 1708 2747 Episcopo
1727 2696 1759 2742 ²¹⁶,
1780 2695 1868 2732 dicit
1887 2695 2116 2732 cessandum
2144 2706 2226 2731 esse
2245 2707 2268 2731 a
2286 2706 2462 2731 commu-

1406 2752 1522 2789 nione
1550 2750 1707 2800 quando
1736 2761 1783 2786 ex
1809 2748 1985 2797 turpibus
2013 2746 2304 2795 cogitationibus
2326 2754 2462 2795 prove-¹

1405 2805 1470 2852 nit,
1491 2816 1571 2841 non
1590 2810 1727 2840 autem·
1748 2801 1905 2851 quando
1933 2799 2111 2850 provenit
2134 2812 2180 2836 ex
2201 2799 2461 2848 superfluitate

1405 2856 1479 2896 cibi
1498 2855 1510 2878 θ
1539 2864 1576 2893 et
1602 2863 1728 2905 potus,
1757 2853 1980 2903 praesertim
2009 2853 2039 2890 si
2064 2852 2266 2890 necessitas
2294 2851 2400 2889 adsit.

1459 2909 1522 2948 Sic
1539 2909 1651 2957 igitur
1678 2920 1723 2944 ex
1751 2919 1867 2944 causa
1894 2905 2114 2955 pollutionis
2142 2904 2373 2942 considerari
2391 2917 2461 2954 po-

1404 2971 1474 3001 test
1493 2970 1623 3000 utrum
1642 2968 1830 2998 nocturna
1856 2958 2017 3008 pollutio
2037 2971 2082 2995 ex
2101 2957 2321 2995 necessitate
2340 2957 2460 3006 impe-

1404 3017 1482 3054 diat
1510 3014 1772 3064 sumptionem
1801 3012 1916 3049 huius
1944 3011 2182 3048 sacramenti.

1456 3069 1513 3106 Ex
1542 3067 1711 3117 quadam
1738 3077 1831 3101 vero
1866 3063 2113 3112 congruentia
2145 3063 2304 3112 impedit
2339 3075 2460 3112 quan-

1402 3130 1486 3159 tum
1505 3121 1554 3158 ad
1573 3120 1665 3157 duo.
1694 3119 1877 3165 Quorum
1895 3129 2020 3154 unum
2048 3128 2201 3165 semper
2227 3115 2371 3162 accidit,
2392 3115 2460 3153 sci-

1403 3175 1486 3212 licet
1510 3173 1703 3222 quaedam
1720 3171 1878 3208 foeditas
1897 3169 2123 3220 corporalis:
2153 3180 2244 3206 cum
2263 3181 2352 3218 qua,
2372 3180 2460 3217 pro-

1401 3235 1485 3277 pter
1511 3224 1763 3263 reverentiam
1783 3222 2018 3269 sacramenti,
2039 3234 2119 3259 non
2146 3222 2254 3259 decet
2278 3221 2327 3258 ad
2346 3222 2460 3259 altare

1452 3343 1577 3376 {letiam
1597 3343 1629 3368 si.
1645 3356 1665 3360 -
1682 3341 1767 3366 Tertia
1787 3346 1812 3365 et
1830 3347 1861 3371 a;
1880 3340 1961 3366 etiam
1980 3340 2008 3371 F,
2028 3339 2051 3364 si
2068 3339 2148 3370 etiam
2167 3338 2254 3364 ceteri.

1453 3378 1480 3412 η)
1499 3379 1670 3412 superfluere.
1687 3391 1706 3395 —
1717 3377 1806 3411 fluere
1824 3376 1862 3400 Fa
1880 3380 1906 3400 et
1924 3376 2058 3400 editiones.

1453 3413 1478 3448 θ)
1496 3413 1679 3448 superfluitate
1703 3412 1762 3437 cibi.
1780 3426 1799 3430 -
1822 3411 1978 3444 infirmitate
2001 3410 2052 3435 cibi
2070 3410 2131 3442 BpC
2150 3414 2175 3433 et
2193 3416 2218 3437 a,
2237 3408 2393 3442 infirmitate
2411 3415 2460 3432 na·

1401 3453 1478 3475 turae
1497 3450 1537 3474 vel
1554 3456 1592 3474 ex
1609 3447 1792 3482 superfluitate
1811 3449 1924 3471 naturae
1943 3447 1984 3471 uel
2001 3453 2039 3470 ex
2056 3444 2240 3479 superfluitate
2256 3444 2308 3469 cibi
2326 3444 2355 3468 F.

2501 646 2511 655 ·
2525 644 2576 666 lad
2586 645 2648 671 Cor„
2660 652 2710 674 cap.

2500 677 2532 697 ιι,
2548 677 2605 693 vers.
2622 678 2656 698 27.

2501 1069 2512 1079 '
2526 1067 2639 1095 Cassian„
2657 1068 2710 1091 Col-

2501 1094 2542 1116 lat.
2549 1094 2620 1130 XXIJ,
2627 1101 2710 1123 capsi.

2596 1130 2610 1146 ο

2499 1757 2508 1766 ·
2522 1755 2579 1782 Arg.
2596 1763 2614 1777 ι.

2591 2117 2606 2130 Υ

2592 2133 2604 2146 5

2590 2232 2605 2255 ’l

2529 2335 2566 2356 De
2593 2334 2702 2357 Generat.

2490 2362 2606 2388 Animal„
2627 2362 2666 2384 lib.
2684 2362 2702 2389 1,

2491 2394 2542 2416 cap.
2556 2394 2603 2409 ιιι.

2489 2706 2500 2736 ι·
2521 2705 2578 2727 Loc.
2598 2705 2650 2731 cit.,
2673 2705 2701 2726 nd

2488 2735 2598 2758 interrog.
2615 2738 2646 2753 ιι.

2585 2854 2598 2879 0
