2878 4088
105 625 115 634 ·
129 623 180 645 Art.
196 624 301 651 praeced.

103 799 114 807 ⁶
134 798 233 822 Aristot.
255 799 317 828 Phy—

102 825 146 848 n'c.
152 825 191 848 lib.
197 825 258 853 VIII,
264 832 315 854 cap.

101 857 316 902 E'tnmnkessqsszs

98 1064 184 1113 ἑωῦὲα
191 1064 314 1113 2²11.Sed

100 1155 112 1166 ¹
125 1153 184 1182 cap.
198 1159 247 1176 υιι.

952 186 1216 233 QUAESTIO
1246 185 1432 233 LXXVII,

345 271 501 301 senectUS‚
519 274 601 306 quae
618 271 664 295 est
680 266 792 296 ultima
807 271 891 296 aetas
913 266 1063 301 hominis,
1079 275 1147 295 non
1167 265 1413 295 determinatum

345 310 440 340 habet
451 315 579 350 tempus
591 309 770 340 secundum
781 319 964 340 mensuram
976 309 1118 345 aliarum,
1128 319 1203 339 cum
1216 308 1412 349 quandoque

344 354 412 384 sola
435 359 559 384 tantum
582 359 688 384 teneat
703 354 855 394 temporis
870 359 1026 394 quantum
1050 363 1159 384 omnes
1179 354 1265 384 aliae
1280 358 1410 383 aetates.

399 398 505 428 Huius
531 404 639 429 autem
662 399 741 428 ratio
765 404 812 428 est
835 399 911 438 quia
934 398 1161 428 determinatus
1184 406 1338 428 numerus
1361 396 1410 427 fu-

344 443 405 473 turi
428 443 582 483 temporis
606 443 678 473 sciri
704 452 772 473 non
795 448 901 482 potest
923 443 983 472 nisi
1007 442 1055 472 vel
1080 451 1137 482 per
1163 441 1408 477 revelationem,

344 487 394 517 vel
426 496 484 527 per
513 487 690 517 naturalem
721 487 888 517 rationem.
922 486 1067 527 Tempus
1098 491 1206 516 autem
1238 485 1327 525 quod
1351 486 1409 515 erit

345 540 447 571 usque
478 531 517 561 ad
548 532 830 567 resurrectionem,
854 531 1014 561 numerari
1041 540 1110 560 non
1137 535 1243 570 potest
1273 529 1408 559 naturali

344 576 476 606 ratione.
501 575 586 613 Quia
609 575 704 606 simul
728 576 786 605 erit
808 575 996 605 resurrectio
1024 580 1055 604 et
1081 573 1154 604 finis
1181 579 1290 604 motus
1318 573 1406 609 caeli,

344 625 379 650 ut
391 619 513 650 dictum
529 625 576 650 est
584 621 611 650 ’ἦ
629 620 676 650 Ex
688 625 781 650 motu
797 625 904 650 autem
921 619 1075 659 accipitur
1089 627 1243 648 numerus
1259 618 1405 648 omnium

344 673 427 704 quae
450 663 660 694 determinato
683 669 829 704 tempore
853 673 910 703 per
932 662 1108 693 naturalem
1128 663 1285 692 rationem
1301 661 1407 692 futura

343 708 576 748 praevidentur.
601 708 648 738 Ex
671 714 764 738 motu
788 713 895 738 autem
919 707 997 737 caeli
1020 716 1088 736 non
1118 712 1224 746 potest
1252 706 1406 745 cognosci

343 751 415 783 finis
431 753 516 783 eius:
541 753 627 792 quia,
644 761 719 782 cum
736 753 775 782 sit
795 751 965 787 circularis,
982 760 1020 781 ex
1035 751 1099 780 hoc
1114 751 1185 790 ipso
1201 750 1296 780 habet
1317 749 1406 789 quod

342 796 521 827 secundum
548 802 693 827 naturam
719 805 811 826 suam
837 795 938 835 possit
963 795 997 824 in
1028 799 1222 834 perpetuum
1248 793 1360 824 durare
1376 794 1403 823 *.

343 840 435 872 Unde
459 841 592 871 naturali
617 841 740 870 ratione
762 845 891 879 tempus
914 838 1003 879 quod
1029 839 1086 868 erit
1110 847 1214 878 usque
1239 837 1278 868 ad
1302 847 1404 868 resur-

342 886 528 920 rectionem,
552 884 712 914 numerari
734 893 802 914 non
824 888 940 923 potest.

397 929 547 959 Similiter
569 937 630 958 nec
653 937 710 967 per
732 927 961 958 revelationem
984 927 1093 956 haberi
1115 931 1237 966 potest:
1262 925 1336 956 ideo
1370 932 1405 956 ut

341 982 454 1003 omnes
477 981 604 1012 semper
619 972 681 1002 sint
703 971 830 1002 solliciti
850 976 882 1001 et
900 971 1076 1011 praeparati
1091 970 1131 1000 ad
1147 969 1275 1001 Christo
1291 980 1404 1001 occur-

340 1016 487 1048 rendum.
511 1016 553 1047 Et
575 1021 707 1056 propter
729 1016 792 1046 hoc
816 1016 911 1046 etiam
930 1015 1096 1055 Apostolis
1113 1014 1153 1045 de
1169 1015 1232 1045 hoc
1249 1024 1404 1054 quaeren-

339 1061 423 1091 tibus
446 1060 621 1101 respondit,
646 1061 715 1090 Act.
733 1070 743 1089 1
758 1061 790 1090 ”2
815 1060 890 1090 Non
915 1064 963 1090 est
984 1065 1124 1090 vestrum
1149 1068 1242 1089 nosse
1258 1064 1403 1100 tempora

339 1105 389 1136 vel
412 1110 574 1136 momenta
597 1114 680 1146 quae
698 1105 796 1135 Pater
813 1104 927 1144 posuit
942 1104 974 1134 in
994 1113 1055 1134 sua
1074 1109 1233 1144 potestate
1239 1110 1252 1140 ;
1274 1104 1308 1134 in
1324 1113 1402 1144 quo,

340 1154 375 1180 ut
397 1149 596 1190 Augustinus
616 1148 701 1184 dicit,
718 1148 821 1179 XVIII
845 1148 885 1179 de
903 1148 971 1179 Civ.
988 1148 1051 1179 Dei
1066 1149 1093 1184 *‚
1111 1148 1254 1178 omnium
1278 1148 1317 1179 de
1343 1149 1404 1178 hac

339 1203 375 1225 re
398 1193 629 1224 calculantium
653 1193 774 1235 digitos
798 1192 931 1223 resoluit
953 1198 984 1223 et
1005 1193 1168 1233 quiescere
1186 1192 1280 1223 iubet.
1305 1192 1404 1231 Quod

339 1238 426 1269 enim
458 1238 624 1278 Apostolis
657 1238 883 1278 quaerentibus
914 1237 1020 1267 noluit
1051 1236 1210 1273 indicare,
1243 1246 1303 1268 nec
1337 1237 1404 1267 aliis

338 1282 498 1315 revelabit.

394 1326 488 1358 Unde
511 1335 626 1357 omnes
648 1326 694 1357 illi
717 1327 774 1367 qui
796 1332 925 1366 tempus
948 1325 1148 1366 praedictum
1163 1335 1331 1357 numerare
1346 1335 1403 1356 vo-

338 1371 467 1402 luerunt
489 1371 663 1407 hactenus,
688 1370 850 1411 falsiloqui
873 1376 948 1401 sunt
977 1370 1109 1400 inventi.
1131 1369 1282 1411 Quidam
1306 1371 1402 1407 enim,

339 1421 374 1446 ut
396 1415 596 1456 Augustinus
619 1415 695 1446 dicit
725 1414 864 1450 ibidem,
892 1414 1039 1445 dixerunt
1062 1414 1101 1445 ab
1125 1414 1314 1445 ascensione
1335 1415 1404 1449 Do-

338 1460 417 1490 mini
440 1469 540 1501 usque
562 1459 606 1490 ad
629 1460 775 1490 ultimum
798 1459 866 1490 eius
882 1458 1054 1490 adventum
1074 1458 1330 1500 quadringentos
1345 1468 1403 1490 an-

338 1514 398 1535 nos
414 1513 513 1545 posse
535 1504 710 1544 compleri,·
732 1504 791 1534 alii
811 1504 1006 1545 quingentos
1011 1510 1024 1540 ;
1047 1503 1106 1533 alii
1131 1503 1227 1533 mille.
1252 1503 1403 1541 Quorum

337 1548 454 1579 falsitas
477 1554 574 1589 patet.
599 1548 640 1579 Et
662 1548 806 1579 similiter
828 1548 950 1588 patebit
973 1557 1087 1578 eorum
1111 1548 1167 1588 qui
1192 1547 1296 1578 adhuc
1312 1557 1402 1579 com-

337 1598 450 1633 putare
472 1602 540 1623 non
564 1598 696 1623 cessant.

391 1637 443 1668 An
466 1647 583 1667 mmmm
610 1644 693 1667 eaeo
721 1646 880 1667 mcmmtm
904 1635 994 1676 quod
1021 1645 1135 1666 eorum
1159 1645 1299 1676 quorum
1328 1635 1401 1667 finis

337 1682 544 1722 cognoscitur
565 1681 724 1721 principio
748 1686 840 1717 noto,
864 1685 993 1721 oportet
1015 1689 1199 1710 mensuram
1223 1690 1291 1711 esse
1306 1681 1400 1711 nobis

337 1726 509 1766 cognitam.
542 1725 583 1756 Et
605 1724 699 1762 ideo,
724 1725 856 1765 cognito
886 1725 1046 1765 principio
1077 1724 1211 1755 alicuius
1240 1725 1286 1755 rei
1309 1726 1400 1756 cuius

336 1769 461 1800 duratio
484 1775 687 1800 mensuratur
708 1775 802 1800 motu
818 1769 906 1805 caeli,
923 1778 1097 1809 possumus
1120 1778 1316 1809 cognoscere
1332 1770 1400 1800 eius

335 1813 434 1845 finem
463 1823 503 1844 eo
531 1813 622 1854 quod
649 1819 758 1844 motus
783 1813 862 1844 caeli
886 1819 932 1844 est
960 1813 1054 1843 nobis
1077 1818 1183 1843 notus.
1216 1812 1280 1844 Sed
1308 1823 1399 1843 men-

336 1867 409 1889 sura
431 1858 607 1889 duran'onis
629 1863 738 1889 motus
755 1858 834 1888 caeli
851 1863 898 1888 est
912 1857 981 1888 sola
996 1857 1102 1888 divina
1121 1857 1299 1898 dispositio,
1317 1867 1400 1898 quae

335 1908 383 1934 est
404 1903 498 1934 nobis
522 1902 658 1934 occulta.
679 1902 724 1935 Et
738 1901 824 1938 ideo,
841 1907 1143 1942 quantumcumque
1161 1902 1298 1933 sciamus
1313 1903 1400 1942 prin—

336 1948 468 1988 cipium,
492 1946 591 1978 finem
615 1947 695 1978 scire
717 1956 786 1978 non
809 1956 992 1987 possumus.

1432 444 1441 464 5

1422 670 1448 685 10

1418 1119 1445 1134 20

1418 1339 1442 1360 ²5

1418 1561 1443 1582 10

1416 1782 1439 1802 ³5

1462 185 1756 222 ARTICULUS
1785 187 1842 232 III,
1863 187 1911 222 IV
2454 201 2496 238 17
2504 191 2522 227 5

1469 273 1576 304 neque
1615 273 1681 294 nox
1717 274 1824 304 neque
1855 265 1931 295 dies.

1467 313 1573 338 nocte.

1523 361 1552 382 2.
1577 352 1779 387 annmzx,
1803 351 1875 382 finis
1898 354 2150 395 uniuscuiusque
2173 357 2218 387 rei
2242 356 2335 387 debet
2359 367 2426 387 esse
2453 367 2524 398 per-

1466 395 1656 427 fectissimus
1668 397 1694 426 *.
1716 395 1778 427 Sed
1794 401 1872 426 tunc
1889 398 1946 427 erit
1962 397 2033 427 finis
2048 401 2218 439 temporis:
2235 401 2321 431 unde
2337 401 2369 430 in
2380 402 2478 441 Apoc.
2489 403 2524 419 *⁴*

1465 440 1580 470 dicitur
1602 440 1692 481 quod
1715 445 1837 480 tempus
1860 442 1998 481 amplius
2022 451 2086 472 non
2117 444 2186 474 erit.
2220 444 2305 484 Ergo
2329 451 2407 475 tunc
2430 445 2524 476 debet

1464 493 1532 515 esse
1563 490 1691 524 tempus
1723 485 1755 514 in
1789 494 1846 515 sua
1879 485 2001 525 optima
2031 485 2249 526 dispositione.
2283 489 2324 519 Et
2355 489 2398 519 ita
2430 489 2524 520 debet

1463 538 1531 559 esse
1555 528 1631 559 dies.

1519 573 1548 603 3.
1573 573 1777 608 Prummu,
1802 573 1936 613 qualitas
1959 575 2113 613 temporis
2137 574 2231 605 debet
2253 576 2443 615 respondere
2475 578 2523 608 his

1462 625 1545 656 quae
1568 623 1722 657 geruntur
1753 617 1786 647 in
1816 623 1979 657 tempore:
2012 617 2098 648 unde
2129 618 2216 648 Ioan.
2233 629 2287 649 xm
2302 621 2318 636 ⁴*
2342 620 2378 650 fit
2400 622 2522 652 mentio

1462 660 1501 691 de
1523 667 1620 691 nocte
1644 660 1774 701 quando
1799 661 1891 691 Iudas
1916 662 2010 692 exivit
2034 672 2052 692 a
2075 663 2238 692 consortio
2255 663 2344 694 lucis.
2368 664 2431 695 Sed
2446 670 2523 696 tunc

1461 705 1519 734 erit
1541 705 1681 745 perfecta
1704 705 1917 736 manifestatio
1935 706 2082 736 omnium
2099 716 2181 746 quae
2197 717 2284 737 nunc
2300 707 2413 738 latent:
2438 710 2522 748 quia,

1461 758 1536 779 cum
1559 750 1682 779 venerit
1704 749 1875 785 Dominus,
1900 750 2095 780 illuminabit
2117 751 2303 781 abscondita
2320 752 2523 783 tenebrarum

1460 798 1491 822 et
1513 793 1732 834 manifestabit
1759 794 1896 824 consilia
1928 794 2091 830 cordium,
2116 800 2152 825 ut
2179 795 2293 826 dicitur
2317 795 2328 825 Ι
2356 796 2432 826 Cor.
2449 807 2480 826 tv
2495 798 2522 827 ’ἱ

1460 836 1546 876 Ergo
1570 836 1664 868 debet
1688 847 1756 867 esse
1779 838 1812 868 in
1836 837 1896 868 die.

1515 881 1578 911 San
1602 891 1744 917 conum,
1768 883 1956 912 resurrectio
1988 882 2105 913 Christi
2138 889 2185 913 est
2215 885 2376 924 exemplar
2398 890 2523 915 nostrae

1459 926 1699 956 resurrectionis
1714 927 1741 956 *ἢ
1775 926 1838 957 Sed
1859 928 2048 957 resurrectio
2073 927 2190 958 Christi
2213 927 2273 958 fuit
2295 929 2328 958 in
2351 934 2464 965 nocte,
2488 935 2524 960 ut

1461 969 1634 1010 Gregorius
1654 970 1740 1006 dicit,
1757 971 1790 1001 in
1814 971 1956 1001 Homilia
1972 971 2114 1002 Paschali
2130 973 2157 1002 ’ἱ
2181 972 2267 1012 Ergo
2292 978 2323 1002 et
2345 979 2452 1003 nostra
2475 983 2523 1004 re-

1459 1015 1613 1045 surrectio
1637 1015 1695 1045 erit
1718 1020 1864 1055 tempore
1887 1021 2059 1046 nocturno.

1516 1069 1545 1089 2.
1569 1059 1772 1095 Pmrxmm,
1797 1059 1952 1090 adventus
1976 1061 2110 1090 Domini
2138 1066 2341 1100 comparatur
2373 1061 2521 1093 adventui

1459 1102 1536 1134 furis
1559 1104 1592 1133 in
1617 1103 1762 1140 domum,
1787 1110 1823 1134 ut
1845 1110 1932 1144 patet
1955 1105 2034 1135 Luc.
2051 1115 2094 1134 xn
2110 1105 2136 1134 ἦ
2161 1104 2224 1135 Sed
2248 1104 2298 1135 fur
2321 1106 2353 1135 in
2377 1111 2522 1146 tempore

1458 1149 1562 1178 noctis
1586 1148 1619 1178 in
1643 1148 1779 1178 domum
1802 1149 1899 1179 venit.
1931 1149 2017 1189 Ergo
2041 1155 2073 1179 et
2095 1149 2256 1179 Dominus
2287 1154 2433 1190 tempore
2462 1160 2522 1181 no—

1459 1197 1573 1223 cturno
1593 1193 1709 1223 veniet.
1735 1192 1798 1224 Sed
1813 1194 1962 1223 veniente
1977 1193 2048 1233 ipso
2065 1192 2121 1223 fiet
2136 1194 2335 1230 resurrectio,
2348 1199 2384 1224 ut
2401 1194 2522 1225 dictum

1459 1242 1506 1267 est
1521 1238 1547 1267 ⁴.
1572 1237 1658 1277 Ergo
1682 1236 1737 1267 fiet
1760 1237 1948 1268 resurrectio
1972 1238 2005 1267 in
2029 1243 2175 1278 tempore
2198 1243 2370 1268 nocturno.

1513 1281 1702 1312 Rnspommo
1726 1291 1886 1312 mmmmm
1916 1281 2005 1322 quod
2028 1281 2236 1312 determinata
2258 1282 2338 1312 hora
2367 1284 2521 1323 temporis

1459 1334 1523 1365 qua
1540 1325 1596 1356 fiet
1617 1326 1817 1362 resurrectio,
1830 1327 1902 1356 sciri
1918 1335 1977 1366 pro
2001 1331 2088 1357 certo
2111 1336 2179 1357 non
2195 1331 2311 1366 potest,
2325 1332 2360 1357 ut
2378 1333 2465 1367 patet
2488 1328 2521 1358 in

1458 1370 1560 1400 littera
1571 1371 1598 1400 *.
1615 1370 1740 1400 Tamen
1756 1371 1829 1400 satis
1841 1371 2047 1410 probabiliter
2062 1381 2080 1401 a
2096 1370 2288 1411 quibusdam
2305 1370 2420 1402 dicitur
2432 1371 2522 1412 quod

1457 1415 1646 1445 resurrectio
1663 1415 1720 1445 erit
1732 1415 1823 1455 quasi
1838 1415 1872 1445 in
1888 1415 2090 1455 crepusculo,
2103 1415 2171 1446 sole
2187 1416 2340 1446 existente
2352 1416 2386 1446 in
2398 1417 2521 1447 oriente

1458 1463 1490 1489 et
1512 1459 1588 1490 luna
1610 1459 1643 1489 in
1667 1458 1853 1489 occidente:
1878 1460 1955 1500 quia
1976 1460 2010 1490 in
2032 1460 2087 1490 tali
2102 1459 2312 1500 dispositione
2329 1460 2425 1491 solet
2444 1460 2521 1491 luna

1458 1502 1631 1534 creduntur
1647 1513 1715 1534 esse
1732 1509 1851 1540 creata;
1875 1509 1912 1534 ut
1930 1505 1974 1534 sic
1996 1513 2109 1535 eorum
2132 1504 2296 1535 circulatio
2321 1505 2521 1545 compleatur

1456 1548 1585 1587 penitus
1607 1557 1665 1588 per
1688 1547 1827 1578 reditum
1849 1548 1890 1578 ad
1912 1547 1998 1578 idem
2021 1554 2189 1588 punctum.
2213 1548 2308 1580 Unde
2332 1549 2371 1580 de
2392 1548 2519 1580 Christo

1457 1591 1572 1622 dicitur
1595 1591 1685 1632 quod
1707 1592 1762 1622 tali
1785 1593 1864 1623 hora
1887 1593 2055 1623 resurrexit
2070 1594 2096 1623 *.

1511 1637 1562 1666 An
1578 1646 1695 1666 ramim
1710 1646 1794 1667 mmo
1810 1647 1970 1667 mmmmm
1986 1637 2085 1677 quod,
2103 1637 2233 1678 quando
2249 1638 2438 1668 resurrectio
2451 1639 2518 1674 erit,

1456 1690 1524 1710 non
1548 1681 1605 1711 erit
1627 1686 1772 1721 tempus,
1796 1681 1852 1711 sed
1882 1681 1954 1712 finis
1977 1682 2147 1721 temporis:
2177 1682 2253 1722 quia
2275 1682 2308 1712 in
2333 1681 2448 1712 eodem
2471 1683 2520 1713 in-

1455 1725 1550 1755 stanti
1573 1725 1606 1755 in
1630 1734 1697 1765 quo
1722 1726 1855 1755 cessabit
1878 1731 1986 1756 motus
2010 1726 2104 1761 caeli,
2130 1726 2188 1756 erit
2215 1727 2403 1757 resurrectio
2433 1736 2520 1757 mor-

1455 1774 1597 1799 tuorum.
1622 1769 1663 1799 Et
1686 1775 1793 1800 tamen
1817 1770 1876 1800 erit
1898 1770 1976 1800 situs
2005 1769 2145 1800 siderum
2174 1770 2354 1801 secundum
2385 1770 2519 1811 disposi-

1455 1813 1578 1843 tionem
1603 1822 1667 1853 qua
1690 1823 1723 1844 se
1746 1813 1865 1844 habent
1887 1823 1975 1844 nunc
1999 1815 2032 1844 in
2056 1814 2162 1854 aliqua
2192 1814 2400 1845 determinata
2430 1815 2518 1846 hora.

1455 1857 1496 1888 Et
1508 1857 1687 1888 secundum
1702 1858 1766 1888 hoc
1783 1857 1897 1888 dicitur
1912 1859 2102 1889 resurrectio
2114 1858 2222 1889 futura
2233 1859 2287 1889 tali
2298 1859 2349 1890 vel
2364 1859 2418 1890 tali
2430 1860 2517 1890 hora.

1510 1902 1561 1932 An
1578 1912 1740 1932 suc-unnim
1759 1912 1919 1932 meantum
1935 1902 2025 1943 quod
2041 1904 2164 1943 optima
2179 1903 2345 1943 dispositio
2364 1905 2519 1944 temporis

1455 1945 1571 1977 dicitur
1593 1956 1661 1977 esse
1684 1947 1717 1977 in
1741 1946 1873 1977 meridie
1897 1953 2028 1988 propter
2050 1947 2319 1978 illuminationem
2342 1949 2427 1979 solis.
2456 1948 2519 1979 Sed

1978 267 2063 307 Ergo
2094 270 2281 299 resurrectio
2312 279 2380 299 non
2410 270 2467 299 erit
2492 271 2522 300 in

389 1992 440 2023 An
464 2001 626 2022 ssscunmm
649 2001 810 2022 nrcnnnuu
826 1991 916 2031 quod
937 2001 995 2032 per
1018 1990 1106 2021 mille
1129 1990 1283 2022 ducentos
1305 2000 1399 2022 sexa·
1414 2003 1441 2024 4ο
1454 1996 1532 2021 tunc
1556 1991 1669 2022 civitas
1691 1991 1755 2021 Dei
1778 2001 1843 2022 non
1868 1992 1972 2033 egebit
1994 2002 2095 2033 neque
2117 1993 2186 2022 sole
2209 2002 2310 2033 neque
2333 1993 2421 2029 luna,
2442 1993 2518 2034 quia

333 2036 427 2078 ginta
450 2036 527 2073 dies,
548 2035 588 2067 de
611 2036 729 2076 quibus
751 2035 788 2066 fit
810 2036 932 2066 mentio
952 2036 987 2066 in
1013 2037 1112 2076 Apoc.
1136 2045 1189 2071 xn,
1206 2034 1401 2087 significatur

335 2090 433 2112 omne
448 2085 577 2121 tempus
600 2081 634 2111 in
657 2089 724 2120 quo
740 2080 885 2111 Ecclesia
908 2079 1009 2116 durat,
1027 2085 1059 2110 et
1080 2089 1148 2110 non
1172 2079 1399 2110 determinatus

334 2125 448 2166 aliquis
471 2134 625 2156 numerus
649 2134 819 2156 annorum.
851 2125 892 2155 Et
921 2125 984 2155 hoc
1007 2123 1082 2154 ideo
1106 2124 1181 2164 quia
1203 2124 1398 2164 praedicatio

335 2169 463 2205 Christi,
479 2178 577 2209 super
595 2178 694 2210 quam
709 2168 862 2200 fundatur
876 2169 1029 2204 Ecclesia,
1047 2168 1171 2199 duravit
1185 2169 1286 2200 tribus
1309 2169 1400 2199 annis

335 2223 410 2244 cum
434 2213 578 2249 dimidio,
596 2213 685 2254 quod
703 2218 832 2254 tempus
855 2213 920 2244 fere
936 2213 1079 2244 continet
1102 2213 1270 2253 aequalem
1285 2223 1399 2244 nume-

333 2268 406 2290 rum
429 2257 554 2289 dierum
577 2267 714 2289 numero
738 2257 912 2298 praedicto.

388 2302 430 2333 Et
452 2302 596 2333 similiter
618 2302 714 2333 etiam
737 2311 891 2333 numerus
915 2311 1029 2332 eorum
1053 2302 1110 2342 qui
1133 2302 1167 2332 in
1190 2302 1323 2332 Daniele
1338 2311 1398 2342 po-

333 2353 464 2383 nuntur,
479 2356 547 2382 non
565 2352 611 2377 est
626 2346 811 2377 referendus
827 2346 867 2377 ad
881 2355 1054 2377 numerum
1078 2346 1218 2386 aliquem
1239 2356 1398 2377 annorum

333 2392 391 2432 qui
413 2386 497 2422 sunt*
510 2400 614 2431 usque
639 2390 678 2421 ad
701 2390 799 2421 finem
822 2390 947 2427 mundi,
971 2391 1021 2421 vel
1045 2399 1149 2430 usque
1173 2390 1213 2421 ad
1236 2390 1398 2430 praedica-

274 2455 279 2461 »
332 2436 455 2466 tionem
478 2435 679 2466 Antichristi:
704 2435 760 2466 sed
784 2435 878 2466 debet
900 2434 1008 2465 referri
1024 2434 1064 2465 ad
1079 2440 1208 2475 tempus
1224 2444 1291 2475 quo
1307 2445 1398 2475 prae-

93 3075 103 3086 ·
124 3073 167 3123 ἑκ.
199 3073 303 3106 notique.

91 3099 304 3154 ἦεπιῇξὶῖιὲἶοῖ

91 3159 183 3202 '1¹2⁶‘cm
193 3157 304 3202 ἥιῗὲῖεῑὲἑ

91 3206 176 3255 Ἐ’ἓῗῗ
185 3222 192 3231 “
205 3212 256 3235 ‘²⁸⁹’
272 3213 304 3234 '⁷'

91 3495 100 3503 ·
118 3492 184 3515 Vei-⁸.
202 3499 232 3516 ια.

333 2479 450 2510 dicabit
472 2485 504 2510 et
527 2489 594 2520 quo
618 2480 799 2520 persecutio
823 2480 892 2510 eius
915 2479 1050 2510 durabit.

387 2524 438 2554 An
462 2534 597 2554 rum-nm
619 2534 779 2554 mmmmm
799 2523 899 2564 quod,
916 2524 1062 2564 quamvis
1078 2529 1176 2554 status
1191 2524 1269 2554 novi
1285 2524 1396 2555 Testa-

332 2568 433 2598 menti
455 2568 489 2598 in
511 2568 650 2608 generali
673 2569 712 2598 sit
734 2567 964 2608 praefiguratus
987 2577 1045 2608 per
1067 2573 1184 2598 statum
1199 2569 1313 2598 veteris
1332 2568 1396 2599 Te-

333 2613 496 2648 stamenti,
521 2622 588 2642 non
617 2618 726 2642 tamen
758 2618 887 2652 oportet
916 2612 1006 2652 quod
1035 2612 1159 2652 singula
1181 2612 1396 2652 respondeant

332 2656 480 2696 singulis:
504 2657 677 2696 praecipue
700 2666 776 2686 cum
798 2657 831 2687 in
856 2656 984 2687 Christo
1009 2666 1123 2687 omnes
1145 2655 1266 2696 figurae
1282 2658 1396 2687 veteris

332 2700 531 2731 Testamenti
554 2699 672 2731 fuerint
695 2701 885 2740 completae.
910 2700 951 2731 Et
973 2700 1048 2731 ideo
1067 2701 1277 2740 Augustinus,
1293 2701 1396 2731 XVIII

332 2745 371 2776 de
389 2745 457 2775 Ciu.
473 2745 537 2775 Dei
552 2745 578 2780 *‚
595 2744 768 2785 respondet
791 2744 984 2785 quibusdam
1007 2745 1064 2785 qui
1078 2745 1229 2775 volebant
1252 2745 1397 2785 accipere

331 2798 504 2820 numerum
516 2789 778 2829 persecutionum
794 2798 873 2829 quas
890 2789 1033 2819 Ecclesia
1049 2798 1140 2829 passa
1156 2794 1203 2818 est
1218 2789 1397 2820 secundum

331 2843 506 2865 numerum
528 2833 695 2873 plagarum
717 2833 873 2874 Aegypti,
898 2832 1022 2863 dicens:
1055 2833 1130 2874 Ego
1148 2842 1211 2873 per
1242 2833 1316 2864 illas
1346 2843 1398 2864 res

329 2882 439 2919 gestas
463 2878 495 2908 in
519 2879 671 2919 Aegypto
696 2877 774 2908 istas
791 2877 1034 2917 persecutiones
1050 2877 1241 2917 prophetice
1270 2878 1396 2918 signifi-

330 2927 420 2953 catas
443 2932 511 2953 esse
534 2931 599 2952 non
623 2922 788 2952 arbitror:
810 2922 956 2962 quamvis
979 2922 1019 2951 ab
1042 2921 1088 2952 eis
1111 2921 1167 2962 qui
1188 2922 1251 2952 hoc
1266 2926 1394 2962 putant,

330 2967 487 3007 exquisite
510 2971 541 2997 et
564 2966 732 3008 ingeniose
755 2966 812 2996 illa
835 2966 968 3007 singula
984 2966 1034 2996 his
1048 2966 1189 3007 singulis
1204 2971 1394 3006 comparata

329 3011 509 3047 videantur,
535 3020 600 3041 non
622 3010 810 3051 prophetico
834 3010 960 3050 spiritu,
984 3009 1041 3040 sed
1064 3010 1252 3040 coniectura
1283 3010 1397 3041 mentis

329 3055 500 3091 humanae,
523 3064 607 3096 quae
630 3055 807 3096 aliquando
831 3054 875 3085 ad
898 3064 1009 3085 verum
1028 3054 1187 3094 peruenit,
1218 3054 1395 3095 aliquando

321 3100 470 3141 fallitur.

385 3143 427 3174 Et
449 3143 593 3174 similiter
615 3143 741 3174 videtur
768 3153 836 3174 esse
860 3143 900 3174 de
924 3142 1015 3173 dictis
1043 3143 1175 3173 Abbatis
1201 3142 1342 3173 Ioachim
1357 3144 1375 3159 θ
1387 3166 1395 3179 ,

332 3187 388 3227 qui
402 3197 460 3228 per
482 3187 560 3218 tales
583 3188 782 3218 coniecturas
807 3187 846 3218 de
868 3187 984 3218 futuris
1007 3187 1113 3227 aliqua
1135 3197 1209 3218 vera
1232 3186 1395 3227 praedixit,

332 3236 364 3261 et
385 3231 420 3262 in
442 3231 600 3271 aliquibus
624 3231 777 3272 deceptus
802 3231 871 3262 fuit.

488 3297 587 3328 ART.
605 3297 656 3328 111.
680 3308 787 3329 urium
809 3307 1019 3328 Rasunnnc'rxo
1044 3307 1166 3328 rurum
1190 3307 1236 3328 εῖτ

697 3352 729 3373 m
751 3352 862 3373 uocns
885 3351 1028 3373 TEMPORE

333 3417 416 3479 An
443 3416 578 3437 marum
609 3417 655 3438 s1c
689 3417 892 3438 rnociznrrtm.
924 3408 1059 3438 Videtur
1087 3407 1176 3448 quod
1206 3408 1394 3438 resurrectio

395 3460 463 3481 non
487 3451 545 3481 erit
566 3451 600 3481 in
623 3452 727 3482 noctis
749 3457 906 3493 tempore.
931 3452 1017 3490 Quia
1038 3453 1227 3483 resurrectio
1248 3462 1316 3482 non
1338 3452 1396 3482 erit

331 3495 433 3526 donec
455 3499 616 3526 atteratur
631 3496 765 3531 caelum,
783 3502 819 3527 ut
835 3496 948 3527 dicitur
964 3496 1022 3527 Iob
1042 3506 1095 3527 xrv
1110 3497 1136 3527 ’ἢ
1162 3496 1234 3532 Sed,
1253 3502 1394 3526 cessante

1413 2225 1438 2245 45

1413 2447 1438 2467 50

1412 2668 1434 2688 55

1411 2887 1438 2907 60

1410 3107 1435 3132 ⁶5

1455 2036 1588 2066 claritas
1610 2036 1674 2066 Dei
1697 2036 1892 2066 illuminabit
1921 2046 2008 2072 eam,
2032 2042 2068 2067 ut
2098 2036 2212 2067 dicitur
2241 2038 2339 2077 Apoc.
2364 2037 2420 2067 ult.
2437 2038 2454 2054 ⁴*
2477 2038 2518 2068 Et

1454 2079 1528 2110 ideo
1553 2086 1711 2120 quantum
1735 2079 1775 2111 ad
1793 2081 1857 2111 hoc
1872 2090 1939 2111 non
1955 2080 2050 2111 refert
2066 2086 2174 2112 utrum
2188 2082 2222 2111 in
2239 2080 2290 2111 die
2305 2081 2356 2111 vel
2371 2082 2405 2112 in
2420 2087 2517 2112 nocte

1454 2125 1642 2155 resurrectio
1665 2124 1729 2155 fiat.

1508 2169 1560 2198 An
1583 2179 1719 2199 ‘marum
1741 2179 1901 2200 mcmmtm
1928 2169 2017 2210 quod
2040 2171 2179 2210 tempori
2201 2170 2246 2200 illi
2271 2170 2418 2210 congruit
2449 2180 2516 2201 ma—

1454 2212 1614 2244 nifestatio
1639 2219 1797 2254 quantum
1821 2213 1860 2244 ad
1884 2223 1920 2244 ea
1944 2223 2027 2254 quae
2054 2219 2132 2245 tunc
2155 2219 2321 2254 gerentur,
2346 2220 2377 2244 et
2406 2215 2516 2245 occul-

1453 2258 1531 2288 tatio
1561 2263 1718 2298 quantum
1751 2258 1791 2288 ad
1823 2258 2122 2289 determinationem
2148 2259 2247 2298 ipsius
2279 2259 2442 2299 temporis.
2476 2259 2517 2290 Et

2554 402 2562 410 ·
2577 400 2612 422 Cf.
2625 401 2723 423 Aristot.
2734 403 2764 424 de

2551 426 2629 449 Somn.
2658 430 2682 449 et
2704 428 2729 449 V·
2746 445 2762 455 .,

2551 459 2601 480 cap.
2614 460 2639 475 ιι.
2651 464 2661 469 ·
2678 455 2702 476 S.
2717 435 2762 477 φὴ.

2552 480 2602 502 lect.
2620 486 2650 502 ιν.

2552 508 2572 517 ··
2579 507 2635 534 Cap.
2643 514 2665 532 x,
2672 513 2731 529 vers.
2738 507 2759 529 6.

2552 627 2561 635 ·
2577 625 2642 647 Vers.
2657 633 2693 655 3⁰·

2553 798 2561 807 ·
2576 796 2642 818 Vers.
2658 804 2676 825 5.

2553 933 2562 941 ·
2577 932 2612 953 Cf.
2629 938 2668 960 qu.
2684 939 2760 959 cxxvi,

2551 962 2592 980 nrt.
2605 966 2628 984 ι;
2643 959 2705 981 Part.
2716 959 2760 985 111,

2551 991 2589 1011 qu.
2607 991 2659 1012 ινι,
2676 990 2716 1007 art.
2736 994 2760 1012 ι,

2551 1011 2698 1060 ’gelimflih
2707 1038 2760 1060 xxi

2550 1064 2573 1085 in
2588 1064 2689 1093 evang„
2705 1071 2727 1087 n.
2740 1072 2760 1092 7.

2551 1110 2560 1119 ·
2575 1108 2641 1131 Vera.
2660 1116 2700 1138 39,
2715 1117 2759 1136 ⁴0:

2550 1135 2630 1158 Matth.
2637 1142 2687 1163 cap.
2696 1143 2759 1184 xxiv?

2550 1168 2698 1211 titiis&
2707 1164 2759 1217 '0591

2550 1221 2572 1241 v,
2584 1222 2644 1237 vers.
2652 1222 2677 1241 2;
2687 1217 2760 1244 Apoc-

2551 1247 2600 1296 οἷς.
2611 1248 2657 1269 xvr,
2666 1249 2759 1271 vers.=5.

2550 1270 2560 1279 '
2594 1275 2615 1290 u.
2629 1275 2704 1295 Lxxw,
2715 1274 2758 1292 art.

2550 1300 2570 1315 2.

2550 1376 2560 1386 ·
2569 1375 2627 1397 Dist.
2637 1381 2700 1402 ηιιι,
2709 1382 2759 1403 cap.

2549 1401 2630 1450 xeedia
2636 1404 2713 1424 aulem
2719 1409 2761 1424 no-

2549 1600 2558 1609 ·
2587 1597 2666 1620 Matth.
2695 1604 2745 1626 cap.

2548 1630 2626 1651 xxvui,
2642 1631 2703 1647 vers,
2720 1633 2744 1651 ¹:

2548 1651 2618 1673 Marc.
2629 1657 2680 1679 cap.
2691 1658 2729 1673 xvi
2738 1669 2743 1678 ,

2549 1684 2600 1699 vers
2608 1683 2628 1704 ας
2635 1678 2744 1706 Luc.cap.

2548 1711 2616 1731 XXIV,
2641 1711 2700 1726 vers.
2720 1713 2742 1730 ¹2

2548 1731 2614 1753 loan.
2633 1737 2683 1759 cap.
2698 1738 2744 1780 κὰ,

2548 1784 2608 1806 Part.
2617 1784 2655 1808 111,
2668 1791 2705 1812 qu.
2714 1791 2744 1811 ιι,

2547 1814 2589 1832 art.
2603 1818 2626 1838 4,
2642 1811 2670 1832 ad
2688 1819 2708 1838 ι,
2723 1817 2742 1833 2.

2548 1763 2608 1779 Vest-
2631 1765 2649 1780 1.

2546 2042 2555 2051 ·
2570 2039 2637 2063 Vera.
2658 2046 2682 2068 53
2705 2046 2755 2068 cap.

2546 2073 2593 2093 xxi,
2608 2073 2667 2089 vers.
2681 2073 2714 2096 ²3·

1453 2301 1527 2332 ideo
1550 2308 1726 2343 utrumque
1750 2312 1892 2343 congrue
1915 2302 1983 2333 fieri
2006 2308 2128 2343 potest:
2154 2308 2189 2333 ut
2212 2303 2332 2333 scilicet
2354 2303 2394 2333 sit
2414 2313 2516 2334 resur·
2553 2336 2556 2338 ,

1453 2347 1552 2377 rectio
1576 2348 1609 2377 in
1634 2347 1685 2377 die
1708 2347 1758 2377 vel
1781 2348 1814 2377 in
1837 2353 1944 2378 nocte.

1547 2421 1647 2451 ART.
1666 2421 1718 2451 1V.
1743 2431 1847 2451 u'rxtm
1870 2431 2079 2452 nnsrnumcrro
2104 2431 2224 2451 rurum
2244 2431 2290 2452 sir
2309 2431 2416 2452 sunrro

1856 2476 1915 2496 vm.
1939 2476 2116 2496 SUCCESSIVE

1791 2517 1799 2538 1
1814 2516 1847 2537 ad
1862 2516 1926 2543 Cor„
1941 2522 1994 2543 cap.
2009 2523 2047 2543 xv,
2062 2517 2114 2538 lect.
2130 2522 2180 2538 vin.

1515 2578 1536 2597 n
1565 2577 1713 2598 onan-mu
1738 2577 1784 2598 src
1811 2577 2015 2597 PRocRnrruR.
2043 2566 2178 2597 Videtur
2208 2567 2298 2607 quod
2327 2568 2515 2598 resurrectio

1453 2580 1583 2642 Arion
1599 2611 1671 2642 «fiet
1698 2612 1823 2648 subito,
1852 2611 1908 2642 sed
1936 2611 2123 2642 successive.
2156 2611 2241 2649 Quia
2270 2612 2385 2642 Ezech.
2412 2622 2516 2642 xxxvn

1450 2657 1692 2697 praenuntiatur
1706 2657 1894 2687 resurrectio
1911 2662 2132 2686 mortuorum:
2157 2657 2213 2686 ubi
2230 2656 2344 2686 dicitur
2359 2657 2386 2691 ἦ
2402 2657 2514 2687 Acces-

1450 2706 1563 2731 serunt
1586 2710 1659 2731 ossa
1682 2700 1726 2731 ad
1749 2710 1839 2736 ossa,
1863 2705 1895 2730 et
1915 2700 1997 2735 uidi,
2022 2705 2054 2730 et
2075 2709 2162 2735 ecce,
2185 2709 2283 2740 super
2309 2709 2347 2730 ea
2372 2701 2463 2731 nervi
2485 2705 2517 2731 et

1451 2754 1566 2776 carnes
1588 2744 1821 2780 ascenderunt,
1845 2749 1876 2774 et
1898 2749 2027 2774 extenta
2058 2748 2105 2774 est
2127 2745 2159 2774 in
2184 2745 2229 2774 eis
2258 2745 2340 2774 cutis
2369 2744 2513 2784 desuper,

1451 2794 1483 2819 et
1503 2789 1652 2829 spiritum
1676 2798 1741 2819 non
1765 2789 1931 2819 habebant.
1956 2789 2042 2828 Ergo
2061 2789 2217 2828 reparatio
2235 2797 2408 2828 corporum
2424 2798 2515 2828 prae-

1452 2833 1544 2864 cedet
1558 2838 1705 2873 tempore
1721 2833 1985 2863 coniunctionem
2001 2833 2189 2862 animarum.
2209 2832 2250 2862 Et
2265 2833 2309 2862 sic
2325 2833 2513 2863 resurrectio

1451 2887 1519 2908 non
1544 2878 1602 2908 erit
1623 2878 1737 2907 subita.

1509 2931 1538 2951 2.
1562 2921 1758 2956 PRARTBRRA,
1783 2920 1862 2951 illud
1885 2920 1926 2951 ad
1949 2920 2038 2960 quod
2062 2921 2231 2960 exiguntur
2249 2920 2356 2960 plures
2372 2921 2513 2951 actiones

1452 2975 1485 2996 se
1509 2970 1753 3005 consequentes,
1777 2974 1845 2994 non
1868 2970 1974 3004 potest
1996 2964 2102 2995 subito
2126 2963 2204 2994 fieri.
2229 2963 2292 2995 Sed
2314 2964 2354 2995 ad
2377 2974 2514 2995 resurre-

1451 3010 1593 3039 ctionem
1617 3010 1786 3049 exiguntur
1808 3009 1915 3048 plures
1939 3009 2082 3038 actiones
2111 3017 2146 3038 se
2178 3014 2428 3048 consequentes:
2453 3009 2513 3039 sci-

1451 3053 1526 3083 licet
1557 3053 1705 3083 collectio
1738 3053 1901 3088 cinerum,
1925 3052 2110 3083 reformatio
2144 3053 2306 3092 corporis,
2331 3059 2363 3083 et
2394 3052 2512 3083 infusio

1451 3098 1587 3128 animae.
1611 3097 1697 3137 Ergo
1720 3097 1908 3127 resurrectio
1932 3106 1999 3127 non
2022 3096 2078 3127 fiet
2100 3097 2216 3127 subito.

1508 3142 1538 3172 3.
1561 3142 1764 3177 Prummu,
1789 3142 1894 3171 omnis
1917 3150 2016 3171 sonus
2039 3146 2185 3181 tempore
2207 3147 2417 3172 mensuratur.
2451 3141 2514 3172 Sed

1451 3195 1551 3216 sonus
1580 3187 1676 3216 tubae
1707 3185 1765 3216 erit
1796 3195 1892 3216 causa
1920 3186 2175 3221 resurrectionis,
2205 3191 2241 3216 ut
2274 3185 2395 3216 dictum
2423 3191 2470 3216 est
2485 3187 2512 3216 ἦ

1451 3230 1537 3270 Ergo
1561 3230 1748 3260 resurrectio
1771 3228 1827 3259 fiet
1849 3230 1883 3260 in
1906 3235 2062 3269 tempore,
2087 3235 2119 3260 et
2140 3239 2209 3260 non
2232 3230 2349 3260 subito.

1505 3283 1537 3313 4.
1561 3274 1757 3310 Pam-mana,
1781 3273 1889 3304 nullus
1912 3279 2021 3304 motus
2044 3274 2154 3304 localis
2177 3279 2284 3314 potest
2307 3283 2375 3304 esse
2395 3275 2512 3311 subito,

1411 3333 1438 3353 70
1451 3323 1487 3349 ut
1510 3318 1625 3349 dicitur
1647 3319 1681 3348 in
1703 3318 1785 3348 libro
1809 3318 1850 3348 de
1871 3317 1974 3349 Sensu
1998 3323 2029 3349 et
2050 3318 2186 3349 Sensato
2202 3319 2229 3348 ἢ
2254 3318 2317 3349 Sed
2340 3317 2380 3348 ad
2409 3328 2513 3349 resur-

1451 3363 1626 3393 rectionem
1643 3363 1777 3403 exigitur
1792 3362 1905 3402 aliquis
1921 3368 2030 3393 motus
2045 3363 2155 3393 localis
2170 3363 2203 3392 in
2219 3362 2411 3393 collectione
2427 3363 2514 3393 cine-

1451 3417 1532 3438 rum.
1557 3407 1642 3447 Ergo
1666 3416 1734 3437 non
1757 3406 1812 3437 fiet
1834 3407 1950 3437 subito.

1506 3451 1569 3482 San
1594 3461 1716 3481 coum
1732 3461 1786 3481 EST
1811 3450 1899 3491 quod
1923 3451 2037 3481 dicitur
2060 3451 2072 3481 Ι
2091 3451 2167 3481 Cor.
2183 3461 2225 3482 xv
2240 3451 2273 3481 *t
2302 3450 2420 3482 Omnes
2443 3451 2514 3492 qui-

1451 3496 1521 3526 dem
1546 3505 1754 3537 resurgemus
1777 3495 1810 3525 in
1834 3500 2005 3530 momento,
2023 3495 2056 3525 in
2081 3495 2145 3526 ictu
2175 3495 2271 3526 oculi.
2301 3495 2386 3535 Ergo
2410 3505 2514 3526 resur-

330 3536 423 3570 motu
447 3539 541 3575 caeli,
567 3539 657 3579 quod
679 3539 795 3570 dicitur
817 3541 886 3571 eius
913 3541 1045 3576 attritio,
1069 3550 1137 3571 non
1167 3541 1226 3571 erit
1248 3546 1392 3581 tempus,
1410 3554 1433 3574 75
1450 3541 1550 3570 rectio
1575 3541 1633 3570 erit
1655 3540 1772 3570 subito.

2543 2665 2554 2675 ·
2569 2664 2635 2687 Vera.
2651 2670 2671 2691 7,
2687 2664 2708 2686 8.

2541 3188 2551 3198 ⁶
2563 3188 2610 3215 Qu.
2620 3194 2698 3214 mvi,
2709 3192 2751 3209 art.

2542 3219 2561 3236 2.

2541 3323 2664 3380 ἶεὲιῗμιῑιιῗ
2680 3322 2751 3371 8-Ἰέἒ,

2542 3378 2639 3398 Aristot.
2659 3376 2752 3404 Phyuc.

2541 3402 2753 3454 abdiam:

2540 3462 2634 3505 Υ’νει-ε,
2650 3488 2682 3509 5ι,
2697 3487 2729 3509 52.
