2878 4088
149 1087 158 1095 ·
175 1084 231 1107 Gen.
251 1090 302 1111 cap.
316 1090 358 1110 ιιι,

148 1117 205 1132 vers.
222 1117 241 1138 7.

148 2188 224 2235 iass’i't).
227 2187 359 2240 ffifffsssisfft

148 2247 228 2262 versus
236 2240 273 2262 fin.
280 2253 291 2257 -
300 2241 360 2262 Inter

149 2268 211 2295 Opp.
227 2267 308 2295 Chrys.

152 2548 162 2557 ·
172 2546 208 2568 Cf.
224 2547 233 2568 1
247 2546 281 2567 ad
295 2546 359 2572 Cor„

153 2580 202 2601 cap.
214 2579 253 2599 vn,
265 2579 323 2594 vers.
339 2573 360 2594 6.

153 2767 163 2776 '
169 2765 203 2787 cf.
210 2765 281 2787 Arist.
288 2765 362 2786 Ethic.

153 2792 191 2813 lib.
208 2792 240 2818 11,
256 2798 282 2813 ca
300 2807 305 2813 .
321 2798 361 2818 ιιι,

153 2825 174 2840 ιι.
193 2825 226 2840 ιο.
247 2830 257 2834 -
297 2834 303 2840 .
317 2818 360 2840 Th.

154 2846 203 2867 lect.
222 2851 256 2867 ιιι.

156 3028 165 3037 ”
179 3025 199 3047 11
214 3026 290 3052 Sent.‚
310 3025 362 3047 dist.

155 3058 220 3078 xxiv,
234 3058 283 3080 cap.
300 3051 364 3073 Nunc

155 3081 269 3133 {umpqegee'sg
278 3081 300 3100 et
313 3084 363 3106 cap.

157 3202 166 3210 ¹
182 3199 247 3221 Vers.
261 3204 282 3226 3.

159 3462 169 3471 ·
183 3456 204 3481 ΙῘ
223 3459 300 3486 Sent„
315 3456 368 3507 diet.

159 3493 200 3512 xi,
215 3490 257 3508 art.
272 3492 291 3514 5.
309 3497 318 3502 -
354 3485 368 3507 f.

158 3513 201 3533 1²³²
208 3513 262 3539 11⁸⁸,
269 3518 369 3540 quviu,

157 3543 200 3562 art.
215 3545 237 3567 9.

385 206 434 243 80

386 289 515 320 utentes,
533 285 584 314 vel
603 293 668 315 non
687 285 859 315 habentes:
881 284 946 320 sed,
963 285 1056 325 quasi
1079 294 1143 315 non
1168 289 1291 314 utentes
1309 283 1359 313 vel
1383 292 1446 312 non

385 329 541 359 habentes.

440 373 490 403 An
515 381 677 403 SECUNDUM
700 381 860 403 DICRNDUM
883 372 972 413 quod
996 373 1066 403 Deo
1097 372 1323 411 coniungimur
1347 375 1377 400 et
1400 379 1448 399 se-

387 417 529 447 cundum
552 417 696 447 habitum
720 418 846 457 gratiae,
865 423 895 448 et
918 417 1096 447 secundum
1120 422 1226 446 actum
1251 413 1449 452 contempla-

386 462 482 491 tionis
506 467 537 491 et
560 462 686 491 amoris.
712 461 811 499 Quod
828 471 903 502 ergo
927 462 1062 501 primam
1079 460 1342 490 coniunctionem
1358 467 1449 496 sepa-

386 511 442 542 rat,
459 513 585 546 semper
601 511 647 536 est
665 511 844 546 peccatum.
869 506 943 536 Non
961 511 1067 535 autem
1084 503 1173 543 quod
1197 507 1319 542 separat
1335 510 1448 531 secun-

387 549 476 580 dam:
502 550 577 590 quia
600 548 707 590 aliqua
730 550 900 590 occupatio
917 549 1000 579 licita
1025 550 1106 578 circa
1130 557 1178 576 res
1193 546 1358 576 inferiores
1382 545 1448 575 ani-

386 602 478 624 mum
501 594 652 630 distrahit,
670 599 706 624 ut
728 600 801 624 actu
823 595 893 624 Deo
918 593 1070 631 coniungi
1085 600 1153 621 non
1177 591 1215 620 sit
1238 590 1384 619 idoneus.
1409 589 1450 619 Et

387 639 450 669 hoc
474 639 645 679 praecipue
668 638 781 668 accidit
804 639 837 668 in
861 637 975 667 carnali
994 635 1234 670 coniunctione,
1251 634 1284 663 in
1308 643 1371 673 qua
1395 633 1449 663 de-

387 683 505 713 tinetur
527 691 618 713 mens
641 688 772 722 propter
795 681 1037 711 delectationem
1060 680 1227 709 intensam.
1256 677 1297 708 Et
1319 683 1450 717 propter
1466 687 1474 700 ¹

387 727 450 757 hoc
472 727 533 757 illis
550 728 666 766 quibus
682 726 838 765 competit
861 725 966 755 divina
982 723 1192 762 contemplari
1208 728 1263 752 aut
1286 731 1373 752 sacra
1388 727 1449 751 tra-

388 777 481 807 ctare,
498 770 647 801 indicitur
669 780 728 810 pro
751 775 898 809 tempore
922 769 983 797 isto
1008 767 1195 797 abstinentia
1217 767 1256 796 ab
1285 766 1448 796 uxoribus.

387 815 428 845 Et
451 815 628 845 secundum
651 815 714 844 hoc
738 815 832 843 etiam
866 812 979 842 dicitur
1011 811 1101 851 quod
1125 811 1259 851 Spiritus
1294 810 1449 847 Sanctus,

388 865 544 899 quantum
568 859 606 888 ad
630 864 736 888 actum
759 856 958 887 revelationis
982 861 1188 891 secretorum,
1210 863 1278 885 non
1301 855 1450 895 tangebat

387 909 510 933 mentes
532 903 761 942 prophetarum
784 902 816 931 in
840 910 900 930 usu
923 900 1129 929 matrimonii.

442 947 493 977 An
517 956 650 976 Tannum
669 955 827 975 DICENDUM
853 943 942 984 quod
965 943 1130 983 turpitudo
1147 943 1199 973 illa
1219 944 1451 984 concupiscen-

386 991 446 1021 tiae
478 998 559 1030 quae
589 995 695 1019 actum
728 987 993 1018 matrimonialem
1021 997 1146 1027 semper
1173 988 1359 1024 comitatur,
1384 996 1451 1018 non

387 1041 432 1065 est
455 1033 618 1074 turpitudo
644 1033 766 1072 culpae,
777 1032 832 1062 sed
855 1041 990 1072 poenae,
1005 1041 1041 1062 ex
1058 1037 1191 1072 peccato
1215 1033 1319 1072 primo
1336 1041 1451 1072 prove-

385 1080 474 1108 niens
491 1079 522 1107 *z
555 1084 589 1107 ut
623 1078 741 1107 scilicet
774 1076 938 1107 inferiores
966 1077 1046 1106 vires
1074 1082 1104 1106 et
1131 1077 1273 1106 membra
1305 1077 1449 1116 corporis

386 1123 498 1152 rationi
526 1132 592 1152 non
617 1121 776 1151 obediant.
801 1121 841 1151 Et
864 1126 994 1160 propter
1017 1121 1079 1150 hoc
1103 1121 1182 1151 ratio
1206 1130 1273 1150 non
1297 1121 1450 1160 sequitur.

439 1167 490 1196 An
515 1174 661 1196 ovam-tm
684 1174 843 1195 monimum
867 1165 955 1204 quod
978 1165 1057 1195 illud
1080 1166 1208 1205 proprie
1229 1165 1381 1195 excusari
1405 1164 1450 1195 di-

386 1212 466 1241 citur
497 1210 585 1250 quod
614 1210 752 1250 aliquam
785 1209 1026 1240 similitudinem
1060 1210 1135 1240 mali
1165 1210 1261 1239 habet
1291 1215 1321 1239 et
1344 1215 1451 1239 tamen

385 1262 451 1285 non
477 1260 522 1285 est
545 1254 676 1290 malum,
693 1254 744 1284 vel
767 1262 834 1284 non
858 1259 983 1284 tantum
1007 1260 1164 1294 quantum
1188 1259 1327 1294 apparet.
1358 1253 1450 1291 Quo—

385 1307 456 1329 rum
488 1298 644 1339 quaedam
675 1303 865 1328 excusantur
889 1308 906 1328 a
929 1304 1018 1334 toto,
1046 1298 1204 1338 quaedam
1228 1308 1245 1328 a
1274 1303 1374 1328 tanto.
1410 1298 1451 1328 Et

386 1344 461 1383 quia
484 1348 571 1373 actus
594 1343 835 1373 matrimonialis
859 1348 991 1383 propter
1024 1344 1266 1383 corruptionem
1294 1343 1450 1383 concupi·
1465 1353 1477 1366 ²

386 1388 523 1418 scentiae
539 1387 633 1417 habet
645 1387 886 1418 similitudinem
899 1392 988 1418 actus
1003 1387 1185 1423 inordinati,
1198 1387 1272 1418 ideo
1284 1397 1344 1427 pro
1361 1388 1450 1418 bono

385 1432 580 1462 matrimonii
603 1437 770 1462 excusatur
793 1441 810 1461 a
834 1437 914 1467 toto,
932 1437 968 1462 ut
990 1441 1058 1462 non
1081 1432 1120 1462 sit
1143 1437 1322 1471 peccatum.

439 1477 489 1506 At>
515 1484 654 1506 aumrtm
677 1484 837 1506 morannum
861 1475 960 1516 quod,
978 1477 1123 1516 quamvis
1146 1476 1208 1506 sint
1231 1476 1317 1506 idem
1344 1477 1451 1516 specie

386 1525 525 1556 naturae,
542 1526 648 1550 tamen
674 1520 823 1550 differunt
846 1521 879 1550 in
902 1520 1008 1560 specie
1032 1520 1150 1557 moris,
1178 1530 1276 1561 quam
1304 1530 1368 1551 una
1392 1521 1451 1551 cir-

387 1566 575 1595 cumstantia
597 1564 705 1601 variat,
723 1565 842 1595 scilicet
859 1564 1009 1595 accedere
1026 1565 1065 1595 ad
1088 1575 1179 1604 suam
1197 1565 1248 1596 vel
1264 1575 1331 1595 non
1348 1573 1449 1596 suam.

387 1609 475 1640 Sicut
498 1610 594 1639 etiam
617 1609 764 1639 occidere
780 1610 946 1639 hominem
970 1618 1027 1649 per
1042 1610 1238 1645 violentiam,
1255 1610 1306 1640 vel
1329 1619 1386 1650 per
1401 1610 1450 1640 iu-

387 1654 512 1689 stitiam,
530 1653 604 1684 facit
620 1653 775 1684 diversam
798 1654 939 1693 speciem
954 1654 1062 1689 moris,
1080 1655 1226 1694 quamvis
1242 1654 1281 1684 sit
1300 1662 1364 1684 una
1380 1663 1451 1694 spe-

388 1699 451 1728 cies
474 1703 623 1728 naturae:
649 1703 680 1728 et
702 1703 810 1728 tamen
833 1706 936 1728 unum
960 1704 1007 1728 est
1029 1699 1163 1734 licitum,
1184 1698 1271 1728 aliud
1292 1698 1449 1729 illicitum.

442 1743 492 1772 At>
517 1750 635 1772 starum
658 1750 818 1772 meantium
842 1742 931 1782 quod
954 1742 1153 1783 superfluum
1181 1743 1337 1782 passionis
1361 1742 1451 1783 quod

387 1787 536 1817 virtutem
561 1787 746 1826 corrumpit,
771 1794 839 1816 non
862 1787 968 1817 solum
1001 1787 1135 1827 impedit
1162 1787 1292 1817 rationis
1324 1793 1450 1824 actum,

389 1830 443 1861 sed
466 1831 549 1861 tollit
570 1831 700 1861 rationis
724 1830 879 1861 ordinem.
913 1831 1012 1869 Quod
1035 1840 1102 1862 non
1126 1831 1200 1861 facit
1233 1830 1451 1862 delectationis

388 1876 526 1905 intensio
549 1874 583 1905 in
606 1880 679 1905 actu
695 1875 936 1905 matrimoniali:
961 1877 1046 1916 quia,
1065 1877 1122 1906 etsi
1145 1881 1222 1906 tunc
1238 1885 1306 1906 non
1325 1876 1452 1906 ordine-

389 1926 440 1950 tur
462 1920 572 1955 homo,
589 1924 697 1949 tamen
720 1929 738 1949 a
761 1920 883 1949 ratione
908 1925 954 1950 est
977 1919 1228 1960 praeordinatus.

436 1994 535 2024 ART.
554 1994 605 2023 1V.
629 2004 734 2023 urium
757 2004 853 2024 ncrus
881 2004 1122 2024 MATRIMONJALIS
1147 2005 1192 2024 sxr
1216 2005 1401 2026 unmronms

449 2044 492 2072 Qq.
507 2044 600 2072 Dispp„
615 2044 645 2065 de
658 2044 731 2070 Malo,
747 2050 786 2072 qu.
802 2050 832 2071 iv,
847 2049 889 2066 art.
906 2052 924 2071 ι,
940 2045 968 2066 ad
984 2051 1021 2072 ¹7;
1036 2045 1045 2066 1
1060 2045 1094 2066 ad
1108 2045 1171 2072 Cor„
1187 2052 1237 2073 cap.
1252 2052 1293 2072 vn,
1308 2046 1361 2068 lect.
1375 2053 1390 2068 ι,

452 2105 472 2124 ι)
497 2103 644 2124 onan-run
667 2102 713 2124 sn:
736 2104 941 2125 pnocnnrrtm.
966 2095 1100 2125 Videtur
1123 2095 1213 2135 quod
1235 2102 1324 2127 actus
1346 2098 1453 2127 matri-

390 2105 599 2169 Amonialis
615 2148 683 2168 non
706 2139 745 2168 sit
765 2139 956 2169 meritorius.
983 2139 1233 2180 Chrysostomus
1257 2142 1343 2171 enim
1366 2141 1451 2178 dicit,

386 2193 483 2223 super
506 2183 619 2213 Matth.
637 2184 668 2212 *z
695 2184 960 2218 Matrimonium,
988 2184 1046 2214 etsi
1069 2185 1228 2215 utentibus
1250 2194 1284 2215 se
1310 2194 1453 2225 poenam

388 2236 452 2258 non
478 2228 608 2269 inferat,
625 2227 800 2258 mercedem
825 2232 930 2258 tamen
955 2235 1020 2258 non
1034 2234 1191 2268 praestat.
1217 2229 1279 2260 Sed
1302 2231 1452 2260 meritum

387 2277 533 2312 respectu
555 2271 710 2302 mercedis
734 2271 858 2302 dicitur.
892 2272 978 2312 Ergo
1007 2278 1095 2303 actus
1119 2274 1361 2304 matrimonialis
1384 2283 1452 2305 non

389 2322 435 2347 est
456 2317 647 2346 meritorius.

444 2370 473 2391 2.
497 2361 693 2396 Pluinnam,
709 2360 788 2391 illud
804 2360 894 2401 quod
918 2367 964 2391 est
987 2362 1187 2392 meritorium
1203 2362 1361 2393 dimittere
1384 2371 1452 2394 non

388 2411 435 2435 est
457 2405 623 2435 laudabile.
649 2404 711 2435 Sed
734 2405 899 2436 laudabilis
923 2411 969 2436 est
992 2406 1162 2446 virginitas,
1183 2415 1240 2446 per
1263 2416 1361 2447 quam
1384 2416 1451 2438 rna-

388 2450 574 2480 trimonium
599 2449 775 2480 dimittitur.
809 2449 894 2490 Ergo
924 2451 1165 2481 matrimonialis
1198 2457 1286 2482 actus
1313 2461 1381 2482 non
1406 2458 1453 2483 est

387 2494 577 2524 meritorius.

445 2538 474 2568 3.
492 2538 687 2573 Puni-nn,
698 2538 755 2578 qui
771 2539 869 2568 utitur
880 2538 1077 2579 indulgentia
1089 2540 1147 2569 sibi
1159 2539 1241 2570 facta
1253 2541 1280 2577 ὓ,
1293 2540 1452 2572 beneficio

389 2588 518 2622 recepto
542 2582 650 2612 utitur.
675 2582 737 2612 Sed
760 2591 798 2613 ex
821 2583 884 2613 hoc
908 2583 997 2623 quod
1021 2582 1115 2614 alicui
1134 2591 1309 2624 praestatur
1332 2583 1452 2616 benefi-

390 2626 486 2662 cium,
503 2635 570 2656 non
593 2631 741 2657 meretur.
766 2627 851 2667 Ergo
867 2633 955 2658 actus
979 2628 1220 2659 matrimonialis
1235 2639 1303 2660 non
1323 2635 1370 2660 est
1384 2638 1452 2660 me-

389 2671 524 2700 ritorius.

444 2723 475 2753 4.
499 2715 694 2751 ΡΕΑΕΤΕΒΕΑ,
711 2716 861 2746 meritum
884 2716 917 2746 in
934 2715 1117 2747 difficultate
1138 2718 1299 2748 consistit:
1324 2718 1406 2749 sicut
1422 2725 1453 2750 et

389 2759 487 2789 virtus
502 2759 528 2789 θ.
553 2759 615 2789 Sed
639 2765 726 2789 actus
750 2761 991 2791 matrimonialis
1014 2770 1081 2791 non
1105 2762 1199 2792 habet
1223 2762 1451 2800 difficultatem,

390 2802 444 2833 sed
468 2803 722 2834 delectationem.
746 2804 831 2844 Ergo
855 2814 922 2835 non
946 2811 993 2835 est
1016 2807 1205 2837 meritorius.

447 2848 475 2877 5.
500 2847 694 2884 Pan-rann,
710 2848 790 2878 illud
813 2849 902 2889 quod
924 2858 991 2879 non
1015 2856 1121 2890 potest
1136 2850 1205 2881 fieri
1227 2852 1295 2882 sine
1318 2858 1452 2892 peccato

1467 911 1489 931 ¹5

1466 1130 1492 1146 2⁰

1466 1573 1492 1593 30

1467 1794 1489 1815 ³5

1467 2015 1494 2035 ⁴⁰

1467 2240 1490 2260 45

1468 2461 1493 2481 50

1469 2684 1491 2705 53

390 2891 514 2927 veniali,
530 2900 598 2921 non
622 2898 668 2922 est
689 2893 906 2924 meritorium:
930 2894 1007 2934 quia
1021 2903 1089 2925 non
1112 2900 1218 2935 potest
1234 2896 1334 2926 homo
1358 2896 1454 2928 simul
1467 2905 1494 2926 so

390 2936 503 2966 mereri
526 2941 557 2966 et
580 2935 744 2967 demereri.
769 2937 832 2968 Sed
854 2938 887 2968 in
910 2943 984 2968 actu
1007 2939 1233 2970 matrimoniali
1257 2949 1383 2981 semper
1406 2946 1454 2972 est

391 2985 557 3019 peecatum
580 2981 722 3011 veniale:
748 2982 823 3021 quia
839 2983 934 3012 etiam
950 2983 1072 3022 primus
1088 2990 1196 3014 motus
1211 2985 1245 3014 in
1269 2985 1454 3016 huiusmodi

676 206 938 253 QUAESTIO
968 206 1064 252 XLI,
1085 205 1377 243 ARTICULUS
1405 204 1455 241 IV
1473 225 1499 230 -
1519 202 1783 249 QUAESTIO
1812 202 1923 248 XLII,
1945 202 2238 239 ARTICULUS
2266 203 2280 239 Ι

1502 281 1717 311 trimonialem
1733 281 1831 310 virtus
1846 279 1978 310 inducat
1993 281 2043 310 vel
2066 281 2214 316 iustitiae,
2231 286 2267 311 ut
2283 280 2428 311 debitum
2442 281 2570 318 reddat;

1503 325 1552 354 vel
1576 325 1749 364 religionis,
1765 330 1802 354 ut
1817 324 1924 364 proles
1941 324 1980 354 ad
1996 324 2120 355 cultum
2136 325 2197 355 Dei
2215 331 2416 365 procreetur;
2441 331 2488 356 est
2502 335 2571 356 me-

1503 369 1640 398 ritorius.
1666 368 1698 398 Si
1722 374 1829 398 autem
1853 374 1982 398 moveat
2000 368 2100 398 libido
2125 369 2236 399 sistens
2259 368 2341 399 infra
2356 370 2442 400 bona
2463 371 2571 400 matri-

1503 413 1614 447 monii,
1632 418 1668 442 ut
1690 412 1811 443 scilicet
1833 412 1924 442 nullo
1940 412 2040 442 modo
2063 412 2103 442 ad
2127 413 2220 443 aliam
2237 413 2387 444 accedere
2402 415 2507 450 vellet,
2525 419 2572 445 est

1503 462 1673 496 peccatum
1696 457 1829 487 veniale.
1855 456 1888 487 Si
1911 462 2019 487 autem
2036 462 2121 487 extra
2144 457 2229 487 bona
2244 458 2439 488 matrimonii
2463 458 2572 489 effera-

1504 507 1564 536 tur,
1586 507 1621 530 ut
1644 501 1765 531 scilicet
1788 510 1864 531 cum
1887 510 2094 541 quacumque
2117 501 2252 532 muliere
2275 501 2308 532 id
2330 501 2434 532 facere
2450 511 2572 543 propo-

1503 550 1603 580 neret,
1622 550 1668 575 est
1690 551 1860 585 peccatum
1883 545 2028 575 mortale.
2064 545 2184 576 Natura
2207 551 2316 576 autem
2349 554 2481 577 movere
2503 556 2572 577 non

1504 595 1610 629 potest
1633 590 1711 629 quin
1735 589 1786 619 vel
1810 589 1975 620 ordinetur
1997 590 2130 626 ratione,
2148 595 2179 620 et
2202 590 2247 620 sic
2270 590 2329 620 erit
2343 595 2452 621 motus
2473 591 2572 621 virtu-

1504 635 1560 670 tis;
1585 634 1635 664 vel
1657 643 1725 663 non
1749 633 1922 670 ordinetur,
1945 639 1976 664 et
1999 635 2043 664 sic
2067 634 2125 664 erit
2147 640 2256 665 motus
2280 634 2429 665 libidinis.

1559 679 1610 708 An
1627 687 1744 708 ramum
1763 687 1847 708 nano
1872 687 2031 708 nicanum«
2048 678 2138 719 quod
2153 679 2240 714 radix
2254 678 2397 709 merendi
2413 685 2573 719 quantum

1505 722 1544 753 ad
1567 723 1747 762 praemium
1771 723 1975 753 substantiale
1992 729 2038 753 est
2052 724 2122 763 ipsa
2141 723 2261 753 caritas.
2280 722 2343 754 Sed
2359 729 2518 763 quantum
2533 723 2573 755 ad

1505 766 1638 807 aliquod
1661 767 1856 798 accidentale
1879 767 2060 807 praemium
2082 769 2163 798 ratio
2187 768 2291 798 meriti
2315 768 2419 798 existit
2441 769 2475 798 in
2491 767 2573 799 diffi-

1505 811 1622 841 cultate
1647 817 1746 842 actus.
1771 812 1812 842 Et
1835 813 1879 846 sic
1903 817 1992 842 actus
2014 813 2211 842 matrimonii
2235 821 2302 842 non
2319 818 2366 842 est
2380 813 2572 848 meritorius,

1505 855 1561 886 sed
1583 856 1689 895 primo
1712 855 1823 886 modo.

1560 900 1611 930 An
1635 911 1798 931 SECUNDUM
1820 909 1980 931 meantum
2004 900 2094 941 quod
2117 901 2218 931 homo
2240 906 2347 941 potest
2363 901 2477 931 mereri
2493 906 2524 932 et
2539 902 2574 932 in

1506 945 1684 974 minoribus
1714 945 1808 975 bonis
1835 950 1866 975 et
1889 945 1922 975 in
1949 946 2133 976 maioribus.
2169 945 2280 982 Unde,
2305 945 2435 986 quando
2459 946 2573 986 aliquis

1506 989 1631 1019 minora
1655 990 1740 1019 bona
1768 989 1897 1020 dimittit
1921 995 1957 1020 ut
1980 991 2100 1020 maiora
2130 989 2242 1026 faciat,
2266 990 2444 1021 laudandus
2468 996 2531 1027 est,
2556 1000 2574 1021 a

1506 1034 1613 1063 minus
1637 1034 1801 1063 meritorio
1825 1039 1899 1064 actu
1922 1033 2098 1064 discedens.

1561 1078 1613 1107 Αυ
1636 1086 1771 1107 Tannum
1795 1087 1954 1108 mennntm
1977 1078 2067 1118 quod
2090 1078 2294 1120 indulgentia
2314 1079 2510 1120 quandoque
2527 1084 2575 1110 est

1507 1121 1546 1151 de
1569 1122 1748 1152 minoribus
1776 1122 1877 1152 malis.
1913 1122 1955 1152 Et
1978 1123 2022 1153 sic
2045 1123 2229 1163 indulgetur
2259 1129 2348 1154 actus
2379 1124 2574 1155 matrimonii

1505 1171 1603 1205 prout
1627 1165 1666 1195 ad
1689 1166 1796 1206 ipsum
1821 1172 1930 1197 movet
1959 1167 2058 1197 libido
2089 1167 2171 1197 infra
2200 1168 2355 1199 terminos
2378 1169 2575 1199 matrimonii

1506 1210 1698 1240 consistens:
1724 1210 1769 1241 sic
1793 1211 1879 1241 enim
1903 1216 1951 1241 est
1972 1211 2097 1242 veniale
2120 1217 2299 1251 peccatum.
2328 1212 2392 1243 Sed
2414 1218 2512 1252 prout
2534 1212 2574 1243 ad

1505 1255 1613 1294 ipsum
1636 1260 1745 1285 movet
1767 1256 1883 1291 virtus,
1908 1261 1944 1285 ut
1968 1261 2015 1286 est
2037 1256 2234 1292 meritorius,
2258 1266 2327 1286 non
2349 1257 2446 1287 habet
2468 1257 2574 1287 indul-

1505 1300 1656 1339 gentiam,
1674 1299 1733 1329 nisi
1758 1299 1938 1330 secundum
1958 1300 2048 1340 quod
2065 1305 2112 1330 est
2127 1300 2326 1341 indulgentia
2341 1301 2381 1332 de
2395 1302 2576 1332 minoribus

1506 1343 1617 1380 bonis,
1643 1353 1726 1384 quae
1749 1343 1836 1374 idem
1860 1350 1907 1374 est
1930 1344 2021 1384 quod
2044 1345 2219 1375 concessio.
2258 1345 2327 1376 Nec
2351 1351 2398 1376 est
2421 1346 2574 1376 inconve-

1505 1389 1596 1418 niens
1613 1388 1703 1428 quod
1718 1388 1771 1418 ille
1788 1387 1844 1428 qui
1859 1388 1913 1419 tali
1931 1389 2141 1420 concessione
2165 1389 2274 1426 utitur,
2298 1395 2474 1420 mereatur:
2499 1391 2575 1431 quia

1505 1433 1611 1463 bonus
1635 1443 1712 1463 usus
1736 1432 1967 1464 beneficiorum
1991 1433 2053 1464 Dei
2075 1434 2257 1464 meritorius
2281 1440 2337 1464 est.

1559 1478 1611 1507 An
1628 1486 1777 1507 anamim
1800 1487 1960 1508 mensuum
1977 1478 2066 1518 quod
2083 1477 2250 1509 difficultas
2269 1478 2386 1509 laboris
2404 1479 2576 1519 requiritur

1505 1521 1545 1552 ad
1567 1523 1718 1552 meritum
1734 1522 1867 1562 praemii
1891 1522 2111 1553 accidentalis:
2136 1522 2192 1553 sed
2208 1522 2248 1553 ad
2271 1524 2423 1554 meritum
2439 1522 2574 1564 praemii

1506 1567 1679 1597 essentialis
1708 1567 1879 1606 requiritur
1910 1566 2078 1597 difficultas
2108 1568 2285 1598 consistens
2315 1568 2349 1598 in
2373 1568 2576 1599 ordinatione

1505 1611 1612 1642 medii.
1637 1611 1678 1641 Et
1701 1612 1764 1641 hoc
1788 1617 1835 1641 est
1859 1612 1955 1642 etiam
1978 1612 2013 1642 in
2036 1617 2110 1642 actu
2132 1613 2370 1643 matrimoniali.
2414 1615 2418 1619 ⁴

1560 1656 1611 1686 Ab
1637 1664 1777 1686 amm-un
1799 1665 1960 1686 meantium
1984 1655 2074 1696 quod
2096 1657 2219 1696 primus
2244 1657 2370 1694 motus,
2395 1656 2575 1688 secundum

1506 1700 1596 1739 quod
1620 1700 1735 1731 dicitur
1757 1706 1928 1740 peccatum
1946 1701 2080 1737 veniale,
2098 1706 2145 1731 est
2160 1706 2269 1731 motus
2293 1702 2454 1742 appetitus
2469 1702 2504 1732 in
2519 1701 2576 1732 ali-

1506 1744 1596 1784 quod
1622 1744 1840 1775 inordinatum
1864 1744 2060 1775 delectabile.
2086 1744 2186 1783 Quod
2208 1754 2277 1776 non
2301 1751 2348 1776 est
2366 1746 2399 1776 in
2418 1752 2492 1777 actu
2507 1755 2575 1777 ma-

1505 1789 1689 1819 trimoniali.
1714 1789 1755 1819 Et
1777 1789 1852 1819 ideo
1876 1790 1956 1819 ratio
1980 1799 2047 1819 non
2071 1790 2226 1830 sequitur.

1584 1851 1837 1896 QUAEsno
1862 1853 2498 1897 QUADRAGESIMASECUNDA

1604 1908 1648 1932 DE
1668 1907 1890 1932 MATRIMONIO
1906 1908 2116 1938 lNQUANTUM
2137 1908 2201 1933 EST
2220 1909 2481 1935 SACRAMENTUM

1512 1974 1666 2038 Dumna
1697 1964 1967 1996 considerandum
1998 1972 2044 1996 est
2075 1966 2116 1996 de
2144 1967 2352 1998 matrimonio
2381 1968 2576 2008 inquantum

1571 2015 1618 2040 est
1641 2015 1875 2040 sacramentum
1890 2011 1917 2040 ⁴².

1508 2054 1602 2084 Circa
1626 2054 1716 2093 quod
1740 2059 1938 2093 quaeruntur
1961 2060 2109 2094 quatuor.

1563 2098 1688 2128 Primo:
1713 2103 1823 2128 utrum
1845 2098 1885 2128 sit
1907 2104 2152 2129 sacramentum.

1563 2142 1731 2173 Secundo:
1756 2148 1864 2172 utrum
1888 2142 2033 2173 debuerit
2056 2143 2178 2173 institui
2202 2149 2275 2174 ante
2298 2150 2478 2184 peccatum.

1564 2186 1693 2217 Tertio:
1719 2192 1827 2217 utrum
1851 2186 1994 2218 conferat
2016 2188 2159 2227 gratiam.

1563 2230 1704 2269 Quarto:
1733 2236 1842 2262 utrum
1873 2232 2006 2262 carnalis
2037 2233 2226 2263 commixtio
2257 2234 2296 2264 sit
2327 2233 2367 2265 de
2397 2235 2576 2276 integritate

1596 2276 1802 2306 matrimonii.

1622 2355 1722 2386 ART.
1748 2355 1770 2386 1.
1794 2365 1899 2386 uranu
1921 2365 2141 2387 mramomuu
2165 2367 2210 2387 srr
2233 2367 2460 2389 samnitarum

1601 2407 1669 2429 Infra.
1685 2413 1724 2435 qu.
1740 2413 1806 2433 ιιι-ιι,
1821 2411 1864 2428 nrt.
1878 2412 1898 2431 2.
1914 2408 1942 2428 ad
1958 2413 1983 2434 7:
1999 2407 2032 2428 lv
2046 2407 2123 2432 Sene..
2140 2407 2193 2429 dist.
2210 2414 2229 2434 1,
2244 2414 2283 2437 qu.
2299 2414 2321 2435 ι,
2336 2413 2379 2431 nrt.
2394 2416 2414 2438 3,
2428 2410 2458 2431 ad
2471 2416 2495 2438 5;

1849 2433 1880 2455 IV
1898 2433 1965 2455 Cont.
1981 2433 2057 2460 Gent„
2073 2439 2123 2462 cap.
2139 2440 2233 2456 Lxxvm.

1572 2505 1592 2527 n
1616 2505 1734 2527 pamm(
1756 2506 1802 2526 s1c
1825 2505 2030 2527 Pnocnmwk.
2058 2497 2193 2528 Videtur
2215 2498 2305 2538 quod
2331 2500 2576 2532 matrimonium

1509 2511 1640 2572 Anon
1657 2541 1696 2571 sit
1712 2546 1956 2571 sacramentum.
1981 2541 2090 2572 Omne
2113 2542 2199 2572 enim
2215 2549 2449 2575 sacramentum
2471 2554 2576 2577 novae

1507 2586 1585 2626 legis
1608 2586 1703 2616 habet
1727 2585 1867 2625 aliquam
1898 2585 2049 2622 formam,
2075 2596 2158 2626 quae
2182 2593 2229 2617 est
2253 2586 2292 2617 de
2316 2590 2451 2619 essentia
2474 2598 2576 2620 sacra-

1507 2631 1618 2661 menti.
1643 2629 1706 2661 Sed
1729 2629 1911 2660 benedictio
1939 2639 2023 2670 quae
2046 2629 2082 2660 fit
2104 2639 2162 2670 per
2184 2631 2364 2663 sacerdotes
2387 2633 2421 2663 in
2443 2634 2575 2674 nuptiis,

1507 2683 1575 2706 non
1593 2680 1640 2705 est
1655 2674 1694 2705 de
1712 2674 1847 2704 essentia
1861 2675 2067 2705 matrimonii.
2081 2674 2166 2715 Ergo
2183 2685 2251 2706 non
2267 2682 2314 2707 est
2329 2683 2574 2709 sacramentum.

1565 2727 1594 2749 2.
1618 2719 1815 2754 Pium-nnn,
1833 2724 2077 2755 sacramentum,
2094 2719 2274 2751 secundum
2292 2721 2469 2762 Hugonem
2485 2723 2512 2759 ‘',
2529 2728 2577 2754 est

1507 2764 1677 2794 materiale
1706 2763 1906 2794 elementum.
1940 2763 2003 2794 Sed
2033 2765 2276 2795 matrimonium
2303 2775 2371 2796 non
2398 2767 2495 2797 habet
2515 2775 2576 2808 pro

1507 2807 1638 2838 materia
1668 2806 1800 2847 aliquod
1830 2808 1992 2838 materiale
2016 2807 2223 2839 elementum.
2257 2810 2344 2850 Ergo
2366 2819 2435 2841 non
2458 2817 2506 2842 est
2527 2821 2576 2844 sa-

1508 2858 1719 2883 eramentum.

1564 2897 1594 2927 3.
1618 2897 1815 2932 Pam-ranas,
1838 2902 2036 2927 sacramenta
2051 2898 2169 2928 habent
2184 2896 2358 2930 efficaciam
2374 2907 2412 2930 ex
2427 2900 2576 2940 passione

1509 2941 1627 2973 Christi
1642 2942 1670 2971 ἦ
1704 2940 1768 2972 Sed
1795 2948 1852 2981 per
1874 2942 2117 2972 matrimonium
2140 2950 2207 2973 non
2231 2942 2452 2974 conformatur
2473 2944 2576 2976 homo
2603 2943 2614 2955 ·

1508 2986 1650 3027 passioni
1672 2984 1802 3022 Christi,
1827 2994 1910 3026 quae
1933 2985 1994 3016 fuit
2016 2984 2177 3026 poenalis:
2202 2995 2278 3018 cum
2301 2987 2415 3018 habeat
2438 2987 2576 3020 delecta-

392 3023 599 3055 delectatione
623 3030 670 3055 est
684 3032 852 3065 peccatum
869 3027 991 3057 veniale
1007 3028 1034 3057 ἡ
1059 3028 1144 3068 Ergo
1169 3034 1258 3059 actus
1273 3029 1454 3069 praedictus
1507 3031 1632 3062 tionem
1655 3029 1849 3060 adiunctam.
1873 3029 1960 3070 Ergo
1982 3038 2051 3061 non
2075 3036 2123 3061 est
2145 3036 2389 3062 sacramentum.

391 3077 458 3098 non
481 3074 585 3108 potest
608 3079 676 3100 esse
699 3071 888 3101 meritorius.

1563 3083 1594 3114 4.
1619 3074 1822 3110 Puni-nm,
1847 3081 1945 3105 omne
1973 3080 2209 3106 sacramentum
2227 3082 2343 3106 'novae
2372 3076 2452 3116 legis
2477 3074 2578 3118 efficit

447 3111 508 3142 San
533 3120 664 3149 comm,
681 3115 786 3144 omnis
810 3120 898 3145 actus
921 3115 954 3145 in
978 3125 1045 3156 quo
1068 3117 1219 3156 impletur
1235 3123 1452 3158 praeceptum,
1468 3126 1493 3153 ες
1508 3118 1595 3160 qaod
1607 3119 1742 3160 figurat
1756 3120 1783 3149 θ.
1811 3118 1874 3149 Sed
1895 3118 2138 3150 matrimonium
2161 3127 2229 3150 non
2252 3119 2349 3151 efficit
2370 3121 2576 3152 coniunctio—

393 3160 439 3185 est
461 3157 639 3187 meritorius
662 3158 687 3187 si
711 3167 748 3188 ex
772 3160 899 3189 caritate
922 3158 986 3190 fiat.
1011 3159 1073 3190 Sed
1097 3166 1185 3191 actus
1213 3162 1454 3193 matrimonialis
1508 3171 1584 3194 nem
1608 3162 1726 3194 Christi
1749 3169 1781 3194 et
1803 3163 1983 3199 Ecclesiae,
2008 3171 2106 3204 quam
2129 3163 2285 3204 significat
2300 3165 2327 3195 '.
2358 3165 2445 3205 Ergo
2468 3166 2576 3196 matri-

394 3205 439 3229 est
461 3200 664 3231 huiusmodi:
688 3203 764 3242 quia
787 3202 902 3234 dicitur
924 3203 936 3233 1
955 3203 1031 3234 Cor.
1048 3214 1091 3234 vn
1107 3206 1140 3235 ⁴⁶:
1170 3206 1276 3236 Uxori
1299 3207 1351 3237 νίν
1368 3207 1453 3237 deba·—

394 3248 460 3273 tum
483 3244 604 3275 reddat.
624 3245 720 3285 Ergo,
738 3252 796 3277 etc.

452 3297 480 3317 2.
504 3288 697 3326 Pana-ranna,
715 3291 819 3321 omnis
843 3297 931 3321 actus
954 3292 1076 3323 virtutis
1101 3299 1147 3323 est
1169 3294 1360 3325 meritorius.
1391 3294 1455 3326 Sed

1508 3207 1657 3238 monium
1680 3216 1748 3238 non
1772 3213 1819 3238 est
1840 3213 2085 3238 sacramentum.

1566 3252 1595 3282 5.
1619 3252 1816 3288 Pluinnam,
1840 3251 1874 3282 in
1898 3252 1965 3282 aliis
1988 3253 2192 3283 sacramentis
2216 3258 2264 3284 est
2285 3252 2407 3294 aliquid
2423 3252 2514 3294 quod
2529 3258 2577 3285 est

1510 3306 1562 3326 res
1577 3301 1609 3326 et
1622 3301 1860 3327 sacramentum
1876 3297 1902 3327 “.
1927 3295 1991 3327 Sed
2013 3297 2076 3327 hoc
2092 3306 2159 3327 non
2175 3303 2282 3338 potest
2304 3298 2439 3329 inveniri
2458 3299 2492 3328 in
2507 3306 2576 3329 ma·

395 3337 482 3361 actus
504 3332 682 3371 praedictus
706 3340 752 3364 est
775 3340 863 3365 actus
885 3335 1039 3366 iustitiae:
1073 3337 1147 3376 quia
1179 3337 1293 3369 dicitur
1317 3339 1453 3370 redditio
1469 3340 1680 3375 7otrimonio:
1704 3348 1781 3371 cum
1803 3348 1871 3371 non
1894 3340 2057 3380 imprimat
2080 3341 2311 3379 chamcterem3
2335 3342 2411 3373 alias
2434 3350 2502 3373 non
2517 3341 2576 3373 ite-

396 3374 498 3405 debiti.
523 3376 607 3416 Ergo
631 3378 810 3408 meritorius
833 3384 889 3408 est.

450 3419 638 3451 Rssseormno
661 3429 820 3451 DICBNDUM
842 3423 942 3462 quod,
966 3432 1041 3453 curn
1063 3425 1171 3455 nullus
1199 3431 1287 3456 aetus
1315 3436 1353 3457 ex
1377 3427 1455 3458 deli—

1509 3390 1639 3415 raretur.
1663 3383 1750 3424 Ergo
1773 3392 1842 3415 non
1865 3389 1912 3415 est
1933 3390 2180 3416 sacramentum.

1564 3429 1627 3460 San
1652 3437 1775 3459 con-ru
1798 3437 1852 3459 nsr
1868 3427 1958 3469 quod
1973 3428 2089 3460 dicitur
2103 3429 2219 3471 Ephes.
2235 3439 2256 3460 v
2270 3431 2305 3461 ‘z
2330 3431 2576 3462 Sacramentum

396 3462 501 3492 berata
524 3464 687 3494 voluntate
710 3465 886 3504 procedens
906 3467 945 3496 sit
967 3467 1158 3504 indifferens,
1175 3475 1211 3499 ut
1233 3470 1266 3500 in
1290 3470 1316 3500 11
1340 3471 1421 3502 libro
1437 3473 1455 3490 θ
1509 3473 1571 3503 hoc
1593 3481 1749 3514 magnum
1771 3478 1828 3504 est.
1851 3473 1947 3513 Ergo,
1972 3479 2032 3504 ete.

398 3505 517 3535 dictum
541 3512 601 3543 est;
624 3513 713 3538 actus
736 3510 975 3540 matrimonialis
997 3519 1123 3551 semper
1144 3519 1190 3542 est
1213 3520 1381 3553 peccatum
1403 3516 1454 3546 vel

1566 3526 1596 3548 2.
1620 3517 1821 3553 Puni-nnn,
1845 3522 2081 3548 sacramentum
2109 3524 2156 3549 est
2177 3526 2294 3550 suem
2322 3519 2372 3550 rei
2400 3521 2531 3561 signnm
2546 3519 2573 3549 ·.

397 3550 587 3586 meritorius,
603 3551 635 3581 in
659 3561 697 3582 eo
715 3553 770 3591 qui
785 3553 915 3592 gratiam
930 3553 1034 3584 habet.
1057 3555 1090 3585 Si
1110 3557 1195 3586 enim
1211 3557 1251 3587 ad
1266 3563 1372 3589 actum
1388 3567 1455 3590 ma·-
1469 3573 1494 3594 75
1511 3560 1574 3591 Sed
1596 3562 1838 3592 matrimonium
1862 3567 1908 3592 est
1930 3561 2126 3593 huiusmodi.
2150 3563 2246 3604 Ergo,
2271 3569 2331 3595 etc.

2603 2004 2737 2054 inffiqm
2760 2009 2818 2027 m.

2603 2723 2614 2734 '¹
2623 2721 2660 2744 De
2667 2719 2817 2744 Saum-ent.

2603 2747 2668 2776 lim,
2674 2753 2788 2777 pane-p.
2794 2753 2817 2770 ι.

2603 3125 2614 3136 ·
2631 3123 2668 3146 OE.
2687 3123 2721 3146 lv
2740 3123 2816 3151 Sene„

2603 3149 2657 3173 dist.
2665 3156 2682 3177 ι,
2698 3157 2721 3178 ρ.
2732 3157 2748 3178 ι,
2763 3156 2815 3179 σιμ.

2602 3176 2815 3232 fiam.

2602 3236 2625 3257 v,
2640 3235 2701 3253 vern.
2715 3236 2750 3260 3²·

2603 3358 2626 3378 et
2639 3356 2692 3379 Ιοα
2705 3355 2738 3378 lbi
2753 3354 2792 3378 dt.

2602 3413 2614 3424 ·
2627 3412 2696 3436 Vera.

2602 3438 2706 3494 :wrm-
2722 3455 2746 3493 εἴ
2760 3439 2815 3495 ῗιῖἷῖ

2601 3482 2715 3542 ’δι”.εἷιιιι
2722 3518 2765 3546 m.
2805 3503 2816 3542 ἶ

2601 3548 2704 3595 ἓλιίκ.
2722 3549 2736 3569 Ι
2744 3562 2751 3574 ,
