2878 4088
153 317 162 327 ·
174 314 231 341 Cap.
242 321 261 335 ι.
269 325 279 330 -
288 312 312 335 S.
321 312 365 334 Th.

156 343 207 363 lect.
223 346 242 361 ι.

155 535 165 544 ·
181 533 215 555 Ci.
226 532 286 554 Part.
298 532 316 559 l,
327 538 366 560 qu.

155 565 241 586 ικινιι,
256 562 298 581 art.
314 565 332 587 5.

157 802 165 811 ”
182 800 218 822 Cf.
234 800 292 822 ibid.

159 2000 168 2010 ·
185 1999 209 2020 Β.
226 1998 314 2020 Alban.
337 1997 370 2019 lv

159 2025 232 2052 Sent„
244 2025 296 2047 diat.
307 2030 369 2051 mv,

160 2055 202 2074 art,
216 2058 252 2080 43.

161 2483 171 2494 ·
187 2482 212 2503 In
227 2488 331 2508 corpore.

165 2705 175 2714 ·
183 2703 268 2725 Hamil.
280 2703 303 2725 in
310 2703 374 2731 prin-

165 2730 208 2757 cip.
250 2730 358 2752 Proverb.
366 2747 374 2757 ,

166 2763 228 2778 num.
246 2763 276 2785 ¹3·

166 2809 190 2831 s
195 2783 251 2832 “3:3²
256 2789 356 2831 ιξὲθιὶῗ·
365 2795 374 2799 “

166 2838 175 2847 ·
190 2836 215 2857 ln
231 2842 335 2864 corpore.

401 184 470 231 148
884 219 886 221 ,
1089 181 1352 230 QUAESTIO
1382 180 1507 228 Lxx,
1537 182 1831 231 ARTICULUS
1859 182 1889 218 11

394 263 526 302 patiens.
552 260 646 292 Unde
669 261 894 302 Philosophus,
918 261 952 291 in
975 261 1135 302 principio
1160 261 1200 292 de
1223 261 1343 291 Somno
1361 265 1392 291 et
1411 260 1461 290 Vi·
1571 260 1622 290 An
1647 270 1766 291 saxum
1788 269 1949 290 monimum
1973 259 2062 299 quod
2084 260 2248 299 potentiae
2271 261 2396 291 animae
2415 261 2583 291 sensitivae

393 307 476 348 gilia
492 307 518 342 ἦ
544 304 620 336 dicit
643 305 732 346 quod
756 306 847 336 cuius
870 310 917 336 est
933 305 1099 346 potentia,
1125 305 1193 336 eius
1217 310 1263 335 est
1285 305 1382 335 actio.
1406 304 1461 334 Vi-
1516 313 1584 334 non
1608 304 1758 335 dicuntur
1780 313 1849 335 esse
1872 309 1961 334 actus
1985 312 2180 344 organorum
2207 305 2299 344 quasi
2326 303 2450 335 formae
2477 313 2582 335 essen-

395 350 507 381 demus
539 355 647 380 autem
679 349 847 381 manifeste
880 349 1035 391 quasdam
1069 350 1289 390 operationes,
1324 357 1462 390 quarum
1516 348 1605 378 tiales
1628 349 1790 388 ipsorum,
1814 348 1875 378 nisi
1898 348 2021 378 ratione
2044 348 2170 378 animae
2193 348 2286 379 cuius
2307 354 2401 379 sunt:
2430 348 2487 379 sed
2509 354 2584 380 sunt

394 395 557 435 potentiae
581 395 705 425 animae
729 400 803 425 sunt
825 394 992 435 principia,
1008 403 1078 424 non
1094 403 1162 425 esse
1181 394 1315 429 animae,
1332 393 1461 433 proprie
1517 397 1605 422 actus
1621 393 1767 433 ipsorum
1783 393 1866 423 sicut
1882 391 2084 433 perficientes
2100 401 2138 422 ea
2153 391 2193 422 ad
2207 393 2352 433 proprias
2369 393 2582 433 operationes,

395 438 571 479 loquendo,
589 438 644 469 sed
660 439 835 475 coniuncti,
853 439 928 479 quia
948 448 1014 469 non
1037 438 1205 478 explentur
1224 438 1285 468 nisi
1300 436 1461 467 mediante
1485 446 1494 466 ς
1516 436 1598 466 sicut
1622 437 1708 467 calor
1731 442 1778 467 est
1801 441 1890 467 actus
1913 437 1994 476 ignis
2016 435 2186 476 perficiens
2209 437 2317 477 ipsum
2340 436 2380 467 ad
2396 436 2583 468 calefacien-

396 492 548 524 corpore:
570 488 606 513 ut
622 489 669 514 est
683 482 801 520 videre,
818 482 938 519 audire,
956 488 987 513 et
1002 481 1199 513 huiusmodi.
1224 481 1318 512 Unde
1334 486 1463 521 oportet
1516 479 1604 511 dum.
1629 480 1734 517 Unde,
1758 481 1840 511 sicut
1862 481 1945 521 ignis
1967 480 2055 511 idem
2077 489 2214 511 numero
2237 486 2416 511 remaneret
2438 481 2535 512 etiam
2557 482 2583 512 si

396 527 486 568 quod
500 528 579 558 istae
594 528 758 568 potentiae
775 528 837 558 sint
853 528 1018 558 coniuncti
1034 527 1116 557 sicut
1132 526 1266 557 subiecti
1282 526 1315 562 *;
1337 526 1462 555 animae
1516 524 1596 555 alius
1619 534 1756 555 numero
1786 525 1820 555 in
1848 534 1888 555 eo
1919 525 2006 555 calor
2038 529 2137 561 esset,
2162 525 2245 555 sicut
2274 530 2362 566 patet
2394 524 2434 555 de
2466 524 2583 565 frigore

396 578 504 603 autem
519 572 602 602 sicut
616 572 766 612 principii
781 571 954 607 influentis,
972 571 1054 601 sicut
1075 570 1180 601 forma
1199 574 1246 600 est
1266 569 1461 610 principium
1516 578 1635 609 aquae,
1661 568 1751 610 quod
1783 578 1850 599 non
1880 568 1961 600 redit
1992 567 2080 599 idem
2111 578 2248 599 numero
2282 573 2457 610 postquam
2488 568 2584 600 fuerit

395 617 627 657 proprietatum
651 617 833 657 compositi.
858 615 1027 654 Quaedam
1045 624 1122 645 vero
1147 614 1350 654 operationes
1374 622 1462 644 exer·
1516 612 1677 650 calefacta,
1702 623 1786 654 aqua
1807 613 2017 644 nihilominus
2041 612 2154 643 eadem
2176 622 2314 644 numero
2341 618 2508 650 manente;
2540 613 2584 644 ita

396 667 508 692 centur
531 661 569 691 ab
598 661 704 691 anima
736 661 804 691 sine
837 669 959 700 organo
993 659 1169 699 corporali:
1203 663 1239 689 ut
1268 657 1460 698 intelligere,
1477 665 1503 680 ¹⁰
1516 663 1547 688 et
1563 667 1682 698 organa
1698 663 1791 688 erunt
1806 657 1919 688 eadem
1937 666 2086 694 numero,
2104 657 2251 698 quamvis
2265 658 2430 698 potentiae
2451 656 2584 689 eaedem

396 704 595 736 considerare
620 710 651 735 et
665 705 756 735 velle.
782 704 885 740 Unde,
903 713 979 734 cum
1002 704 1062 734 hae
1086 704 1228 733 actiones
1251 703 1314 732 sint
1337 702 1461 732 animae
1515 711 1652 733 numero
1676 712 1745 732 non
1767 702 1839 733 sint.

395 750 560 790 propriae,
586 754 617 779 et
639 750 803 789 potentiae
834 758 917 789 quae
947 753 1021 779 sunt
1051 748 1166 778 harum
1196 747 1369 787 principia,
1393 756 1462 776 non
1570 747 1621 777 An
1646 756 1798 777 sam-mim
1820 755 1982 776 mmmmm
2011 744 2102 786 quod
2129 746 2345 787 Philosophus
2372 746 2417 776 ibi
2439 745 2584 786 loquitur

396 794 503 824 solum
527 799 619 824 erunt
642 794 766 824 animae
789 799 825 824 ut
848 793 1006 833 principii,
1032 791 1087 822 sed
1110 797 1146 822 ut
1169 791 1303 822 subiecti
1319 791 1345 821 ἦ
1377 790 1462 828 Quia
1515 790 1556 821 de
1571 790 1758 822 huiusmodi
1773 791 1927 831 potentiis
1943 789 2123 821 secundum
2138 789 2229 831 quod
2244 790 2466 821 radicaliterin
2478 790 2584 821 anima

396 848 487 878 ergo,
512 843 661 868 manente
684 838 815 878 proprio
840 837 1003 872 subiecto,
1026 845 1156 867 manere
1180 841 1309 875 oportet
1333 840 1364 865 et
1386 844 1461 875 pro·
1515 835 1710 867 consistunt:
1743 834 1833 875 quod
1859 840 1948 875 patet
1970 844 2009 865 ex
2031 835 2096 866 hoc
2119 834 2210 875 quod
2232 834 2321 872 dicit,
2346 833 2438 875 quod
2459 834 2584 866 senium

396 883 479 922 prias
501 882 675 922 passiones,
693 887 723 912 et
740 887 892 921 corrupto
917 890 956 911 eo
974 881 1153 921 corrumpi;
1177 889 1308 910 necesse
1331 884 1378 909 est
1393 879 1461 910 illas
1476 886 1499 906 ¹5
1515 889 1581 910 non
1606 884 1653 910 est
1675 880 1707 910 in
1725 879 1883 920 patiendo
1913 879 2038 920 aliquid
2068 879 2222 916 animam,
2246 879 2303 910 sed
2326 879 2360 910 id
2382 879 2415 909 in
2439 888 2503 920 quo
2527 883 2582 915 est,

396 926 554 967 potentias
588 935 670 965 quae
703 926 737 955 in
766 926 831 956 suis
863 925 1043 955 actionibus
1073 934 1142 955 non
1172 929 1307 954 utuntur
1339 933 1460 963 organo
1514 924 1636 954 scilicet
1651 933 1779 964 corpus.
1805 923 1857 955 Sic
1873 924 1959 954 enirn
1974 929 2107 964 propter
2122 933 2240 965 corpus
2255 933 2364 964 neque
2380 923 2584 954 debilitantur

397 970 565 1010 corporali,
589 979 752 999 remanere
776 970 810 999 in
833 970 939 998 anima
962 974 1121 1009 separata;
1154 968 1223 998 illas
1246 973 1354 998 autem
1378 977 1461 1007 quae
1515 977 1575 998 nec
1599 973 1851 1009 corrumpuntur
1874 969 2000 999 animae
2021 969 2163 999 virtutes.

397 1019 545 1049 utuntur,
571 1014 733 1053 corrumpi
758 1022 894 1053 corpore
918 1018 1081 1052 corrupto.
1112 1012 1154 1042 Et
1176 1011 1364 1042 huiusmodi
1387 1017 1461 1042 sunt

396 1058 558 1098 potentiae
590 1066 702 1087 omnes
736 1066 818 1096 quae
850 1056 1010 1096 pertinent
1038 1055 1078 1086 ad
1106 1057 1246 1086 animam
1279 1055 1461 1086 sensibilem
1618 1055 1717 1086 ART.
1742 1055 1779 1086 ΙΙ.
1807 1066 1913 1086 urium
1936 1066 1967 1086 m
1991 1066 2089 1086 mma
2113 1066 2269 1087 saPARATa
2293 1067 2480 1088 namnam-r

397 1108 427 1133 et
449 1101 668 1141 vegetabilem.
1474 1105 1501 1119 ²⁰
1760 1109 1858 1130 acrus
1881 1109 2104 1131 sansnrvamm
2125 1110 2347 1132 Portu-rusum

450 1146 491 1176 Et
513 1150 644 1186 propter
659 1145 722 1175 hoc
739 1143 870 1184 quidam
886 1145 920 1174 in
934 1144 1088 1183 potentiis
1111 1143 1236 1173 animae
1259 1143 1460 1173 sensibilibus
1642 1153 1701 1176 pm.
1717 1153 1735 1180 1,
1750 1159 1790 1181 qn.
1805 1159 1892 1181 mvn,
1906 1157 1949 1175 m.
1965 1154 1991 1180 8:
2005 1153 2038 1176 111
2053 1154 2120 1177 cont.
2137 1154 2214 1182 σαι,
2228 1161 2279 1183 cap.
2294 1162 2372 1183 um,
2386 1156 2415 1178 ια
2429 1162 2454 1185 5;

397 1190 603 1230 distinguunt.
628 1189 749 1219 Dicunt
765 1189 851 1218 enim
866 1188 923 1218 has
939 1197 1007 1218 esse
1023 1187 1184 1227 duplices:
1205 1186 1359 1227 quasdam
1377 1196 1460 1227 quae
1896 1180 1980 1208 Q¹⁴⁰as·
1996 1180 2025 1208 ι’
2040 1186 2080 1208 ‘¹¹¹'
2095 1187 2127 1208 ”⁹
2141 1181 2170 1203 *ἀ
2184 1187 2205 1204 ²·

396 1239 469 1265 sunt
493 1239 581 1264 actus
604 1242 816 1273 organorum,
842 1241 925 1272 quae
956 1237 1030 1262 sunt
1060 1232 1098 1261 ab
1129 1231 1235 1261 anima
1265 1230 1399 1261 effluxae
1426 1232 1459 1261 in
1516 1240 1601 1303 AD
1626 1240 1789 1261 SECUNDUM
1821 1240 1868 1261 src
1898 1240 2103 1262 Pnoenmrtm.
2134 1231 2270 1263 Videtur
2298 1232 2389 1273 quod
2416 1234 2450 1264 in
2478 1235 2585 1265 anima

396 1287 523 1318 corpus,
541 1283 571 1308 et
586 1278 647 1308 hae
668 1286 743 1308 cum
760 1286 896 1316 corpore
920 1280 1186 1316 corrumpuntur3
1212 1275 1367 1316 quasdam
1383 1284 1459 1305 vero
1580 1280 1724 1315 separata
1754 1280 1940 1305 remaneant
1972 1275 2069 1306 etiam
2101 1281 2191 1306 actus
2223 1277 2446 1308 sensitivarum
2468 1283 2585 1319 poten-

397 1323 564 1363 originales
587 1322 710 1358 harum,
728 1330 811 1361 quae
833 1326 908 1351 sunt
930 1321 964 1350 in
988 1321 1104 1356 anima,
1122 1320 1198 1360 quia
1213 1329 1271 1360 per
1286 1329 1338 1350 eas
1354 1320 1461 1350 anima
1475 1329 1499 1349 ’ς
1514 1319 1641 1349 tiarum.
1677 1319 1763 1350 Dicit
1793 1320 1880 1349 enim
1911 1319 2128 1359 Augustinus,
2156 1321 2191 1351 in
2219 1320 2302 1352 libro
2332 1321 2372 1352 de
2401 1321 2525 1362 Spiritu
2556 1327 2588 1354 et

397 1376 514 1407 corpus
533 1365 691 1397 sensificat
706 1365 746 1396 ad
764 1364 939 1395 videndum
956 1370 987 1395 et
1002 1363 1200 1395 audiendum
1216 1369 1247 1394 et
1262 1363 1460 1400 huiusmodi,
1515 1363 1632 1394 Anima
1649 1363 1682 1394 4*ε
1707 1364 1826 1394 Anima
1850 1363 2001 1394 recedens
2022 1372 2043 1395 a
2059 1373 2198 1405 corpore
2220 1375 2263 1396 ex
2285 1365 2344 1401 his,
2361 1365 2483 1397 scilicet
2505 1367 2585 1398 ima-

397 1417 428 1442 et
450 1412 509 1441 hae
533 1410 701 1450 originales
724 1409 888 1450 potentiae
910 1414 1043 1439 manent
1064 1409 1098 1439 in
1122 1409 1228 1439 anima
1251 1413 1405 1448 separata.
1515 1408 1690 1448 ginatione‚
1707 1408 2027 1448 concupiscibilitate,
2043 1409 2267 1446 irascibilitate,
2279 1410 2455 1442 secundum
2470 1411 2586 1442 merita

452 1454 515 1486 Sed
538 1455 600 1485 hoc
623 1464 691 1485 non
713 1453 838 1484 videtur
862 1454 1091 1484 convenienter
1121 1453 1193 1484 dici.
1225 1453 1344 1483 Anima
1375 1453 1462 1483 enim
1516 1452 1662 1494 afficitur
1684 1452 1728 1483 ad
1753 1452 1997 1483 delectationem
2023 1453 2091 1484 sive
2118 1453 2275 1485 dolorem.
2308 1454 2373 1486 Sed
2399 1455 2585 1496 imaginatio

397 1509 453 1540 per
476 1508 566 1529 suam
590 1499 768 1534 essentiam,
793 1507 861 1528 non
885 1497 1099 1528 mediantibus
1126 1497 1286 1537 aliquibus
1310 1497 1378 1527 aliis
1401 1506 1462 1537 po·
1517 1502 1548 1527 et
1571 1497 1831 1538 concupiscibilis
1859 1502 1891 1528 et
1916 1497 2080 1528 irascibilis
2111 1503 2185 1529 sunt
2213 1499 2378 1539 potentiae
2406 1500 2584 1531 sensitivae.

396 1544 511 1579 tentiis,
541 1548 587 1573 est
618 1544 708 1583 origo
743 1543 869 1573 illarum
901 1542 1119 1582 potentiarum
1152 1551 1235 1582 quae
1267 1546 1342 1572 sunt
1373 1546 1462 1571 actus
1478 1549 1503 1571 ³⁰
1516 1541 1603 1582 Ergo
1627 1541 1807 1572 secundum
1833 1541 1998 1573 sensitivas
2025 1543 2186 1583 potentias
2216 1543 2322 1574 anima
2352 1549 2496 1584 separata
2518 1543 2586 1576 affi-

397 1596 608 1627 organorum:
638 1588 720 1617 sicut
743 1593 774 1617 et
797 1586 902 1617 forma
925 1586 1100 1627 quaelibet,
1125 1595 1163 1616 ex
1186 1586 1250 1616 hoc
1276 1586 1348 1626 ipso
1373 1585 1463 1626 quod
1517 1586 1628 1617 cietur.
1653 1586 1695 1617 Et
1717 1587 1760 1616 ita
1783 1585 1963 1617 secundum
1986 1595 2038 1617 eas
2061 1587 2095 1617 in
2118 1587 2229 1628 aliquo
2252 1593 2326 1619 actu
2350 1588 2418 1619 erit.

396 1642 452 1672 per
476 1632 644 1662 essentiam
668 1640 758 1661 suam
781 1631 947 1661 materiam
967 1630 1129 1667 informat,
1147 1635 1194 1661 est
1210 1630 1301 1670 origo
1317 1630 1462 1671 proprie·
1574 1640 1603 1661 2.
1628 1630 1825 1667 Paaaraaua,
1842 1630 2053 1671 Augustinus,
2069 1641 2168 1672 super
2184 1628 2264 1663 Gen.
2277 1632 2321 1663 ad
2336 1632 2475 1669 litt.,1ib.
2487 1632 2546 1664 XII
2557 1633 2585 1670 ⁹,

395 1682 497 1706 tatum
514 1685 597 1716 quae
613 1677 832 1716 compositum
847 1675 1031 1706 naturaliter
1047 1680 1302 1716 consequuntur.
1326 1675 1359 1706 Si
1376 1675 1463 1705 enim
1518 1674 1595 1706 dicit
1618 1674 1709 1715 quod
1731 1684 1850 1716 corpus
1873 1685 1939 1706 non
1962 1675 2072 1712 sentit,
2094 1676 2152 1707 sed
2173 1677 2285 1708 anima
2302 1687 2366 1718 per
2388 1684 2528 1718 corpu&
2555 1682 2588 1709 et

396 1726 559 1761 oporteret
573 1721 607 1750 in
623 1721 728 1750 anima
744 1729 867 1760 ponere
891 1720 966 1750 alias
990 1720 1161 1760 potentias,
1187 1719 1303 1760 quibus
1319 1719 1462 1750 median·
1517 1718 1615 1750 infra:
1643 1719 1811 1756 Quaedam
1839 1725 1947 1751 autem
1970 1720 2080 1751 anima
2109 1730 2175 1751 non
2192 1731 2258 1762 per
2279 1731 2414 1762 corpus,
2436 1722 2494 1753 sed
2514 1721 2586 1753 sine

396 1766 480 1796 tibus
503 1765 666 1805 potentiae
690 1774 773 1805 quae
796 1774 916 1805 organa
939 1763 1111 1805 perficiunt
1127 1765 1165 1794 ab
1183 1764 1318 1794 essentia
1337 1764 1463 1795 animae
1479 1772 1501 1792 ³5
1518 1773 1657 1805 corpore
1685 1764 1798 1801 sentit,
1823 1769 1859 1795 ut
1880 1769 1928 1796 est
1950 1765 2049 1795 timor
2070 1770 2102 1795 et
2122 1765 2317 1797 huiusmodi.
2350 1765 2414 1797 Sed
2439 1765 2472 1798 id
2496 1765 2587 1807 quod

397 1809 570 1845 effluerent,
596 1808 707 1840 eadem
730 1809 854 1839 ratione
877 1814 1041 1849 oporteret
1062 1818 1186 1849 ponere
1210 1808 1285 1839 alias
1303 1809 1463 1849 potentias
1518 1809 1644 1839 animae
1675 1809 1745 1839 sine
1778 1818 1915 1849 corpore
1948 1810 2116 1846 convenit,
2144 1815 2252 1850 potest
2283 1811 2387 1841 inesse
2419 1811 2546 1842 animae
2568 1820 2587 1842 a

398 1855 513 1894 quibus
536 1853 749 1884 mediantibus
765 1854 804 1883 ab
821 1854 956 1884 essentia
979 1854 1104 1883 animae
1125 1852 1292 1883 effluerent
1307 1852 1380 1883 illae
1395 1863 1463 1884 me·
1519 1862 1656 1893 corpore
1679 1858 1852 1894 separatae.
1880 1853 1967 1894 Ergo
1991 1858 2069 1884 tunc
2093 1859 2166 1885 actu
2189 1854 2296 1885 anima
2318 1854 2435 1886 sentire
2456 1855 2586 1896 poterit.

397 1898 466 1929 diae
489 1898 667 1938 potentiae:
693 1903 724 1928 et
743 1898 837 1928 sicin
853 1897 1025 1928 infinitum.
1051 1897 1084 1928 Si
1104 1898 1191 1928 enim
1214 1902 1313 1928 statur
1335 1897 1462 1934 alicubi,
1574 1897 1603 1928 3.
1627 1897 1824 1934 Fruamur,
1841 1898 2000 1938 inspicere
2018 1897 2241 1929 similitudines
2265 1908 2440 1940 corporum
2455 1899 2538 1930 sicut
2551 1899 2586 1931 in

397 1943 510 1973 melius
534 1947 580 1972 est
602 1948 638 1972 ut
661 1943 694 1972 in
717 1943 823 1983 primo
847 1947 956 1973 stetur.
1517 1951 1635 1972 somno
1666 1941 1797 1979 accidit,
1822 1941 1862 1972 ad
1883 1942 2043 1973 visionem
2073 1943 2293 1983 imaginariam
2322 1944 2477 1984 pertinet,
2501 1952 2585 1984 quae

451 1986 544 2017 Unde
568 1987 619 2017 alii
635 1987 652 2003 ⁴*
676 1986 787 2017 dicunt
811 1986 901 2027 quod
924 1987 1089 2027 potentiae
1120 1986 1304 2022 sensitivae,
1329 1991 1360 2016 et
1384 1986 1463 2016 aliae
1478 1998 1504 2019 40
1519 1991 1565 2016 est
1580 1987 1614 2016 in
1629 1991 1719 2026 parte
1742 1987 1900 2017 sensitiva.
1925 1986 1989 2017 Sed
2011 1986 2198 2017 huiusmodi
2221 1987 2445 2019 similitudines
2469 1997 2586 2029 corpo-

397 2032 523 2067 similes,
539 2041 607 2061 non
623 2037 754 2062 manent
770 2032 803 2061 in
820 2032 927 2061 anima
943 2036 1086 2071 separata
1100 2031 1161 2061 nisi
1177 2029 1357 2061 secundum
1374 2030 1461 2071 quid,
1518 2040 1591 2061 rum
1613 2031 1770 2070 inspicere
1800 2031 1883 2061 sicut
1909 2031 1943 2061 in
1971 2031 2093 2061 somnis
2123 2030 2253 2068 accidit,
2281 2033 2433 2063 convenit
2462 2032 2587 2063 animae

396 2076 515 2106 scilicet
537 2081 573 2106 ut
596 2076 630 2105 in
653 2075 767 2112 radice,
791 2085 849 2116 per
871 2075 1009 2106 modum
1035 2075 1156 2106 scilicet
1184 2084 1251 2115 quo
1274 2075 1463 2115 principiata
1518 2080 1691 2116 separatae.
1715 2074 1810 2106 Unde
1833 2075 2043 2115 Augustinus,
2059 2075 2118 2106 XII
2140 2085 2239 2117 super
2258 2075 2338 2108 Gen.
2355 2076 2399 2107 ad
2422 2076 2482 2107 litt.
2498 2077 2526 2114 *,
2542 2077 2588 2108 sic
2614 2079 2626 2090 '

397 2125 470 2150 sunt
493 2121 526 2150 in
552 2121 717 2160 principiis
747 2121 832 2150 suis:
865 2121 899 2150 in
930 2121 1036 2150 anima
1067 2121 1153 2150 enim
1183 2125 1326 2159 separata
1354 2124 1463 2150 manet
1518 2119 1610 2150 dicit:
1635 2119 1747 2160 Neque
1770 2119 1855 2150 enim
1879 2119 1971 2150 video
1995 2129 2056 2150 cur
2072 2120 2190 2151 habeat
2211 2120 2321 2151 anima
2344 2121 2587 2152 similitudinem

398 2164 535 2195 efficacia
558 2163 714 2195 influendi
741 2165 858 2195 iterum
885 2163 1074 2195 huiusmodi
1101 2164 1262 2206 potentias
1285 2164 1311 2194 si
1335 2164 1463 2204 corpori
1518 2163 1666 2204 corporis
1681 2164 1742 2200 sui,
1759 2173 1842 2201 cum,
1860 2164 1983 2195 iacente
2005 2164 2075 2195 sine
2096 2174 2192 2196 sensu
2215 2174 2363 2206 corpore,
2380 2165 2524 2196 nondum
2539 2170 2588 2197 ta-

397 2210 532 2239 uniatur.
563 2208 631 2239 Nec
655 2214 783 2249 oportet
806 2209 890 2239 hanc
918 2208 1092 2240 efficaciam
1117 2218 1184 2239 esse
1208 2207 1329 2249 aliquid
1352 2218 1463 2249 super·
1477 2220 1501 2241 ⁴5
1518 2218 1589 2239 men
1607 2208 1739 2249 penitus
1762 2214 1902 2245 mortuo,
1919 2208 2005 2240 videt
2027 2209 2108 2240 talia
2130 2209 2243 2250 qualia
2265 2210 2359 2241 multi
2381 2219 2423 2241 ex
2442 2210 2501 2241 illa
2515 2210 2588 2241 sub-

398 2253 540 2284 additum
563 2254 717 2284 essentiae
738 2254 872 2290 animae,
890 2259 925 2284 ut
949 2252 1071 2284 dictum
1096 2259 1151 2283 est.
1182 2253 1224 2284 Et
1247 2253 1326 2283 haec
1350 2253 1463 2294 opinio
1518 2253 1669 2284 ductione
1684 2253 1764 2284 vivis
1783 2253 1900 2284 redditi
1923 2259 2152 2291 narraverunt,
2169 2259 2200 2285 et
2216 2263 2281 2285 non
2297 2254 2414 2285 habeat
2428 2263 2501 2285 cum
2510 2263 2588 2296 per-

397 2297 521 2328 videtur
543 2298 643 2338 magis
666 2298 870 2328 rationabilis.
1509 2298 1605 2340 fecta
1620 2302 1724 2328 morte
1733 2298 1865 2339 penitus
1876 2297 1915 2328 de
1927 2307 2065 2339 corpore
2080 2298 2205 2329 exierit.
2218 2298 2295 2329 Non
2307 2299 2394 2330 enim
2405 2304 2513 2339 potest
2523 2299 2588 2330 hoc

452 2343 502 2372 An
526 2352 642 2372 ramum
665 2351 748 2372 aizoo
772 2351 933 2372 memnon
965 2341 1055 2382 quod
1083 2342 1217 2373 verbum
1245 2341 1325 2372 illud
1352 2342 1464 2382 Augu·
1518 2342 1651 2382 intelligi
1682 2341 1772 2383 quod
1802 2343 1908 2373 anima
1935 2341 2177 2374 similitudinem
2201 2343 2345 2384 corporis
2368 2343 2500 2380 habeat,
2527 2342 2588 2375 nisi

398 2387 470 2416 stini
489 2386 732 2427 intelligendum
752 2392 799 2417 est
815 2386 905 2427 quod
929 2387 1035 2417 anima
1058 2396 1169 2417 secum
1193 2387 1287 2417 trahit
1310 2386 1465 2427 quasdam
1519 2386 1698 2417 secundum
1716 2386 1805 2427 quod
1821 2396 1893 2417 eam
1907 2387 2045 2427 inspicit.
2066 2386 2162 2418 Unde
2176 2388 2339 2427 praemisit
2354 2386 2395 2418 de
2410 2388 2587 2419 iacentibus

398 2431 522 2461 illarum
546 2432 763 2471 potentiarum
787 2432 820 2461 in
845 2436 927 2467 actu,
953 2431 1074 2462 scilicet
1096 2431 1340 2471 intelligentiam
1364 2437 1395 2461 et
1417 2431 1464 2461 in-
1481 2441 1506 2462 ςο
1519 2431 1588 2462 sine
1611 2441 1707 2462 sensu
1731 2430 1821 2471 quod
1841 2436 1964 2472 gerunt
1984 2430 2147 2472 quandam
2169 2431 2412 2463 similitudinem
2440 2432 2589 2473 corporis

399 2475 581 2512 tellectum
607 2475 761 2516 quasdam
784 2485 861 2506 vero
885 2475 1071 2512 radicaliter,
1096 2481 1132 2506 ut
1156 2475 1278 2506 dictum
1303 2481 1349 2506 est
1364 2476 1391 2505 *.
1519 2475 1581 2512 sui,
1600 2485 1664 2516 per
1686 2485 1782 2516 quam
1800 2480 1942 2516 possunt
1964 2475 2008 2506 ad
2030 2475 2103 2506 loca
2127 2476 2316 2517 corporalia
2330 2476 2434 2518 ferri,
2451 2481 2482 2507 et
2496 2476 2587 2513 talia,

453 2520 503 2550 An
527 2530 689 2550 sacunnun
712 2530 873 2550 mcunmm
896 2519 986 2560 quod
1005 2529 1117 2550 sensus
1134 2529 1217 2560 quos
1233 2521 1340 2550 anima
1355 2528 1466 2550 secum
1521 2519 1627 2560 qualia
1638 2519 1758 2556 vident,
1771 2519 2035 2551 similitudinibus
2049 2529 2202 2551 sensuum
2214 2520 2367 2561 experiri.
2381 2520 2467 2561 Ergo
2483 2521 2590 2552 anima

400 2564 501 2600 trahit,
525 2574 593 2595 non
617 2570 691 2595 sunt
713 2565 764 2595 isti
788 2565 970 2600 exteriores,
993 2563 1049 2595 sed
1072 2565 1249 2600 interiores,
1267 2565 1324 2604 qui
1347 2564 1467 2595 scilicet
1521 2569 1664 2605 separata
1686 2569 1793 2604 potest
1816 2565 1901 2595 exire
1924 2565 1957 2595 in
1980 2565 2089 2595 actum
2114 2565 2332 2605 potentiarum
2355 2565 2587 2596 sensitivarum.

401 2607 440 2638 ad
462 2613 583 2648 partem
607 2609 834 2639 intellectivam
857 2609 1034 2650 pertinent:
1065 2609 1142 2649 quia
1167 2608 1348 2639 intellectus
1370 2609 1467 2639 inter-
1576 2617 1608 2647 4.
1632 2608 1836 2645 Pnurnua,
1860 2609 2018 2639 memoria
2041 2614 2089 2639 est
2110 2609 2255 2649 potentia
2283 2609 2451 2640 sensitivae
2473 2609 2587 2650 partis:

402 2652 478 2683 dum
493 2662 604 2683 sensus
619 2653 806 2693 appellatur,
819 2659 856 2684 ut
871 2658 958 2694 patet
973 2662 1031 2694 per
1042 2653 1207 2689 Basilium,
1220 2662 1318 2694 super
1329 2653 1467 2684 Prover-
1483 2663 1505 2683 55
1521 2658 1558 2683 ut
1580 2653 1734 2693 probatur
1757 2653 1790 2683 in
1813 2653 1895 2684 libro
1919 2653 1958 2684 de
1981 2653 2145 2684 Memoria
2163 2658 2196 2684 et
2208 2654 2459 2685 Reminiscentia
2474 2655 2502 2684 “.
2525 2652 2590 2685 Sed
2615 2655 2626 2666 ⁸

402 2697 453 2727 bia
467 2697 494 2733 *‚
512 2702 542 2728 et
564 2707 620 2737 per
643 2698 888 2738 Philosophum,
906 2698 939 2728 in
955 2697 998 2728 VI
1014 2697 1119 2728 Ethic.
1132 2698 1177 2727 *Q
1194 2715 1217 2720 —
1239 2697 1309 2734 Vel,
1326 2698 1351 2728 si
1375 2697 1467 2728 intel·
1522 2698 1648 2728 animae
1672 2702 1834 2738 separatae
1857 2702 1930 2728 actu
1954 2698 2220 2729 memorabuntur
2243 2707 2357 2729 eorum
2377 2707 2460 2739 quae
2475 2698 2510 2729 in
2524 2699 2589 2729 hoc

402 2741 469 2781 ligit
492 2741 531 2772 de
553 2742 696 2772 sensibus
721 2742 939 2778 exterioribus,
957 2741 1131 2773 dicendum
1155 2742 1237 2772 sicut
1257 2741 1296 2772 ad
1315 2743 1466 2783 primum.
1521 2741 1646 2772 mundo
1662 2747 1844 2782 gesserunt:
1861 2741 1949 2772 unde
1965 2747 1996 2773 et
2011 2741 2101 2772 diviti
2117 2742 2251 2783 epuloni
2266 2742 2391 2779 dicitur,
2404 2743 2484 2774 Luc.
2497 2751 2550 2774 xvr
2560 2743 2587 2773 'z
2615 2745 2627 2756 ·

457 2786 507 2815 An
530 2796 664 2816 Taarnm
687 2796 847 2817 mcmmmr
872 2786 971 2827 quod,
997 2787 1079 2817 sicut
1094 2787 1159 2817 iam
1174 2791 1262 2826 patet
1279 2796 1317 2817 ex
1333 2785 1424 2817 dictis
1439 2787 1467 2823 *,
1521 2786 1710 2817 Recordare
1732 2787 1809 2827 quia
1834 2786 1981 2827 recepisti
2011 2786 2096 2817 bona
2120 2787 2153 2817 in
2178 2787 2244 2818 vita
2268 2792 2334 2818 tua.
2367 2787 2454 2828 Ergo
2484 2787 2591 2818 anima

402 2830 563 2870 potentiae
596 2831 763 2861 sensitivae
794 2840 862 2862 non
894 2836 1121 2871 comparantur
1149 2830 1188 2861 ad
1217 2831 1356 2861 animam
1386 2831 1469 2861 sicut
1523 2836 1665 2871 separata
1689 2831 1786 2862 exibit
1808 2831 1842 2862 in
1865 2836 1974 2861 actum
1996 2831 2161 2871 potentiae
2184 2831 2363 2862 sensitivae.

403 2874 559 2905 naturales
584 2876 748 2915 passiones
771 2875 811 2905 ad
834 2875 1026 2912 subiectum,
1051 2875 1107 2906 sed
1131 2876 1213 2906 sicut
1236 2874 1275 2905 ad
1299 2874 1466 2916 originem.
1482 2883 1510 2904 60
1581 2875 1609 2906 5.
1633 2875 1830 2912 Pani-ann,
1855 2874 2035 2906 secundum
2057 2875 2302 2916 Philosophum,
2326 2876 2360 2906 in
2384 2875 2426 2906 111
2449 2875 2489 2906 de
2510 2874 2589 2906 Ani-

403 2917 496 2948 Unde
519 2919 598 2949 ratio
622 2929 690 2950 non
713 2919 868 2960 procedit.
1523 2929 1576 2950 ma
1592 2920 1619 2956 *‚
1642 2919 1807 2950 irascibilis
1831 2925 1862 2950 et
1885 2919 2145 2960 concupiscibilis
2167 2925 2242 2951 sunt
2264 2920 2298 2950 in
2320 2924 2409 2960 parte
2429 2919 2588 2950 sensitiva.
2615 2923 2626 2934 ·

2613 1634 2624 1646 ·
2682 1633 2825 1656 mam-Cf.

2612 1660 2654 1683 nb.
2713 1665 2825 1689 ,ειμι

459 2962 508 2992 An
534 2973 680 2993 ananum
703 2973 863 2994 meatuum
887 2963 977 3004 quod
997 2965 1161 3004 potentiae
1178 2964 1303 2994 animae
1319 2963 1469 2995 dicuntur
1524 2963 1587 2995 Sed
1610 2964 1644 2995 in
1666 2964 1814 2995 irascibili
1829 2969 1861 2995 et
1876 2964 2120 3004 concupiscibili
2143 2969 2218 2995 sunt
2239 2963 2392 3004 gaudium
2410 2968 2442 2994 et
2455 2963 2589 3000 tristitia,
2635 2962 2642 2970 ’
2691 2962 2698 2969 ”

405 3011 507 3045 partes
535 3007 602 3037 eius
630 3009 830 3048 potentiales.
864 3008 995 3039 Talium
1023 3013 1131 3039 autem
1161 3013 1307 3039 totorum
1333 3009 1393 3039 ista
1423 3013 1470 3039 est
1525 3018 1616 3039 amor
1639 3013 1671 3039 et
1694 3008 1817 3045 odium,
1841 3009 1939 3039 timor
1962 3013 1993 3039 et
2016 3017 2104 3049 spes,
2129 3013 2161 3039 et
2183 3007 2370 3039 huiusmodi
2393 3006 2589 3043 affectiones,

405 3055 529 3087 natura,
558 3052 632 3091 quia
659 3058 726 3082 tota
753 3053 852 3083 virtus
880 3053 979 3083 totius
1007 3053 1151 3083 consistit
1178 3053 1212 3083 in
1239 3062 1305 3084 una
1330 3053 1470 3093 partium
1525 3062 1604 3093 quas
1627 3052 1807 3083 secundum
1830 3051 1928 3083 fidem
1951 3058 2094 3083 nostram
2119 3053 2273 3093 ponimus
2295 3052 2329 3083 in
2352 3052 2518 3083 animabus
2542 3061 2590 3083 se-

406 3094 554 3133 perfecte‚
578 3096 611 3125 in
635 3096 702 3126 aliis
726 3102 833 3127 autern
856 3097 1046 3138 partialiter:
1081 3097 1163 3128 sicut
1185 3098 1219 3127 in
1243 3097 1350 3127 anima
1371 3097 1470 3128 virtus
1484 3104 1508 3131 ες
1525 3097 1649 3138 paratis.
1674 3097 1760 3138 Ergo
1784 3097 1909 3128 animae
1928 3102 2090 3138 separatae
2113 3105 2181 3127 non
2204 3096 2357 3127 carebunt
2385 3096 2507 3127 actibus
2530 3105 2591 3136 po-

407 3139 530 3168 animae
562 3139 701 3179 perfecte
734 3142 877 3172 consistit
909 3142 943 3172 in
976 3147 1065 3182 parte
1098 3141 1301 3178 intellectiva,
1335 3142 1369 3172 in
1402 3141 1470 3172 aliis
1524 3142 1696 3172 tentiarum
1719 3142 1950 3172 sensitivarum.

408 3187 514 3212 autem
537 3184 715 3223 partialiter.
740 3185 844 3222 Unde,
862 3195 937 3216 cum
953 3186 987 3216 in
1003 3186 1110 3216 anima
1126 3191 1268 3226 separata
1286 3191 1471 3216 remaneant
1581 3185 1643 3217 San
1668 3195 1801 3223 comm,
1818 3185 1851 3216 id
1875 3184 1964 3226 quod
1988 3190 2035 3216 est
2059 3194 2235 3216 commune
2258 3184 2383 3215 animae
2403 3189 2435 3215 et
2451 3185 2590 3225 corpori,

408 3226 488 3256 vires
511 3227 720 3259 intellectivae
743 3230 848 3269 partis,
866 3230 987 3270 integra
1010 3231 1196 3266 remanebit,
1213 3239 1281 3261 non
1303 3229 1469 3267 diminuta,
1525 3239 1593 3261 non
1608 3234 1716 3270 potest
1738 3239 1902 3261 remanere
1917 3230 1951 3260 in
1967 3230 2073 3260 anima
2091 3233 2243 3270 separata.
2269 3227 2332 3259 Sed
2348 3237 2461 3259 omnes
2478 3237 2591 3269 opera-

410 3271 552 3309 quamvis
580 3273 746 3303 sensitivae
776 3275 939 3313 potentiae
963 3279 1035 3305 actu
1063 3284 1132 3305 non
1155 3280 1357 3305 remaneant:
1390 3275 1472 3305 sicut
1525 3275 1630 3305 tiones
1646 3274 1864 3315 potentiarum
1879 3274 2101 3305 sensitivarum
2122 3277 2196 3304 sunt
2211 3282 2403 3304 communes
2419 3273 2545 3304 animae
2560 3278 2592 3304 et

410 3323 469 3344 nec
484 3316 626 3354 potentia
644 3317 724 3356 regis
740 3323 847 3348 manet
870 3318 1026 3349 diminuta
1049 3324 1180 3350 mortuo
1202 3319 1397 3360 praeposito,
1415 3319 1471 3360 qui
1486 3331 1512 3352 70
1526 3319 1671 3360 corpori:
1697 3318 1787 3359 quod
1809 3323 1897 3359 patet
1912 3328 1951 3349 ex
1965 3318 2029 3349 hoc
2052 3316 2143 3358 quod
2164 3317 2254 3348 nulla
2276 3317 2421 3357 potentia
2443 3317 2592 3348 sensitiva

412 3358 478 3387 eius
501 3360 677 3398 potentiam
700 3362 915 3401 participabat.
1526 3363 1667 3404 aliquem
1698 3368 1806 3394 actum
1834 3362 1930 3393 habet
1952 3362 2013 3393 nisi
2035 3371 2093 3402 per
2116 3371 2274 3402 organum
2304 3362 2480 3402 corporale.
2504 3361 2591 3403 Ergo

429 3445 435 3450 ⁵
466 3402 515 3431 An
541 3413 679 3434 oum-rma
702 3414 861 3435 menmium
885 3406 973 3446 quod
997 3416 1114 3447 corpus
1138 3413 1331 3448 cooperatur
1349 3407 1388 3438 ad
1404 3417 1471 3438 me—
1526 3408 1632 3438 anima
1654 3412 1797 3448 separata
1820 3406 1939 3437 carebit
1968 3406 2090 3437 actibus
2119 3406 2341 3436 sensitivarum
2363 3406 2591 3447 potentiarum.

412 3450 507 3475 ntum
540 3448 629 3486 quasi
661 3457 732 3487 pars
763 3450 935 3479 essentialis
966 3450 1106 3481 hominis
1139 3452 1195 3491 qui
1231 3457 1380 3483 meretur.
1419 3452 1472 3483 Sic
1584 3461 1613 3482 2.
1637 3451 1833 3487 Faunum,
1849 3450 2064 3491 Philosophus
2083 3449 2168 3486 dicit,
2185 3450 2219 3480 in
2235 3450 2248 3480 1
2263 3450 2303 3481 de
2316 3451 2435 3482 Anima
2446 3451 2473 3487 *‚
2491 3449 2591 3492 quod,

412 3494 519 3519 autem
541 3499 609 3520 non
633 3497 847 3531 cooperantur
869 3494 1030 3532 potentiae
1052 3495 1237 3526 sensitivae:
1263 3505 1339 3527 cum
1354 3496 1417 3527 sint
1432 3496 1472 3527 de
1527 3500 1682 3537 corrupto
1706 3504 1853 3536 corpore,
1870 3495 1980 3526 anima
2005 3504 2106 3536 neque
2129 3494 2348 3525 reminiscitur
2370 3504 2472 3536 neque
2493 3499 2591 3526 amat.

412 3541 528 3572 genere
551 3534 773 3565 accidentium.
798 3536 838 3566 Et
861 3535 934 3567 ideo
959 3547 1025 3567 non
1050 3544 1096 3568 est
1119 3539 1231 3570 simile.
1487 3553 1510 3574 ⁷5
1527 3540 1568 3571 Et
1591 3539 1703 3570 eadem
1726 3540 1806 3570 ratio
1831 3544 1877 3570 est
1899 3538 1939 3570 de
1959 3539 2201 3570 omnibusaliis
2225 3538 2348 3570 actibus
2371 3539 2592 3570 sensitivarum

2619 3450 2698 3501 §.cx-t
2705 3456 2832 3500 rar-:r-
