<?xml version="1.0" encoding="UTF-8"?>
<!DOCTYPE html PUBLIC "-//W3C//DTD XHTML 1.0 Transitional//EN"
    "http://www.w3.org/TR/xhtml1/DTD/xhtml1-transitional.dtd">
<html xmlns="http://www.w3.org/1999/xhtml" xml:lang="en" lang="en">
 <head>
  <title>
</title>
<meta http-equiv="Content-Type" content="text/html;charset=utf-8" />
  <meta name='ocr-system' content='tesseract 3.04.00' />
  <meta name='ocr-capabilities' content='ocr_page ocr_carea ocr_par ocr_line ocrx_word'/>
</head>
<body>
  <div class='ocr_page' id='page_1' title='image "./operaomniaiussui12thom/operaomniaiussui12thom_0294.png"; bbox 0 0 2918 4088; ppageno 0'>
   <div class='ocr_carea' id='block_1_1' title="bbox 174 437 388 544">
    <p class='ocr_par' dir='ltr' id='par_1_1' title="bbox 174 437 388 544">
     <span class='ocr_line' id='line_1_1' title="bbox 174 437 388 459; baseline -0.005 0"><span class='ocrx_word' id='word_1_1' title='bbox 174 438 224 459; x_wconf 82' lang='lat' dir='ltr'>·P:</span> <span class='ocrx_word' id='word_1_2' title='bbox 248 438 308 459; x_wconf 80' lang='lat' dir='ltr'>scito</span> <span class='ocrx_word' id='word_1_3' title='bbox 327 437 388 458; x_wconf 74' lang='lat' dir='ltr'>hanc</span> 
     </span>
     <span class='ocr_line' id='line_1_2' title="bbox 175 463 388 486; baseline -0.005 -1"><span class='ocrx_word' id='word_1_4' title='bbox 175 470 229 486; x_wconf 74' lang='lat' dir='ltr'>esse</span> <span class='ocrx_word' id='word_1_5' title='bbox 263 463 289 485; x_wconf 79' lang='lat' dir='ltr'>di</span> <span class='ocrx_word' id='word_1_6' title='bbox 313 463 388 484; x_wconf 79' lang='lat' dir='ltr'>culta-</span> 
     </span>
     <span class='ocr_line' id='line_1_3' title="bbox 175 490 387 517; baseline 0 -6"><span class='ocrx_word' id='word_1_7' title='bbox 175 492 274 517; x_wconf 82' lang='lat' dir='ltr'>tem‚an.</span> <span class='ocrx_word' id='word_1_8' title='bbox 299 490 387 512; x_wconf 69' lang='lat' dir='ltr'>finum.</span> 
     </span>
     <span class='ocr_line' id='line_1_4' title="bbox 175 523 223 544; baseline 0 -6"><span class='ocrx_word' id='word_1_9' title='bbox 175 523 223 544; x_wconf 82' lang='lat' dir='ltr'>seq.</span> 
     </span>
    </p>
   </div>
   <div class='ocr_carea' id='block_1_2' title="bbox 172 657 387 732">
    <p class='ocr_par' dir='ltr' id='par_1_2' title="bbox 172 657 387 732">
     <span class='ocr_line' id='line_1_5' title="bbox 174 657 387 686; baseline 0.005 -8"><span class='ocrx_word' id='word_1_10' title='bbox 174 659 184 668; x_wconf 80' lang='lat'>&#39;¹</span> <span class='ocrx_word' id='word_1_11' title='bbox 191 657 229 678; x_wconf 76' lang='lat' dir='ltr'>Aa</span> <span class='ocrx_word' id='word_1_12' title='bbox 237 657 295 679; x_wconf 82' lang='lat' dir='ltr'>Heb.</span> <span class='ocrx_word' id='word_1_13' title='bbox 307 663 358 686; x_wconf 76' lang='lat' dir='ltr'>cap.</span> <span class='ocrx_word' id='word_1_14' title='bbox 365 664 387 685; x_wconf 82' lang='lat' dir='ltr'>v,</span> 
     </span>
     <span class='ocr_line' id='line_1_6' title="bbox 172 690 385 732; baseline 0 0"><span class='ocrx_word' id='word_1_15' title='bbox 172 690 268 732; x_wconf 43' lang='grc' dir='ltr'>ὲκἷὺιὸΊιὶιι-ῐιί</span> <span class='ocrx_word' id='word_1_16' title='bbox 274 716 292 732; x_wconf 83' lang='grc' dir='ltr'>ιι</span> <span class='ocrx_word' id='word_1_17' title='bbox 303 716 351 732; x_wconf 85' lang='lat' dir='ltr'>om.</span> <span class='ocrx_word' id='word_1_18' title='bbox 361 711 385 732; x_wconf 85' lang='lat' dir='ltr'>P.</span> 
     </span>
    </p>
   </div>
   <div class='ocr_carea' id='block_1_3' title="bbox 414 144 1942 196">
    <p class='ocr_par' dir='ltr' id='par_1_3' title="bbox 414 144 1942 196">
     <span class='ocr_line' id='line_1_7' title="bbox 414 144 1942 196; baseline -0.004 -9"><span class='ocrx_word' id='word_1_19' title='bbox 414 151 490 187; x_wconf 90' lang='lat'>270</span> <span class='ocrx_word' id='word_1_20' title='bbox 746 193 748 196; x_wconf 17' lang='lat' dir='ltr'>v</span> <span class='ocrx_word' id='word_1_21' title='bbox 1072 145 1335 192; x_wconf 91' lang='lat' dir='ltr'><strong>QUAESTIO</strong></span> <span class='ocrx_word' id='word_1_22' title='bbox 1363 146 1555 192; x_wconf 85' lang='lat' dir='ltr'>LXXXII,</span> <span class='ocrx_word' id='word_1_23' title='bbox 1584 144 1877 182; x_wconf 90' lang='lat' dir='ltr'><strong>ARTICULUS</strong></span> <span class='ocrx_word' id='word_1_24' title='bbox 1906 145 1942 181; x_wconf 96' lang='lat' dir='ltr'>X</span> 
     </span>
    </p>
   </div>
   <div class='ocr_carea' id='block_1_4' title="bbox 1089 293 1926 327">
    <p class='ocr_par' dir='ltr' id='par_1_4' title="bbox 1089 293 1926 327">
     <span class='ocr_line' id='line_1_8' title="bbox 1089 293 1926 327; baseline -0.001 -1"><span class='ocrx_word' id='word_1_25' title='bbox 1089 294 1427 327; x_wconf 74' lang='lat' dir='ltr'>Oommentaria</span> <span class='ocrx_word' id='word_1_26' title='bbox 1450 293 1702 327; x_wconf 71' lang='lat' dir='ltr'>Oai-dinalis</span> <span class='ocrx_word' id='word_1_27' title='bbox 1725 293 1926 326; x_wconf 80' lang='lat' dir='ltr'>Caietani</span> 
     </span>
    </p>
   </div>
   <div class='ocr_carea' id='block_1_5' title="bbox 414 389 2600 874">
    <p class='ocr_par' dir='ltr' id='par_1_5' title="bbox 414 389 2599 700">
     <span class='ocr_line' id='line_1_9' title="bbox 446 389 2599 437; baseline 0.005 -18"><span class='ocrx_word' id='word_1_28' title='bbox 446 399 467 420; x_wconf 82' lang='lat' dir='ltr'>N</span> <span class='ocrx_word' id='word_1_29' title='bbox 490 390 623 420; x_wconf 88' lang='lat' dir='ltr'>articulo</span> <span class='ocrx_word' id='word_1_30' title='bbox 641 389 767 421; x_wconf 89' lang='lat' dir='ltr'>decimo</span> <span class='ocrx_word' id='word_1_31' title='bbox 783 391 863 422; x_wconf 87' lang='lat' dir='ltr'>scito</span> <span class='ocrx_word' id='word_1_32' title='bbox 880 391 958 423; x_wconf 89' lang='lat' dir='ltr'>duas</span> <span class='ocrx_word' id='word_1_33' title='bbox 978 402 1045 423; x_wconf 91' lang='lat' dir='ltr'>esse</span> <span class='ocrx_word' id='word_1_34' title='bbox 1062 392 1270 424; x_wconf 88' lang='lat' dir='ltr'>difficultates.</span> <span class='ocrx_word' id='word_1_35' title='bbox 1295 393 1399 423; x_wconf 88' lang='lat' dir='ltr'>Prima</span> <span class='ocrx_word' id='word_1_36' title='bbox 1423 399 1478 430; x_wconf 90' lang='lat' dir='ltr'>est,</span> <span class='ocrx_word' id='word_1_37' title='bbox 1535 393 1653 423; x_wconf 88' lang='lat' dir='ltr'>caritati</span> <span class='ocrx_word' id='word_1_38' title='bbox 1678 393 1886 422; x_wconf 84' lang='lat' dir='ltr'>contrarietur</span> <span class='ocrx_word' id='word_1_39' title='bbox 1909 392 1979 423; x_wconf 90' lang='lat' dir='ltr'>talis</span> <span class='ocrx_word' id='word_1_40' title='bbox 2001 393 2152 430; x_wconf 85' lang='lat' dir='ltr'>omissio;</span> <span class='ocrx_word' id='word_1_41' title='bbox 2177 395 2322 434; x_wconf 86' lang='lat' dir='ltr'>quamvis</span> <span class='ocrx_word' id='word_1_42' title='bbox 2345 402 2494 436; x_wconf 88' lang='lat' dir='ltr'>appareat</span> <span class='ocrx_word' id='word_1_43' title='bbox 2509 397 2599 437; x_wconf 90' lang='lat' dir='ltr'>quod</span> 
     </span>
     <span class='ocr_line' id='line_1_10' title="bbox 419 400 2597 481; baseline 0.004 -18"><span class='ocrx_word' id='word_1_44' title='bbox 419 400 486 463; x_wconf 85' lang='lat' dir='ltr'>Ian</span> <span class='ocrx_word' id='word_1_45' title='bbox 511 435 528 450; x_wconf 61' lang='lat'>⁴*</span> <span class='ocrx_word' id='word_1_46' title='bbox 551 433 708 465; x_wconf 89' lang='lat' dir='ltr'>sacerdoti</span> <span class='ocrx_word' id='word_1_47' title='bbox 737 435 831 466; x_wconf 91' lang='lat' dir='ltr'>liceat</span> <span class='ocrx_word' id='word_1_48' title='bbox 859 436 997 467; x_wconf 88' lang='lat' dir='ltr'>totaliter</span> <span class='ocrx_word' id='word_1_49' title='bbox 1024 447 1041 467; x_wconf 90' lang='lat' dir='ltr'>a</span> <span class='ocrx_word' id='word_1_50' title='bbox 1069 438 1280 467; x_wconf 81' lang='lat' dir='ltr'>celebratione</span> <span class='ocrx_word' id='word_1_51' title='bbox 1311 438 1478 468; x_wconf 83' lang='lat' dir='ltr'>abstinere.</span> <span class='ocrx_word' id='word_1_52' title='bbox 1534 437 1741 468; x_wconf 85' lang='lat' dir='ltr'>contrariatur</span> <span class='ocrx_word' id='word_1_53' title='bbox 1764 436 1881 466; x_wconf 83' lang='lat' dir='ltr'>fervori</span> <span class='ocrx_word' id='word_1_54' title='bbox 1905 437 2056 474; x_wconf 86' lang='lat' dir='ltr'>caritatis;</span> <span class='ocrx_word' id='word_1_55' title='bbox 2081 447 2119 468; x_wconf 88' lang='lat' dir='ltr'>ex</span> <span class='ocrx_word' id='word_1_56' title='bbox 2134 438 2327 478; x_wconf 83' lang='lat' dir='ltr'>negligentia</span> <span class='ocrx_word' id='word_1_57' title='bbox 2347 440 2433 470; x_wconf 87' lang='lat' dir='ltr'>enim</span> <span class='ocrx_word' id='word_1_58' title='bbox 2449 441 2597 481; x_wconf 81' lang='lat' dir='ltr'>quadam,</span> 
     </span>
     <span class='ocr_line' id='line_1_11' title="bbox 415 477 2599 525; baseline 0.004 -18"><span class='ocrx_word' id='word_1_59' title='bbox 415 477 456 507; x_wconf 92' lang='lat' dir='ltr'>Et</span> <span class='ocrx_word' id='word_1_60' title='bbox 471 478 549 508; x_wconf 85' lang='lat' dir='ltr'>haec</span> <span class='ocrx_word' id='word_1_61' title='bbox 573 479 655 509; x_wconf 90' lang='lat' dir='ltr'>bene</span> <span class='ocrx_word' id='word_1_62' title='bbox 678 479 811 509; x_wconf 89' lang='lat' dir='ltr'>solvitur</span> <span class='ocrx_word' id='word_1_63' title='bbox 834 480 867 510; x_wconf 91' lang='lat' dir='ltr'>in</span> <span class='ocrx_word' id='word_1_64' title='bbox 889 480 992 511; x_wconf 84' lang='lat' dir='ltr'>littera</span> <span class='ocrx_word' id='word_1_65' title='bbox 1013 482 1168 520; x_wconf 86' lang='lat' dir='ltr'>negative.</span> <span class='ocrx_word' id='word_1_66' title='bbox 1193 481 1298 521; x_wconf 84' lang='lat' dir='ltr'>Exigit</span> <span class='ocrx_word' id='word_1_67' title='bbox 1321 481 1479 521; x_wconf 89' lang='lat' dir='ltr'>siquidem</span> <span class='ocrx_word' id='word_1_68' title='bbox 1534 491 1617 521; x_wconf 90' lang='lat' dir='ltr'>quae</span> <span class='ocrx_word' id='word_1_69' title='bbox 1639 482 1674 511; x_wconf 93' lang='lat' dir='ltr'>in</span> <span class='ocrx_word' id='word_1_70' title='bbox 1696 487 1808 521; x_wconf 89' lang='lat' dir='ltr'>tepore</span> <span class='ocrx_word' id='word_1_71' title='bbox 1832 481 1966 512; x_wconf 85' lang='lat' dir='ltr'>caritatis</span> <span class='ocrx_word' id='word_1_72' title='bbox 1989 481 2163 512; x_wconf 87' lang='lat' dir='ltr'>consistere</span> <span class='ocrx_word' id='word_1_73' title='bbox 2185 482 2326 519; x_wconf 88' lang='lat' dir='ltr'>videtur,</span> <span class='ocrx_word' id='word_1_74' title='bbox 2349 483 2419 514; x_wconf 84' lang='lat' dir='ltr'>talis</span> <span class='ocrx_word' id='word_1_75' title='bbox 2449 486 2599 525; x_wconf 88' lang='lat' dir='ltr'>provenit</span> 
     </span>
     <span class='ocr_line' id='line_1_12' title="bbox 414 523 1678 565; baseline 0.003 -14"><span class='ocrx_word' id='word_1_76' title='bbox 414 527 499 552; x_wconf 90' lang='lat' dir='ltr'>recta</span> <span class='ocrx_word' id='word_1_77' title='bbox 522 523 613 558; x_wconf 74' lang='lat' dir='ltr'>ratio,</span> <span class='ocrx_word' id='word_1_78' title='bbox 638 532 713 553; x_wconf 90' lang='lat' dir='ltr'>cum</span> <span class='ocrx_word' id='word_1_79' title='bbox 736 524 880 562; x_wconf 88' lang='lat' dir='ltr'>potentia</span> <span class='ocrx_word' id='word_1_80' title='bbox 903 525 942 554; x_wconf 91' lang='lat' dir='ltr'>sit</span> <span class='ocrx_word' id='word_1_81' title='bbox 964 530 1095 565; x_wconf 89' lang='lat' dir='ltr'>propter</span> <span class='ocrx_word' id='word_1_82' title='bbox 1118 531 1241 561; x_wconf 87' lang='lat' dir='ltr'>actum,</span> <span class='ocrx_word' id='word_1_83' title='bbox 1267 530 1297 555; x_wconf 87' lang='lat' dir='ltr'>et</span> <span class='ocrx_word' id='word_1_84' title='bbox 1319 526 1417 565; x_wconf 86' lang='lat' dir='ltr'>gratia</span> <span class='ocrx_word' id='word_1_85' title='bbox 1441 526 1479 555; x_wconf 88' lang='lat' dir='ltr'>sit</span> <span class='ocrx_word' id='word_1_86' title='bbox 1534 526 1678 556; x_wconf 90' lang='lat' dir='ltr'>omissio.</span> 
     </span>
     <span class='ocr_line' id='line_1_13' title="bbox 414 568 2599 610; baseline 0.004 -15"><span class='ocrx_word' id='word_1_87' title='bbox 414 571 546 606; x_wconf 89' lang='lat' dir='ltr'>propter</span> <span class='ocrx_word' id='word_1_88' title='bbox 568 576 675 603; x_wconf 86' lang='lat' dir='ltr'>usum,</span> <span class='ocrx_word' id='word_1_89' title='bbox 694 572 740 602; x_wconf 90' lang='lat' dir='ltr'>ut,</span> <span class='ocrx_word' id='word_1_90' title='bbox 765 568 995 599; x_wconf 86' lang='lat' dir='ltr'>commoditate</span> <span class='ocrx_word' id='word_1_91' title='bbox 1018 570 1133 605; x_wconf 87' lang='lat' dir='ltr'>oblata,</span> <span class='ocrx_word' id='word_1_92' title='bbox 1158 574 1366 609; x_wconf 88' lang='lat' dir='ltr'>cessanteque</span> <span class='ocrx_word' id='word_1_93' title='bbox 1390 570 1480 600; x_wconf 90' lang='lat' dir='ltr'>omni</span> <span class='ocrx_word' id='word_1_94' title='bbox 1530 570 1540 577; x_wconf 82' lang='grc'><strong>”</strong></span> <span class='ocrx_word' id='word_1_95' title='bbox 1588 570 1746 606; x_wconf 87' lang='lat' dir='ltr'>Breviter,</span> <span class='ocrx_word' id='word_1_96' title='bbox 1771 575 1901 610; x_wconf 85' lang='lat' dir='ltr'>apparet</span> <span class='ocrx_word' id='word_1_97' title='bbox 1931 570 2010 600; x_wconf 89' lang='lat' dir='ltr'>mihi</span> <span class='ocrx_word' id='word_1_98' title='bbox 2040 575 2211 610; x_wconf 89' lang='lat' dir='ltr'>peccatum</span> <span class='ocrx_word' id='word_1_99' title='bbox 2234 571 2298 601; x_wconf 90' lang='lat' dir='ltr'>hoc</span> <span class='ocrx_word' id='word_1_100' title='bbox 2322 580 2390 602; x_wconf 90' lang='lat' dir='ltr'>esse</span> <span class='ocrx_word' id='word_1_101' title='bbox 2420 572 2599 603; x_wconf 89' lang='lat' dir='ltr'>secundum</span> 
     </span>
     <span class='ocr_line' id='line_1_14' title="bbox 414 610 2599 655; baseline 0.003 -15"><span class='ocrx_word' id='word_1_102' title='bbox 414 610 658 650; x_wconf 87' lang='lat' dir='ltr'>impedimento,</span> <span class='ocrx_word' id='word_1_103' title='bbox 678 612 779 641; x_wconf 91' lang='lat' dir='ltr'>homo</span> <span class='ocrx_word' id='word_1_104' title='bbox 803 612 999 652; x_wconf 88' lang='lat' dir='ltr'>quandoque</span> <span class='ocrx_word' id='word_1_105' title='bbox 1023 614 1166 653; x_wconf 88' lang='lat' dir='ltr'>potentia</span> <span class='ocrx_word' id='word_1_106' title='bbox 1189 613 1351 653; x_wconf 86' lang='lat' dir='ltr'>gratiaque</span> <span class='ocrx_word' id='word_1_107' title='bbox 1375 613 1407 643; x_wconf 86' lang='lat' dir='ltr'>in</span> <span class='ocrx_word' id='word_1_108' title='bbox 1431 614 1480 644; x_wconf 85' lang='lat' dir='ltr'>his</span> <span class='ocrx_word' id='word_1_109' title='bbox 1533 623 1567 644; x_wconf 88' lang='lat' dir='ltr'>se</span> <span class='ocrx_word' id='word_1_110' title='bbox 1589 614 1727 649; x_wconf 85' lang='lat' dir='ltr'>veniale,</span> <span class='ocrx_word' id='word_1_111' title='bbox 1752 619 1865 654; x_wconf 88' lang='lat' dir='ltr'>utpote</span> <span class='ocrx_word' id='word_1_112' title='bbox 1897 615 2085 654; x_wconf 89' lang='lat' dir='ltr'>oppositum</span> <span class='ocrx_word' id='word_1_113' title='bbox 2112 624 2180 645; x_wconf 93' lang='lat' dir='ltr'>non</span> <span class='ocrx_word' id='word_1_114' title='bbox 2204 615 2264 655; x_wconf 87' lang='lat' dir='ltr'>ipsi</span> <span class='ocrx_word' id='word_1_115' title='bbox 2293 616 2426 652; x_wconf 89' lang='lat' dir='ltr'>caritati,</span> <span class='ocrx_word' id='word_1_116' title='bbox 2451 616 2507 647; x_wconf 90' lang='lat' dir='ltr'>sed</span> <span class='ocrx_word' id='word_1_117' title='bbox 2530 617 2599 647; x_wconf 91' lang='lat' dir='ltr'>eius</span> 
     </span>
     <span class='ocr_line' id='line_1_15' title="bbox 414 654 2599 700; baseline 0.003 -16"><span class='ocrx_word' id='word_1_118' title='bbox 414 664 498 695; x_wconf 84' lang='lat' dir='ltr'>quae</span> <span class='ocrx_word' id='word_1_119' title='bbox 521 654 564 685; x_wconf 83' lang='lat' dir='ltr'>ad</span> <span class='ocrx_word' id='word_1_120' title='bbox 586 655 691 685; x_wconf 83' lang='lat' dir='ltr'>Deum</span> <span class='ocrx_word' id='word_1_121' title='bbox 714 660 790 685; x_wconf 86' lang='lat' dir='ltr'>sunt</span> <span class='ocrx_word' id='word_1_122' title='bbox 805 657 821 672; x_wconf 76' lang='lat'><em>*</em></span> <span class='ocrx_word' id='word_1_123' title='bbox 845 661 962 687; x_wconf 86' lang='lat' dir='ltr'>utatur.</span> <span class='ocrx_word' id='word_1_124' title='bbox 1533 657 1660 688; x_wconf 87' lang='lat' dir='ltr'>fervori.</span> <span class='ocrx_word' id='word_1_125' title='bbox 1694 658 1869 689; x_wconf 89' lang='lat' dir='ltr'>Attestatur</span> <span class='ocrx_word' id='word_1_126' title='bbox 1901 664 2008 689; x_wconf 90' lang='lat' dir='ltr'>autem</span> <span class='ocrx_word' id='word_1_127' title='bbox 2035 659 2111 689; x_wconf 89' lang='lat' dir='ltr'>huic</span> <span class='ocrx_word' id='word_1_128' title='bbox 2138 659 2314 690; x_wconf 87' lang='lat' dir='ltr'>sententiae</span> <span class='ocrx_word' id='word_1_129' title='bbox 2344 659 2505 690; x_wconf 87' lang='lat' dir='ltr'>diversitas</span> <span class='ocrx_word' id='word_1_130' title='bbox 2528 661 2599 700; x_wconf 91' lang='lat' dir='ltr'>opi-</span> 
     </span>
    </p>

    <p class='ocr_par' dir='ltr' id='par_1_6' title="bbox 414 698 2600 874">
     <span class='ocr_line' id='line_1_16' title="bbox 470 698 2599 741; baseline 0.003 -13"><span class='ocrx_word' id='word_1_131' title='bbox 470 699 496 728; x_wconf 93' lang='lat'>11</span> <span class='ocrx_word' id='word_1_132' title='bbox 513 700 539 728; x_wconf 65' lang='lat'>⁴⁵.</span> <span class='ocrx_word' id='word_1_133' title='bbox 570 699 678 729; x_wconf 90' lang='lat' dir='ltr'>Altera</span> <span class='ocrx_word' id='word_1_134' title='bbox 714 698 881 730; x_wconf 87' lang='lat' dir='ltr'>difficultas</span> <span class='ocrx_word' id='word_1_135' title='bbox 917 706 979 736; x_wconf 85' lang='lat' dir='ltr'>est,</span> <span class='ocrx_word' id='word_1_136' title='bbox 1015 711 1055 732; x_wconf 86' lang='lat' dir='ltr'>an</span> <span class='ocrx_word' id='word_1_137' title='bbox 1089 706 1259 741; x_wconf 86' lang='lat' dir='ltr'>peccatum</span> <span class='ocrx_word' id='word_1_138' title='bbox 1293 701 1481 732; x_wconf 77' lang='lat' dir='ltr'>huiusmodi</span> <span class='ocrx_word' id='word_1_139' title='bbox 1532 702 1670 732; x_wconf 88' lang='lat' dir='ltr'>nionum</span> <span class='ocrx_word' id='word_1_140' title='bbox 1694 701 1733 732; x_wconf 94' lang='lat' dir='ltr'>de</span> <span class='ocrx_word' id='word_1_141' title='bbox 1756 702 1842 733; x_wconf 88' lang='lat' dir='ltr'>licita</span> <span class='ocrx_word' id='word_1_142' title='bbox 1864 703 1915 733; x_wconf 90' lang='lat' dir='ltr'>vel</span> <span class='ocrx_word' id='word_1_143' title='bbox 1937 703 2046 733; x_wconf 90' lang='lat' dir='ltr'>illicita</span> <span class='ocrx_word' id='word_1_144' title='bbox 2068 704 2128 733; x_wconf 88' lang='lat' dir='ltr'>hac</span> <span class='ocrx_word' id='word_1_145' title='bbox 2152 703 2336 734; x_wconf 86' lang='lat' dir='ltr'>omissione.</span> <span class='ocrx_word' id='word_1_146' title='bbox 2371 703 2489 734; x_wconf 89' lang='lat' dir='ltr'>Parum</span> <span class='ocrx_word' id='word_1_147' title='bbox 2512 705 2599 734; x_wconf 90' lang='lat' dir='ltr'>enim</span> 
     </span>
     <span class='ocr_line' id='line_1_17' title="bbox 415 743 2600 788; baseline 0.003 -16"><span class='ocrx_word' id='word_1_148' title='bbox 415 743 599 773; x_wconf 86' lang='lat' dir='ltr'>omissionis</span> <span class='ocrx_word' id='word_1_149' title='bbox 622 743 662 773; x_wconf 88' lang='lat' dir='ltr'>sit</span> <span class='ocrx_word' id='word_1_150' title='bbox 684 749 854 783; x_wconf 87' lang='lat' dir='ltr'>peccatum</span> <span class='ocrx_word' id='word_1_151' title='bbox 877 745 1022 775; x_wconf 87' lang='lat' dir='ltr'>mortale.</span> <span class='ocrx_word' id='word_1_152' title='bbox 1053 745 1094 776; x_wconf 91' lang='lat' dir='ltr'>Et</span> <span class='ocrx_word' id='word_1_153' title='bbox 1118 751 1164 776; x_wconf 90' lang='lat' dir='ltr'>est</span> <span class='ocrx_word' id='word_1_154' title='bbox 1186 746 1266 776; x_wconf 86' lang='lat' dir='ltr'>ratio</span> <span class='ocrx_word' id='word_1_155' title='bbox 1291 745 1380 776; x_wconf 90' lang='lat' dir='ltr'>dubii</span> <span class='ocrx_word' id='word_1_156' title='bbox 1404 747 1480 786; x_wconf 90' lang='lat' dir='ltr'>quia</span> <span class='ocrx_word' id='word_1_157' title='bbox 1534 756 1552 776; x_wconf 94' lang='lat' dir='ltr'>a</span> <span class='ocrx_word' id='word_1_158' title='bbox 1574 746 1662 776; x_wconf 91' lang='lat' dir='ltr'>licito</span> <span class='ocrx_word' id='word_1_159' title='bbox 1687 745 1849 778; x_wconf 89' lang='lat' dir='ltr'>discedere</span> <span class='ocrx_word' id='word_1_160' title='bbox 1871 747 1996 778; x_wconf 91' lang='lat' dir='ltr'>videtur</span> <span class='ocrx_word' id='word_1_161' title='bbox 2021 747 2111 788; x_wconf 92' lang='lat' dir='ltr'>quod</span> <span class='ocrx_word' id='word_1_162' title='bbox 2134 747 2290 778; x_wconf 88' lang='lat' dir='ltr'>creditum</span> <span class='ocrx_word' id='word_1_163' title='bbox 2314 753 2361 778; x_wconf 91' lang='lat' dir='ltr'>est</span> <span class='ocrx_word' id='word_1_164' title='bbox 2380 757 2398 778; x_wconf 94' lang='lat' dir='ltr'>a</span> <span class='ocrx_word' id='word_1_165' title='bbox 2414 747 2600 779; x_wconf 87' lang='lat' dir='ltr'>doctoribus</span> 
     </span>
     <span class='ocr_line' id='line_1_18' title="bbox 414 787 1762 830; baseline 0.003 -14"><span class='ocrx_word' id='word_1_166' title='bbox 414 796 475 817; x_wconf 90' lang='lat' dir='ltr'>nec</span> <span class='ocrx_word' id='word_1_167' title='bbox 492 796 589 817; x_wconf 88' lang='lat' dir='ltr'>omne</span> <span class='ocrx_word' id='word_1_168' title='bbox 605 791 814 828; x_wconf 87' lang='lat' dir='ltr'>praeceptum</span> <span class='ocrx_word' id='word_1_169' title='bbox 830 787 1063 825; x_wconf 86' lang='lat' dir='ltr'>affirmativum,</span> <span class='ocrx_word' id='word_1_170' title='bbox 1079 799 1140 820; x_wconf 91' lang='lat' dir='ltr'>nec</span> <span class='ocrx_word' id='word_1_171' title='bbox 1157 799 1254 820; x_wconf 91' lang='lat' dir='ltr'>omne</span> <span class='ocrx_word' id='word_1_172' title='bbox 1271 795 1479 830; x_wconf 88' lang='lat' dir='ltr'>praeceptum</span> <span class='ocrx_word' id='word_1_173' title='bbox 1535 799 1603 820; x_wconf 90' lang='lat' dir='ltr'>esse</span> <span class='ocrx_word' id='word_1_174' title='bbox 1626 790 1762 821; x_wconf 90' lang='lat' dir='ltr'>licitum.</span> 
     </span>
     <span class='ocr_line' id='line_1_19' title="bbox 414 831 1480 874; baseline 0.003 -13"><span class='ocrx_word' id='word_1_175' title='bbox 414 831 600 871; x_wconf 85' lang='lat' dir='ltr'>negativum</span> <span class='ocrx_word' id='word_1_176' title='bbox 630 831 750 871; x_wconf 87' lang='lat' dir='ltr'>obligat</span> <span class='ocrx_word' id='word_1_177' title='bbox 773 831 812 862; x_wconf 89' lang='lat' dir='ltr'>ad</span> <span class='ocrx_word' id='word_1_178' title='bbox 834 833 985 863; x_wconf 87' lang='lat' dir='ltr'>mortale:</span> <span class='ocrx_word' id='word_1_179' title='bbox 1016 843 1077 864; x_wconf 92' lang='lat' dir='ltr'>nec</span> <span class='ocrx_word' id='word_1_180' title='bbox 1108 839 1238 874; x_wconf 87' lang='lat' dir='ltr'>apparet</span> <span class='ocrx_word' id='word_1_181' title='bbox 1266 843 1330 874; x_wconf 89' lang='lat' dir='ltr'>qua</span> <span class='ocrx_word' id='word_1_182' title='bbox 1357 834 1480 869; x_wconf 84' lang='lat' dir='ltr'>ratione</span> 
     </span>
    </p>
   </div>
   <div class='ocr_carea' id='block_1_6' title="bbox 1174 1768 1835 2259">
    <p class='ocr_par' dir='ltr' id='par_1_7' title="bbox 1174 1768 1835 2259">
     <span class='ocr_line' id='line_1_20' title="bbox 1174 1768 1835 2259; baseline 0 1829"><span class='ocrx_word' id='word_1_183' title='bbox 1174 1768 1835 2259; x_wconf 95' lang='lat' dir='ltr'> </span> 
     </span>
    </p>
   </div>
   <div class='ocr_carea' id='block_1_7' title="bbox 2911 2991 2918 3321">
    <p class='ocr_par' dir='ltr' id='par_1_8' title="bbox 2911 2991 2918 3321">
     <span class='ocr_line' id='line_1_21' title="bbox 2911 2991 2918 3321; textangle 90"><span class='ocrx_word' id='word_1_184' title='bbox 2911 3035 2918 3321; x_wconf 47' lang='lat' dir='ltr'>m—ffl...=.—&lt;-..</span> <span class='ocrx_word' id='word_1_185' title='bbox 2916 2991 2918 2994; x_wconf 37' lang='lat' dir='ltr'>r</span> 
     </span>
    </p>
   </div>
  </div>
 </body>
</html>
