2878 4088
175 1008 224 1031 ἔ

188 1028 206 1051 fl·

206 1032 224 1051 τ’

233 1002 290 1051 ἐξ

86 1030 98 1083 U*-
87 1005 99 1015 0

106 1003 133 1078 2¹55ss

998 172 1262 220 QUAESTIO
1290 171 1476 218 LXXXII,
1497 170 1790 208 ARTICULUS
1818 172 1832 207 1
2435 174 2504 220 187

327 250 502 282 sectionem
525 251 685 282 humanae
717 257 848 282 naturae
878 251 930 282 vel
960 251 1152 282 causandam
1182 250 1232 280 vel
1263 259 1391 280 conser-
1446 249 1681 288 Quaecumque
1705 249 1946 279 communicant
1970 251 2002 280 in
2026 254 2165 289 materia,
2190 263 2292 284 unum
2317 263 2430 284 eorum
2462 259 2508 284 est

326 293 473 331 vandam,
497 304 565 325 non
590 301 682 326 erunt
700 297 734 326 in
757 296 999 326 resurrectione.
1029 295 1070 326 Et
1099 293 1285 325 huiusmodi
1318 298 1392 324 sunt
1446 294 1479 323 in
1502 293 1647 333 potentia
1669 291 1709 322 ad
1731 291 1869 322 formam
1892 293 2035 324 alterius:
2059 298 2189 327 materia
2213 298 2309 333 enim,
2330 298 2508 330 secundum

327 339 470 370 actiones
493 340 637 370 animalis
660 340 743 370 vitae
766 341 800 370 in
823 340 967 376 homine,
992 345 1023 370 et
1046 339 1188 370 actiones
1210 343 1342 368 mutuae
1358 338 1391 368 in
1446 336 1536 377 quod
1559 342 1606 366 est
1628 337 1688 366 sub
1711 346 1776 366 una
1799 336 1912 372 forma,
1937 347 2004 368 non
2028 340 2141 370 amittit
2163 343 2340 381 potentiam
2356 342 2395 372 ad
2415 342 2508 372 aliam

327 383 503 419 elementis,
529 389 560 414 et
583 389 692 414 motus
716 384 804 414 caeli.
828 384 870 414 Et
892 383 966 414 ideo
989 384 1068 414 haec
1091 383 1260 414 cessabunt
1282 383 1315 412 in
1342 391 1391 412 re·
1447 380 1594 411 formam.
1619 380 1682 411 Sed
1698 389 1834 420 corpora
1849 386 2032 412 sanctorum
2048 390 2121 422 post
2136 387 2399 416 resurrectionem
2419 396 2508 417 com-

327 428 534 458 surrectione.
563 428 605 458 Et
628 429 704 468 quia
727 427 907 464 comedere,
931 429 1039 458 bibere
1063 433 1094 458 et
1117 427 1256 458 dormire
1279 431 1311 456 et
1337 435 1391 466 ge·
1414 437 1423 457 ς
1445 425 1658 455 municabunt
1687 434 1763 455 cum
1793 424 1959 455 elementis
1986 426 2020 456 in
2048 430 2196 459 materia:
2226 431 2300 469 quia
2330 439 2367 460 ex
2398 430 2509 461 eadem

326 480 437 502 nerare
461 471 501 502 ad
523 473 694 503 animalem
717 473 815 503 vitam
836 473 1006 512 pertinent,
1023 481 1099 502 cum
1119 472 1182 501 sint
1196 470 1236 500 ad
1255 471 1392 510 primam
1446 469 1579 499 materia
1601 469 1832 509 reparabuntur
1859 478 1897 499 ex
1925 478 1989 508 qua
2018 479 2105 501 nunc
2134 479 2216 502 sunt.
2248 474 2333 513 Ergo
2363 480 2455 505 erunt
2477 475 2508 504 in

327 515 560 555 perfectionem
583 522 716 547 naturae
739 516 893 553 ordinata,
917 517 952 547 in
974 516 1206 547 resurrectione
1229 514 1302 544 talia
1324 523 1393 544 non
1447 514 1592 553 potentia
1616 512 1656 543 ad
1679 513 1773 543 aliam
1796 512 1944 543 formam.
1969 514 2009 543 Et
2033 514 2077 544 sic
2102 522 2194 546 erunt
2216 518 2384 556 passibilia.

329 565 432 590 erunt,
1504 557 1534 588 3.
1558 557 1761 593 PRAss'rssnzA,
1785 558 1954 588 contraria
1985 563 2062 588 nata
2092 565 2168 589 sunt
2190 570 2289 601 agere
2316 567 2346 592 et
2370 563 2442 602 pati
2469 563 2510 592 ad

383 604 434 634 An
458 614 575 634 Panum
597 614 681 635 ERGO
697 614 859 635 memma
874 604 964 644 quod
979 604 1033 634 illa
1048 603 1204 634 comestio
1221 612 1284 643 qua
1300 601 1392 632 Chri·
1448 601 1604 631 invicem:
1626 606 1662 631 ut
1677 602 1711 631 in
1727 601 1739 631 I
1756 601 1795 632 de
1812 601 1964 632 Generat.
1980 603 1997 619 ⁴*
2021 602 2096 633 dicit
2112 603 2338 644 Philosophus.
2363 606 2425 636 Sed
2442 616 2511 636 cor-

327 652 394 679 stus
417 647 578 684 comedit,
602 658 670 679 non
694 648 754 680 fuit
776 649 988 684 necessitatis,
1012 648 1103 688 quasi
1131 647 1209 677 cibis
1238 646 1394 686 indigeret
1408 656 1434 670 ιο
1448 654 1527 685 pora
1550 650 1734 675 sanctorum
1765 651 1839 685 post
1868 647 2132 677 resurrectionem
2166 654 2258 678 erunt
2288 659 2325 679 ex
2350 651 2512 680 contrariis

327 692 468 722 humana
490 698 603 723 natura
624 698 699 732 post
721 693 1001 723 resurrectionem:
1019 691 1075 722 sed
1090 691 1151 722 fuit
1166 690 1340 730 potestatis,
1357 694 1394 719 ut
1449 689 1639 728 composita,
1664 690 1746 719 sicut
1769 694 1800 719 et
1822 699 1910 720 nunc
1934 696 2017 720 sunt.
2042 691 2127 731 Ergo
2152 698 2244 722 erunt
2267 694 2434 732 passibilia.

328 735 509 767 ostenderet
524 745 558 766 se
573 745 681 767 veram
696 741 843 767 naturam
866 737 1041 767 humanam
1061 735 1279 774 resumpsisse,
1295 742 1393 773 quarn
1503 742 1535 771 4.
1559 732 1756 768 Pmnma,
1784 734 1817 763 in
1842 743 1978 774 corpore
2001 735 2144 766 humano
2167 742 2310 776 resurget
2333 738 2460 777 sanguis
2483 743 2513 768 et

327 781 415 820 prius
438 780 592 811 habuerat
613 781 647 810 in
669 786 753 811 statu
775 780 832 810 illo
856 779 988 820 quando
1012 788 1088 810 cum
1104 778 1268 818 discipulis
1284 786 1393 807 come·
1449 776 1501 806 alii
1523 777 1686 812 humores,
1710 783 1757 807 ut‘
1770 776 1892 808 dictum
1917 784 1963 808 est
1978 779 2004 808 st.
2037 779 2099 810 Sed
2131 790 2168 810 ex
2197 790 2306 821 pugna
2339 782 2514 812 humorum

328 823 415 855 derat
438 829 470 854 et
492 824 623 854 biberat.
647 824 738 854 Haec
761 829 869 854 autem
893 824 1034 854 ostensio
1058 832 1126 853 non
1150 823 1208 852 erit
1230 823 1264 852 in
1290 831 1393 852 resur·
1449 819 1489 850 ad
1511 821 1651 850 invicem
1673 827 1865 860 generantur
1887 822 2100 862 aegritudines
2124 830 2155 855 et
2178 825 2364 856 huiusmodi
2393 827 2514 866 passio-

327 868 471 898 rectione
494 868 677 898 communi:
710 868 785 907 quia
820 867 971 898 omnibus
998 872 1116 897 notum
1146 867 1214 896 erit.
1246 866 1286 896 Et
1318 864 1392 895 ideo
1409 875 1431 895 ¹5
1448 874 1505 894 nes
1529 865 1563 894 in
1586 874 1732 905 corpore.
1757 865 1842 905 Ergo
1868 872 1961 897 erunt
1985 877 2120 908 corpora
2150 875 2334 901 sanctorum
2363 876 2437 910 post
2466 880 2513 901 re-

328 910 443 942 dicitur
466 911 677 951 dispensative
708 911 853 942 Christus
883 910 1109 947 manducasse,
1141 920 1181 941 eo
1211 909 1313 940 modo
1345 909 1394 940 lo-
1449 909 1680 939 surrectionem
1703 910 1872 949 passibilia.

327 955 446 995 quendi
463 964 530 995 quo
545 955 674 986 iuristae
690 954 810 991 dicunt,
827 955 1034 996 Dispensatio
1051 960 1099 986 est
1113 955 1292 986 communis
1312 954 1394 984 iuris
1506 953 1535 984 5.
1559 953 1764 990 Prummu,
1791 955 1892 994 magis
1915 962 2072 996 repugnat
2095 956 2284 996 perfectioni
2311 958 2453 990 defectus
2481 959 2512 989 in

292 1018 299 1025 -
327 999 489 1034 relaxatio
505 999 538 1028 ἰ
563 999 640 1039 quia
663 999 808 1030 Christus
831 1000 1000 1030 intermisit
1022 1000 1086 1030 hoc
1110 999 1200 1040 quod
1227 1004 1274 1029 est
1304 1008 1394 1029 com-
1449 1002 1523 1028 actu
1547 1007 1646 1037 quam
1669 997 1813 1029 defectus
1836 999 1870 1028 in
1892 1000 2046 1039 potentia.
2072 1000 2134 1031 Sed
2156 1002 2343 1042 passibilitas
2363 1004 2515 1044 importat

292 1045 299 1058 ¹
327 1043 467 1078 munitet
489 1043 734 1083 resurgentium,
758 1043 879 1074 scilicet
901 1054 970 1074 non
993 1045 1040 1074 uti
1064 1044 1152 1080 cibis,
1168 1049 1300 1084 propter
1319 1052 1394 1073 cau·
1449 1041 1556 1072 solum
1589 1041 1752 1073 defectum
1781 1043 1815 1072 in
1847 1045 2002 1083 potentia.
2038 1044 2124 1076 Cum
2155 1056 2231 1086 ergo
2259 1048 2292 1077 in
2326 1048 2514 1088 corporibus

327 1096 395 1122 uam
417 1086 623 1127 praedictam.
648 1087 690 1118 Et
711 1093 844 1128 propter
866 1088 930 1119 hoc
953 1088 1033 1118 ratio
1056 1098 1125 1119 non
1152 1088 1304 1128 sequitur.
1409 1095 1436 1110 ²⁰
1449 1086 1618 1116 beatorum
1641 1086 1703 1116 sint
1726 1086 1824 1118 futuri
1855 1087 1953 1128 aliqui
1983 1088 2125 1120 defectus
2149 1091 2182 1121 in
2206 1097 2297 1127 actu,
2321 1093 2403 1122 sicut
2433 1093 2514 1122 cica-

380 1130 432 1161 An
467 1141 630 1162 sncuxmm
663 1142 825 1163 mcanmm
860 1132 950 1173 quod
984 1131 1159 1163 differentia
1193 1141 1329 1162 sexuum
1363 1136 1395 1161 et
1449 1130 1542 1160 trices
1565 1130 1736 1161 vulnerum
1758 1132 1792 1161 in
1821 1133 2029 1172 martyribus,
2054 1139 2090 1164 ut
2113 1135 2146 1164 in
2174 1134 2302 1166 Christo
2334 1135 2464 1167 fuerunt
2479 1137 2512 1172 *;

326 1175 548 1213 membrorum
570 1176 703 1207 varietas
732 1177 790 1207 erit
820 1176 860 1207 ad
887 1182 1019 1208 naturae
1041 1177 1201 1207 humanae
1224 1175 1394 1216 perfectio-
1449 1174 1574 1205 videtur
1597 1174 1688 1215 quod
1709 1175 1788 1206 nihil
1805 1174 1960 1215 deperibit
1975 1177 2166 1216 perfectioni
2183 1189 2296 1210 eorum
2312 1181 2338 1210 si
2353 1186 2514 1221 ponantur

326 1229 403 1257 nem
425 1220 680 1260 reintegrandam
711 1226 742 1251 et
773 1221 807 1251 in
831 1222 957 1261 specie,
983 1226 1013 1251 et
1035 1221 1070 1251 in
1096 1220 1275 1251 individuo.
1300 1219 1394 1251 Unde
1449 1218 1565 1248 habere
1589 1228 1725 1259 corpora
1747 1220 1916 1259 passibilia.

327 1273 394 1296 non
417 1264 675 1306 sequitutquod
697 1265 760 1295 sint
783 1264 907 1302 frustra,
932 1265 1078 1306 quamvis
1101 1265 1253 1295 animales
1281 1273 1394 1304 opera·
1506 1262 1568 1293 SED
1586 1272 1719 1300 CONTRA,
1733 1273 1831 1294 omne
1846 1265 1994 1304 passibile
2012 1271 2058 1296 est
2076 1268 2298 1307 corruptibile:
2315 1269 2390 1309 quia
2400 1270 2512 1309 passio

326 1308 435 1344 nones
455 1308 568 1339 desint,
1410 1320 1433 1340 ις
1450 1306 1557 1348 magis
1574 1307 1674 1348 facta
1697 1308 1807 1338 abiicit
1838 1317 1858 1338 α
1890 1309 2068 1340 substantia
2085 1311 2111 1340 *.
2147 1310 2209 1342 Sed
2233 1322 2368 1353 corpora
2387 1318 2514 1344 sancto-

382 1352 434 1383 An
449 1362 585 1383 'manum
608 1363 769 1384 mmmmm
792 1353 882 1393 quod
904 1353 1085 1394 praedictae
1108 1353 1312 1393 operationes
1326 1361 1396 1382 non
1450 1360 1522 1381 rum
1545 1356 1620 1391 post
1642 1352 1907 1383 resurrectionem
1931 1359 2024 1384 erunt
2047 1355 2317 1396 incorruptibilia,
2341 1362 2377 1387 ut
2401 1357 2515 1389 dicitur

327 1402 402 1429 sunt
424 1397 566 1428 hominis
588 1397 782 1437 inquantum
805 1403 852 1428 est
874 1398 988 1434 homo,
1004 1404 1040 1428 ut
1063 1398 1160 1428 etiam
1179 1397 1395 1436 Philosophus
1451 1394 1464 1424 1
1482 1395 1559 1425 Cor.
1576 1405 1616 1426 xv
1632 1396 1664 1425 ἢ
1689 1395 1877 1426 seminatur
1900 1397 1932 1427 in
1957 1399 2175 1439 corruptione,
2193 1406 2343 1442 resurget
2357 1402 2390 1431 in
2407 1402 2514 1432 incor-

244 1458 250 1464 ·
291 1458 301 1485 3
328 1439 404 1473 dicit
419 1441 446 1471 *.
470 1441 512 1471 Et
526 1440 601 1471 ideo
617 1442 651 1471 in
667 1442 712 1472 eis
727 1451 796 1472 non
819 1443 964 1472 consistit
987 1441 1152 1472 beatitudo
1175 1442 1310 1472 humani
1326 1449 1396 1471 cor·
1451 1439 1612 1479 ruptione.
1637 1439 1722 1480 Ergo
1747 1446 1840 1471 erunt
1862 1441 2077 1481 impassibilia.

267 1483 286 1518 ”,
326 1485 431 1526 poris:
456 1484 512 1515 sed
536 1495 654 1526 corpus
676 1486 856 1517 humanum
880 1485 1111 1517 beatificabitur
1128 1496 1166 1516 ex
1186 1484 1396 1516 redundantia
1508 1492 1537 1513 2.
1562 1483 1759 1520 Pnnmssi,
1776 1484 1890 1515 fortius
1912 1495 1979 1516 non
2003 1487 2122 1526 patitur
2145 1497 2162 1518 a
2185 1487 2341 1519 debiliori.
2366 1489 2428 1520 Sed
2443 1491 2515 1521 nul-

292 1546 298 1556 ·
328 1538 346 1560 a
374 1529 498 1559 ratione
514 1530 548 1565 *,
572 1539 591 1559 a
622 1539 687 1570 qua
717 1530 819 1560 homo
843 1536 891 1561 est
912 1531 1031 1566 homo,
1055 1531 1248 1570 inquantum
1279 1530 1337 1560 erit
1367 1529 1397 1559 ei
1411 1540 1437 1561 ³0
1451 1527 1520 1557 lum
1544 1537 1662 1567 corpus
1686 1529 1744 1558 erit
1768 1528 1881 1559 fortius
1905 1532 2094 1570 corporibus
2117 1538 2311 1569 sanctorum,
2336 1533 2375 1564 de
2399 1535 2516 1574 quibus

327 1572 502 1608 subditum.
1451 1570 1576 1607 dicitur,
1594 1572 1607 1602 I
1625 1572 1702 1602 Cor.
1719 1583 1759 1602 xv
1775 1574 1808 1603 ἐ
1834 1572 2021 1605 Seminatur
2039 1575 2071 1605 in
2097 1575 2293 1617 infirmitate,
2311 1584 2460 1620 resurget
2482 1579 2515 1609 in

381 1617 434 1648 An
459 1627 608 1648 omnum
629 1627 791 1654 mmmmm
825 1617 915 1658 quod
946 1617 1174 1648 deiectationes
1202 1617 1396 1658 corporales,
1451 1615 1579 1646 virtute.
1603 1616 1690 1656 Ergo
1714 1622 1807 1647 erunt
1826 1617 2040 1658 impassibilia.

293 1675 300 1687 v
327 1660 411 1695 sicut
433 1660 510 1691 dicit
531 1661 758 1701 Philosophus,
774 1663 808 1692 in
831 1662 890 1692 vu
905 1663 922 1679 ⁴*
946 1667 978 1692 et
999 1662 1029 1692 X
1044 1663 1079 1679 ⁹*
1101 1661 1217 1697 Ethic„
1235 1667 1310 1692 sunt
1333 1671 1397 1692 me-
1506 1660 1696 1691 Rusponnzo
1731 1671 1890 1691 mensuum
1925 1663 2015 1702 quod
2048 1664 2154 1703 passio
2189 1665 2358 1705 dupliciter
2391 1666 2515 1697 dicitur.

298 1702 304 1708 '
327 1703 494 1741 dicinaIes,
518 1705 594 1744 quia
616 1705 807 1736 adhibentur
822 1706 948 1736 homini
964 1705 1004 1736 ad
1019 1705 1201 1736 tollendum
1217 1705 1395 1742 fastidium;
1452 1703 1527 1734 Uno
1557 1703 1675 1740 mode,
1701 1706 1926 1736 communiter.
1962 1707 2002 1736 Et
2030 1708 2075 1738 sic
2106 1709 2211 1739 omnis
2239 1711 2381 1750 receptio
2410 1711 2516 1751 passio

289 1757 301 1764 ·
327 1748 380 1779 vel
401 1749 498 1779 etiam
521 1749 744 1790 aegritudines
758 1751 785 1786 ⁴²,
808 1750 1002 1790 inquantum
1025 1751 1070 1781 eis
1093 1750 1194 1780 horno
1218 1749 1397 1780 inordinate
1412 1759 1435 1780 ³5
1452 1747 1583 1778 dicitur:
1608 1749 1674 1779 sive
1696 1749 1776 1779 illud
1799 1749 1889 1789 quod
1911 1751 2062 1790 recipitur
2082 1753 2121 1782 sit
2137 1754 2332 1784 conveniens
2351 1755 2517 1795 recipienti

293 1790 300 1828 ζ
328 1791 519 1829 delectatur,
543 1803 580 1823 ac
603 1794 629 1824 si
653 1800 758 1825 essent
789 1803 882 1825 verae
915 1794 1159 1829 delectationes,
1184 1795 1266 1825 sicut
1295 1795 1396 1824 homo
1453 1797 1484 1822 et
1506 1792 1719 1832 perfectivum
1735 1794 1849 1833 ipsius;
1873 1794 1940 1824 sive
1956 1797 2151 1826 contrarium
2168 1803 2199 1827 et
2215 1799 2445 1838 corruptivum.
2466 1800 2517 1829 Ab

230 1833 248 1876 ⁵,
293 1842 301 1876 ζ
327 1836 447 1867 habens
470 1837 636 1868 infirmum
662 1843 794 1878 gustum
825 1837 1000 1870 delectatur
1030 1840 1063 1869 in
1093 1839 1288 1879 quibusdam
1314 1848 1397 1879 quae
1452 1836 1640 1867 huiusmodi
1663 1838 1820 1877 passionis
1843 1839 2025 1870 remotione
2049 1850 2184 1881 corpora
2206 1841 2346 1882 gloriosa
2374 1844 2518 1884 impassi-

328 1881 412 1912 sanis
433 1891 502 1912 non
534 1887 610 1912 sunt
639 1882 847 1913 delectabilia.
878 1883 919 1913 Et
947 1882 1023 1914 ideo
1050 1893 1118 1914 non
1148 1888 1278 1923 oportet
1307 1882 1398 1923 quod
1452 1880 1527 1910 bilia
1550 1891 1618 1912 non
1646 1881 1814 1913 dicuntur:
1840 1892 1915 1913 curn
1939 1884 2018 1914 nihil
2047 1885 2136 1925 quod
2163 1891 2210 1916 est
2238 1886 2443 1926 perfectionis
2474 1889 2518 1918 eis

327 1925 405 1957 tales
428 1925 655 1957 delectationes
679 1927 742 1957 sint
764 1926 804 1958 de
828 1927 1026 1967 perfectione
1050 1927 1265 1964 beatitudinis,
1286 1933 1322 1958 ut
1346 1927 1397 1958 Iu-
1452 1925 1492 1954 sit
1515 1925 1736 1956 auferendum.

328 1968 399 2001 daei
422 1975 453 2000 et
476 1969 625 2002 Saraceni
647 1976 786 2011 ponunt,
811 1977 843 2002 et
867 1971 999 2012 quidam
1029 1972 1180 2002 haeretici
1207 1977 1396 2012 posuerunt,
1411 1980 1438 2000 4⁰
1507 1969 1582 2000 Alio
1606 1970 1707 2001 modo
1730 1971 1837 2010 passio
1861 1971 1976 2003 dicitur
1998 1973 2137 2013 proprie,
2154 1983 2252 2014 quam
2268 1976 2312 2005 sic
2329 1975 2440 2006 definit
2454 1976 2518 2007 Da-

233 2027 241 2036 ·
293 2030 300 2041 ‚
328 2014 386 2054 qui
407 2020 565 2046 vocantur
588 2014 760 2046 chiliastae
776 2016 802 2046 *.
828 2015 894 2054 Qui
911 2017 1006 2047 etiam
1022 2016 1202 2047 secundum
1219 2015 1397 2047 doctrinam
1452 2022 1631 2050 mascenus,
1655 2015 1689 2044 in
1712 2014 1739 2045 11
1762 2015 1843 2046 libro
1859 2017 1892 2046 ἐ
1917 2017 2029 2047 Passio
2053 2023 2101 2047 est
2130 2024 2236 2049 motus
2258 2025 2393 2059 praeter
2424 2026 2518 2051 natu-

0 2401 33 2444 'J

294 2082 301 2093 .
327 2057 516 2099 Philosophi
527 2069 596 2090 nou
608 2059 756 2091 videntur
767 2070 882 2091 sanum
900 2060 1017 2091 habere
1029 2060 1193 2091 affectum:
1210 2061 1298 2091 solae
1311 2060 1397 2090 enim
1453 2067 1535 2088 ram.
1560 2058 1654 2089 Unde
1677 2059 1908 2091 immoderatus
1930 2066 2039 2091 motus
2056 2061 2160 2092 cordis
2176 2064 2282 2103 passio
2299 2065 2367 2094 eius
2383 2064 2515 2096 dicitur:

272 2093 301 2132 ΒΞ
327 2101 556 2134 delectationes
580 2104 770 2143 spirituales,
794 2104 975 2135 secundum
998 2105 1106 2145 ipsum
1122 2106 1149 2141 ἡ
1173 2110 1248 2135 sunt
1275 2104 1398 2144 simpli·
1453 2101 1509 2132 sed
1531 2102 1715 2133 moderatus
1739 2103 1854 2134 dicitur
1878 2106 1946 2136 eius
1971 2107 2126 2145 operatio.
2151 2106 2253 2138 Cuius
2276 2109 2356 2139 ratio
2373 2114 2420 2139 est
2443 2110 2518 2150 quia

292 2136 299 2168 Ϊ
327 2147 405 2177 citer
429 2147 667 2184 delectationes,
684 2154 716 2178 et
730 2154 862 2189 propter
878 2158 912 2179 se
928 2149 1139 2189 quaerendae.
1164 2149 1205 2179 Et
1220 2149 1294 2180 ideo
1310 2150 1398 2189 ipsae
1453 2156 1552 2176 omne
1583 2147 1673 2187 quod
1702 2148 1836 2187 patitur,
1859 2149 1993 2180 trahitur
2023 2150 2063 2180 ad
2093 2152 2247 2182 terminos
2277 2154 2417 2192 agentis,
2442 2154 2518 2194 quia

293 2189 299 2194 '
328 2190 416 2222 solae
438 2191 479 2222 ad
502 2191 732 2223 beatitudinem
754 2194 971 2233 requiruntur.
1411 2205 1436 2226 45
1453 2200 1549 2231 agens
1573 2192 1723 2222 assimilat
1747 2192 1806 2222 sibi
1835 2193 1976 2232 patiens:
2002 2200 2034 2224 et
2055 2194 2130 2225 ideo
2160 2196 2302 2235 patiens,
2325 2198 2517 2237 inquantum

447 2256 702 2315 QUAESHO
727 2256 1284 2318 OCTOGESfflASECQNDA
1397 2251 1400 2254 ”
1452 2235 2288 2323 Essffi‘zdzzgg³¹3sstg²gsiz²¹33013323253022253323335
2304 2242 2380 2316 {13¹1}
2401 2243 2517 2317 23?ssss

427 2308 474 2333 m*
502 2309 771 2335 CONDITIONIBUS
799 2311 994 2336 BEATORUM
1024 2312 1295 2338 RESURGhNTIUM
1453 2324 1643 2363 corporibus
1665 2325 1900 2365 resurgentium
1923 2332 2108 2358 sanctorum
2131 2329 2346 2368 potentialitas
2377 2330 2416 2360 ad
2445 2340 2517 2371 pas-

393 2366 789 2398 mna-considerandum
818 2374 866 2399 est
893 2368 933 2400 de
962 2369 1202 2401 conditionibus
1229 2371 1398 2403 beatorum
1452 2369 1590 2398 sionem·
1615 2369 1656 2399 Et
1679 2368 1752 2399 ideo
1776 2370 1982 2410 impassibilia
2005 2370 2165 2403 dicuntur.

334 2377 627 2450 Dresurgentium
643 2412 670 2442 ἦ
705 2411 746 2442 Et
773 2413 898 2452 primo,
922 2413 962 2444 de
990 2423 1105 2445 eorum
1134 2424 1310 2455 corporum
1337 2417 1397 2447 im..
1413 2427 1439 2447 5⁰
1508 2413 1615 2443 Huius
1643 2418 1751 2443 autem
1778 2414 2037 2454 impassibilitatis
2068 2417 2148 2447 ratio
2179 2427 2196 2447 a
2225 2417 2354 2448 diversis
2388 2418 2517 2450 diversi—

271 2482 279 2489 ,
330 2454 552 2494 passibilitate;
569 2455 724 2492 secundo,
737 2456 777 2487 de
789 2457 961 2488 subtilitate
972 2459 1004 2495 '3
1025 2459 1130 2495 tertio,
1143 2459 1182 2490 de
1198 2460 1336 2500 agilitate
1348 2462 1397 2498 “;
1453 2456 1551 2487 mode
1574 2457 1759 2497 assignatur·
1784 2458 1926 2496 Quidam
1950 2460 2036 2490 enim
2053 2470 2124 2490 eam
2141 2462 2316 2492 attribuunt
2339 2462 2517 2494 condifiOni

94 3425 105 3434 ·
116 3422 222 3449 Cap-vu,
232 3428 255 3444 n.
265 3429 289 3448 4.
297 3432 307 3436 -

95 3449 229 3472 Continuat.
239 3448 308 3470 Com-

95 3479 166 3497 ment.
173 3481 192 3496 ι.
200 3475 296 3497 Th.leet
303 3490 309 3497 .

95 3508 144 3524 xix.

277 2510 284 2516 ·
331 2504 457 2538 quarto,
482 2499 522 2530 de
546 2499 686 2531 claritate
702 2501 728 2531 *.
1453 2501 1706 2538 elementorum,
1730 2511 1813 2542 quae
1843 2503 1932 2534 aliter
1959 2513 1993 2534 se
2021 2505 2184 2535 habebunt
2213 2510 2291 2536 tunc
2320 2507 2354 2536 in
2382 2517 2518 2548 corpore

332 2542 427 2574 Circa
448 2543 591 2583 primum
615 2550 813 2584 quaeruntur
836 2551 986 2586 quatuor.
1453 2555 1551 2585 quam
1567 2545 1668 2576 modo
1692 2556 1726 2576 se
1742 2547 1869 2578 habent.
1894 2548 2015 2578 Dicunt
2031 2550 2117 2579 enim
2134 2549 2223 2589 quod
2244 2550 2401 2581 elementa
2416 2561 2518 2582 rema-

386 2587 511 2618 Primo:
535 2593 645 2619 utrum
667 2590 768 2620 sancti
790 2596 990 2631 resurgentes
1012 2598 1177 2632 resurgant
1195 2593 1304 2633 quoad
1327 2604 1398 2625 001·-
1452 2590 1576 2620 nebunt
1598 2590 1643 2620 ibi
1665 2590 1845 2627 secundum
1873 2593 2098 2629 substantiam,
2123 2594 2179 2624 sed
2202 2594 2368 2634 qualitates
2398 2597 2518 2627 activae

419 2640 501 2671 pora
522 2632 743 2672 impassibiles.
1413 2647 1435 2668 ςς
1453 2639 1485 2664 et
1506 2635 1650 2674 passurae
1673 2635 1712 2665 ab
1737 2635 1902 2667 elementis
1925 2636 2118 2668 auferentur.

387 2674 556 2707 Secundo:
580 2682 690 2708 utrum
713 2678 854 2718 aequalis
877 2679 1111 2719 impassibilitas
1127 2681 1278 2713 omnibus
1293 2682 1396 2713 inerit,
1508 2677 1572 2709 Sed
1594 2679 1658 2709 hoc
1680 2689 1749 2710 non
1772 2680 1897 2710 videtur
1912 2691 2034 2712 verum.
2059 2682 2144 2720 Quia
2160 2683 2327 2722 qualitates
2350 2685 2471 2715 activae
2487 2690 2518 2715 et

387 2719 515 2751 Tertio:
540 2726 648 2752 utrum
671 2721 725 2752 illa
747 2722 982 2762 impassibilitas
1005 2734 1136 2755 sensum
1151 2726 1185 2756 in
1200 2731 1274 2757 actu
1294 2737 1312 2757 a
1327 2736 1398 2757 001·-
1451 2723 1595 2762 passivae
1619 2729 1693 2753 sunt
1716 2723 1756 2754 de
1778 2723 1977 2764 perfectione
2001 2726 2246 2757 elementorum.
2270 2727 2378 2764 Unde,
2401 2729 2427 2758 si
2449 2730 2518 2759 sine

420 2765 554 2804 poribus
576 2765 724 2805 gloriosis
748 2766 904 2798 excludat.
1453 2767 1498 2797 eis
1525 2773 1746 2807 repararentur
1776 2768 1934 2799 elementa
1956 2770 1990 2800 in
2014 2779 2150 2810 corpore
2179 2773 2389 2811 resurgentis,
2414 2779 2518 2803 essent

387 2808 529 2847 Quarto:
554 2815 663 2841 utrum
686 2811 749 2841 sint
771 2812 805 2841 in
829 2812 874 2842 eis
897 2821 1010 2843 omnes
1033 2822 1145 2844 sensus
1167 2814 1202 2844 in
1225 2820 1308 2846 actu,
1452 2811 1586 2841 minoris
1602 2811 1808 2851 perfectionis
1824 2822 1922 2853 quam
1937 2813 2038 2844 modo
2055 2815 2126 2845 sint.
2150 2832 2171 2838 -
2195 2815 2236 2845 Et
2255 2821 2425 2855 praeterea,
2442 2826 2517 2847 cum

1411 2863 1439 2883 6ο
1454 2855 1622 2895 qualitates
1655 2856 1728 2886 illae
1759 2857 1822 2886 sint
1851 2858 1980 2897 propria
2015 2858 2190 2889 accidentia
2222 2860 2456 2891 elementorum
2479 2871 2517 2891 ex

330 2890 430 2922 ART.
455 2891 477 2922 I.
509 2902 614 2922 urium
638 2902 782 2924 CORPORA
806 2904 990 2925 SANCTORUM
1018 2905 1094 2926 ros‘r
1123 2906 1399 2929 aasumc‘rrotmu
1453 2898 1557 2930 forma
1580 2905 1611 2930 et
1626 2900 1756 2930 materia
1772 2901 1918 2940 ipsorum
1935 2907 2071 2938 causata,
2087 2902 2212 2933 videtur
2234 2903 2325 2934 valde
2344 2904 2517 2935 absurdum

646 2947 768 2968 rurum
792 2948 859 2969 smr
882 2949 1083 2971 mmssrnmm
1454 2943 1544 2983 quod
1567 2953 1663 2974 causa
1684 2950 1813 2974 maneat
1836 2950 1867 2975 et
1890 2945 2021 2976 effectus
2044 2946 2182 2977 tollatur.

497 2986 557 3008 pm.
570 2987 588 3012 ι,
621 2993 644 3009 u.
659 2993 728 3014 xcvn,
744 2991 785 3010 m.
800 2995 825 3017 3;
840 2988 873 3010 1v
889 2989 957 3011 cont.
975 2989 1052 3017 Geni„
1066 2996 1116 3018 oep.
1131 2997 1228 3017 unm
1508 2987 1550 3018 Et
1572 2987 1646 3018 ideo
1671 2987 1724 3018 alii
1747 2988 1858 3019 dicunt
1874 2989 1963 3030 quod
1986 2991 2163 3021 manebunt
2178 2992 2354 3031 qualitates,
2371 2992 2427 3023 sed
2449 3003 2517 3024 non

465 3011 589 3040 eon-pena.
643 3013 697 3041 ‘⁰¹¹²
711 3020 760 3039 ⁰⁸⁰·
790 3021 875 3041 '‘¹'¹'¹³
891 3016 900 3037 ¹
915 3015 949 3037 ‘¹⁴¹
963 3016 1028 3044 ⁶⁰⁷⁰
1043 3023 1095 3045 ‘²⁸⁹'
1110 3024 1148 3045 ¹''’
1164 3019 1216 3041 ¹²⁶¹·
1233 3025 1263 3041 ν’·
1453 3032 1617 3062 habebunt
1639 3033 1784 3072 proprias
1807 3034 1966 3070 actiones,
1993 3034 2099 3065 divina
2121 3036 2236 3066 virtute
2259 3036 2292 3067 id
2319 3035 2455 3067 faciente
2478 3037 2518 3068 ad

333 3080 418 3143 An
446 3081 565 3102 ramma
592 3082 638 3103 s1c
661 3083 866 3105 Pnocnnrrua.
895 3075 1030 3107 Videtur
1055 3076 1145 3117 quod
1168 3087 1305 3119 corpora
1326 3089 1395 3110 san-
1411 3076 1732 3113 650011⁵ervat50110m
1754 3077 1886 3108 humani
1912 3079 2065 3118 c01'P01'iS·

397 3120 525 3147 ctotum
562 3123 639 3157 post
677 3120 944 3150 resurrectionem
978 3130 1047 3152 non
1085 3122 1148 3152 sint
1180 3123 1395 3163 impassibilia.
1507 3126 1571 3157 Sed
1594 3127 1658 3158 hoc
1682 3127 1778 3158 etiam
1800 3137 1868 3159 non
1891 3128 2016 3160 videtur
2044 3139 2140 3170 posse
2163 3136 2254 3161 stare.
2286 3131 2372 3170 Quia
2395 3132 2435 3163 ad
2457 3134 2517 3164 mi-

334 3156 440 3190 Omne
464 3161 551 3191 enim
572 3162 709 3193 mortale
733 3169 780 3194 est
802 3164 960 3204 passibsse.
986 3164 1049 3196 Sed
1071 3166 1173 3197 homo
1196 3173 1272 3207 post
1293 3178 1398 3199 resur·
1451 3171 1596 3201 xtionem
1618 3172 1789 3211 requiritur
1812 3173 1895 3203 actio
1912 3174 2087 3204 activarum
2111 3180 2142 3204 et
2164 3176 2360 3215 passivarum
2384 3177 2517 3217 qualita—

332 3203 508 3234 recu'onem
531 3206 590 3236 erit
612 3207 737 3238 animal
760 3209 923 3239 rationale
945 3210 1103 3240 mortale:
1129 3211 1209 3241 haec
1233 3212 1320 3242 enim
1350 3219 1397 3244 est
1451 3220 1539 3245 tum:
1565 3220 1596 3245 et
1611 3215 1790 3247 secundum
1813 3217 2073 3257 praedominium
2089 3219 2185 3249 unius
2208 3220 2258 3250 vel
2277 3220 2404 3251 alterius
2420 3222 2518 3252 mixta

333 3244 476 3277 definitio
499 3248 650 3286 hominis,
668 3260 751 3291 quae
773 3262 943 3293 nunquam
963 3254 1002 3284 ab
1023 3263 1063 3285 eo
1080 3256 1286 3295 separabitur.
1309 3257 1396 3298 Ergo
1452 3258 1634 3290 efficiuntur
1663 3259 1804 3291 diversae
1829 3262 2071 3302 complexionis.
2105 3263 2205 3301 Quod
2237 3270 2365 3304 oportet
2396 3275 2518 3305 ponere

334 3298 452 3330 corpus
476 3292 534 3322 erit
555 3294 714 3333 passibile.
1410 3303 1484 3333 70in
1515 3313 1652 3344 corpore
1681 3306 1890 3345 resurgentis:
1923 3307 1999 3346 quia
2023 3313 2115 3338 erunt
2138 3307 2181 3337 ibi
2205 3317 2314 3339 carnes
2338 3314 2369 3340 et
2392 3319 2463 3340 ossa
2487 3316 2518 3341 et

390 3343 420 3384 2ἶ
530 3346 646 3374 Tum,
670 3348 768 3371 omne
791 3340 881 3381 quod
904 3347 951 3372 est
974 3343 1007 3373 in
1029 3344 1173 3383 potentia
1196 3344 1236 3374 ad
1259 3344 1397 3376 formam
1451 3348 1638 3379 huiusmodi
1653 3354 1768 3388 partes,
1785 3350 1903 3390 quibus
1926 3351 2077 3382 omnibus
2092 3361 2160 3382 non
2177 3354 2332 3393 competit
2346 3363 2412 3384 una
2428 3364 2517 3385 corn-

333 3377 642 3429 memus-*passibile
664 3388 711 3413 est
733 3385 773 3414 ab
795 3385 870 3416 illo:
896 3387 972 3426 quia
994 3387 1174 3418 secundum
1197 3389 1260 3419 hoc
1276 3390 1397 3430 aliquid
1450 3391 1568 3432 plexio.
1590 3411 1614 3415 —
1641 3393 1683 3423 Et
1704 3399 1882 3433 praeterea,
1906 3395 2085 3426 secundum
2108 3396 2172 3426 hoc
2195 3397 2427 3437 impassibilitas
2449 3408 2517 3429 non

335 3426 382 3452 est
403 3431 567 3462 passivum
596 3425 635 3455 ab
665 3427 743 3464 alio,
767 3434 803 3459 ut
826 3429 941 3461 dicitur
963 3431 997 3462 in
1021 3431 1034 3462 1
1057 3432 1096 3463 de
1121 3432 1272 3464 Generat.
1293 3435 1310 3451 ⁴*
1334 3434 1397 3465 Sed
1450 3442 1559 3476 posset
1581 3438 1662 3477 poni
1685 3437 1744 3468 dos
1759 3438 1776 3454 ⁴*
1799 3438 1832 3468 in
1849 3439 1903 3469 eis.
1937 3439 2023 3477 Quia
2045 3449 2113 3470 non
2136 3448 2271 3480 poneret
2296 3442 2436 3482 aliquam
2456 3442 2517 3473 dis-

335 3474 471 3516 corpora
493 3473 678 3500 sanctorum
699 3477 774 3511 post
795 3475 1061 3507 resurrectionem
1085 3482 1178 3507 erunt
1200 3478 1233 3508 in
1252 3479 1397 3518 potentia
1451 3481 1648 3520 positionem
1671 3482 1705 3512 in
1728 3482 1902 3513 substantia
1925 3484 2120 3524 impassibili,
2137 3485 2192 3515 sed
2208 3486 2313 3516 solum
2328 3487 2518 3527 prohibitio-

335 3508 374 3540 ad
390 3510 484 3541 aham
499 3510 646 3544 formam.
662 3514 748 3555 Ergo
764 3523 858 3548 erunt
873 3519 1041 3558 passibilia.
1052 3539 1076 3543 -
1094 3521 1244 3552 Probatio
1261 3522 1395 3554 mediae.
1411 3533 1435 3554 75
1451 3534 1527 3555 nem
1555 3526 1712 3565 passionis
1743 3527 1781 3557 ab
1805 3528 1952 3558 exteriori
1964 3552 1971 3564 ,
1997 3529 2117 3560 scilicet
2147 3529 2253 3560 divina
2275 3531 2390 3562 virtute
2401 3555 2409 3567 ,
2434 3541 2517 3572 quae

2539 614 2609 635 'Loc.
2617 614 2664 637 cit..
2672 620 2693 636 n.
2701 615 2747 642 5,6.

2540 788 2550 798 ·
2557 787 2603 814 Qu.
2610 793 2678 814 unxx,
2685 791 2749 816 ατη.

2541 1139 2551 1149 ·
2561 1138 2616 1160 Lue.
2628 1144 2680 1166 cap.
2690 1144 2753 1164 xxiv,

2540 1171 2599 1187 vers.
2621 1171 2662 1193 39;
2686 1164 2750 1186 Ioan.

2541 1197 2591 1219 cap.
2599 1197 2638 1217 xx,
2646 1197 2706 1212 vers.
2715 1197 2752 1217 20,

2540 1224 2574 1245 ²7·
2582 1229 2593 1234 -
2601 1217 2637 1239 Cf.
2644 1217 2704 1239 Part.
2712 1217 2753 1244 111,

2541 1251 2580 1272 qu.
2593 1250 2641 1270 uv,
2658 1248 2700 1266 art.
2715 1251 2738 1270 4.

2542 1317 2551 1326 ·
2561 1315 2660 1337 Aristot.
2671 1315 2752 1342 Topic.

2541 1342 2581 1363 lib.
2596 1342 2637 1368 VI,
2652 1347 2702 1369 cap.
2717 1347 2751 1367 vr.

2541 1375 2565 1390 n.
2579 1375 2614 1390 ιι.

2542 1406 2552 1415 ·
2567 1404 2634 1425 Vers.
2649 1410 2686 1430 4².

2544 1583 2553 1592 ·
2567 1581 2633 1602 Vers.
2648 1586 2686 1608 43.

2545 2027 2555 2037 ·
2564 2025 2601 2047 De
2610 2025 2669 2046 Fide
2679 2025 2755 2052 Orth„

2545 2052 2584 2073 lib.
2596 2052 2624 2078 11,
2636 2058 2686 2080 cap.
2699 2058 2755 2073 xxu.

2545 2248 2554 2257 “
2569 2245 2603 2267 Cf.
2620 2251 2660 2273 qu.
2679 2251 2756 2272 nvn,

2545 2276 2587 2294 nrt.
2604 2279 2612 2294 ι
2622 2288 2628 2298 ,
2643 2278 2691 2299 arg.
2705 2279 2729 2298 4.

2546 3449 2556 3458 '
2570 3446 2605 3468 Cf.
2622 3446 2673 3468 dist.
2691 3452 2756 3472 xiix,

2545 3480 2583 3501 qu.
2607 3479 2644 3498 ιν,
2663 3476 2704 3494 art.
2728 3478 2755 3500 5.

2545 3500 2589 3528 qu·
2603 3506 2622 3528 3-
