2918 4088
993 189 1259 237 QUAESTIO
1287 190 1485 237 LXXXV,
1514 189 1808 227 ARTICULUS
1836 191 1881 227 ΙΙΙ

338 272 388 298 sto
423 266 555 297 fuerunt
587 275 700 297 omnes
724 267 866 298 virtutes.
902 267 943 298 Et
975 273 1083 298 tamen
1106 268 1140 298 in
1163 268 1235 308 ipso
1258 277 1327 298 non
1351 263 1412 298 fuit

405 311 548 341 nitentia.

40 363 65 399 ιζ
338 321 446 385 poelil.
470 345 583 385 Altera*
601 356 681 386 ratio
707 361 753 386 est
777 365 815 386 ex
833 361 923 396 parte
946 357 1074 387 obiecti.
1099 356 1185 394 Quia
1208 356 1328 386 scilicet
1353 356 1410 386 ob—

43 397 61 442 ξὲ
337 401 459 430 iectum
481 400 555 436 hoc,
580 400 700 430 scilieet
719 399 841 430 offensa
863 406 900 431 ut
922 401 1206 441 recompensabilis
1229 410 1287 440 per
1302 406 1410 431 actum

337 444 517 485 proprium,
535 450 606 481 etc„
630 454 698 475 non
721 446 855 485 requirit
877 446 1041 485 propriam
1064 446 1224 476 virtutem.
1249 444 1349 483 Quod
1373 454 1411 475 ex

338 488 467 520 duobus
490 494 631 529 apparet.
659 489 778 526 Primo,
804 499 842 520 ex
866 499 906 520 eo
931 489 1021 530 quod
1043 490 1126 520 inter
1148 489 1297 519 homines
1321 489 1410 519 obie-

338 539 427 564 ctum
447 534 511 564 hoc
530 533 682 564 laudabili
697 539 771 564 actu
786 534 968 564 voluntario
985 535 1162 574 attingitur:
1179 538 1215 564 ut
1229 538 1318 574 patet
1334 543 1409 564 cum

337 578 364 608 is
388 578 444 618 qui
467 578 609 619 aliquem
626 578 770 614 offendit,
787 579 935 609 humiliat
951 588 984 608 se
999 579 1055 615 illi,
1073 577 1259 609 confitendo
1277 587 1310 608 se
1326 578 1410 608 male

338 621 461 658 fecisse,
486 622 628 654 dolendo
645 622 685 653 de
701 622 833 659 offensa,
851 628 882 653 et
897 622 1098 653 subficiendo
1114 632 1148 652 se
1167 622 1213 652 illi
1229 621 1269 652 ad
1284 632 1410 652 recom-

337 666 535 707 pensandam
560 667 734 704 offensam3
758 677 817 708 per
838 668 899 698 hos
916 668 1003 697 enim
1022 673 1111 698 actus
1130 672 1298 706 recuperat
1314 667 1410 697 etiam

337 711 452 742 offensi
480 712 627 752 gratiam,
651 712 739 742 iuxta
761 711 842 742 illud
858 712 889 748 ⁴,
913 712 1054 742 Parcere
1076 711 1226 742 subiectis
1253 716 1284 741 et
1306 711 1411 742 debel-

337 756 408 786 lare
423 756 589 797 superbos.
613 756 655 786 Et
667 761 778 786 tamen
793 756 883 786 nulla
897 756 996 786 virtus
1013 755 1159 796 specialis
1178 756 1311 795 ponitur
1334 765 1410 796 pro-

335 806 407 841 pter
426 806 534 831 actum
558 805 613 830 aut
633 800 799 830 obiectum
813 799 909 830 istud.
933 800 1220 840 Proportionaliter
1243 800 1339 840 igitur
1361 800 1410 830 lo-

337 844 485 885 quendo,
509 845 598 875 nulla
621 849 668 874 est
690 843 843 884 ponenda
865 845 1010 884 specialis
1032 845 1131 875 virtus
1155 844 1195 875 ad
1217 854 1409 885 recompen-

336 889 469 920 sandam
492 889 554 919 Dei
577 888 744 919 offensam.

392 932 554 969 Secundo,
580 942 618 964 ex
634 942 674 963 eo
699 932 790 974 quod
813 932 852 963 ad
868 933 1056 964 huiusmodi
1072 934 1409 973 recompensationem

335 977 496 1008 invenitur
519 978 579 1007 alia
601 978 701 1007 virtus
724 976 903 1014 sufficiens,
931 977 1051 1008 scilicet
1074 978 1196 1018 religio.
1230 978 1409 1018 Religionis

335 1022 423 1052 enim
446 1027 535 1052 actus
559 1026 606 1052 est
621 1022 777 1052 subiicere
793 1031 827 1052 se
843 1022 925 1058 Deo,
949 1021 1148 1063 reddereque
1165 1022 1309 1053 debitum
1325 1023 1408 1060 Deo,

83 1090 98 1100 ,
334 1075 403 1097 non
418 1067 526 1097 minus
551 1065 675 1097 offenso
700 1075 799 1107 quam
814 1066 1021 1097 benefactori.
1046 1067 1092 1098 Ita
1108 1067 1208 1107 quod,
1233 1068 1315 1098 sicut
1337 1067 1408 1098 red-

86 1107 156 1144 ,³·-l
336 1110 411 1141 dere
435 1111 506 1142 Deo
531 1110 676 1141 debitum
699 1111 742 1141 ob
766 1110 923 1142 beneficia
945 1117 1094 1152 suscepta
1123 1121 1191 1142 non
1215 1112 1312 1152 exigit
1335 1122 1407 1152 spe-

20 1149 26 1156 ’
89 1151 91 1154 ’
127 1153 136 1166 ”
337 1155 451 1186 cialem
473 1156 624 1186 virtutem
654 1155 736 1186 ultra
758 1155 966 1196 religionem,
995 1156 1107 1187 eadem
1130 1157 1253 1187 ratione
1276 1156 1408 1188 reddere

336 1199 408 1230 Deo
433 1199 578 1231 debitum
602 1200 644 1230 ob
668 1199 825 1230 offensam
847 1201 881 1230 in
906 1210 982 1231 eum
1005 1200 1045 1231 ad
1067 1201 1256 1241 religionem
1274 1211 1408 1242 quoque

336 1245 507 1285 spectabit:
533 1244 652 1275 cadunt
674 1245 761 1275 enim
784 1245 845 1275 hae
867 1245 1021 1285 speciales
1044 1246 1183 1276 rationes
1207 1245 1322 1282 debiti,
1347 1247 1408 1277 sci-

335 1289 411 1320 licet
431 1299 492 1330 pro
516 1288 681 1323 beneficiis
703 1289 755 1319 vel
777 1298 837 1329 pro
862 1289 1001 1326 offensis,
1026 1290 1085 1321 sub
1105 1290 1159 1320 illa
1175 1291 1343 1321 communi
1359 1301 1408 1321 ra-

307 1332 546 1365 „nonedebifi
569 1342 668 1374 quarn
691 1333 825 1365 attendit
847 1333 970 1374 religio.

391 1378 434 1408 Et
456 1377 674 1411 confirmatur.
699 1377 785 1416 Quia
802 1379 996 1418 praecipuus
1012 1384 1101 1409 actus
1117 1380 1336 1419 poenitentiae
1352 1389 1408 1410 co-

335 1422 448 1453 incidit
471 1432 546 1453 cum
562 1428 636 1453 actu
650 1423 756 1463 primo
775 1422 948 1462 religionis.
974 1423 1138 1454 Subiectio
1163 1424 1250 1454 enim
1265 1425 1408 1455 hominis

33 710 59 739 ‚⁷
98 717 162 741 ‘Vir

34 762 38 763 ν
70 766 78 772 ,.
99 745 140 768 llb-

177 718 200 740 Ἰ.
211 717 309 741 Aeneia.

180 761 186 773 ,
194 751 254 767 vers.
263 745 310 774 853.

30 811 32 814 ·
71 810 79 821 λ

35 839 38 840 γ
64 832 91 855 ,ιὶ

335 1466 377 1498 ad
399 1467 507 1498 Deum
531 1472 578 1498 est
600 1467 813 1507 praecipuum
837 1466 928 1507 quod
950 1468 1168 1507 poenitentiae
1191 1469 1291 1499 virtus
1315 1468 1422 1499 offert‘

334 1510 408 1542 Deo
423 1511 458 1542 in
472 1520 728 1551 recompensam.
754 1511 862 1549 Quam
879 1511 1015 1542 eandem
1031 1511 1125 1542 offert
1143 1513 1272 1553 religio:
1293 1523 1407 1544 secun-

292 1553 294 1555 ’
336 1554 415 1586 dum
437 1560 546 1586 actum
569 1554 702 1596 quidem
726 1554 918 1592 devotionis,
943 1556 1106 1593 absolute;
1130 1557 1311 1588 secundum
1329 1567 1406 1588 vero

334 1604 444 1630 actum
458 1599 669 1640 gratitudinis,
685 1609 745 1639 pro
758 1599 923 1630 beneficiis
934 1601 1085 1641 receptis;
1102 1601 1282 1632 secundum
1299 1607 1407 1632 actum

332 1644 563 1684 poenitentiae,
586 1653 647 1684 pro
672 1643 794 1678 offensa
818 1645 999 1674 commissa.
1024 1644 1129 1680 Unde,
1146 1646 1229 1676 sicut
1243 1646 1407 1686 religionis

334 1687 468 1728 quidam
490 1693 580 1718 actus
608 1693 655 1718 est
677 1697 923 1728 recompensare
946 1688 1116 1725 beneficia,
1147 1690 1191 1719 ita
1213 1699 1406 1730 recompen—

334 1741 403 1762 sare
425 1737 567 1773 peccata.

388 1775 430 1806 Et
453 1774 662 1807 confirmatur
684 1775 758 1806 hoc.
783 1775 869 1814 Quia
884 1777 918 1806 in
936 1777 1008 1817 lege
1023 1778 1123 1808 veteri
1146 1782 1220 1808 actu
1242 1778 1407 1818 religionis

299 1841 306 1852 ‚
334 1820 520 1861 expiabatur
534 1825 705 1861 peccatum
721 1821 751 1850 ’τ
774 1825 806 1850 et
820 1820 925 1851 David
940 1831 1000 1852 cor
1014 1822 1189 1852 contritum
1210 1827 1241 1852 et
1254 1822 1406 1853 humilia-

332 1870 412 1901 tum,
436 1863 528 1906 quod
551 1870 598 1895 est
619 1865 688 1905 ipsa
711 1863 848 1895 emenda
869 1874 930 1905 pro
953 1871 1106 1906 peccato,
1129 1867 1327 1908 sacrificium
1351 1876 1407 1907 ap-

357 1909 433 1941 ellat
447 1910 475 1940 ⁴.

332 1919 356 1951 Ρ
389 1953 443 1985 IV.
466 1953 519 1985 Ad
542 1952 736 1984 evidentiam
762 1954 859 1984 huius
882 1953 1094 1992 difficultatis,
1124 1955 1336 1986 recolendum
1360 1961 1407 1986 est

334 1997 425 2040 quod
453 2007 523 2029 non
548 1998 681 2029 vertitur
711 1999 744 2028 in
772 1997 909 2029 dubium
935 2008 976 2029 an
1003 2004 1092 2030 actus
1118 2000 1336 2040 poenitentiae
1367 2001 1407 2031 sit

334 2048 423 2074 actus
445 2041 612 2073 laudabilis
636 2048 668 2073 et
689 2042 870 2073 virtuosus:
896 2042 961 2079 sed,
986 2053 1026 2074 an
1050 2044 1153 2084 exigat
1168 2045 1318 2075 virtutem
1334 2054 1406 2085 spe-

333 2087 457 2124 cialem,
473 2087 517 2118 ita
541 2086 632 2127 quod
654 2087 782 2117 habitus
806 2087 875 2117 eius
898 2088 938 2117 sit
953 2087 1054 2118 virtus
1078 2087 1225 2119 distincta
1241 2099 1259 2119 a
1273 2089 1406 2129 reliquis

333 2132 512 2163 virtutibus.
547 2132 590 2162 Et
619 2131 699 2161 mihi
729 2131 862 2171 quidem
884 2131 1010 2162 videtur
1041 2132 1131 2172 quod
1153 2142 1222 2163 non
1245 2134 1285 2163 sit
1307 2134 1406 2164 virtus

334 2175 491 2212 distincta,
514 2181 648 2216 propter
674 2176 793 2215 primas
820 2176 961 2206 rationes
991 2176 1100 2207 allatas
1115 2178 1132 2194 ὅ*
1156 2187 1194 2207 ex
1217 2183 1307 2218 parte
1331 2178 1406 2208 sub-

333 2221 408 2252 iecti
438 2225 470 2251 et
493 2220 629 2257 obiecti3
661 2219 718 2250 sed
748 2219 839 2261 quod
869 2225 958 2251 actus
989 2222 1208 2262 poenitentiae
1240 2227 1287 2253 est
1317 2228 1406 2253 actus

334 2265 510 2306 religioniS.

389 2308 490 2347 Quod
512 2314 549 2339 ut
572 2308 687 2339 clarius
709 2309 915 2349 percipiatur,
940 2308 1100 2350 distingue
1116 2309 1198 2341 duos
1214 2316 1303 2341 actus
1326 2321 1406 2352 poe-

333 2354 503 2384 nitentiae:
517 2353 666 2393 alterum,
683 2352 724 2383 ad
738 2353 1053 2394 recompensandum
1069 2354 1242 2392 offensam
1259 2355 1405 2392 alterum,

334 2397 376 2428 ad
386 2397 700 2438 recompensandum
712 2397 959 2438 indulgendam;
975 2408 1052 2429 nam
1067 2399 1234 2439 peccando
1251 2405 1283 2430 et
1298 2400 1406 2431 Deum

18 2469 23 2481 -.
50 2467 52 2478 ,Ἰ
335 2440 548 2478 offendimus,
573 2443 604 2472 et
625 2442 721 2472 nobis
743 2442 817 2482 plus
839 2442 1032 2474 indulsimus
1063 2453 1162 2484 quam
1185 2443 1231 2474 fas
1255 2450 1330 2475 erat.
1365 2445 1407 2475 Et

18 2484 28 2528 {f
47 2500 54 2511 .-
334 2486 487 2527 primum,
512 2485 603 2526 quod
626 2491 673 2516 est
695 2487 908 2527 praecipuum
927 2488 962 2518 in
976 2488 1186 2528 poenitentia,
1203 2494 1337 2519 vocatur
1357 2499 1405 2520 sa-

335 2583 412 2605 nam
423 2575 450 2605 ⁴.
467 2574 596 2605 Horum
612 2579 720 2605 autem
736 2580 877 2612 actuum,
890 2581 926 2606 ut
942 2585 980 2606 ex
995 2577 1044 2607 his
1060 2586 1143 2617 quae
1159 2578 1242 2608 inter
1256 2578 1405 2608 homines

334 2610 482 2650 videmus
506 2618 546 2650 ad
569 2618 675 2649 divina
699 2619 918 2656 ascendamus,
941 2621 1065 2661 primus
1084 2622 1229 2652 consistit
1243 2623 1278 2652 in
1292 2623 1405 2659 tribus,

334 2663 456 2694 scilicet
479 2663 679 2703 displicentia
695 2663 735 2694 de
758 2663 890 2700 offensa,
908 2664 1113 2696 confessione
1128 2667 1262 2706 peccati,
1280 2672 1312 2697 et
1331 2667 1406 2697 sub-

335 2708 490 2738 missione
513 2708 563 2738 sui
589 2707 630 2738 ad
653 2707 830 2739 offensum:
867 2718 943 2739 cum
965 2709 1014 2739 his
1038 2710 1125 2740 enim
1147 2711 1248 2741 tribus
1275 2712 1408 2742 recurrit

334 2753 436 2783 homo
461 2751 501 2783 ad
523 2753 692 2783 hominem
714 2762 774 2793 pro
797 2753 908 2790 venia;
933 2758 965 2783 et
987 2754 1013 2784 si
1035 2754 1084 2784 his
1107 2764 1176 2785 non
1198 2755 1341 2795 placatur
1357 2755 1406 2786 of-

335 2795 461 2833 fensus,
493 2797 582 2827 nulla
610 2802 707 2827 restat
733 2802 819 2828 recta
841 2797 892 2828 via
920 2797 1087 2828 obtinendi
1109 2799 1406 2830 reconciliationem

391 3212 433 3250 is’
456 3213 490 3239 ν.
492 3223 528 3259 ς(
550 3211 573 3236 n
591 3210 752 3236 TERTIUM
771 3211 823 3236 sm
843 3211 1080 3237 PROCEDrrUR.
1110 3199 1272 3237 Videtur
1297 3200 1404 3248 quod

367 3227 524 3308 &³55⁴
550 3251 672 3289 virtus
691 3251 948 3301 poenitentiae
968 3264 1049 3289 non
1069 3253 1114 3289 sit
1133 3252 1279 3302 species
1300 3252 1404 3290 iusti-

359 3300 480 3379 ..iem
492 3286 523 3344 (1
551 3304 637 3342 tiae
662 3305 806 3342 Iustitia
824 3305 929 3343 enim
948 3318 1029 3343 non
1044 3314 1100 3343 est
1117 3306 1238 3343 virtus
1257 3307 1404 3343 theolo-

174 3393 181 3400 ,
399 3371 408 3385 ὸ
443 3346 497 3386 '³3³2
535 3369 645 3406 >*g1ca‚
666 3359 734 3395 sed
753 3358 919 3405 moralis,
941 3366 983 3396 ut
1002 3358 1041 3396 in
1062 3359 1241 3397 Secunda
1259 3359 1404 3396 Parte*

171 3403 182 3442 ἶ
190 3419 212 3443 ³·
305 3404 453 3459 '.patet
475 3410 714 3448 poenitentia
734 3419 865 3449 autem
883 3412 1037 3449 videtur
1054 3412 1175 3450 virtus
1194 3425 1276 3449 esse
1295 3413 1404 3450 theo-

394 3523 422 3558 α)
437 3531 515 3557 pars.
533 3538 554 3544 -
570 3525 669 3558 species
689 3526 715 3551 Ρ.

334 2529 480 2561 tisfacere
504 2529 614 2570 quoad
630 2530 774 2570 culpam:
799 2531 989 2568 secundum,
1006 2531 1186 2563 satisfacere
1202 2533 1311 2573 quoad
1325 2543 1420 2575 poe-⁴

2453 193 2523 230 301

1463 266 1588 297 offensi.
1613 266 1763 297 Secunda
1779 272 1886 297 autem
1910 267 2081 298 satisfactio
2107 271 2251 301 consistit
2266 272 2299 302 in
2315 273 2436 304 luendo
2451 283 2531 314 poe—

1462 320 1548 347 nam,
1573 315 1609 341 ut
1633 311 1716 341 clare
1739 316 1836 350 patet.

1517 355 1565 385 Ex
1588 355 1636 385 his
1661 360 1769 385 autem
1791 355 1831 385 ad
1847 354 1988 386 divinam
2003 358 2298 390 reconciliationem
2315 361 2529 398 ascendendo,

1462 398 1575 429 eadem
1598 399 1656 429 tria
1686 398 1831 429 sufficere
1859 399 2017 430 credimus
2048 400 2088 431 ad
2115 401 2254 433 divinam
2280 405 2530 437 misericordiam

1462 443 1713 484 provocandam.
1738 443 1867 474 Horum
1882 449 1990 474 autern
2006 445 2133 475 nullum
2152 446 2246 477 aliam
2261 448 2412 479 virtutem
2432 460 2530 490 quam

1462 489 1625 518 caritatem
1640 488 1895 528 religionemque
1910 489 2053 528 requirit.
2077 489 2160 519 Nam
2177 489 2374 530 displicentia
2390 493 2530 525 offensae

1460 532 1495 562 in
1518 532 1626 562 Deum
1649 537 1738 562 actus
1762 538 1809 562 est
1832 533 1977 569 caritatis,
2003 534 2094 563 cuius
2118 540 2164 564 est
2186 534 2324 574 gaudere
2341 542 2372 566 et
2388 539 2530 578 compla-

1461 585 1533 606 cere
1556 577 1590 606 in
1613 577 1703 607 bono
1728 576 1847 607 divino.
1874 576 2046 607 Confessio
2066 583 2174 608 autem
2190 581 2323 618 peccati,
2340 590 2407 611 non
2423 583 2530 613 solum

1461 621 1597 651 exterior
1620 620 1676 651 sed
1699 622 1795 651 etiarn
1818 621 1960 658 interior,
1985 627 2074 652 actus
2090 628 2137 652 est
2153 623 2315 662 religionis
2334 625 2455 664 absque
2471 627 2531 656 alia

1460 665 1577 696 virtute
1601 665 1708 695 media
1730 666 1904 705 imperatus
1928 667 2058 702 rationi,
2083 667 2174 697 cuius
2199 673 2245 698 est
2269 669 2433 699 enuntiare
2456 680 2531 710 pec-

1461 715 1578 740 catum.
1604 709 1782 740 Submissio
1807 716 1916 740 autem
1935 711 1985 740 sui
2001 710 2041 741 ad
2056 711 2163 741 Deum
2177 712 2349 762 religionis
2365 718 2453 744 actus
2470 720 2529 745 est:

1459 763 1521 784 nec
1545 753 1666 794 aliquid
1690 754 1776 784 addit
1799 755 1879 785 ratio
1903 756 2122 795 poenitentiae
2152 757 2213 786 nisi
2238 766 2380 793 causam,
2413 758 2533 789 scilicet

1454 808 1520 838 pro
1545 799 1692 839 offensa,·
1721 800 1804 829 sicut
1829 800 1909 830 ratio
1937 800 2136 840 gratitudinis
2167 800 2253 831 addit
2279 811 2344 841 pro
2368 802 2531 841 beneficio.

1515 843 1557 873 Et
1579 844 1734 883 probatur
1756 844 1890 874 ratione.
1915 844 2001 882 Quia
2023 845 2186 885 religionis
2211 848 2300 875 actus
2324 851 2370 876 est
2394 856 2461 887 quo
2479 857 2531 877 ex-

1459 887 1642 918 cellentiam
1666 887 1825 924 divinam,
1856 894 2065 929 nostramque
2097 890 2330 920 subiectionem
2361 890 2401 921 ad
2424 891 2531 922 Deum

1459 931 1660 972 profitemur.
1686 932 1749 963 Sed
1771 938 1907 973 uterque
1931 934 2067 964 istorum
2091 939 2232 970 actuum,
2257 935 2378 965 scilicet
2400 935 2532 966 interior

1459 976 1622 1007 confessio
1646 982 1678 1008 et
1692 978 1873 1008 voluntaria
1891 979 2072 1015 submissio,
2096 980 2130 1009 in
2145 979 2313 1019 utriusque
2328 979 2531 1020 professione

1459 1022 1620 1062 consistit:
1645 1032 1721 1052 nam
1745 1023 1802 1062 qui
1825 1023 1999 1064 confitetur
2012 1024 2084 1054 Deo
2109 1024 2264 1054 adversus
2282 1034 2316 1054 se
2339 1024 2531 1055 iniustitiam

1457 1075 1552 1097 suam
1568 1067 1585 1084 ⁴
1608 1067 1827 1098 submittendo
1844 1077 1888 1104 se,
1913 1074 1944 1098 et
1961 1067 2164 1099 confessione
2181 1074 2212 1098 et
2227 1069 2440 1099 submissione
2456 1070 2531 1099 sub-

1457 1111 1633 1142 iectionem
1649 1121 1742 1142 suam
1756 1110 1888 1148 fatetur;
1914 1113 2008 1143 simul
2026 1118 2057 1143 et
2074 1113 2293 1144 excellentiam
2309 1113 2460 1150 divinam,
2477 1115 2531 1144 cui

1457 1165 1491 1186 se
1515 1156 1682 1192 submittit,
1707 1157 1799 1186 cuius
1824 1157 2087 1187 excellentissima
2109 1158 2344 1198 omnipotentia
2360 1158 2528 1198 parcendo

1457 1200 1689 1242 manifestatur
1704 1202 1738 1237 θ’,
1771 1201 1890 1241 cuique
1917 1202 2090 1242 proprium
2114 1207 2162 1233 est
2183 1202 2331 1232 misereri
2352 1212 2478 1243 semper
2500 1208 2531 1233 et

1451 1254 1592 1284 parcere
1607 1246 1633 1275 ⁴.
1669 1245 1726 1275 Est
1748 1246 1844 1285 igitur
1866 1246 1948 1276 velle
1972 1247 2097 1286 operari
2130 1246 2171 1277 ad
2193 1248 2528 1287 recompensationem
2555 1259 2566 1270 ·

1457 1289 1599 1320 offensae
1622 1290 1752 1330 proprie
1776 1290 1858 1326 Deo,
1883 1291 2046 1331 religionis
2069 1296 2158 1322 actus
2183 1291 2317 1322 elicitus.

1512 1334 1554 1364 Et
1577 1333 1797 1365 confirmatur.
1822 1335 1908 1373 Quia
1922 1336 2021 1366 virtus
2037 1336 2256 1375 poenitentiae
2271 1346 2340 1367 non
2356 1342 2403 1367 est
2418 1337 2528 1373 virtus,

1457 1383 1493 1408 ut
1515 1378 1598 1409 infra
1613 1380 1629 1395 ⁴
1652 1379 1789 1419 patebit,
1814 1380 1986 1420 acquisita,
2011 1380 2067 1411 sed
2090 1380 2212 1417 infusa;
2248 1390 2316 1411 non
2344 1391 2382 1411 ex
2404 1382 2528 1412 ratione

1456 1424 1610 1459 naturali,
1639 1423 1695 1454 sed
1718 1434 1756 1454 ex
1778 1424 1902 1455 lumine
1926 1424 2052 1455 divinae
2075 1425 2278 1456 revelationis
2300 1426 2367 1456 vim
2390 1426 2528 1462 habens;

1457 1467 1640 1508 eodemque
1665 1478 1760 1499 cursu
1784 1478 1851 1508 quo
1875 1469 1986 1509 religio
2011 1470 2107 1500 currit
2138 1475 2278 1510 accepta.
2314 1470 2350 1500 In
2374 1470 2465 1500 cuius
2488 1471 2529 1501 si-

1456 1522 1568 1552 gnum,
1592 1513 1676 1543 inter
1698 1519 1869 1553 praecepta
1891 1514 2053 1554 religionis
2076 1515 2120 1544 ita
2143 1520 2217 1544 sunt
2240 1514 2394 1545 sacrificia
2412 1520 2444 1545 et
2459 1524 2529 1546 ora-

1456 1557 1561 1587 tiones
1584 1567 1644 1597 pro
1668 1558 1808 1597 peccatis
1832 1558 1914 1588 sicut
1936 1568 1996 1598 pro
2020 1558 2194 1589 beneficiis.

1512 1601 1581 1631 Nec
1611 1607 1783 1641 propterea
1813 1603 1976 1642 arguimus
1999 1603 2187 1633 Auctorem.
2222 1603 2388 1641 Quoniam
2415 1613 2529 1634 verum

1457 1650 1504 1675 est
1516 1646 1761 1685 ‚poenitentiam
1785 1656 1853 1677 esse
1877 1646 2048 1686 specialem
2064 1648 2225 1683 virtutem,
2249 1648 2354 1678 latiori
2369 1648 2528 1678 vocabulo

1456 1689 1591 1720 utendo.
1627 1690 1696 1720 Nec
1727 1691 1792 1720 hoc
1822 1691 1942 1721 mirum
1965 1690 2110 1721 videatur
2134 1691 2239 1727 alicui,
2272 1697 2327 1722 aut
2349 1702 2471 1722 novum
2496 1693 2530 1722 in

1456 1733 1603 1764 doctrina
1625 1734 1796 1764 Auctoris:
1822 1735 1979 1775 quoniam
1995 1736 2027 1765 in
2044 1735 2249 1775 praecedenti
2272 1736 2370 1766 Libro
2387 1737 2403 1753 ⁴*
2427 1736 2530 1767 simile

1458 1777 1538 1818 quid
1569 1784 1719 1818 apparet,
1751 1778 1830 1809 dum
1853 1780 1958 1819 posita
1982 1785 2029 1810 est
2051 1780 2213 1820 virginitas
2244 1781 2389 1820 specialis
2411 1781 2529 1816 virtus,

1458 1832 1543 1862 quae
1565 1828 1675 1853 tamen
1690 1833 1758 1854 non
1775 1829 1822 1854 est
1837 1825 1899 1854 nisi
1921 1824 2033 1864 religio
2058 1823 2267 1855 determinata
2283 1824 2323 1855 ad
2337 1830 2404 1855 tam
2427 1825 2530 1855 excel-

1457 1867 1580 1898 lentem
1602 1868 1780 1898 materiam.

1513 1912 1552 1942 V.
1576 1912 1734 1952 Reliquus
1758 1922 1834 1943 vero
1858 1918 1947 1943 actus
1963 1914 2191 1953 poenitentiae,
2216 1913 2336 1944 scilicet
2351 1913 2530 1945 satisfacere

1459 1955 1570 1997 quoad
1581 1966 1723 1997 poenam
1734 1957 1761 1992 ⁴,
1773 1962 1882 1997 potest
1896 1958 1976 1997 poni
1991 1963 2080 1988 actus
2096 1958 2258 1998 religionis
2274 1958 2448 1998 imperatus
2462 1969 2530 1989 me-

1458 2000 1565 2031 diante
1587 2001 1704 2032 virtute
1727 2000 1939 2032 vindicativae
1962 2002 2100 2033 iustitiae
2115 2003 2320 2042 participatae
2339 2003 2373 2033 in
2389 2003 2529 2039 subdito,

1457 2045 1500 2075 ita
1517 2045 1607 2086 quod
1626 2051 1778 2086 peccator
1800 2046 1913 2086 puniat
1929 2056 1962 2076 se
1979 2047 2070 2086 quasi
2092 2047 2236 2077 minister
2252 2047 2313 2077 Dei
2329 2047 2528 2078 vindicantis.

1513 2090 1623 2120 Potest
1639 2091 1735 2120 etiarn
1751 2091 1832 2130 poni
1847 2096 1936 2121 actus
1952 2091 2114 2131 religionis
2126 2090 2320 2126 immediate,
2333 2101 2393 2131 pro
2407 2098 2528 2132 quanto

1456 2134 1568 2174 religio
1592 2135 1662 2174 ipsa
1685 2134 1826 2165 debitam
1848 2144 1990 2175 poenam
2014 2135 2159 2172 exsolvit,
2183 2141 2220 2166 ut
2242 2135 2425 2175 perficiatur
2440 2138 2530 2167 satis-

1457 2177 1555 2209 factio
1579 2177 1686 2209 debita
1709 2189 1728 2209 a
1749 2178 1818 2209 filio
1842 2189 2001 2220 servoque
2024 2180 2168 2210 Domino
2186 2190 2222 2210 ac
2237 2180 2338 2210 Patri:
2362 2181 2426 2211 hoc
2442 2182 2529 2212 enim

1456 2223 1580 2253 iustum
1603 2223 1783 2254 secundum
1807 2223 1886 2263 quid
1908 2224 2020 2264 religio
2045 2224 2179 2254 attendit
2201 2225 2284 2255 inter
2306 2225 2474 2256 hominem
2498 2231 2529 2256 et

1457 2267 1576 2303 Deum,
1601 2277 1677 2298 cum
1700 2268 1822 2298 iustum
1845 2268 2031 2308 simpliciter
2055 2278 2123 2299 esse
2146 2274 2298 2309 nequeat.

1513 2312 1609 2342 Potes
1633 2317 1741 2342 autem
1764 2313 1929 2352 percipere
1944 2313 2027 2343 hanc
2043 2322 2177 2353 quoque
2192 2312 2441 2344 sa‘n'sfactionem
2457 2314 2528 2354 spe-

1458 2361 1543 2386 ctare
1567 2355 1607 2387 ad
1630 2357 1830 2396 religionem,
1855 2366 1893 2387 ex
1913 2367 1952 2387 eo
1977 2357 2066 2398 quod
2089 2357 2266 2388 nonnullus
2282 2358 2387 2388 cultus
2411 2364 2458 2389 est
2481 2358 2528 2389 di-

1457 2401 1551 2431 vinae
1574 2401 1780 2431 excellentiae
1804 2411 1842 2431 ex
1865 2407 1973 2432 nostra
1996 2402 2205 2438 subiectione,
2222 2407 2258 2432 ut
2273 2402 2452 2434 voluntarie
2467 2404 2528 2433 hu-

1457 2445 1600 2476 iusmodi
1630 2455 1753 2486 poenas
1784 2445 1956 2476 offeramus
1986 2447 2015 2477 ei
2048 2456 2108 2487 pro
2139 2447 2298 2487 usurpatis
2332 2452 2444 2478 contra
2474 2453 2529 2478 aut

1457 2495 1582 2531 praeter
1604 2490 1807 2520 voluntatem
1830 2490 1982 2521 divinam.

1512 2534 1566 2564 VI.
1591 2534 1633 2565 Et
1655 2535 1735 2565 haec
1759 2534 1799 2565 de
1822 2535 1882 2565 hac
1905 2534 2091 2566 difficultate
2115 2534 2199 2566 dicta
2222 2534 2391 2566 sufficiant.
2414 2536 2528 2567 Prose-

1458 2588 1597 2619 quemur
1612 2579 1645 2609 in
1661 2579 1870 2619 sequentibus
1885 2584 2054 2610 tractatum
2070 2579 2109 2610 de
2121 2580 2321 2620 poenitentia
2336 2590 2373 2610 ea
2389 2579 2526 2611 dicendo

1458 2633 1541 2663 quae
1557 2629 1640 2654 stant
1656 2633 1732 2654 cum
1748 2628 1885 2664 utraque
1901 2625 2071 2664 opinione:
2088 2624 2209 2654 scilicet
2225 2624 2315 2664 quod
2329 2625 2528 2665 poenitentia

1458 2668 1497 2698 sit
1520 2677 1586 2698 una
1607 2662 1708 2698 virtus
1730 2677 1789 2708 per
1811 2677 1846 2698 se
1869 2667 2017 2699 distincta
2039 2679 2058 2699 a
2079 2669 2226 2709 reliquis;
2251 2674 2282 2699 et
2301 2668 2391 2709 quod
2413 2671 2527 2709 poeni-

1458 2712 1559 2742 tentia
1581 2712 1742 2743 coincidat
1765 2722 1840 2742 cum
1860 2713 2015 2752 religione
2031 2713 2169 2743 totaliter
2185 2718 2239 2743 aut
2254 2713 2479 2753 principaliter,
2497 2720 2528 2744 et

1460 2765 1535 2786 cum
1550 2757 1669 2787 iustitia
1684 2756 1766 2787 forte
1777 2756 1969 2788 vindicativa
1980 2767 2038 2788 seu
2054 2758 2283 2788 commutativa
2295 2757 2404 2798 quoad
2419 2763 2526 2788 actum

1460 2800 1696 2831 secundarium.

1144 2945 1464 2988 ARTICULUS
1493 2946 1725 2989 TERTIUS

823 3038 979 3070 UTRUM
1002 3038 1161 3070 VIR‘rus
1184 3038 1512 3070 POENITENTIAE
1536 3040 1602 3071 SIT
1627 3040 1800 3072 SPECIES
1823 3041 2041 3072 IUSTITIAE

1020 3118 1055 3143 1V
1074 3119 1158 3148 Sent„
1178 3118 1237 3144 dist.
1256 3126 1306 3150 xxv,
1325 3127 1371 3152 qu.
1389 3127 1407 3151 1,
1427 3125 1474 3145 art.
1495 3126 1519 3151 1,
1538 3120 1589 3152 qu·
1607 3128 1634 3152 4,
1653 3121 1685 3145 ad
1703 3128 1735 3152 4;
1755 3121 1805 3153 qu*
1826 3120 1850 3146 5.

1458 3200 1592 3248 logica,
1622 3201 1713 3250 quia
1741 3201 1858 3238 habet
1884 3203 2014 3239 Deum
2042 3214 2114 3251 pro
2148 3202 2319 3239 obiecto:
2350 3202 2526 3239 satisfacit

1459 3253 1563 3290 enim
1578 3254 1676 3301 Deo,
1693 3254 1755 3291 cui
1774 3253 1890 3292 etiam
1910 3255 2127 3292 reconciliat
2145 3263 2400 3315 peccatorem.
2422 3256 2524 3304 Ergo

1457 3306 1611 3344 videtur
1638 3307 1746 3356 quod
1773 3307 2009 3357 poenitentia
2032 3321 2112 3345 non
2132 3308 2178 3345 sit
2196 3321 2284 3358 pars
2305 3314 2322 3330 ‘²
2349 3308 2523 3346 iustitiae.

1513 3372 1547 3396 2.
1578 3361 1817 3407 ΡΒΑΕΤΕΗΕΑ,
1847 3361 1998 3408 iustitia,

2556 1072 2767 1101 ·Ps.xxx1,vers.5.

2556 1206 2566 1216 ·
2575 1205 2670 1227 Collect.
2684 1206 2753 1227 Dom.

2555 1231 2576 1253 X
2608 1236 2645 1253 ost
2662 1232 2753 1254 Pentec.

2612 1259 2672 1280 lieet.
2682 1259 2706 1280 in
2716 1259 2755 1281 die

2557 1284 2647 1307 Obitus.

2555 1386 2566 1396 ·
2577 1385 2628 1407 Art.
2644 1385 2666 1407 6.
2682 1385 2754 1407 Com-

2555 1415 2627 1434 ment.
2651 1418 2715 1434 num.
2737 1418 2754 1433 11

2556 1444 2607 1466 sqq.

2556 1740 2567 1751 ·
2587 1739 2622 1760 n⁸
2642 1739 2703 1765 11⁵⁶,
2728 1745 2767 1767 qu.

2557 1772 2609 1793 απ,
2624 1769 2666 1787 art.
2681 1772 2700 1793 3.

2556 1963 2567 1974 ·
2588 1962 2624 1984 Cf.
2646 1968 2711 1984 num.
2733 1969 2766 1989 ιν,

2557 1989 2626 2016 Quod
2640 1992 2671 2011 ut.

2550 3339 2602 3361 ·.Cf
2608 3339 2680 3361 Arist.
2686 3338 2761 3360 Etlnc.

2028 3374 2120 3399 cum
2148 3362 2193 3398 sit
2215 3361 2336 3399 virtus
2355 3361 2522 3408 moralis,
2549 3365 2638 3420 {gf-¹151}
2643 3372 2708 3414 ,ξιξ
2715 3372 2761 3414 th3

1458 3413 1628 3450 consistit
1646 3413 1685 3450 in
1705 3414 1835 3451 medio
1850 3414 1880 3451 ²⁸.
1905 3415 1982 3452 Sed
2000 3414 2234 3465 poenitentia
2255 3427 2336 3452 non
2355 3415 2524 3452 consistit
2549 3419 2601 3441 ¹⁶01·
2617 3425 2654 3440 ‘¹¹¹-
