2878 4088
479 212 539 238 xvi

482 280 576 311 fecit:
606 277 766 309 secundae
789 285 883 307 curae
901 275 1077 306 inauditam
1105 274 1354 314 transcriptionis
1374 271 1544 303 erroneita-

482 330 548 355 tem
571 322 718 364 profecto
741 321 967 351 sublevassent.
992 319 1055 350 Sed
1078 328 1137 348 nec
1161 319 1194 348 in
1217 319 1280 348 hoc
1304 318 1361 347 sibi
1385 315 1544 346 dissimilis

483 374 546 404 est;
572 367 681 398 omnia
697 365 783 406 apud
802 375 877 396 eum
901 364 1056 399 festinata,
1073 363 1257 403 praecipitia
1281 367 1311 391 et
1334 361 1436 390 subita
1453 364 1542 388 sunt:

483 412 658 452 analyzare,
675 411 780 446 citare,
800 410 915 449 legere,
939 409 1083 444 scribere,
1109 407 1280 445 corrigere,
1302 414 1402 439 mens,
1420 402 1543 437 oculus,

485 457 634 488 calamus.
659 455 735 486 Post
750 459 798 484 tot
816 454 896 484 mira
918 453 981 482 iam
1005 462 1070 482 non
1091 452 1243 480 miramur
1265 451 1466 479 immaturam
1489 455 1546 486 pe-

484 502 600 531 tiarum
624 499 808 530 editionem.

551 589 568 626 §
592 587 622 617 6.
647 586 706 617 DE
728 582 1011 616 RECENSIONIS
1034 579 1236 611 NOSTRAE
1268 575 1479 608 CRITERIIS

539 677 592 716 45.
609 693 629 698 —
653 675 828 713 Postquam
858 678 1038 700 sermonem
1062 674 1126 697 tam
1153 667 1287 705 longum
1317 664 1356 694 de
1387 661 1544 692 erroribus

488 719 711 761 Supplementi
740 716 925 750 habuimus,
949 723 1015 743 non
1039 711 1150 741 inutile
1174 709 1254 739 forte
1279 709 1336 738 erit
1365 706 1544 740 advertere,

487 763 693 797 concordiam
709 761 885 791 lectionum
909 756 1128 797 Supplementi
1146 759 1176 783 et
1193 751 1424 782 Commentarii
1439 750 1543 779 multo

486 810 641 841 maiorem
665 815 731 836 esse
748 813 845 844 quam
868 801 1066 835 discordiam,
1083 799 1147 828 sive
1172 796 1425 835 Compilatorem
1440 793 1544 823 multo

486 854 603 895 pluries
624 852 705 881 bene
728 848 886 887 scripsisse
903 854 998 885 quam
1014 843 1106 873 male.
1127 843 1153 872 E
1170 846 1298 871 centum
1318 839 1420 868 verbis
1442 847 1544 868 unum

487 898 568 928 forte
593 900 729 926 erratum
753 897 808 926 est,
833 891 858 920 si
881 889 981 919 demis
1005 895 1125 917 errores
1147 884 1347 915 minusculos
1371 888 1402 912 et
1425 882 1544 918 fatales,

487 951 568 982 quos
591 939 697 969 nullus
721 936 854 974 scriptor
869 941 1012 972 unquam
1035 932 1131 960 vitare
1147 929 1262 969 potuit.
1287 928 1334 957 Ex
1353 927 1415 956 hoc
1440 927 1546 966 sequi-

486 992 536 1016 tur
562 988 683 1013 textum
707 978 938 1018 Supplementi‚
955 982 1019 1005 tam
1042 975 1156 1004 misere
1181 977 1368 1011 corruptum
1387 976 1424 1001 ut
1443 970 1544 1001 modo

486 1008 720 1068 explicavimus,
737 1029 843 1052 tamen
866 1030 924 1060 pro
949 1024 1036 1059 parte
1060 1019 1154 1056 longe
1179 1016 1291 1046 maiori
1318 1014 1457 1045 eundem
1477 1025 1545 1045 esse

486 1083 521 1103 ac
541 1076 662 1100 textum
686 1066 802 1098 codicis
827 1074 893 1104 quo
917 1073 993 1093 usus
1018 1062 1218 1101 Compilator
1241 1065 1364 1089 textum
1387 1061 1547 1099 petiarum

486 1113 677 1154 composuit.
694 1129 715 1134 —
739 1110 853 1140 Utrum
869 1117 944 1137 vero
970 1112 1000 1136 et
1023 1107 1139 1145 quibus
1163 1105 1241 1135 locis
1266 1103 1439 1134 concordia
1463 1104 1545 1144 Sup-

484 1157 636 1200 plementi
660 1160 693 1185 et·
714 1152 944 1184 Commentarii
968 1150 1126 1180 discordet
1149 1159 1166 1178 a
1190 1154 1293 1179 cetera
1323 1148 1419 1178 huius
1450 1148 1545 1179 tradi-

483 1205 581 1237 tione,
597 1200 642 1230 illi
658 1199 757 1229 scient
773 1197 828 1236 qui
844 1205 903 1225 suo
924 1202 1069 1234 tempore
1090 1193 1292 1223 traditionem
1308 1193 1544 1223 scrutabuntur.

483 1246 648 1278 Audemus
666 1249 772 1273 tamen
797 1239 922 1270 credere
946 1240 1098 1269 lectiones
1123 1238 1211 1275 CQL
1235 1242 1367 1277 propter
1389 1238 1547 1268 internam

483 1291 658 1322 bonitatem
675 1287 768 1317 etiam
784 1290 860 1315 tunc
877 1284 1070 1314 auctoritatis
1086 1283 1184 1312 robur
1199 1282 1358 1312 habituras
1375 1291 1453 1312 esse.

537 1334 590 1372 46.
603 1351 624 1355 —
641 1332 725 1369 Quia
740 1331 772 1360 in
790 1327 914 1359 edendo
941 1328 1172 1367 Supplemento
1190 1336 1307 1366 scopus
1323 1332 1432 1356 noster
1446 1326 1548 1366 magis

483 1384 604 1409 textum
615 1377 645 1407 S.
657 1375 802 1405 Thomae
813 1382 910 1414 quam
921 1372 1148 1412 Compilatoris
1159 1371 1356 1411 respiciebat,
1367 1381 1436 1401 non
1447 1371 1547 1411 parati

484 1431 607 1454 eramus
623 1419 773 1459 adoptare
790 1417 947 1457 quidquid
962 1418 1014 1447 hic
1033 1417 1216 1455 scripsisset.
1240 1416 1415 1455 Postquam
1440 1421 1548 1446 autem

484 1467 612 1498 collatio
630 1463 809 1494 ostenderat
826 1472 922 1502 quarn
939 1461 1122 1502 frequenter
1137 1462 1204 1491 eius
1220 1465 1323 1490 textus
1339 1460 1430 1490 malis
1442 1465 1549 1490 utatur

484 1509 729 1544 conditionibus,
746 1516 787 1537 ne
811 1506 999 1545 expediisset
1023 1506 1154 1545 quidem
1178 1506 1247 1535 eius
1271 1515 1354 1545 opus
1377 1505 1464 1535 illico
1488 1514 1548 1534 no-

482 1562 582 1587 strum
605 1554 717 1584 facere.
742 1551 817 1581 Ideo
841 1552 922 1581 inter
939 1561 975 1580 ea
999 1560 1081 1590 quae
1098 1550 1129 1581 S.
1147 1550 1294 1580 Thomae
1312 1556 1386 1580 sunt
1410 1554 1441 1579 et
1464 1558 1548 1588 quae

484 1598 710 1639 Compilatoris
726 1597 768 1626 ita
788 1595 1047 1635 distinguendum
1064 1600 1138 1630 erat,
1155 1599 1191 1625 ut
1207 1594 1364 1635 analyses,
1382 1594 1548 1624 citationes

485 1651 515 1675 et
530 1653 635 1674 rerum
652 1641 731 1672 ordo
747 1645 913 1671 manerent
929 1641 1011 1669 sicut
1033 1639 1236 1679 Compilator
1252 1648 1319 1669 esse
1335 1638 1448 1674 voluit,
1465 1638 1550 1668 salva

484 1689 640 1719 rarissima
663 1685 860 1717 correctione
872 1695 879 1721 ;
899 1685 954 1714 ubi
966 1693 1043 1713 vero
1057 1684 1096 1714 de
1113 1684 1259 1714 oratione
1271 1683 1302 1714 S.
1316 1683 1464 1714 Thomae
1477 1692 1550 1723 age-

484 1739 579 1769 retur,
594 1730 794 1771 Compilator
805 1730 908 1769 legem
925 1738 991 1758 non
1009 1727 1112 1765 ferret,
1130 1728 1184 1759 sed
1204 1729 1310 1768 aliqua
1326 1727 1424 1758 editio
1449 1726 1550 1758 Com-

483 1777 638 1812 mentarii,
661 1785 742 1815 quae
758 1775 854 1804 libera
871 1778 951 1803 esset
968 1783 985 1802 a
1009 1774 1080 1803 crisi
1103 1772 1331 1803 modernarum
1348 1777 1379 1803 et
1395 1783 1413 1803 a
1424 1771 1549 1802 mendis

485 1822 626 1857 infinitis,
640 1821 755 1860 quibus
771 1819 890 1858 primae
908 1817 1064 1848 editiones
1081 1818 1225 1848 criticum
1241 1817 1398 1858 impedire
1414 1825 1550 1847 consue-

483 1871 605 1897 verunt.
635 1865 796 1904 Elegimus
827 1862 1001 1892 editionem
1024 1863 1099 1892 anni
1119 1863 1213 1898 1520,
1230 1862 1382 1902 Lugduni
1409 1875 1422 1888 «
1443 1862 1550 1902 auspi-

485 1913 535 1942 cio
559 1908 706 1941 honorati
729 1908 786 1937 viri
810 1907 916 1937 Iacobi
948 1905 1068 1936 Giunta
1092 1916 1129 1937 ex
1153 1906 1264 1937 edibus
1293 1906 1401 1937 Iacobi
1423 1911 1503 1947 myt.
1531 1919 1546 1933 »

483 1957 576 1986 Hanc
599 1963 674 1993 ergo
695 1951 867 1982 editionem
885 1950 1042 1981 beneficio
1066 1960 1170 1981 novae
1187 1951 1366 1981 collationis
1390 1955 1421 1981 et
1439 1960 1550 1981 recen-

484 2000 582 2030 sionis
613 2002 754 2032 auctam,
779 1997 893 2026 iterum
917 1997 950 2026 in
974 1994 1076 2025 forma
1100 1995 1323 2036 Supplementi
1352 1994 1493 2032 edimus,
1519 2000 1550 2026 et

486 2053 567 2084 quae
591 2042 630 2073 de
653 2046 740 2072 textu
765 2041 949 2070 authentico
974 2039 1202 2080 Compilatoris
1226 2045 1421 2080 supererant,
1437 2040 1471 2070 in
1495 2049 1550 2080 ap-

483 2093 594 2130 paratu
618 2086 756 2126 reposita
778 2090 862 2115 sunt.
878 2103 900 2107 —
923 2085 998 2115 Non
1015 2094 1098 2124 opus
1115 2090 1162 2115 est
1181 2094 1315 2115 monere
1332 2084 1423 2124 quod
1445 2090 1549 2115 textus

483 2134 567 2164 illius
592 2131 755 2165 editionis,
781 2135 811 2159 et
836 2130 974 2159 cuiusvis
1007 2129 1104 2165 aliae,
1130 2139 1147 2159 e
1171 2139 1331 2160 consensu
1355 2139 1431 2159 cum
1461 2134 1549 2159 textu

485 2176 712 2216 Compilatoris
728 2183 767 2204 eo
791 2175 861 2214 ipso
882 2174 1104 2213 antiquitatem
1127 2175 1240 2214 recipit
1256 2174 1444 2214 exemplaris
1460 2173 1550 2214 quod

484 2222 537 2252 ille
560 2230 655 2260 supra
677 2220 816 2250 chartam
840 2219 997 2258 petiarum
1021 2228 1149 2248 suarum
1173 2219 1381 2259 transcripsit,
1405 2223 1437 2248 et
1459 2218 1549 2258 quod

484 2267 539 2296 ubi
562 2270 665 2295 textus
689 2262 879 2298 discordant,
900 2263 1004 2293 donec
1020 2269 1124 2293 textus
1141 2263 1375 2293 Commentarii
1398 2263 1550 2293 stabiliter

484 2310 636 2346 firmetur,
659 2308 785 2338 interim
810 2317 923 2337 omnes
947 2308 1103 2338 editiones
1127 2317 1185 2348 per
1203 2313 1325 2338 textum
1349 2313 1495 2338 nostrum
1519 2313 1551 2338 et

483 2360 594 2385 notam
616 2353 804 2383 variantium
827 2353 1000 2392 aequaliter
1022 2352 1238 2382 moderantur.

538 2408 591 2438 47.
608 2415 628 2420 -
643 2397 832 2427 Perversitas
848 2402 951 2426 textus
976 2397 1139 2437 originalis
1155 2397 1379 2437 Supplementi
1397 2406 1458 2426 nos
1481 2405 1548 2426 non

487 2449 642 2482 quantum
659 2442 760 2481 prima
774 2440 853 2471 facie
869 2441 1028 2471 videretur
1042 2441 1218 2481 impedivit.
1244 2441 1279 2471 ln
1291 2451 1324 2472 re
1341 2441 1447 2472 critica
1463 2441 1549 2470 enim

485 2486 639 2517 lectiones
662 2486 713 2516 vel
743 2486 848 2516 verius
871 2487 1044 2525 scripturae
1075 2496 1225 2516 erroneae
1250 2495 1287 2516 ea
1315 2486 1386 2525 lege
1415 2490 1551 2516 utuntur

487 2537 523 2561 ut
538 2536 653 2561 vexent
672 2536 702 2560 et
717 2531 835 2560 iuvent.
859 2530 983 2560 Vexant
1001 2540 1086 2566 eum,
1104 2531 1169 2570 qui,
1187 2540 1224 2560 ex
1241 2540 1376 2560 erroneo
1392 2530 1443 2560 vel
1458 2530 1549 2560 nullo

486 2575 657 2606 verborum
673 2584 767 2605 sensu
784 2584 949 2604 erroneam
966 2575 1243 2615 transcriptionem
1260 2575 1435 2614 suspicans,
1452 2574 1550 2604 alium

486 2624 599 2649 testem
628 2629 725 2660 quem
755 2619 934 2658 interpellet
966 2619 1051 2649 adire
1079 2629 1147 2650 non
1176 2625 1283 2660 potest
1313 2624 1344 2649 et
1373 2618 1549 2649 lectionem

490 2669 638 2703 corrupte
655 2663 871 2703 transcriptam
895 2673 952 2703 per
967 2673 1000 2693 se
1024 2664 1243 2694 coniecturare
1264 2668 1394 2694 coactus
1418 2668 1474 2693 est.
1499 2663 1550 2693 Iu-

486 2713 561 2737 vant
591 2713 697 2737 autem
724 2708 847 2747 egregie
878 2707 916 2738 ad
949 2707 1180 2747 dignoscendas
1210 2718 1299 2738 veras
1330 2707 1485 2738 lectiones
1509 2707 1548 2737 ab

487 2751 596 2781 alienis
612 2752 871 2782 correctionibus.
906 2752 1007 2782 Nobis
1023 2762 1099 2782 vero
1120 2752 1218 2783 editio
1235 2752 1469 2783 Commentarii
1484 2751 1550 2782 fere

487 2796 607 2835 ubique
619 2796 740 2826 clavem
752 2796 906 2836 praebuit,
920 2805 1001 2835 quae
1013 2806 1112 2836 parvo
1126 2797 1235 2827 labore
1247 2802 1357 2827 nostro
1370 2806 1430 2836 pro
1443 2805 1549 2827 errore

487 2840 640 2870 materiali
657 2840 883 2879 Compilatoris
906 2840 1078 2871 lectionem
1095 2841 1282 2881 exemplaris
1299 2841 1367 2871 eius
1382 2841 1549 2871 reserabat.

490 2883 535 2913 lta
556 2883 676 2914 factum
693 2889 739 2915 est
753 2890 789 2914 ut
804 2884 938 2914 mendae
954 2885 1144 2925 scriptionis,
1162 2895 1244 2925 quae
1264 2894 1414 2925 magnam
1431 2884 1550 2915 discor-

491 2927 559 2958 diae
583 2934 705 2968 partem
729 2927 886 2965 efficiunt,
910 2929 1010 2968 magis
1040 2929 1219 2969 profuerint
1249 2939 1346 2969 quarn
1370 2928 1549 2960 obfuerint:

490 2971 567 3002 dum
582 2973 700 3003 scilicet
715 2982 774 3012 pro
799 2982 903 3003 errore
917 2983 1024 3003 veram
1047 2974 1220 3004 lectionem
1240 2974 1381 3004 nancisci
1401 2983 1469 3004 non
1485 2979 1551 3004 erat

490 3015 625 3052 difficile,
642 3026 728 3046 error
742 3017 821 3056 ipse,
838 3022 874 3048 ut
897 3017 973 3047 alter
996 3019 1093 3054 testis,
1110 3019 1209 3049 textui
1233 3019 1382 3058 antiquae
1403 3018 1551 3049 editionis

490 3059 720 3091 Commentarii
732 3061 850 3091 addidit
861 3061 1080 3092 auctoritatem
1092 3067 1202 3092 contra
1213 3062 1383 3093 modernas
1394 3062 1550 3093 editiones

491 3109 521 3134 et
544 3103 773 3136 Commentarii
797 3111 827 3135 et
850 3105 1081 3145 Supplementi.
1106 3106 1189 3136 Nam
1212 3107 1367 3137 lectiones
1382 3107 1467 3137 illius
1483 3106 1550 3137 edi-

489 3148 584 3178 tionis
607 3149 672 3179 sive
694 3155 778 3180 recte
802 3150 867 3179 sive
891 3155 1039 3189 corrupte
1063 3152 1196 3190 scriptae
1220 3152 1282 3181 sint
1304 3160 1361 3191 per
1385 3150 1550 3191 Compila-

489 3195 603 3227 torem,
619 3198 772 3232 usurpant
794 3193 957 3233 privilegia
979 3194 1098 3225 codicis
1123 3205 1139 3225 e
1164 3204 1229 3235 quo
1255 3205 1306 3226 eas
1330 3195 1504 3235 descripsit.

544 3234 597 3273 48.
614 3253 634 3258 -
650 3236 725 3267 Non
740 3242 805 3267 tarn
821 3243 1007 3277 promptum
1023 3244 1244 3279 paratumque,
1262 3240 1363 3270 immo
1380 3239 1550 3280 desperan-

494 3277 571 3308 dum
587 3285 652 3309 erat
674 3279 842 3310 discrimen
864 3282 946 3311 inter
968 3283 1034 3311 veri
1056 3284 1196 3313 nominis
1223 3285 1388 3314 variantes.
1409 3283 1552 3315 Tacente

493 3322 617 3353 criterio
641 3324 765 3354 imerno
790 3334 910 3360 sensus,
926 3325 1080 3356 iudicium
1104 3326 1297 3358 differentiae
1317 3327 1552 3368 expectandum

494 3371 540 3395 est
555 3366 593 3395 ab
616 3366 758 3397 ulteriori
782 3367 1012 3399 Commentarii
1032 3370 1211 3402 collatione.
1243 3372 1371 3402 Interim
1395 3372 1551 3403 sententia

493 3408 652 3448 dependet
674 3420 692 3441 a
712 3411 918 3451 praeiudicio,
936 3413 1024 3452 quod
1039 3414 1178 3454 gignitur
1201 3425 1238 3446 ex
1261 3416 1392 3446 scientia
1412 3415 1552 3456 generali

493 3452 716 3485 habitudinum
739 3460 770 3485 et
791 3464 920 3486 morum
944 3455 1180 3496 Compilatoris.
1209 3459 1294 3496 Quia
1318 3461 1404 3490 enim
1428 3464 1552 3491 constat

493 3496 528 3526 in
552 3496 782 3537 Supplemento
807 3500 978 3530 enormiter
1001 3502 1155 3532 omissum
1180 3511 1257 3539 esse,
1277 3503 1351 3534 ideo
1375 3504 1431 3534 ubi
1453 3503 1552 3535 editio

491 3540 566 3580 plus
589 3541 683 3572 habet
705 3542 986 3582 praeiudicandum
1011 3550 1057 3575 est
1080 3554 1138 3584 pro
1163 3545 1302 3578 editione
1318 3553 1428 3578 contra
1451 3547 1552 3579 Com·

1596 269 1775 310 pilatorem.
1796 266 1882 303 Quia
1894 266 1990 295 etiarn
2005 269 2131 295 constat
2145 273 2241 304 saepe
2256 269 2417 295 mutatum
2429 273 2497 294 esse
2509 264 2546 294 in
2560 265 2664 304 peius,

1597 314 1682 349 ideo,
1699 313 1724 341 si
1741 319 1807 350 quo
1825 318 1900 339 casu
1917 308 2119 348 Compilator
2134 308 2216 338 bene
2233 308 2308 348 legit
2323 307 2380 338 sed
2398 307 2487 338 aliter
2502 317 2540 338 ac
2554 307 2664 342 editio,

1597 358 1650 387 ille
1673 355 1847 386 lectionem
1870 352 1991 382 codicis
2021 353 2071 382 sui
2092 352 2210 382 habere
2234 357 2267 382 et
2295 352 2429 382 editioni
2451 357 2517 385 tam
2546 352 2666 386 iuniori

1597 399 1778 440 praevalere
1793 397 1928 427 videtur.
1953 395 2026 431 Sed,
2041 397 2124 426 sicut
2139 395 2175 426 fit
2198 396 2325 436 quoties
2341 405 2359 426 e
2374 397 2506 427 scientia
2526 397 2667 436 generali

1598 443 1718 483 aliquid
1734 440 1959 472 deducendum
1976 445 2032 476 est,
2049 440 2083 470 in
2099 440 2213 480 quovis
2237 450 2312 471 casu
2327 441 2479 480 singulari
2497 441 2666 472 conclusio

1598 485 1818 517 reformationi
1847 484 1989 514 obnoxia
2016 489 2072 514 est.
2106 484 2155 514 Ex
2177 485 2237 514 hac
2267 489 2359 524 parte
2385 485 2530 516 recensio
2557 490 2666 517 nostra

1598 540 1705 560 rursus
1729 529 1845 559 multas
1859 528 2054 558 mutationes
2071 528 2189 558 obibit:
2213 527 2305 559 facile
2324 527 2394 559 fieri
2414 530 2533 569 poterit
2554 534 2591 560 ut
2613 528 2665 559 fu-

1597 580 1668 605 tura
1697 573 1826 604 collatio
1854 571 2035 602 manifestet
2057 572 2091 602 in
2121 572 2264 603 editione
2291 572 2501 613 Lugdunensi
2523 573 2664 614 idipsum

1598 627 1674 648 vero
1698 617 1798 647 textui
1821 616 1965 646 additum
1996 625 2064 646 esse
2095 616 2185 656 quod
2208 627 2226 647 a
2258 616 2480 657 Compilatore
2510 618 2666 649 omissum

1599 661 1789 692 crederetur.
1814 660 1902 691 Idem
1925 660 2099 691 dicendum
2118 660 2159 691 de
2181 661 2404 692 additamentis
2419 661 2502 692 forte
2524 671 2543 692 a
2565 661 2666 693 Com-

1597 707 1732 746 pilatore
1744 704 1907 745 profectis,
1918 704 1957 734 de
1974 704 2157 735 differentiis
2173 705 2321 736 dictionis
2336 706 2402 736 sive
2417 705 2619 743 redactionis,
2635 711 2668 737 et

1597 750 1785 790 generaliter
1800 749 1999 788 ubicumque
2014 749 2176 780 criterium
2197 750 2360 780 internum
2378 751 2536 781 non-satis
2557 749 2667 785 discri-

1598 795 1708 825 minat.
1740 794 1775 823 In
1798 794 1846 824 his
1868 794 1995 824 casibus
2016 794 2086 834 ipsa
2107 794 2346 834 impossibilitas
2379 803 2493 826 verum
2515 804 2534 825 a
2556 795 2666 835 spurio

1599 837 1799 869 discernendi
1825 838 2014 869 monstravit
2042 839 2127 869 viam
2154 839 2248 869 nobis
2278 838 2494 879 sequendam:
2519 839 2668 870 alterutra

1598 883 1706 919 lectio,
1722 883 1829 923 spuria
1852 883 1995 920 fortasse,
2018 891 2077 922 pro
2106 888 2195 914 textu
2223 883 2376 924 ponenda
2397 888 2499 920 essen
2524 883 2665 920 alteram,

1599 937 1736 968 eamque
1759 926 1842 957 forte
1863 936 1989 963 veram,
2011 928 2168 967 reciperet
2190 933 2369 968 apparatus.
2393 928 2481 958 Nihil
2502 927 2667 968 reliquum

1598 977 1654 1009 est,
1665 972 1770 1002 donec
1783 981 1916 1002 examen
1928 973 2027 1002 totius
2039 971 2217 1002 traditionis
2231 972 2463 1004 Commentarii
2474 972 2666 1003 absolvatur.

1652 1017 1815 1052 Attamen,
1832 1025 1872 1047 eo
1888 1016 1960 1056 i'pso
1985 1015 2076 1056 quod
2091 1021 2260 1047 contextus
2275 1027 2344 1048 non
2359 1016 2542 1058 suppeditat
2557 1016 2667 1047 discri-

1597 1070 1674 1091 men
1697 1060 1898 1096 variantium,
1923 1066 2129 1091 momentum
2161 1071 2271 1092 earum
2293 1071 2361 1092 non
2391 1067 2456 1093 tam
2479 1060 2520 1092 ad
2542 1066 2667 1101 partem

1599 1106 1828 1145 speculativam
1851 1114 1950 1145 quarn
1972 1105 2013 1135 ad
2031 1105 2152 1136 nudam
2175 1106 2372 1137 authentiam
2387 1110 2475 1147 patet
2496 1106 2667 1146 pertinere.

1600 1150 1664 1180 Ubi
1688 1150 1774 1180 enim
1797 1150 1921 1180 interna
1944 1150 2068 1180 criteria
2090 1150 2194 1186 silent,
2219 1151 2285 1181 sive
2309 1151 2440 1191 quando
2463 1151 2573 1190 quoad
2594 1159 2668 1181 sen-

1601 1204 1673 1225 sum
1688 1195 1768 1224 nihil
1783 1203 1938 1234 parumve
1954 1193 2067 1230 differt,
2077 1199 2187 1225 utrum
2203 1194 2234 1225 S.
2245 1195 2391 1226 Thomas
2405 1196 2564 1235 scripserit
2578 1194 2670 1235 quod

1601 1240 1634 1269 in
1658 1244 1746 1269 textu
1771 1238 1884 1269 damus
1907 1247 1948 1268 an
1963 1238 2054 1279 quod
2075 1239 2110 1269 in
2133 1244 2297 1279 apparatu,
2313 1239 2460 1271 lectionis
2474 1239 2668 1271 incertitudo

1600 1283 1714 1323 utique
1731 1284 1874 1314 innocua
1889 1284 1957 1313 erit.
1981 1283 2156 1314 Authentia
2170 1289 2307 1324 urgeret,
2323 1285 2350 1314 si
2363 1284 2543 1315 lectionum
2565 1283 2669 1315 diver-
2715 1294 2722 1298 “

1601 1329 1675 1358 sitas
1698 1337 1731 1358 se
1755 1327 1838 1358 ultra
1857 1327 2072 1358 diversitatem
2087 1327 2237 1359 dictionis
2252 1327 2293 1359 ad
2316 1327 2670 1360 differentiamsenten-

1601 1373 1663 1403 tiae
1687 1378 1718 1403 et
1741 1371 1905 1403 doctrinae
1925 1372 2125 1408 extenderet;
2150 1371 2216 1409 sed,
2233 1373 2317 1403 sicut
2338 1373 2372 1403 in
2396 1373 2508 1404 ceteris
2528 1371 2563 1403 S.
2578 1372 2670 1404 Tho-

1601 1426 1674 1448 mae
1697 1417 1848 1456 operibus
1863 1417 2034 1456 hucusque
2057 1416 2191 1453 collatis,
2206 1417 2258 1448 vel
2279 1417 2314 1447 in
2328 1417 2553 1459 manuscriptis
2567 1417 2620 1448 vel
2634 1418 2669 1448 in

1603 1461 1807 1498 editionibus,
1823 1462 1867 1491 ita
1890 1466 1922 1491 et
1944 1461 1978 1491 in
2000 1461 2060 1491 hac
2078 1461 2230 1502 portione
2253 1460 2488 1492 Commentarii
2510 1462 2670 1493 rarissime

1601 1507 1695 1537 nobis
1718 1504 1995 1546 pronuntiandum
2011 1510 2077 1535 erat
2098 1506 2181 1536 inter
2196 1506 2290 1536 aliam
2314 1511 2346 1536 et
2367 1505 2462 1537 aliam
2476 1505 2667 1539 doctrinam.

1601 1551 1675 1581 Pars
1699 1550 1948 1581 differentiarum
1975 1549 2099 1580 infinite
2122 1550 2225 1581 maior
2254 1550 2441 1581 absorbetur
2463 1559 2521 1591 per
2547 1559 2671 1582 errores

1602 1595 1783 1636 scriptionis
1815 1600 1846 1625 et
1879 1594 2095 1625 correctiones
2128 1595 2212 1625 male
2246 1595 2424 1631 consultat-»3
2457 1604 2530 1635 pars
2556 1595 2669 1631 ,multo

1601 1641 1709 1670 minor
1731 1639 1771 1670 ad
1794 1638 1950 1669 diversam
1974 1638 2149 1670 dictionem
2171 1640 2326 1680 pertinet;
2350 1638 2528 1670 differentia
2548 1638 2669 1671 doetri-

1602 1693 1663 1715 nae
1678 1684 1731 1714 vix
1746 1684 1879 1714 obtinet.
1897 1683 1933 1714 In
1948 1683 2183 1724 Supplemento
2194 1684 2324 1724 rapidus
2339 1683 2570 1724 Compilatoris
2582 1683 2668 1722 cala-

1602 1738 1675 1760 mus
1697 1737 1817 1758 novam
1839 1727 2001 1758 interdum
2024 1728 2142 1759 creavit
2157 1728 2365 1768 opinionem;
2388 1737 2438 1758 ex.
2449 1738 2496 1769 gr.
2513 1737 2569 1769 qu.
2583 1737 2669 1760 Μ.

1604 1778 1660 1804 art.
1679 1773 1708 1803 5.
1725 1772 1764 1803 ad
1784 1780 1795 1802 ι
1811 1782 1818 1802 :
1846 1784 1860 1799 ι
1876 1777 2006 1812 oportet
2023 1772 2112 1813 quod
2133 1773 2275 1804 intentio.
2297 1778 2440 1809 naturae,
2457 1782 2522 1814 qua
2542 1772 2670 1814 pmlem

1603 1817 1740 1848 intendit
1762 1817 1810 1856 (in
1836 1817 2070 1857 matrimonio),
2094 1816 2247 1848 referatur
2267 1822 2360 1853 actu,
2381 1827 2451 1848 non
2477 1817 2606 1855 habitu,
2628 1816 2670 1849 ad

1602 1862 1816 1893 intentionem
1833 1861 1934 1901 prolis
1948 1866 2046 1901 prout
2068 1866 2116 1892 est
2136 1861 2261 1892 bonum
2276 1862 2484 1893 sacramenti:
2508 1861 2669 1893 alias-sta-

1603 1912 1689 1937 retur
1710 1906 1744 1936 in
1768 1911 1927 1940 creatura,
1954 1905 2046 1946 quod
2073 1906 2143 1936 sine
2162 1911 2298 1946 peccato
2321 1914 2390 1937 esse
2416 1915 2499 1937 non'
2513 1909 2671 1947 potestm.

1603 1951 1668 1989 Qu.
1684 1960 1714 1981 1..
1730 1950 1771 1981 ad
1785 1959 1823 1989 4:
1852 1963 1867 1978 α
1885 1950 2131 1980 Matrimonium
2145 1955 2256 1981 autem
2267 1950 2462 1991 inquantum
2477 1955 2527 1982 est
2546 1950 2583 1981 in
2596 1949 2668 1982 offi-

1603 1997 1691 2026 cium
1713 2000 1844 2025 naturae
1867 1995 2015 2025 statuitur
2036 1994 2107 2035 lege
2130 1994 2215 2025 civili
2233 2007 2262 2025 ».
2285 1994 2335 2025 Ne
2351 1994 2444 2026 crede
2467 1993 2670 2035 (lompilaton

1603 2050 1672 2071 rem
1688 2039 1778 2080 quod
1793 2039 1952 2079 scripserit
1968 2040 2064 2069 etiam
2085 2039 2255 2079 opinatum
2277 2048 2363 2070 esse:
2387 2040 2523 2080 scriptor
2540 2039 2670 2081 decepit

1603 2084 1810 2124 theologum
1834 2083 1899 2114 illic
1914 2093 1973 2124 pro
1990 2089 2064 2114 actu
2081 2093 2146 2114 non
2168 2083 2279 2114 habitu
2297 2083 2368 2124 lege
2383 2088 2459 2116 actu
2474 2084 2526 2116 vel
2538 2083 2670 2123 sabina

1601 2130 1653 2160 hic
1677 2134 1750 2159 ante
1772 2128 1861 2159 civili
1889 2129 1994 2158 insere
2022 2127 2271 2160 homoteleuton
2301 2133 2483 2160 naturae...
2514 2129 2671 2160 statuimur

1603 2174 1684 2216 lege,
1705 2178 1742 2204 ut
1763 2173 1798 2203 in
1820 2177 1909 2203 textu
1933 2172 1971 2203 C.
1995 2172 2048 2204 Sic
2070 2172 2231 2204 salvantur
2253 2172 2402 2204 doctrina
2420 2182 2497 2204 sana
2519 2178 2551 2204 et
2570 2173 2670 2205 lectio

1604 2217 1847 2253 Commentarii,
1863 2222 1896 2247 et
1915 2217 2011 2247 etiam
2033 2221 2202 2248 contextus
2223 2217 2311 2258 apud
2325 2216 2592 2258 Compilatorem.
2616 2217 2670 2249 Cf.

1605 2263 1642 2294 81
1656 2263 1677 2292 b
1689 2263 1719 2299 6,
1741 2262 1800 2292 103
1812 2262 1832 2291 b
1846 2261 1898 2296 26,
1908 2261 1965 2292 ubi
1977 2260 2094 2292 eodem
2110 2271 2216 2292 errore
2231 2262 2265 2292 in
2281 2261 2394 2293 eadem
2404 2262 2536 2293 materia
2546 2267 2669 2302 pecmt.

1659 2306 1693 2338 Si
1715 2307 1772 2346 qui
1795 2311 1902 2336 tamen
1926 2306 1991 2336 loci
2013 2315 2081 2336 non
2104 2306 2211 2337 solum
2231 2306 2372 2337 dictione
2394 2306 2451 2338 sed
2473 2311 2505 2338 et
2526 2315 2624 2338 sensu
2638 2311 2671 2339 et

1603 2351 1759 2382 sententia
1774 2350 1944 2387 differrent,
1959 2350 2151 2381 variantium
2172 2351 2287 2382 notitia
2302 2350 2535 2382 incertitudinis
2549 2360 2671 2384 nom

1602 2395 1739 2426 redimit.
1764 2395 1890 2426 Scimus
1904 2394 2017 2425 saltem
2032 2404 2115 2435 quae
2138 2395 2210 2431 sint,
2227 2396 2374 2435 quamvis
2394 2401 2467 2427 utra
2488 2395 2671 2428 authentica

1603 2440 1643 2470 sit
1664 2441 1838 2480 ignoretur.
1862 2439 1978 2470 Nullus
1999 2439 2140 2479 prudens
2163 2440 2264 2470 textui
2286 2439 2520 2472 Commentarii
2539 2440 2670 2481 vulgato

1604 2494 1643 2515 ex
1665 2484 1843 2524 ignorantia
1857 2484 2049 2514 variantium
2064 2484 2192 2515 alterius
2218 2483 2398 2516 traditionis
2413 2483 2591 2525 quidquam
2613 2494 2671 2517 au·

1603 2529 1743 2559 thentiae
1759 2538 1937 2559 accrescere
1951 2529 2086 2569 putabit.
2110 2528 2247 2568 Expedit
2262 2529 2370 2569 potius
2385 2538 2500 2560 omnes
2514 2529 2670 2562 lectiones

1604 2582 1800 2613 cognoscere
1811 2578 1848 2604 ut
1863 2578 2045 2613 emergente
2058 2582 2133 2604 casu
2149 2572 2368 2613 proferantur-3
2384 2573 2426 2604 cf.
2442 2581 2503 2614 177
2513 2583 2532 2604 a
2543 2574 2573 2605 ⁵.
2590 2573 2670 2606 Ideo

1602 2617 1758 2648 lectiones
1788 2617 1920 2654 dubiae,
1943 2627 2022 2658 quas
2051 2627 2112 2648 nos
2143 2618 2252 2648 obvias
2281 2618 2447 2649 habituros
2477 2627 2547 2649 esse
2576 2616 2671 2651 facile

1603 2662 1869 2702 praesciebamus,
1885 2671 1954 2692 non
1969 2662 2138 2693 valuerunt
2153 2662 2324 2702 prohibere
2343 2672 2464 2694 novam
2482 2661 2670 2701 editionem.

1603 2707 1753 2737 collatam
1787 2711 1819 2737 et
1852 2705 2080 2737 conferendam
2093 2729 2101 2743 ‚
2125 2706 2210 2738 illius
2239 2708 2337 2747 partis
2366 2706 2600 2739 Commentarii
2633 2703 2668 2740 in

1604 2751 1792 2786 Sententias‚
1809 2760 1917 2791 quarn,
1937 2751 1995 2782 etsi
2017 2750 2155 2782 adversis
2171 2751 2320 2791 auspiciis
2341 2752 2376 2782 in
2398 2750 2502 2783 forma
2516 2751 2669 2784 Summae

1604 2795 1801 2836 dispositam,
1817 2795 1979 2836 Theologi
1993 2801 2102 2826 tamen
2117 2794 2302 2835 frequenter
2316 2795 2453 2836 allegant
2468 2801 2500 2828 et
2514 2796 2554 2827 ab
2568 2795 2669 2837 expli-

1604 2840 1783 2870 cationibus
1806 2840 1871 2870 suis
1892 2849 1962 2871 non
1984 2839 2146 2871 exclusam
2173 2837 2624 2882 volueruntffgvffi,-

1624 2931 1642 2969 g
1666 2939 1697 2969 7.
1722 2929 1821 2967 QU1s
1844 2929 2004 2960 FUERIT
2027 2929 2329 2961 SUPPLEMENTI
2353 2914 2668 2973 commitam

1658 3031 1712 3062 49.
1732 3039 1756 3045 -
1778 3021 1859 3053 Satis
1890 3021 2069 3062 argumenti
2098 3022 2295 3062 congessisse
2322 3022 2418 3052 nobis
2447 3020 2607 3059 videmur,
2629 3027 2668 3053 ut

1602 3075 1724 3097 nomen
1747 3066 1831 3096 Petri
1851 3065 1890 3096 de
1912 3065 2063 3096 Alvernia
2085 3065 2319 3106 Supplemento
2339 3066 2405 3097 iam
2426 3074 2496 3096 non
2517 3066 2668 3097 societur.

1603 3111 1646 3142 At
1660 3115 1765 3141 tacere
1786 3110 1881 3140 nobis
1903 3119 1971 3140 non
1994 3110 2069 3140 licet
2089 3110 2321 3146 testimonium,
2337 3109 2532 3143 anecdotum
2553 3111 2588 3142 ni
2609 3110 2668 3142 fal-

1603 3155 1662 3191 lor,
1685 3164 1744 3195 pro
1767 3154 1872 3185 Petro.
1909 3153 2096 3194 Capitulum
2123 3154 2321 3185 Toletanum
2349 3154 2492 3195 possidet
2520 3154 2668 3187 codicem

1604 3199 1732 3230 Tertiae
1760 3199 1875 3235 Partis,
1891 3199 2050 3239 signatum
2070 3198 2186 3239 19-13,
2202 3199 2236 3230 in
2252 3199 2344 3230 cuius
2365 3198 2430 3230 fine
2451 3199 2670 3240 scriptum-eet

1603 3253 1703 3275 manu
1718 3252 1807 3274 ¹saec.
1830 3252 1900 3274 xxv:

1660 3354 1673 3367 α
1688 3343 1755 3375 Quia
1773 3344 1798 3370 b.
1812 3342 1930 3369 Thomu
1955 3347 2039 3368 morte

1605 3385 1704 3413 panem
1723 3387 1836 3410 summe,
1848 3378 1927 3404 frater
1944 3377 2101 3404 Guillelmus
2127 3378 2210 3404 Sudre
2228 3378 2352 3411 magister
2369 3378 2396 3404 in
2408 3378 2568 3411 Theologia.
2586 3379 2670 3405 leem·

1605 3415 1670 3440 sacri
1690 3415 1784 3448 palatii.
1802 3414 1941 3448 episcopus
1958 3414 2135 3444 marsiliensis.
2150 3414 2242 3440 deinde
2259 3414 2398 3447 episcopus
2413 3413 2552 3440 hostiensis
2570 3419 2597 3440 et
2613 3413 2669 3440 vel-

1605 3450 1726 3476 letrensis
1745 3455 1833 3476 sancte
1852 3450 1970 3475 Romane
1988 3449 2095 3477 ecclesie
2114 3449 2248 3475 cardinalis
2274 3449 2414 3483 complevit
2431 3449 2499 3476 hanc
2516 3453 2616 3482 partem
2635 3449 2668 3475 dt

1606 3486 1676 3511 libris
1695 3485 1812 3511 eiusdem
1831 3484 1943 3510 doctoris
1962 3483 2042 3510 sancti
2061 3485 2205 3510 secundum
2223 3485 2341 3510 ordinem
2358 3485 2474 3510 doctrine
2491 3491 2538 3518 per
2555 3483 2668 3509 eundern

1604 3521 1695 3546 tradite
1713 3521 1802 3554 paucis
1821 3519 1896 3545 aditis
1915 3525 1959 3546 aut
1976 3519 2098 3546 resec-tin
2117 3526 2185 3545 anno
2204 3520 2274 3546 dom.
2289 3520 2353 3546 mill.
2368 3521 2446 3550 eccle,
2464 3524 2490 3545 et
2507 3519 2578 3545 idem
2596 3519 2667 3546 donn.

1606 3557 1674 3582 card.
1692 3557 1756 3581 obiit
1769 3563 1837 3582 anno
1850 3556 1892 3581 Mo
1911 3555 2053 3581 cec⁰lxx⁰iii
2065 3556 2090 3581 in
2103 3555 2191 3588 vigilia
2202 3556 2228 3582 b.
2242 3555 2373 3581 Michaelis
2387 3556 2480 3582 devote
2493 3555 2569 3580 valde
2581 3559 2608 3581 σι
2616 3554 2668 3587 pie.

2160 3348 2203 3368 tun
2228 3350 2281 3368 non
2298 3342 2442 3376 complevit
2459 3343 2525 3368 hanc
2549 3343 2668 3369 ultimam
