2918 4088
208 946 219 956 ¹
240 943 276 965 Cf.
297 949 336 971 qu.
351 947 423 969 Lxxx,

207 969 297 992 Introd.

215 2005 300 2054 §.eliz
309 2010 374 2053 ¹12¹AE
383 2011 405 2053 ἐς
415 2015 426 2020 “

217 2168 225 2177 ·
241 2166 277 2188 Cf.
295 2172 334 2194 qu.
349 2170 427 2191 uxvr,

215 2197 256 2215 art.
271 2198 291 2214 2.

218 2538 402 2566 ‘Quasnam
410 2544 428 2559 ι.

218 2692 227 2701 ·
242 2691 279 2712 Ad
292 2690 430 2716 Hedibiam,

218 2717 260 2744 Ep.
268 2716 339 2743 CXX,
348 2717 376 2738 al.
383 2716 430 2743 CL,

218 2749 269 2792 515⁹.-
275 2743 380 2791 &fssassf’
406 2749 432 2790 2¹.-

218 2796 314 2824 Moyses
331 2795 360 2817 de
368 2795 430 2817 Con-

219 2813 417 2870 ratiti-..¹32

217 2875 327 2924 ἴωίςεηι.
334 2891 342 2902 ,
367 2880 416 2902 cap.

221 3164 231 3175 ·
245 3163 310 3185 Vere.
328 3171 346 3185 ι.

221 3327 232 3338 ·
247 3325 312 3347 Vers.
327 3331 349 3352 7.

443 188 517 224 256

1118 186 1380 233 QUAESTIO
1409 184 1585 230 LXXXI,
1615 182 1907 220 ARTICULUS
1935 183 1950 219 1

917 394 1327 507 QUAESTIO
1366 425 2154 483 ocTOGESIMAPRIMA

673 550 756 590 DE
790 548 910 590 USU
945 547 1131 589 HUIUS
1166 546 1563 588 SACRAMENTI
1598 545 1725 598 QUO
1761 544 2061 586 CHRISTUS
2094 543 2251 586 USUS
2285 543 2399 585 EST

1096 608 1156 648 IN
1190 608 1377 648 PRIMA
1411 607 1507 648 SUI
1540 607 1971 649 INSTITUTIONE

1236 723 1271 748 IN
1300 723 1472 753 QUATUOR
1498 723 1700 749 ARTICULOS
1727 723 1840 748 DIVISA

450 839 636 920 DfflNDE
664 825 990 864 considerandum
1023 832 1078 862 est
1111 824 1158 861 de
1196 836 1270 860 usu
1307 823 1424 861 huius
1452 835 1509 860 sa·
1535 824 1538 863 Ι

531 879 715 918 eramenti
742 891 822 929 quo
844 878 1016 916 Christus
1044 889 1138 914 usus
1158 884 1213 914 est
1240 876 1280 913 in
1307 876 1433 926 prima
1452 876 1511 913 sui

448 933 682 971 institutione
701 932 731 969 ’¹‘.

449 987 496 1024 Et
524 986 623 1034 circa
650 986 727 1023 hoc
754 991 992 1034 quaeruntur
1020 990 1197 1032 quatuor.
1371 1032 1374 1033 ⁷

502 1039 652 1076 Primo:
683 1046 814 1075 utrum
842 1037 923 1086 ipse
947 1035 1120 1073 Christus
1140 1034 1345 1085 sumpserit
1372 1046 1513 1083 corpus

555 1099 592 1129 et
620 1090 847 1139 sanguinem
867 1101 994 1126 suum.

1619 824 1820 861 Secundo:
1850 832 1983 861 utrum
2010 825 2127 862 Iudae
2155 824 2312 862 dederit.

1617 875 1770 913 Tertio:
1809 878 1923 926 quale
1951 889 2092 926 corpus
2129 877 2334 927 sumpserit
2365 885 2430 915 aut
2466 877 2629 925 dederit,

1673 927 1812 966 scilicet
1838 929 2015 978 passibile
2043 931 2105 967 vel
2133 930 2377 980 impassibile.

1621 981 1790 1028 Quarto:
1830 983 2032 1030 quomodo
2061 995 2101 1020 se
2129 983 2324 1021 habuisset
2356 983 2532 1021 Christus
2558 983 2632 1021 sub

1674 1034 1750 1070 hoc
1778 1042 2016 1072 sacramento
2052 1035 2082 1072 si
2118 1035 2248 1073 fuisset
2275 1036 2314 1073 in
2341 1036 2470 1074 triduo
2498 1036 2632 1074 mortis

1675 1094 1928 1132 reservatum,
1957 1095 2023 1124 aut
2050 1087 2166 1125 etiam
2193 1097 2470 1127 consecratum.

1263 1205 1583 1249 ARTICULUS
1614 1205 1822 1248 PRIMUS

859 1303 1017 1335 UTRUM
1041 1302 1255 1335 CHRISTUS
1279 1301 1520 1333 SUMPSEmT
1545 1300 1665 1332 SUUM
1690 1299 1859 1332 CORPUS
1882 1300 1941 1331 ET
1965 1300 2222 1333 SANGmNEM

1044 1382 1119 1413 Infra,
1139 1390 1184 1415 qu.
1204 1389 1303 1412 unm,
1323 1386 1369 1407 art.
1389 1389 1414 1414 7,
1434 1381 1465 1405 ad
1484 1387 1516 1412 43
1535 1380 1570 1405 IV
1589 1380 1673 1409 Sent„
1693 1379 1752 1404 dist.
1771 1387 1805 1411 xi,
1825 1387 1870 1413 qu.
1889 1387 1927 1411 m,
1946 1385 1993 1405 art.
2014 1387 2037 1406 ι.

481 1487 491 1506 3

475 1507 535 1570 aa
567 1511 638 1574 ἳέωῑ

498 1558 522 1585 ,α
598 1561 621 1590 3¹
643 1573 649 1579 -

468 1582 588 1657 5542&
608 1581 649 1622 6>

578 1492 635 1530 a<
661 1483 683 1508 D
713 1482 848 1508 ptumum
875 1482 927 1507 sm
956 1481 1192 1507 Pkocnmrun.
1221 1468 1384 1506 Videtur
1407 1468 1515 1517 quod
1571 1468 1740 1517 Cumque
1767 1467 1980 1505 comedisset
2007 1473 2040 1504 et
2067 1469 2211 1505 bibisset
2234 1475 2316 1516 etc.,
2336 1467 2426 1505 dicit
2453 1468 2591 1506 Glossa
2603 1468 2635 1518 ⁸,

608 1524 619 1531 ’
664 1523 837 1560 Christus
873 1534 953 1559 non
982 1522 1188 1572 sumpserit
1221 1533 1362 1571 corpus
1397 1533 1514 1558 suum
1568 1520 1676 1569 quod
1708 1521 1872 1557 Christus
1894 1520 2052 1557 comedit
2079 1526 2112 1557 et
2139 1522 2226 1558 bibit
2253 1523 2290 1558 in
2315 1522 2429 1568 Cena,
2449 1533 2534 1559 cum
2553 1533 2636 1560 cor-

663 1584 699 1613 et
719 1576 956 1624 sanguinem.
978 1576 1071 1612 Non
1091 1574 1196 1612 enim
1215 1575 1263 1612 de
1282 1574 1387 1611 factis
1408 1573 1515 1611 Chri·
1563 1575 1669 1623 poris
1688 1579 1721 1610 et
1747 1574 1941 1623 sanguinis
1967 1574 2027 1610 sui
2050 1579 2326 1611 sacramentum
2354 1574 2538 1624 discipulis
2564 1581 2636 1613 tra·
2672 1611 2674 1613 ,

550 1620 710 1666 '‘ff'Xsti
743 1637 778 1666 et
813 1628 920 1665 dictis
956 1628 1072 1665 asseri
1100 1628 1213 1665 debet
1250 1627 1358 1676 quod
1386 1634 1515 1664 aucto·
1569 1626 1667 1663 didit.
1708 1626 1825 1673 Unde,
1856 1641 1875 1660 «
1893 1627 1979 1676 quia
1998 1630 2112 1676 pueri
2135 1628 2504 1665 communicaverunt
2530 1629 2640 1666 carni

452 1683 558 1720 ritate
573 1693 702 1719 sacrae
718 1681 935 1730 Scripturae
950 1693 1031 1718 non
1045 1681 1215 1718 traditur.
1238 1680 1314 1718 Sed
1334 1679 1373 1716 in
1392 1680 1516 1717 Evan-
1568 1685 1601 1716 et
1628 1680 1818 1729 sanguini,
1848 1685 1881 1715 et
1908 1681 1984 1728 ipse
2006 1681 2245 1729 participavit
2272 1680 2408 1717 eisdem
2430 1696 2449 1715 »
2470 1680 2501 1718 *.

452 1735 556 1784 geliis
584 1747 665 1771 non
693 1735 856 1771 habetur
883 1734 991 1783 quod
1027 1733 1200 1771 Christus
1228 1745 1369 1782 corpus
1401 1744 1518 1769 suum

453 1787 743 1826 manducaverit
777 1795 842 1824 aut
877 1786 1103 1834 sanguinem
1131 1786 1278 1824 biberit.
1308 1787 1401 1823 Non
1427 1797 1517 1833 ergo

454 1849 509 1879 est
537 1842 613 1877 hoc
641 1840 903 1877 asserendum.

509 1906 543 1930 2.
573 1894 806 1939 PRAETEREA,
835 1892 930 1930 nihil
957 1900 1082 1943 potest
1109 1904 1191 1929 esse
1220 1892 1259 1929 in
1287 1891 1426 1941 seipso,
1446 1889 1519 1927 nisi

452 1947 548 1984 forte
568 1946 714 1983 ratione
733 1945 912 1995 partium,
932 1954 1048 1996 prout
1067 1945 1206 1982 scilicet
1224 1957 1303 1982 una
1330 1956 1418 1993 pars
1437 1943 1519 1980 eius

454 2008 510 2037 est
528 1999 567 2036 in
596 1999 687 2035 alia:
717 2006 759 2035 ut
787 1998 951 2035 habetur
978 1999 1017 2035 in
1036 2000 1086 2036 IV
1104 1999 1253 2046 Physic.
1272 1997 1292 2019 ‘¹‘
1322 1997 1398 2034 Sed
1427 1996 1520 2033 illud

454 2052 562 2102 quod
589 2051 846 2088 manducatur
865 2059 901 2087 et
928 2051 1080 2097 bibitur,
1111 2058 1166 2088 est
1193 2051 1232 2087 in
1261 2050 1519 2086 manducante

454 2113 491 2142 et
509 2104 673 2142 bibente.
705 2104 804 2141 Cum
827 2115 916 2152 ergo
936 2112 1038 2141 totus
1059 2102 1231 2141 Christus
1251 2102 1296 2139 sit
1315 2102 1354 2139 in
1375 2107 1392 2123 α
1420 2109 1520 2138 utra-

455 2170 531 2208 que
551 2156 676 2207 specie
692 2156 919 2194 sacramenti
932 2157 962 2204 ³⁸,
983 2156 1135 2194 videtur
1152 2155 1387 2205 impossibile
1405 2154 1520 2192 fuisse

455 2211 562 2260 quod
590 2210 672 2259 ipse
701 2209 906 2259 sumpserit
933 2210 1009 2247 hoc
1037 2216 1332 2247 sacramentum.

511 2264 545 2300 3.
575 2264 814 2308 PRAETEREA,
845 2263 987 2312 duplex
1020 2270 1075 2299 est
1111 2261 1324 2311 assumptio
1353 2259 1368 2290 β
1404 2261 1521 2298 huius

455 2315 700 2362 sacramenti,
735 2315 874 2352 scilicet
915 2315 1118 2365 spiritualis
1155 2323 1191 2352 et
1225 2314 1518 2352 sacramentalis.

456 2370 533 2407 Sed
561 2368 763 2418 spiritualis
783 2380 863 2405 non
882 2368 1126 2418 competebat
1155 2367 1327 2405 Christo:
1357 2367 1449 2417 quia
1467 2367 1521 2404 ni-

455 2422 509 2459 hil
528 2434 550 2458 a
570 2429 808 2458 sacramento
837 2421 992 2470 accepit.
1023 2422 1071 2458 Et
1089 2433 1159 2471 per
1181 2433 1424 2470 consequens
1449 2433 1522 2458 nec

455 2474 749 2520 sacramentalis,
770 2486 871 2523 quae
899 2474 980 2511 sine
1000 2473 1184 2523 spirituali
1213 2481 1268 2511 est
1286 2474 1519 2523 imperfecta,

456 2535 499 2564 ut
517 2527 663 2576 supra*
682 2526 855 2564 habitum
877 2534 943 2563 est.
965 2528 1066 2575 Ergo
1083 2526 1257 2565 Christus
1274 2528 1381 2564 nullo
1399 2527 1521 2564 modo

458 2581 534 2617 hoc
562 2587 846 2617 sacramentum
874 2580 1047 2629 sumpsit.

511 2633 584 2670 SED
618 2644 761 2669 CONTRA
794 2644 860 2669 EST
892 2633 999 2681 quod
1037 2632 1301 2682 Hieronymus
1337 2632 1444 2681 dicit,
1473 2634 1524 2670 ad

456 2686 672 2723 Heldibiam
691 2685 728 2722 *ε
759 2686 941 2722 Dominus
963 2687 1067 2722 Iesus
1095 2687 1171 2735 ipse
1191 2687 1347 2723 conviva
1375 2692 1408 2722 et
1435 2698 1522 2723 con-

457 2740 606 2784 vivium,
636 2740 712 2788 ipse
739 2738 934 2775 comedens
962 2744 995 2775 et
1023 2740 1086 2787 qui
1111 2739 1326 2775 comeditur.

510 2793 734 2828 Respommo
762 2803 944 2828 Dici-:noum
976 2791 1084 2840 quod
1121 2791 1281 2840 quidam
1299 2791 1320 2813 '¹‘
1347 2791 1523 2828 dixerunt

458 2844 565 2894 quod
581 2844 755 2881 Christus
774 2843 813 2880 in
829 2844 935 2893 Cena
949 2855 1090 2894 corpus
1109 2852 1146 2881 et
1164 2843 1391 2892 sanguinem
1406 2857 1522 2882 suum

458 2896 652 2946 discipulis
680 2896 842 2944 tradidit,
863 2909 943 2934 non
971 2904 1101 2934 tamen
1129 2897 1211 2947 ipse
1239 2897 1413 2946 sumpsit.
1445 2898 1522 2935 Sed

458 2951 534 2987 hoc
562 2962 642 2987 non
670 2949 822 2987 videtur
853 2949 1127 2987 convenienter
1159 2949 1244 2987 dici.
1283 2949 1387 2997 Quia
1416 2950 1522 2988 Chri-

458 3011 538 3040 stus
566 3015 611 3040 ea
643 3015 743 3052 quae
775 3002 824 3040 ab
852 3002 933 3039 aliis
966 3003 1208 3040 observanda
1240 3002 1412 3051 instituit,
1441 3003 1522 3053 ipse

458 3055 634 3105 primitus
662 3055 891 3102 observavit,
920 3056 1025 3093 unde
1045 3063 1081 3092 et
1103 3055 1184 3105 ipse
1209 3055 1315 3105 prius
1341 3056 1523 3106 baptizari

458 3108 580 3145 voluit
608 3121 725 3157 quarn
755 3107 836 3145 aliis
863 3108 1100 3157 baptismum
1120 3108 1352 3158 imponeret:
1388 3121 1522 3146 secun-

460 3161 556 3197 dum
576 3160 667 3198 illud
695 3162 775 3198 Act.
797 3173 806 3197 1
825 3161 862 3197 *z
896 3162 1023 3211 Coepit
1050 3163 1154 3198 Iesus
1171 3163 1308 3210 facere
1326 3168 1359 3199 et
1377 3162 1520 3200 docere.

460 3213 572 3250 Unde
601 3221 637 3249 et
664 3213 745 3262 ipse
772 3213 899 3262 primo
927 3225 1068 3263 corpus
1087 3227 1204 3251 suum
1233 3222 1268 3251 et
1295 3214 1522 3263 sanguinem

462 3264 635 3314 sumpsit,
665 3273 701 3302 et
727 3273 860 3314 postea
879 3265 1072 3315 discipulis
1101 3267 1179 3304 suis
1197 3266 1350 3304 tradidit
1368 3279 1523 3304 sumen-

462 3318 570 3355 dum.
607 3318 655 3354 Et
682 3318 758 3354 hoc
792 3324 847 3354 est
881 3319 1004 3366 quod,
1030 3320 1130 3356 Ruth
1156 3331 1208 3365 111,
1238 3331 1354 3369 super
1380 3319 1473 3357 illud
1491 3320 1522 3365 *,

517 3455 533 3471 α
565 3447 600 3472 in.
618 3461 637 3465 —
654 3447 702 3472 sub
721 3447 730 3471 1
749 3452 774 3471 et
792 3447 925 3476 editiones,
944 3454 996 3472 om.
1016 3447 1092 3479 HpG.

517 3446 544 3517 βξ
561 3482 715 3514 assumptio.
734 3496 752 3500 -
769 3482 884 3514 sumptio
903 3482 937 3506 sF
956 3489 973 3506 a
993 3487 1018 3506 et
1036 3482 1117 3507 tertia.

1623 1733 1680 1768 AD
1709 1743 1845 1769 PRIMUM
1878 1743 1976 1769 ERGO
2006 1744 2188 1769 DICENDUM
2215 1733 2323 1782 quod
2351 1733 2391 1770 in
2418 1732 2636 1782 Evangeliis

1571 1784 1706 1832 legitur
1733 1785 1841 1834 quod
1861 1783 2034 1821 Christus
2062 1787 2202 1834 accepit
2223 1797 2361 1835 panem
2381 1792 2414 1823 et
2432 1787 2585 1824 calicem
2603 1786 2635 1823 ²¹².

1571 1838 1664 1874 Non
1693 1845 1748 1874 est
1776 1844 1906 1874 autern
1924 1836 2213 1885 intelligendum
2241 1839 2349 1887 quod
2372 1839 2559 1888 acceperit
2578 1851 2638 1876 so-

1572 1892 1654 1927 lum
1673 1889 1713 1926 in
1732 1889 1924 1937 manibus,
1945 1898 1987 1927 ut
2006 1890 2166 1939 quidam
2185 1890 2332 1928 dicunt:
2363 1892 2430 1928 sed
2450 1903 2497 1929 eo
2516 1892 2638 1929 modo

1572 1943 1717 1992 accepit
1736 1952 1816 1991 quo
1836 1942 1916 1980 aliis
1935 1942 2204 1992 accipiendum
2223 1943 2386 1981 tradidit.
2407 1944 2532 1991 Unde,
2547 1955 2640 1982 cum

1573 1995 1767 2044 discipulis
1792 1995 1936 2042 dixerit,
1956 1997 2122 2045 Accipite
2140 2002 2173 2032 et
2191 1997 2369 2033 comedite
2381 1996 2411 2044 ²¹⁸,
2432 2004 2469 2034 et
2487 1997 2638 2044 iterum,

1572 2049 1738 2098 Accipite
1765 2054 1798 2084 et
1825 2049 1933 2085 bibite
1950 2047 1989 2095 ³¹⁵,
2019 2048 2308 2097 intelligendum
2336 2056 2391 2086 est
2423 2050 2530 2099 quod
2558 2049 2639 2100 ipse

1573 2101 1768 2138 Dominus
1806 2099 1996 2150 accipiens
2032 2101 2242 2138 comederit
2278 2109 2315 2139 et
2341 2101 2489 2140 biberit.
2527 2102 2640 2140 Unde

1574 2161 1610 2191 et
1638 2154 1799 2203 quidam
1827 2153 1983 2190 metrice
2012 2153 2207 2191 dixerunt:
2237 2156 2324 2192 Rex
2340 2155 2439 2192 sedet
2457 2157 2494 2193 in
2519 2157 2642 2193 Cena:

1577 2208 1704 2244 Turba
1732 2209 1871 2243 cinctus
1898 2207 2088 2244 duodena:
2115 2209 2163 2245 Se
2189 2213 2284 2245 tenet
2311 2209 2348 2245 in
2377 2210 2568 2246 manibus:
2595 2210 2642 2247 Se

1573 2261 1670 2297 cibat
1698 2261 1775 2309 ipse
1802 2261 1913 2296 cibus.

1627 2314 1685 2349 An
1713 2324 1903 2350 SECUNDUM
1928 2324 2109 2350 mci-:NDUM
2138 2313 2257 2362 quod,
2286 2313 2383 2351 sicut
2411 2314 2561 2364 supra*
2588 2313 2641 2352 di-

1574 2372 1680 2403 ctum
1708 2373 1774 2412 est,
1806 2365 1991 2411 Christus,
2021 2366 2238 2403 seeundum
2265 2366 2374 2415 quod
2393 2374 2448 2404 est
2473 2367 2546 2404 sub
2565 2368 2643 2405 hoc

1574 2425 1833 2463 sacramento,
1863 2426 2110 2467 comparatur
2144 2419 2193 2456 ad
2227 2420 2358 2457 locum
2393 2431 2474 2457 non
2507 2432 2642 2458 secun-

1574 2471 1671 2508 dum
1707 2470 1882 2521 proprias
1917 2471 2198 2519 dimensiones,
2228 2472 2295 2509 sed
2333 2473 2548 2510 secundum
2586 2473 2642 2511 di-

1573 2523 1795 2561 mensiones
1814 2523 2030 2573 specierum
2050 2524 2396 2571 sacramentalium,
2407 2525 2458 2563 ita
2475 2526 2583 2575 quod
2602 2525 2642 2563 in

1575 2588 1827 2626 quocumque
1855 2578 1940 2613 loco
1969 2576 2036 2614 ubi
2065 2585 2153 2614 sunt
2187 2577 2270 2615 illae
2299 2577 2455 2627 species,
2481 2586 2536 2616 est
2561 2577 2642 2629 ipse

1576 2629 1761 2666 Christus.
1792 2630 1840 2666 Et
1863 2628 1954 2679 quia
1978 2629 2123 2679 species
2150 2629 2235 2668 illae
2263 2638 2473 2680 potuerunt
2492 2643 2574 2668 esse
2602 2631 2643 2671 in

1575 2682 1756 2719 manibus
1793 2689 1829 2719 et
1862 2682 1901 2719 in
1929 2694 1996 2719 ore
2033 2682 2191 2730 Christi,
2220 2683 2302 2733 ipse
2336 2690 2439 2721 totus
2468 2684 2642 2723 Christus

1575 2735 1699 2784 potuit
1718 2747 1800 2772 esse
1829 2734 1868 2772 in
1896 2735 1975 2772 suis
2002 2735 2183 2773 manibus
2207 2743 2243 2773 et
2270 2735 2310 2773 in
2338 2748 2410 2774 suo
2435 2748 2512 2774 ore.
2549 2737 2642 2774 Non

1576 2795 1706 2825 autem
1729 2787 1915 2837 potuisset
1940 2789 2016 2825 hoc
2044 2800 2127 2825 esse
2155 2789 2372 2827 secundum
2400 2789 2508 2839 quod
2535 2801 2642 2827 com-

1575 2848 1732 2890 paratur
1759 2841 1807 2878 ad
1836 2842 1966 2878 locum
1995 2841 2212 2879 secundum
2240 2841 2416 2892 proprias
2448 2841 2594 2892 species
2611 2847 2640 2879 Ὺ.

1628 2895 1686 2930 AD
1718 2905 1877 2931 TERTIUM
1904 2906 2086 2932 memnon
2119 2895 2241 2944 quod,
2271 2894 2368 2932 sicut
2398 2906 2515 2945 supra
2532 2894 2553 2917 *
2586 2894 2642 2932 di-

1576 2954 1682 2983 ctum
1711 2954 1777 2992 est,
1805 2946 1963 2984 effectus
1991 2946 2108 2984 huius
2135 2947 2362 2984 sacramenti
2389 2955 2445 2984 est
2472 2959 2553 2985 non
2581 2959 2642 2985 so-

1576 3000 1659 3036 lum
1696 3006 1948 3047 augmentum
1985 2999 2188 3037 habitualis
2224 2999 2382 3048 gratiae,
2421 3000 2489 3037 sed
2526 3000 2642 3038 etiam

1577 3051 1733 3089 actualis
1751 3050 1765 3074 ⁸
1793 3052 1991 3090 delectatio
2020 3051 2222 3102 spiritualis
2240 3052 2462 3090 dulcedinis.
2493 3053 2642 3100 Quam-

1576 3104 1634 3142 vis
1663 3112 1793 3142 autern
1822 3104 1973 3142 Christo
2001 3104 2119 3154 gratia
2145 3116 2226 3142 non
2253 3104 2364 3142 fuerit
2398 3113 2643 3154 augmentata

1577 3170 1624 3195 ex
1652 3156 1894 3207 susceptione
1923 3157 2038 3194 huius
2075 3157 2319 3204 sacramenti,
2348 3157 2484 3195 habuit
2510 3166 2642 3196 tamen

1577 3210 1775 3259 quandam
1803 3209 2035 3259 spiritualem
2065 3209 2352 3247 delectationem
2382 3210 2422 3247 in
2450 3223 2554 3248 nova
2585 3211 2641 3249 in-

1578 3262 1770 3299 stitutione
1805 3261 1920 3299 huius
1952 3261 2197 3299 sacramenti:
2231 3263 2336 3300 unde
2364 3263 2445 3313 ipse
2479 3263 2640 3312 dicebat,

1577 3316 1672 3352 Luc.
1693 3314 1819 3352 xxi1*:
1857 3315 2050 3352 Desiderio
2079 3315 2286 3354 desideravi
2315 3317 2545 3354 manducare
2571 3318 2642 3355 hoc

1631 3447 1658 3481 γ)
1676 3449 1783 3480 species.
1799 3463 1819 3467 -
1838 3449 2013 3475 dimensiones
2032 3450 2060 3475 P.

1631 3483 1656 3518 δ)
1673 3484 1796 3509 actualis.
1813 3498 1833 3503 -
1851 3485 1982 3516 quaedam
2001 3486 2115 3511 actualis
2132 3487 2214 3512 tertia.

2662 1476 2673 1488 ·
2681 1475 2739 1499 ord.
2746 1475 2796 1498 eine
2810 1481 2878 1498 nom.

2664 1686 2716 1708 *Aa
2721 1686 2790 1714 112⁶„
2796 1692 2848 1715 cap.
2853 1692 2879 1715 n,
2914 1684 2918 1719 ᾗ

2663 1719 2723 1735 ven.
2740 1719 2774 1740 ¹⁴-
2912 1725 2918 1753 ³

2665 1790 2758 1813 'Mntth
2763 1795 2879 1819 capam,

2664 1816 2801 1845 veru6‚27;
2806 1816 2878 1839 mre.

2665 1849 2880 1899 gamm

2665 1885 2881 1945 {meast

2768 1937 2784 1950 υ
2819 1928 2842 1950 P·
2848 1928 2882 1950 ¹¹·

2666 1954 2728 1971 vm
2740 1954 2768 1978 23
2781 1954 2834 1977 um·

2665 2005 2883 2055 ῑὲιιξὲοιριιπ,

2666 2057 2728 2113 nef.
2741 2047 2810 2086 mid„
2819 2063 2882 2080 vm.

2667 2322 2679 2376 Ξ
2694 2321 2743 2350 Qu.
2752 2326 2830 2349 mvn,
2837 2323 2883 2344 ιη.

2669 2899 2680 2910 ·
2690 2898 2823 2927 Qua-xxix,
2837 2901 2882 2922 aa.

2670 2932 2689 2952 ι,
2703 2924 2733 2947 nd
2746 2931 2768 2948 ι.

2668 3323 2807 3352 ·ver·.=5.
