2918 4088
0 2958 15 3092 ξ

0 3097 18 3126 .

0 3131 10 3258 ξ

89 276 299 320 ‘Dui.cap.1x,

89 324 237 366 νέΐῧθξίῲίί

88 370 180 393 ·.Vers
196 376 228 398 ¹7.

83 3035 176 3059 ‘Va-n.
191 3036 214 3059 8.

85 3253 98 3264 ·
110 3253 162 3275 ΑΒ.
177 3259 197 3276 2.

1055 209 1319 256 QUAESTIO
1347 209 1435 254 LX,
1465 209 1757 247 ARTICULUS
1786 211 1830 246 llI
2484 213 2502 249 5

327 291 471 323 ciorum
490 285 526 323 *:
557 286 773 324 secundum
802 286 892 324 illud
917 288 930 324 Ι
955 289 1040 325 Cor.
1062 287 1156 324 x**:
1190 287 1326 324 Omnia
1354 288 1390 322 in

315 339 454 388 figura
472 340 735 388 contingebant
753 340 844 384 illis;
869 347 905 376 et
927 341 1064 377 Coloss.
1086 352 1107 376 11
1120 339 1160 361 ³¹⁸·
1153 341 1293 382 ‚Quae
1310 344 1393 375 sunt

327 392 462 429 umbra
479 392 713 439 futurorum,
737 404 872 441 corpus
899 399 1021 430 autem
1054 393 1198 429 Christi.
1228 392 1311 428 Nec
1339 398 1391 427 ta-

327 455 419 481 men
438 443 570 481 omnia
588 452 692 492 gesta
719 446 876 483 Pan-um
897 444 1034 482 veteris
1062 443 1310 489 Testamenti,
1330 444 1392 480 vel

327 495 442 533 etiam
460 508 598 538 omnes
626 498 890 535 caeremoniae
911 497 1011 545 legia
1032 504 1120 534 sunt
1141 504 1389 538 sacramenta,

292 571 298 582 ‚
326 548 394 586 sed
413 549 607 598 quaedam
626 550 857 599 specialiter:
879 550 975 587 sicut
993 549 1032 586 in
1053 549 1232 586 Secunda
1247 548 1392 586 Parte*

325 601 503 640 habitum
537 610 603 639 est.
645 604 748 651 Ergo
776 603 928 640 videtur
954 602 1061 651 quod
1089 613 1170 638 non
1198 614 1315 639 omne
1344 601 1390 638 si-

325 665 447 702 gnum
475 667 603 693 sacrae
632 655 687 693 rei
714 655 760 692 sit
787 662 1082 692 sacramentum.

382 707 416 743 3.
442 708 674 751 ΡιιΑΕτΕιυῑΑ,
690 707 804 745 etiam
824 707 863 744 in
882 719 988 744 novo
1002 708 1251 745 Testamento
1271 708 1391 744 multa

324 768 510 808 geruntur
537 760 577 797 in
605 760 758 808 signum
785 759 945 797 alicuius
965 759 1019 797 rei
1047 772 1188 807 sacrae,
1209 772 1309 809 quae
1337 768 1390 796 ta-

325 824 417 850 men
455 825 535 850 non
571 813 753 850 dicuntur
788 820 1044 850 sacramenta:
1087 813 1184 850 sicut
1221 812 1390 862 aspersio

325 877 449 914 aquae
477 865 712 912 benedictae,
732 865 967 903 consecratio
993 865 1128 913 altaris,
1149 874 1185 902 et
1212 865 1390 903 consimi-

325 917 374 955 lia
394 923 422 954 ².
452 918 545 954 Non
573 930 664 966 ergo
693 930 810 956 omne
838 918 991 967 signum
1019 918 1073 956 rei
1092 931 1221 956 sacrae
1250 927 1305 956 est
1333 931 1390 956 sa-

325 978 578 1008 eramentum.

379 1023 453 1060 SED
497 1035 644 1061 CONTRA
688 1036 754 1063 EST
791 1025 899 1073 quod
940 1024 1113 1062 definitio
1157 1025 1392 1062 convertitur

281 1095 300 1128 -ζ
324 1087 417 1113 cum
443 1076 614 1114 definito.
645 1077 722 1115 Sed
750 1078 911 1126 quidam
925 1077 944 1099 ’¹‘
963 1077 1152 1115 definiunt
1175 1089 1390 1116 sacramen-

292 1140 298 1159 ;
324 1135 410 1166 tum
444 1141 516 1178 per
554 1130 632 1167 hoc
665 1131 772 1179 quod
806 1138 862 1168 est
895 1143 1028 1168 sacrae
1061 1133 1118 1168 rei
1148 1132 1321 1181 signum:
1355 1139 1391 1169 et

274 1192 298 1209 ¹-
325 1181 401 1218 hoc
429 1181 545 1219 etiam
563 1182 716 1220 videtur
742 1195 789 1220 ex
808 1182 823 1213 β
851 1183 1071 1221 auctoritate
1100 1183 1303 1232 Augustini
1328 1197 1390 1222 su-

291 1254 297 1260 ·
324 1234 428 1284 pra*
446 1234 613 1273 inducta.
648 1237 749 1284 Ergo
777 1236 930 1274 videtur
956 1237 1063 1286 quod
1092 1249 1209 1274 omne
1237 1237 1390 1285 signum

325 1287 380 1324 rei
408 1300 536 1326 sacrae
565 1289 610 1326 sit
638 1297 935 1327 sacramentum.

378 1341 604 1381 Responnzo
632 1355 814 1381 DICENDUM
850 1343 958 1392 quod
986 1342 1092 1391 signa
1120 1343 1260 1380 dantur
1278 1348 1293 1371 Υ
1321 1343 1390 1380 ho-

325 1393 506 1441 minibus,
528 1407 699 1444 quorum
727 1403 783 1432 est
809 1408 879 1445 per
906 1404 997 1433 nota
1025 1396 1073 1433 ad
1101 1395 1229 1444 ignota
1256 1408 1390 1445 perve-

324 1446 418 1484 nire.
449 1448 497 1484 Et
524 1447 612 1485 ideo
631 1448 785 1498 proprie
814 1448 952 1486 dicitur
972 1457 1255 1486 sacramentum
1284 1449 1391 1498 quod

324 1507 381 1536 est
408 1499 562 1559 signum
589 1501 750 1538 alicuius
778 1501 832 1538 rei
860 1513 988 1538 sacrae
1017 1502 1067 1538 ad
1099 1501 1278 1538 homines
1305 1513 1390 1550 per-

323 1551 496 1589 tinentis·
526 1561 569 1589 ut
587 1553 726 1590 scilicet
744 1554 899 1603 proprie
927 1553 1075 1591 dicatur
1093 1561 1390 1601 sacramentum,

375 1683 404 1717 α)
422 1683 580 1709 consimilia.
597 1698 617 1703 -
634 1685 734 1709 similia
752 1685 825 1709 tertia
844 1690 946 1717 praeter
964 1685 983 1710 1.

376 1718 403 1789 βξ
422 1726 468 1745 ex.
485 1719 584 1745 —Om.
603 1720 678 1745 ter-tia
696 1725 799 1753 praeter
816 1720 845 1745 P.

375 1762 392 1788 γ
423 1750 570 1780 dani-ur.—
550 1756 698 1788 -proprie
716 1756 818 1780 dantur
836 1755 915 1781 PIsG.

1447 287 1663 324 secundum
1691 287 1798 336 quod
1826 299 1930 324 nunc
1954 288 2000 324 de
2030 289 2273 326 sacramentis
2296 290 2503 338 loquimur,

1446 339 1553 387 quod
1582 347 1637 376 est
1663 341 1812 389 signum
1851 342 1908 376 rei
1932 352 2062 377 sacrae
2099 342 2315 389 inquantum
2344 348 2393 378 est
2419 355 2504 379 san-

1446 394 1611 439 ctificans
1637 393 1815 429 homines.

1499 446 1556 481 AD
1576 457 1711 482 ΡκιΜυΜ
1740 457 1837 481 ERGO
1866 457 2045 482 DICENDUM
2073 445 2180 494 quod
2200 454 2391 483 creaturae
2421 459 2504 484 sen—

1446 497 1571 534 sibiles
1600 497 1812 545 significant
1840 497 1982 546 aliquid
2011 509 2173 544 sacrum,
2195 498 2332 535 scilicet
2358 499 2504 548 sapien-

1445 550 1538 586 tiam
1566 558 1602 586 et
1630 549 1840 588 bonitatem
1867 549 2057 596 divinam,
2094 550 2323 599 inquantum
2351 560 2439 588 sunt
2466 552 2504 588 in

1445 602 1578 651 seipsis
1606 614 1730 640 sacra:
1761 614 1841 639 non
1869 610 1998 639 autem
2018 602 2247 651 inquantum
2275 616 2346 640 nos
2373 616 2442 652 per
2461 617 2506 641 ea

1445 655 1739 692 sanctificamur.
1782 656 1830 692 Et
1864 655 1951 692 ideo
1980 667 2059 691 non
2094 664 2255 704 possunt
2283 656 2357 693 dici
2385 669 2505 694 sacra-

1445 716 1575 745 menta
1603 708 1819 745 secundum
1839 708 1945 756 quod
1974 719 2078 744 nunc
2096 708 2292 757 loquimur
2319 709 2367 745 de
2387 721 2505 746 sacra-

1446 761 1595 798 mentis.

1497 815 1554 851 Ao
1574 826 1763 851 SECUNDUM
1789 825 1970 850 DICENDUM
1990 814 2096 862 quod
2117 814 2309 862 quaedam
2328 814 2377 851 ad
2396 822 2505 852 vetus

1445 867 1739 904 Testamentum
1753 865 1980 915 pertinentia
1995 866 2256 914 significabant
2271 866 2505 904 sanctitatem

1447 919 1586 956 Christi
1605 919 1821 956 secundum
1840 919 1947 968 quod
1975 919 2014 956 in
2042 931 2082 955 se
2101 927 2254 956 sanctus
2282 927 2347 956 est.
2378 920 2506 966 Quae-

1444 972 1538 1009 dam
1563 984 1658 1009 vero
1686 971 1949 1020 significabant
1976 971 2211 1008 sanctitatem
2235 971 2316 1008 eius
2343 972 2505 1021 inquan-

1445 1033 1529 1062 tum
1557 1037 1625 1074 per
1653 1037 1741 1062 earn
1759 1023 1772 1047 ὅ
1801 1037 1872 1061 nos
1906 1024 2206 1062 sanctificamur:
2243 1024 2339 1061 sicut
2366 1025 2504 1062 immo-

1445 1078 1533 1115 latio
1571 1077 1659 1126 agni
1695 1077 1882 1127 paschalis
1923 1077 2158 1125 significabat
2200 1077 2502 1114 immolationem

1446 1131 1597 1178 Christi,
1618 1143 1696 1180 qua
1723 1130 1943 1168 sanctificati
1970 1142 2117 1167 sumus.
2147 1131 2194 1167 Et
2221 1129 2308 1167 talia
2326 1130 2505 1171 dicuntur
2533 1160 2536 1163 ,

1444 1184 1599 1233 proprie
1626 1183 1764 1221 veteris
1791 1183 1881 1231 legis
1910 1190 2156 1220 sacramenta.

1498 1239 1555 1274 AD
1582 1249 1740 1274 TERTHJM
1763 1248 1943 1273 DICENDUM
1963 1236 2069 1284 quod
2089 1247 2147 1272 res
2175 1235 2474 1272 denominantur
2491 1241 2503 1257 Ε

1445 1303 1468 1327 a
1492 1290 1570 1327 fine
1589 1290 1609 1311 ’¹‘
1637 1298 1673 1326 et
1698 1290 1995 1338 complemento.
2034 1288 2240 1337 Dispositio
2267 1296 2395 1325 autem
2423 1300 2503 1325 non

1445 1351 1499 1379 est
1525 1342 1623 1389 finis,
1650 1342 1718 1379 sed
1745 1341 1936 1391 perfectio.
1973 1342 2021 1378 Et
2048 1341 2135 1378 ideo
2164 1353 2209 1377 ea
2237 1353 2336 1390 quae
2364 1340 2504 1389 signifi-

1445 1403 1531 1432 cant
1558 1394 1848 1444 dispositionem
1875 1395 1923 1431 ad
1952 1393 2199 1438 sanctitatem,
2219 1405 2299 1430 non
2327 1393 2506 1430 dicuntur

1445 1456 1692 1494 sacramenta,
1713 1448 1760 1484 de
1789 1447 1930 1496 quibus
1949 1446 2120 1496 procedit
2139 1446 2320 1491 obiecti0;
2350 1446 2417 1482 sed
2445 1458 2505 1482 so-

1444 1502 1526 1538 lum
1554 1513 1600 1538 ea
1628 1513 1727 1549 quae
1756 1499 1969 1548 significant
1996 1499 2268 1548 perfectionem
2303 1498 2505 1536 sanctitatis

1444 1554 1652 1590 humanae.

1496 1684 1521 1718 δ)
1541 1693 1608 1710 eam.
1626 1699 1645 1704 -
1664 1685 1738 1714 EsG;
1758 1692 1798 1710 ea.

1496 1721 1519 1754 ε)
1538 1721 1755 1746 denominantur.
1772 1734 1791 1738 —
1809 1720 1999 1745 denominatur·
2018 1720 2091 1744 tertia
2109 1725 2211 1752 praeter
2228 1721 2262 1745 H.

988 1835 1321 1868 Commentariis.
1345 1834 1597 1868 Oardjnaus
1620 1833 1822 1866 Caietani

382 1925 490 1946 rrums
506 1916 620 1946 clarus.
636 1933 657 1938 -
673 1915 709 1946 ln
725 1925 860 1955 corpore
880 1915 1004 1945 Auctor
1027 1914 1254 1946 accommodat
1276 1914 1389 1945 defini-

324 1926 506 1990 Ttionem
536 1960 633 1996 hanc,
657 1960 793 1996 scilicet,
817 1959 947 2001 signum
974 1959 1023 1989 rei
1044 1968 1176 1995 sacrae,
1203 1959 1243 1989 ad
1266 1959 1329 1989 hoc
1353 1964 1389 1989 ut

321 2004 362 2034 sit
385 2004 599 2034 convertibilis
623 2013 698 2034 cum
721 2009 939 2034 sacramento:
963 2009 1000 2034 ut
1023 2003 1113 2043 quod
1136 2013 1175 2034 ex
1195 2003 1388 2043 proprietate

321 2047 561 2088 significationis
592 2057 661 2078 non
683 2048 788 2084 habet,
813 2057 851 2078 ex
874 2048 1174 2078 accommodatione
1198 2047 1389 2087 intelligatur

321 2092 448 2123 habere.
482 2092 567 2123 Hinc
596 2093 683 2122 enim
711 2092 789 2123 duas
813 2092 1006 2132 subintelligi
1028 2092 1097 2122 vult
1120 2091 1321 2122 conditiones
1343 2092 1389 2121 rei

321 2146 448 2167 sacrae:
473 2136 602 2172 scilicet,
625 2136 856 2178 sanctificantis
879 2137 1033 2167 homines.
1058 2135 1157 2174 Quod
1176 2145 1245 2166 non
1260 2134 1388 2166 aliunde

322 2180 491 2211 deducitur
521 2190 618 2222 quam
647 2190 686 2211 ex
709 2181 772 2211 hoc
796 2180 886 2221 quod
909 2181 1036 2221 signum
1063 2181 1192 2221 proprie
1216 2180 1308 2210 datur
1330 2180 1389 2213 ho-

321 2225 412 2261 mini,
437 2225 528 2255 cuius
552 2230 599 2255 est
622 2234 679 2265 per
701 2230 818 2255 notum
841 2224 882 2255 ad
903 2225 1052 2265 ignotum
1076 2224 1261 2255 discurrere.

377 2269 419 2299 Et
441 2269 522 2300 scito
546 2268 623 2300 duo.
655 2269 809 2305 Primum,
834 2269 924 2309 quod
953 2269 1077 2299 Auctor
1103 2278 1172 2299 non
1199 2269 1306 2299 solum
1328 2277 1388 2308 pro

1442 1915 1617 1945 reverentia
1649 1914 1694 1944 sic
1724 1913 1946 1944 definientium
1979 1920 2221 1950 sacramentum,
2246 1914 2302 1945 sed
2328 1916 2423 1946 etiam
2446 1925 2505 1956 pro

1442 1958 1600 1989 firmando
1630 1967 1692 1988 usu
1718 1958 1890 1994 Ecclesiae,
1915 1967 1981 1998 quo
2012 1964 2244 1989 sacramentum
2277 1959 2412 1990 dicimus
2439 1970 2505 1990 non

1443 2003 1600 2042 cuiusque
1632 2003 1678 2032 rei
1711 2011 1816 2032 sacrae
1848 2003 1986 2042 signum,
2014 2002 2070 2032 sed
2092 2003 2240 2033 homines
2271 2003 2504 2039 sanctificantis,

1443 2047 1691 2087 descriptionem
1714 2047 1797 2076 hanc
1820 2047 1854 2076 in
1877 2045 2099 2077 definitionem
2123 2048 2229 2077 erexit.

1497 2090 1683 2122 Secundum
1707 2096 1755 2121 est
1778 2090 1867 2130 quod
1882 2090 1915 2131 ly
1929 2091 2161 2131 sanctificantis
2183 2091 2367 2131 intelligitur
2382 2092 2415 2122 in
2432 2098 2504 2123 actu

1443 2136 1600 2171 exercito,
1624 2135 1687 2165 hoc
1711 2140 1758 2165 est
1790 2134 1880 2174 quod
1903 2140 1949 2164 est
1979 2135 2106 2174 signum
2129 2136 2174 2165 rei
2206 2145 2310 2165 sacrae
2333 2141 2370 2166 ut
2399 2141 2504 2166 actua-

1442 2180 1512 2210 liter
1543 2185 1668 2211 exercet
1697 2178 1981 2209 sanctificationem
2007 2179 2166 2210 hominis:
2199 2180 2274 2220 quia
2296 2179 2335 2210 ad
2364 2180 2427 2210 hoc
2451 2180 2505 2210 ad-

1441 2224 1567 2254 hibetur
1590 2229 1626 2254 ut
1649 2224 1785 2264 signum,
1801 2229 1837 2253 ut
1860 2222 2072 2253 sanctificetur
2099 2223 2200 2253 homo
2223 2233 2280 2264 per
2302 2223 2386 2254 illius
2409 2225 2505 2264 signi-

1441 2267 1582 2298 ficatum.

1131 2449 1451 2494 ARTICULUS
1480 2448 1710 2492 TERTIUS

832 2544 990 2576 UTRUM
1013 2543 1347 2575 SACRAMENTUM
1371 2542 1438 2574 slT
1461 2542 1627 2574 SIGNUM
1650 2542 1780 2574 UNms
1802 2543 1873 2574 REI
1897 2543 2086 2574 TANTUM

1082 2631 1117 2656 1v
1135 2631 1218 2660 Sent„
1238 2630 1296 2656 dist.
1316 2638 1333 2659 1,
1352 2638 1398 2663 qu.
1415 2637 1433 2660 ι,
1453 2635 1499 2657 art.
1521 2637 1545 2661 1,
1565 2630 1614 2663 qu¹
1636 2637 1659 2661 ι,
1678 2631 1710 2655 ad
1728 2638 1754 2662 4.

508 2885 602 2915 θεῖ»
628 2877 781 2925 signum
815 2877 1060 2925 ambiguum,
1090 2885 1127 2914 et
1153 2888 1224 2926 per
1257 2889 1388 2914 conse-

323 2941 448 2980 quens
475 2930 628 2967 fallendi
647 2930 816 2967 occasio:
847 2929 943 2967 sicut
971 2937 1072 2978 patet
1090 2930 1138 2966 de
1164 2929 1388 2966 nominibus

324 2982 558 3033 aequivocis.
589 2982 667 3021 Sed
695 2983 821 3020 omnis
847 2982 992 3020 fallacia
1016 2982 1129 3020 debet
1156 2981 1348 3019 removeri
1366 2994 1389 3018 a

326 3035 542 3074 Christiana
561 3036 761 3084 religione:
791 3036 1007 3073 secundum
1033 3035 1125 3072 illud
1148 3035 1286 3072 Coloss.
1308 3046 1329 3071 11
1347 3034 1386 3070 *ε

332 3089 456 3127 Videze
483 3102 530 3127 ne
557 3091 638 3139 quis
663 3102 728 3127 vos
754 3089 903 3126 seducat
925 3101 997 3138 per
1016 3089 1290 3138 philosophiam
1311 3092 1328 3109 α
1356 3093 1389 3124 et

324 3143 475 3181 inanem
492 3143 705 3191 fallaciam.
735 3143 837 3191 Ergo
865 3141 1016 3179 videtur
1039 3141 1146 3190 quod
1173 3152 1388 3178 sacramen-

324 3202 410 3233 tum
436 3207 519 3233 non
546 3195 592 3233 sit
619 3195 772 3244 signum
799 3195 970 3244 plurium
998 3206 1139 3232 rerum.

380 3259 415 3285 2.
445 3249 677 3296 PRAETEREA,
697 3248 794 3286 sicut
812 3248 958 3285 dictum
980 3255 1035 3284 est
1052 3247 1084 3294 ²¹²,
1105 3254 1389 3286 sacramentum

325 3300 511 3350 significat
544 3314 627 3340 rem
654 3314 803 3339 sacram
838 3301 1070 3350 inquantum
1102 3307 1158 3337 est
1194 3300 1388 3338 humanae

325 3353 632 3409 sanctificationis
668 3367 794 3392 causa.
838 3354 915 3392 Sed
949 3366 1027 3390 una
1066 3354 1147 3390 sola
1183 3360 1238 3389 est
1274 3365 1389 3390 causa

380 3486 408 3522 α)
423 3487 628 3520 philosophiam.
647 3502 666 3506 —
683 3495 701 3512 a
720 3493 745 3513 et
763 3487 836 3512 tertia
854 3491 956 3520 praeter
973 3486 1029 3519 pG;
1044 3485 1224 3518 prophetiam.

459 2746 483 2759 f
533 2731 556 2756 ι)
574 2731 734 2756 ’mnrium
759 2731 812 2756 alc
838 2731 1073 2756 Paocanrrua.
1094 2718 1255 2756 Videtur
1279 2717 1386 2767 quod
1411 2721 1415 2761 1
1441 2717 1749 2755 sanctificationis
1777 2719 1983 2765 humanae,
2004 2718 2143 2755 scilicet
2161 2718 2314 2766 sanguis
2343 2719 2501 2758 Christi:

510 2779 820 2810 sacramentum
839 2783 920 2809 non
939 2772 985 2809 sit
1003 2771 1157 2820 signum
1176 2770 1248 2808 nisi
1271 2770 1388 2808 unius
1441 2771 1657 2808 secundum
1675 2771 1768 2808 illud
1796 2772 1894 2808 Heb.
1915 2772 1980 2808 ult.
2001 2771 2040 2807 ³¹⁸:
2070 2773 2183 2817 Iesus,
2205 2777 2242 2808 ut
2259 2773 2504 2820 sanctificaret

517 2822 601 2862 rei.
631 2825 673 2861 Id
701 2824 806 2861 enim
843 2836 923 2873 quo
951 2825 1072 2862 multa
1107 2823 1386 2872 significantur,
1435 2836 1508 2873 per
1533 2836 1641 2861 suum
1668 2826 1891 2874 sanguinem
1905 2824 2099 2873 populum,
2120 2830 2227 2861 extra
2240 2830 2391 2873 portam
2414 2837 2502 2875 pas—

1440 2889 1501 2914 sus
1529 2883 1590 2914 est.
1620 2877 1722 2925 Ergo
1741 2876 1893 2914 videtur
1920 2876 2026 2925 quod
2046 2884 2329 2914 sacramentum
2356 2890 2437 2915 non
2456 2878 2502 2914 si-

1440 2929 1593 2977 gnificet
1620 2931 1742 2978 plura.

1498 2982 1532 3018 3.
1562 2983 1793 3028 PRAETEREA‚
1813 2981 1959 3019 dictum
1979 2989 2034 3018 est
2052 2981 2072 3003 *
2094 2981 2201 3030 quod
2220 2990 2502 3020 sacramentum

1442 3034 1596 3084 proprie
1633 3033 1818 3082 significat
1853 3034 1982 3082 ipsum
2018 3033 2139 3070 finem
2184 3034 2500 3073 sanctificationis.

1444 3088 1520 3125 Sed
1547 3087 1636 3124 finis
1663 3086 1970 3124 sanctificationis
1988 3094 2044 3123 est
2071 3086 2148 3123 vita
2166 3093 2338 3124 aeternat
2368 3100 2502 3125 secun-

1443 3140 1539 3177 dum
1567 3139 1659 3177 illud
1678 3141 1789 3176 Rom.
1809 3151 1844 3176 vt
1863 3139 1899 3176 *z
1929 3140 2086 3177 Habetis
2094 3140 2265 3187 fructum
2284 3146 2444 3178 vestrum
2464 3143 2500 3178 in

1441 3194 1740 3242 sanctificatione,
1749 3194 1872 3241 finem
1900 3204 1989 3229 vero
2017 3193 2129 3230 vitam
2160 3198 2362 3231 aeternam.
2401 3194 2502 3242 Ergo

1442 3246 1595 3283 videtur
1629 3245 1736 3295 quod
1771 3252 2008 3283 sacramenta
2041 3256 2121 3283 non
2156 3245 2366 3293 significent
2389 3244 2404 3275 β
2430 3246 2502 3283 nisi

1443 3311 1564 3336 unam
1592 3310 1686 3344 rem,
1707 3297 1845 3335 scilicet
1871 3297 1989 3335 vitam
2017 3305 2222 3337 aeternam.

1497 3353 1570 3389 SED
1599 3363 1743 3388 CONTRA
1771 3363 1836 3388 EST
1873 3350 1980 3400 quod
2017 3350 2054 3387 in
2090 3359 2327 3388 sacramento
2366 3350 2501 3388 Altaris

1494 3483 1520 3518 β)
1539 3487 1708 3510 sacramenta
1726 3491 1778 3509 non
1797 3484 1954 3518 significent.
1973 3498 1992 3502 —-
2008 3486 2204 3509 sacramentum
2224 3490 2275 3508 non
2295 3483 2426 3516 significet
2439 3483 2461 3507 Η
2477 3488 2502 3507 et

1441 3520 1575 3546 editiones.

2630 1244 2640 1260 Ε

2531 1295 2652 1317 ‘Ariston
2671 1295 2700 1317 de
2712 1296 2742 1317 A·

2531 1321 2594 1342 nima
2605 1321 2643 1343 lib.
2652 1321 2680 1344 11.
2691 1328 2740 1369 eff.

2531 1353 2595 1395 lectn
2598 1354 2658 1396 11⁵
2647 1347 2689 1370 S
2735 1365 2741 1370 '

2530 2786 2540 2796 ·
2555 2785 2619 2806 Vers.
2637 2790 2667 2806 ιτ.

2529 2996 2539 3005 ·
2551 2994 2601 3015 Art.
2617 2999 2637 3020 2,
2651 2994 2679 3015 ad
2692 3000 2712 3022 3.

2530 3154 2539 3163 ·
2555 3151 2620 3174 VerS.
2635 3157 2668 3174 22.
