2878 4088
4 2835 5 2845 ⁴
0 2696 11 2801 'we-u
0 2670 7 2689 ur
0 2646 5 2655 -<
0 2603 2 2606 ·

0 3783 4 3791 a
1 3755 3 3763 ⁴
0 3566 10 3725 ⁴¹⁴W'UWRVV*
2 3535 6 3541 .

80 237 162 287 ὲῗξ.
176 243 200 285 lv,
214 242 237 258 n.
251 243 274 262 4.
283 247 293 252 -

153 278 159 285 .
184 266 227 285 eet.
243 268 292 284 viu.

85 1658 299 1736 gram&

87 1841 204 1864 ‘0128er
208 1840 299 1864 del-leb

85 1868 245 1918 me.
271 1900 299 1916 .-

86 1920 302 1975 antaeus?

89 2102 99 2113 ·
126 2100 217 2123 Euclid.
246 2099 301 2122 Ele-

86 2127 226 2176 miili-1,
231 2133 300 2156 prop.

90 2420 100 2431 ·
113 2419 174 2442 ιιιῑα.
192 2417 234 2441 mv.
250 2418 283 2440 m
296 2434 303 2446 ,

89 2451 155 2474 prop.
171 2451 220 2468 xm.

89 2549 100 2559 ¹
113 2546 173 2570 lbid.
182 2546 222 2569 nb.
233 2546 252 2575 1,
263 2546 302 2569 de-

91 2573 147 2597 finit.
162 2580 185 2601 4.

97 3260 121 3306 Σι
129 3257 240 3306 Αἷῗέῑῖῧ
248 3257 309 3305 ¹22⁷·

96 3290 140 3338 πῖ·
151 3317 174 3333 ιι.
187 3299 222 3334 ἰο
230 3289 310 3337 sap:

98 3337 122 3360 S.
130 3337 176 3364 Th,
189 3338 241 3360 lect.
251 3343 282 3359 vr.

98 3437 108 3447 ·
124 3435 184 3457 Part.
204 3434 251 3461 111,
270 3440 310 3462 qu.

98 3468 166 3488 mv,
179 3465 221 3484 art.
237 3466 256 3482 a.

963 161 1227 210 QUAESTIO
1256 160 1459 206 LXXXIII,
1479 160 1773 199 ARTICULUS
1801 163 1846 199 111
2434 161 2504 210 193

375 239 426 270 AD
445 250 584 270 nummu
601 251 761 272 DICENDUM
777 241 876 282 quod,
893 242 975 272 sicut
991 241 1105 272 dicitur
1120 241 1153 271 in
1170 241 1212 270 lV
1227 240 1389 282 Physica
1501 240 1563 271 San
1588 250 1711 270 CONTRA
1735 250 1788 271 sss‘r
1813 242 1903 281 quod
1926 242 2022 273 Beata
2045 243 2144 283 Virgo
2168 243 2270 274 filium
2298 252 2393 273 suurn
2417 243 2510 273 mira-

315 284 432 324 puncti
456 294 520 314 non
545 286 695 316 convenit
717 295 784 316 esse
807 287 923 316 locum.
948 286 1052 322 Unde,
1077 286 1102 315 si
1126 285 1248 315 dicatur
1271 294 1339 315 esse
1357 285 1391 314 in
1446 284 1556 315 culose
1579 285 1704 324 peperit
1719 286 1745 314 ³².
1779 285 1842 316 Sed
1864 286 1898 315 in
1920 286 1975 316 illo
1999 293 2092 326 partu
2119 288 2262 327 oportuit
2286 287 2351 317 duo
2376 297 2511 327 corpora

322 327 414 364 loco,
438 329 502 359 hoc
526 339 593 359 non
619 336 665 360 est
687 331 748 360 nisi
775 340 832 370 per
855 330 1019 367 accidens,
1044 330 1120 370 quia
1151 339 1268 369 corpus
1299 329 1390 359 cuius
1446 338 1514 359 esse
1530 329 1625 359 simul
1637 329 1670 359 in
1683 328 1799 359 eodem
1814 329 1903 360 loco:
1918 331 1994 369 quia
2010 340 2127 371 corpus
2142 333 2233 371 pueri
2250 332 2356 362 exiens
2367 332 2510 362 claustra

323 377 370 403 est
387 373 541 403 terminus
561 375 656 404 estin
672 374 758 405 loco.
781 374 870 406 Sicut
885 380 993 405 autem
1009 380 1096 405 totus
1112 374 1203 404 locus
1219 372 1391 413 respondet
1439 373 1580 414 pudoris
1602 382 1670 403 non
1694 372 1787 413 fregit
1802 374 1828 404 ’ἢ
1862 374 1947 413 Ergo
1978 380 2083 414 potest
2113 377 2303 406 miraculose
2331 375 2398 406 fieri
2423 375 2511 415 quod

322 417 382 446 toti
399 418 537 457 corpori,
554 418 597 448 ita
612 419 767 449 terminus
791 419 855 449 loci
877 418 1051 459 respondet
1073 419 1211 449 termino
1236 418 1390 458 corporis.
1414 426 1423 446 x
1446 417 1512 448 duo
1537 426 1673 457 corpora
1695 418 1756 448 sint
1779 418 1813 448 in
1837 417 1953 448 eodem
1977 419 2062 449 loco.

324 459 492 501 Contingit
516 468 623 493 autem
647 463 786 494 duorum
809 463 957 494 locorum
981 473 1048 494 esse
1072 472 1175 493 unum
1198 462 1390 492 terminum:
1504 471 1533 492 2.
1557 461 1754 498 Palmum,
1778 463 1842 492 hoc
1865 461 1952 492 idem
1978 468 2085 502 potest
2108 463 2232 494 ostendi
2256 473 2312 503 per
2335 465 2398 494 hoc
2423 464 2510 504 quod

324 505 405 536 sicut
422 511 453 536 et
469 505 547 536 duas
571 507 670 537 lineas
693 508 855 538 terminari
876 507 916 538 ad
936 517 1039 538 unum
1055 512 1224 547 punctum.
1249 506 1290 537 Et
1305 505 1390 541 ideo,
1446 506 1607 536 Dominus
1631 505 1670 536 ad
1694 506 1870 547 discipulos
1892 507 2019 537 intravit
2042 508 2161 538 clausis
2185 508 2301 544 ianuis,
2326 509 2412 538 Ioan.
2430 519 2469 538 xx
2485 509 2509 538 ᾖ.

324 551 470 590 quamvis
500 550 566 581 duo
598 561 733 592 corpora
762 561 830 582 non
861 557 997 592 possunt
1027 561 1095 582 esse
1123 551 1183 581 nisi
1205 552 1239 581 in
1263 550 1391 580 diversis
1501 550 1691 580 Rnsponnsso
1715 561 1875 581 memnon
1899 551 1998 591 quod,
2015 551 2097 581 sicut
2121 561 2158 581 ex
2180 551 2270 582 dictis
2286 554 2302 569 ⁴*
2325 558 2421 592 patet,
2438 562 2511 592 pro-

324 594 413 630 locis,
430 600 538 626 tamen
555 594 682 626 duobus
698 596 841 626 terminis
864 595 1003 627 duomm
1027 604 1202 636 corporum
1220 593 1393 634 respondet
1446 599 1516 634 pter
1539 595 1603 624 hoc
1630 604 1760 625 necesse
1790 601 1836 625 est
1863 595 1929 626 duo
1957 605 2093 635 corpora
2115 596 2149 626 in
2173 595 2299 626 duobus
2326 597 2404 626 locis
2434 606 2511 631 esse,

323 637 410 668 idem
432 640 588 670 terminus
619 640 758 671 duorum
788 640 946 670 locorum.
977 640 1019 670 Et
1046 639 1225 670 secundum
1255 639 1318 668 hoc
1346 637 1392 668 cli-
1408 651 1433 666 m
1448 639 1523 677 quia
1547 638 1708 669 diversitas
1731 641 1881 670 materiae
1905 640 2037 680 requirit
2060 639 2297 670 distinctionem
2321 641 2353 670 in
2377 641 2448 670 situ.
2474 641 2513 670 Et

325 689 441 713 cuntur
464 684 577 714 ultima
600 694 774 725 corporum
797 694 831 714 se
855 684 1111 724 contingentium
1135 693 1203 714 esse
1226 683 1332 713 simul.
1446 681 1521 712 ideo
1545 682 1691 713 videmus
1722 683 1821 723 quod,
1846 683 1977 724 quando
2008 685 2204 714 conveniunt
2233 684 2299 715 duo
2323 694 2458 724 corpora
2480 686 2512 715 in

1447 735 1561 762 unum,
1587 726 1757 758 destruitur
1781 737 1848 758 esse
1873 728 2058 759 distinctum
2085 729 2262 768 utriusque,
2288 734 2318 759 et
2342 730 2514 768 acquiritur

496 803 583 824 QUOD
608 803 671 824 „Uo
696 803 840 824 CORPORA
863 803 931 823 SINT
954 803 986 823 m
1010 802 1116 823 nomm
1139 801 1222 822 LOCO
1447 771 1576 810 utrique
1600 772 1695 802 simul
1718 782 1822 802 unum
1847 782 1914 803 esse
1938 772 2141 803 distinctum:
2166 779 2202 803 ut
2225 779 2312 813 patet
2334 774 2367 803 in
2386 773 2513 803 mixtio-

497 843 558 866 ΡΜ.
573 844 605 865 111
858 843 871 865 d
905 851 911 856 ι
1069 847 1089 864 n
1165 842 1178 864 d
1213 850 1218 855 .
1447 815 1552 845 nibus,
1576 815 1653 846 Non
1675 821 1783 856 potest
1806 826 1882 857 ergo
1900 827 1967 848 esse
1984 817 2073 857 quod
2090 817 2155 848 duo
2172 827 2308 858 corpora
2330 823 2514 848 remaneant

325 870 357 892 ιν
373 870 440 893 Cone.
457 869 534 897 θαι,
545 876 596 898 cap.
611 850 725 896 2132ssss
727 860 733 869 '
749 848 855 897 “¹2:2¹1ss
865 849 1078 898 qss.'1i¹‚⁰iri'.vi¹;’fn
1091 849 1166 897 '10⁴a'nf',
1182 849 1232 898 οἶῤ.
1244 875 1283 897 xx,
1297 869 1392 895 tecum
1409 871 1431 891 ις
1448 858 1514 889 duo
1539 864 1570 889 et
1593 864 1701 890 tamen
1732 861 1794 891 sint
1823 862 1936 898 simul,
1964 862 2024 892 nisi
2055 863 2182 902 utrique
2212 867 2417 892 conservetur
2447 871 2514 892 esse

672 897 730 918 ¹⁶⁶
763 902 808 923 or„
825 902 876 924 ΟΨ·
892 903 930 923 ’‘¹'’
945 897 996 918 ¹⁶⁰¹·
1015 903 1043 918 *¹⁴
1448 902 1632 934 distinctum
1657 905 1746 945 quod
1770 906 1856 946 prius
1878 906 2023 942 habebat,
2041 906 2220 937 secundum
2236 906 2325 947 quod
2340 912 2514 946 utrumque

326 957 409 1020 An
425 957 560 977 ‘rnR'rmM
580 957 625 977 sm
645 956 851 977 PROCEDITUR.
874 946 1008 977 Videtur
1031 946 1121 987 quod
1140 956 1201 978 nec
1222 947 1317 978 etiam
1337 956 1394 987 per
1448 952 1514 978 erat
1537 958 1593 979 ens
1617 949 1788 980 indivisum
1813 950 1845 980 in
1869 960 1903 981 se
1926 956 1957 981 et
1978 951 2114 981 divisum
2138 951 2178 981 ab
2201 951 2284 982 aliis.
2309 951 2383 981 Hoc
2407 956 2513 981 autem

388 991 580 1021 miraculum
595 990 664 1021 fieri
679 991 781 1032 possit
802 991 892 1031 quod
908 990 974 1022 duo
996 1001 1131 1032 corpora
1148 992 1210 1022 sint
1225 993 1258 1022 in
1278 991 1394 1022 eodem
1448 1001 1517 1022 esse
1534 992 1719 1024 distinctum
1743 994 1903 1034 dependet
1918 1005 1936 1025 a
1952 996 2115 1035 principiis
2139 995 2357 1026 essentialibus
2372 996 2417 1026 rei
2433 996 2514 1029 sicut

323 1035 408 1066 loco.
433 1035 510 1066 Non
534 1036 621 1066 enim
644 1041 750 1075 potest
769 1035 838 1066 fieri
852 1045 910 1076 per
925 1036 1117 1066 miraculum
1134 1036 1224 1076 quod
1240 1035 1306 1066 duo
1323 1046 1393 1066 cor-
1448 1046 1466 1066 a
1497 1038 1599 1068 causis
1629 1039 1799 1078 proximis,
1825 1039 1880 1069 sed
1904 1049 1922 1069 a
1945 1040 2016 1070 Deo
2047 1041 2129 1071 sicut
2157 1050 2174 1070 a
2203 1050 2297 1071 causa
2326 1040 2438 1080 prima.
2473 1039 2513 1070 Et

324 1089 404 1120 pora
426 1079 489 1110 sint
511 1080 608 1110 simul
631 1079 697 1110 duo
714 1085 745 1111 et
761 1090 883 1111 unum:
909 1081 985 1120 quia
1006 1081 1071 1111 hoc
1087 1086 1169 1111 esset
1192 1080 1295 1111 facere
1315 1090 1394 1111 con·
1408 1092 1434 1107 ιο
1448 1082 1524 1121 quia
1552 1091 1647 1112 causa
1673 1083 1775 1123 prima
1802 1089 1910 1123 potest
1937 1094 2124 1115 conservare
2150 1094 2218 1115 rem
2241 1085 2273 1115 in
2298 1094 2365 1115 esse
2390 1093 2513 1115 cessan-

323 1123 506 1154 tradictoria
529 1133 597 1155 esse
620 1125 725 1155 simul.
754 1124 827 1161 Sed,
843 1126 869 1155 si
888 1130 1050 1165 ponantur
1073 1125 1140 1156 duo
1165 1135 1301 1166 corpora
1325 1135 1393 1156 esse
1447 1126 1531 1156 tibus
1555 1127 1657 1157 causis
1681 1127 1839 1164 secundis,
1855 1134 1891 1159 ut
1909 1134 1996 1168 patet
2018 1139 2075 1169 per
2098 1130 2234 1169 primam
2257 1129 2513 1169 propositionem

324 1168 430 1204 simul,
454 1174 641 1209 sequeretur
663 1169 717 1199 illa
740 1168 807 1200 duo
831 1179 967 1210 corpora
991 1179 1059 1200 esse
1082 1179 1196 1200 unum.
1220 1170 1306 1210 Ergo
1326 1179 1393 1200 non
1448 1170 1536 1200 Libri
1559 1170 1599 1201 de
1624 1172 1740 1202 Causis
1756 1173 1791 1208 *‚
1822 1182 1899 1213 ergo
1929 1173 2036 1204 divina
2058 1174 2190 1210 virtute,
2215 1179 2247 1204 et
2270 1183 2307 1204 ea
2338 1173 2421 1210 sola,
2445 1172 2513 1203 fieri

325 1217 372 1244 est
394 1213 546 1253 possibile
569 1213 633 1244 hoc
657 1223 714 1254 per
736 1214 928 1244 miraculum
950 1213 1029 1244 fieri.
1447 1220 1554 1254 potest
1570 1221 1606 1245 ut
1621 1216 1768 1247 accidens
1791 1217 1830 1247 sit
1849 1218 1916 1247 sine
1940 1218 2096 1254 subiecto,
2113 1224 2148 1248 ut
2164 1223 2251 1258 patet
2266 1218 2299 1248 in
2314 1223 2512 1249 sacramento

379 1257 533 1289 Probatio
561 1257 696 1288 mediae.
731 1257 800 1289 Sint
831 1257 898 1289 duo
928 1268 1065 1299 corpora
1092 1259 1126 1289 in
1154 1258 1271 1289 eodem
1301 1259 1393 1294 lom,
1447 1259 1563 1290 Altaris
1579 1260 1605 1290 *.
1630 1260 1672 1290 Et
1686 1261 1830 1291 similiter
1845 1262 1960 1292 virtute
1984 1262 2090 1292 divina
2113 1262 2181 1293 fieri
2205 1268 2320 1303 potest,
2337 1268 2368 1293 et
2383 1272 2421 1293 ea
2435 1263 2513 1298 sola,

325 1310 467 1342 quorum
497 1311 602 1333 unum
631 1301 754 1333 dicatur
776 1302 807 1333 A
829 1308 861 1333 et
890 1302 977 1333 aliud
1004 1303 1040 1334 B.
1064 1304 1131 1334 Aut
1162 1313 1237 1343 ergo
1269 1302 1394 1333 dimen·
1408 1313 1432 1333 2ς
1449 1303 1539 1343 quod
1567 1306 1694 1344 corpori
1722 1312 1885 1336 remaneat
1913 1315 1980 1336 esse
2009 1306 2194 1337 distinctum
2217 1307 2256 1337 ab
2280 1307 2343 1337 alio
2368 1317 2514 1347 corpore,

325 1346 432 1376 siones
455 1346 486 1376 A
508 1352 601 1377 erunt
625 1346 757 1377 eaedem
778 1357 853 1377 cum
870 1347 1124 1378 dimensionibus
1140 1347 1215 1383 loci,
1233 1353 1288 1378 aut
1303 1347 1392 1378 aliae.
1449 1349 1596 1388 quamvis
1619 1350 1688 1379 eius
1710 1350 1842 1380 materia
1863 1360 1932 1380 non
1955 1351 1995 1381 sit
2018 1351 2164 1382 distincta
2186 1352 2220 1381 in
2243 1352 2305 1382 situ
2329 1351 2368 1381 ab
2388 1352 2515 1382 alterius

326 1390 360 1422 Si
383 1390 472 1427 aliae,
493 1400 570 1431 ergo
594 1397 687 1422 erunt
710 1391 835 1432 aliquae
858 1391 1075 1423 dimensiones
1099 1397 1269 1432 separatae.
1294 1390 1395 1430 Quod
1449 1393 1593 1432 corporis
1616 1394 1756 1424 materia.
1781 1394 1822 1424 Et
1838 1395 1882 1425 sic
1901 1395 2093 1426 miraculose
2115 1395 2184 1426 fieri
2206 1401 2313 1436 potest
2336 1396 2425 1436 quod
2448 1395 2514 1426 duo

325 1444 395 1465 non
417 1440 524 1475 potest
546 1436 644 1476 poni:
678 1437 755 1476 quia
785 1435 1001 1467 dimensiones
1025 1445 1108 1477 quae
1132 1442 1206 1467 sunt
1228 1437 1310 1467 inter
1332 1439 1394 1467 ter-
1449 1446 1587 1476 corpora
1609 1438 1671 1468 sint
1694 1439 1727 1468 in
1750 1438 1867 1469 eodem
1890 1439 1974 1470 loco,

326 1480 434 1510 minos
456 1479 531 1516 loci,
555 1490 623 1510 non
646 1485 720 1511 sunt
743 1481 776 1511 in
799 1480 909 1521 aliquo
933 1481 1078 1511 subiecto
1101 1481 1162 1511 nisi
1185 1481 1247 1511 sint
1270 1481 1303 1511 in
1325 1490 1395 1511 cor·
1504 1481 1556 1512 An
1579 1492 1697 1512 ramim
1712 1493 1795 1513 nano
1811 1493 1971 1513 mcnnntm
1990 1484 2080 1524 quod
2098 1485 2178 1515 ratio
2194 1484 2247 1514 illa
2263 1490 2310 1514 est
2325 1485 2513 1525 sophistica:

326 1533 407 1564 pore
429 1523 548 1555 locato.
580 1524 613 1556 Si
635 1530 744 1555 autem
770 1530 845 1555 sunt
868 1524 1010 1561 eaedem,
1036 1534 1112 1565 ergo
1137 1524 1249 1555 eadem
1272 1525 1396 1556 ratione
1411 1533 1436 1554 το
1450 1526 1526 1565 quia
1548 1526 1695 1567 procedit
1718 1536 1755 1557 ex
1779 1529 2002 1567 suppositione
2026 1528 2111 1565 falsi3
2135 1529 2186 1559 vel
2209 1529 2288 1569 petit
2310 1530 2514 1569 principium.

327 1567 545 1599 dimensiones
567 1569 594 1599 B
618 1574 711 1600 erunt
733 1568 864 1600 eaedem
881 1579 956 1600 cum
972 1569 1226 1600 dimensionibus
1241 1569 1315 1600 loci.
1332 1568 1396 1600 Sed
1449 1570 1598 1601 Procedit
1627 1571 1713 1601 enim
1740 1572 1821 1602 ratio
1845 1572 1897 1602 ina
1921 1582 1957 1602 ac
1981 1573 2007 1602 si
2029 1573 2111 1603 inter
2138 1572 2322 1613 superficies
2352 1574 2516 1614 oppositas

326 1622 544 1654 quaecumque
567 1613 625 1643 uni
647 1618 679 1644 et
700 1613 802 1644 eidem
824 1618 900 1644 sunt
922 1613 1050 1651 eadem,
1073 1614 1133 1644 sibi
1157 1614 1292 1645 invicem
1321 1618 1397 1644 sunt
1449 1615 1513 1645 loci
1530 1615 1663 1645 alicuius
1688 1621 1769 1646 esset
1792 1616 1898 1656 aliqua
1921 1616 2079 1647 dimensio
2103 1618 2232 1658 propria
2247 1618 2333 1654 loco,
2351 1619 2403 1648 cui
2419 1628 2516 1658 opor-

327 1657 439 1688 eadem
461 1658 488 1687 ⁴⁵.
521 1657 608 1697 Ergo
641 1657 857 1688 dimensiones
881 1658 911 1688 A
939 1663 971 1688 et
997 1658 1023 1688 B
1050 1664 1126 1688 sunt
1158 1657 1299 1689 eaedem.
1333 1657 1396 1689 Sed
1450 1664 1529 1690 teret
1553 1659 1643 1700 quod
1666 1660 1809 1690 uniretur
1832 1660 1989 1691 dimensio
2018 1662 2162 1701 corporis
2190 1662 2286 1692 locati
2309 1661 2515 1693 advenientis.

327 1700 467 1732 duorum
491 1711 666 1741 corporum
681 1711 750 1732 non
765 1708 902 1742 possunt
918 1712 986 1732 esse
1003 1701 1135 1733 eaedem
1159 1702 1394 1733 dimensiones:
1451 1703 1503 1734 Sic
1519 1704 1605 1734 enim
1622 1710 1808 1744 sequeretur
1827 1705 1916 1744 quod
1940 1705 2155 1736 dimensiones
2179 1705 2318 1736 duorum
2342 1716 2516 1746 corporum

327 1745 410 1776 sicut
431 1754 492 1776 nec
517 1745 629 1776 eadem
652 1745 777 1776 albedo.
802 1746 888 1786 Ergo
904 1747 935 1776 A
958 1752 989 1777 et
1008 1747 1035 1776 B
1050 1752 1124 1777 sunt
1139 1756 1244 1777 unum
1267 1756 1395 1787 corpus.
1411 1759 1434 1779 ις
1449 1748 1631 1778 locatorum
1659 1747 1772 1779 fierent
1802 1758 1867 1779 una
1894 1748 2062 1785 dimensio,
2088 1751 2113 1780 si
2136 1755 2271 1790 utraque
2299 1760 2402 1781 unum
2428 1750 2517 1781 fieret

326 1789 369 1821 Et
391 1795 480 1820 erant
503 1789 580 1820 duo.
604 1790 691 1831 Ergo
714 1796 789 1821 sunt
812 1790 908 1821 simul
931 1801 1035 1821 unum
1059 1797 1090 1822 et
1114 1791 1191 1822 duo.
1451 1802 1526 1823 cum
1551 1792 1752 1823 dimensione
1775 1793 1850 1823 loci.
1874 1793 1963 1824 Haec
1986 1800 2094 1824 autem
2116 1795 2235 1834 positio
2259 1794 2336 1825 falsa
2352 1801 2416 1826 est:
2443 1796 2517 1835 quia

384 1843 414 1865 2.
438 1834 640 1870 Pmrnm,
668 1840 780 1866 contra
809 1844 994 1866 communes
1016 1836 1118 1866 animi
1141 1836 1365 1876 conceptiones
1380 1837 1397 1853 ⁴*
1450 1837 1630 1868 secundum
1652 1838 1726 1874 hoc,
1751 1837 2025 1878 quandocumque
2053 1848 2171 1879 corpus
2195 1839 2371 1879 acquireret
2394 1849 2517 1870 novum

326 1888 395 1909 non
417 1883 525 1919 potest
551 1878 672 1919 aliquid
699 1879 891 1910 miraculose
921 1878 1007 1916 fieri,
1031 1886 1068 1911 ut
1090 1880 1211 1911 scilicet
1234 1890 1306 1921 pars
1329 1890 1397 1911 non
1450 1881 1571 1918 locum,
1596 1887 1760 1922 oporteret
1788 1882 1928 1922 aliquam
1955 1884 2214 1914 immutationem
2242 1883 2310 1914 fieri
2337 1885 2369 1914 in
2394 1883 2517 1914 dimen-

327 1923 367 1954 sit
381 1924 489 1954 minor
503 1928 574 1954 toto
587 1934 594 1954 ε
620 1924 696 1964 quia
712 1924 869 1955 contraria
883 1925 1112 1955 communibus
1129 1926 1397 1965 conceptionibus
1451 1926 1595 1957 sionibus
1611 1926 1676 1957 loci
1690 1926 1741 1956 vel
1757 1927 1867 1963 locati;
1891 1937 1958 1958 non
1976 1928 2062 1958 enim
2084 1933 2191 1968 potest
2215 1937 2282 1958 esse
2306 1928 2396 1968 quod
2411 1929 2517 1969 aliqua

328 1967 446 1999 directe
474 1967 762 2000 contradictionem
789 1968 968 1999 includunt.
1003 1969 1153 2000 Similiter
1179 1979 1240 2000 nec
1264 1969 1397 2000 conclu·
1411 1981 1438 2000 ιο
1451 1970 1518 2001 duo
1541 1970 1620 2001 fiant
1642 1970 1682 2001 de
1704 1980 1792 2001 novo
1816 1981 1920 2002 unum
1943 1972 2004 2002 nisi
2027 1972 2125 2003 altero
2149 1982 2263 2003 eorum
2286 1973 2467 2003 immutato.
2484 1973 2517 2004 Si

327 2013 435 2043 siones
461 2013 692 2052 geometricae,
717 2023 801 2054 quae
827 2023 845 2044 a
869 2014 1098 2044 communibus
1128 2015 1398 2054 conceptionibus
1451 2020 1576 2051 autem,
1600 2020 1637 2045 ut
1659 2025 1692 2045 se
1716 2016 1761 2045 rei
1784 2017 1898 2046 veritas
1928 2016 2038 2052 habet,
2062 2016 2137 2047 loco
2161 2026 2229 2047 non
2252 2016 2408 2048 debentur
2438 2018 2516 2048 aliae

327 2056 533 2088 infallibiliter
556 2056 780 2088 deducuntur:
805 2058 887 2088 sicut
903 2057 993 2098 quod
1008 2058 1184 2098 triangulus
1200 2066 1268 2089 non
1282 2059 1398 2090 habeat
1451 2058 1669 2090 dimensiones
1697 2069 1795 2100 quam
1823 2060 2039 2091 dimensiones
2069 2061 2181 2097 locati,
2205 2067 2292 2101 patet
2320 2061 2410 2102 quod
2436 2063 2516 2092 ratio

327 2106 391 2132 tres
406 2101 543 2141 angulos
558 2102 708 2142 aequales
731 2101 858 2132 duobus
874 2103 968 2132 rectis
983 2103 1011 2132 ἦ
1035 2103 1186 2134 Similiter
1201 2113 1262 2134 nec
1277 2102 1399 2143 aliquid
1450 2104 1531 2134 nihil
1554 2105 1677 2144 probat.

328 2151 435 2186 potest
450 2145 518 2176 fieri
534 2146 568 2176 in
584 2146 669 2176 linea
684 2152 795 2177 contra
819 2145 1040 2177 definitionem
1063 2147 1183 2178 lineae:
1209 2148 1285 2188 quia
1307 2157 1398 2188 sepa·
1507 2148 1571 2179 Sed
1582 2149 1661 2188 petit
1680 2148 1885 2189 principium,
1903 2150 1979 2189 quia
2001 2149 2180 2180 secundum
2196 2150 2260 2180 hoc
2274 2151 2353 2180 nihil
2369 2156 2416 2180 est
2431 2151 2518 2181 aliud

329 2200 396 2220 rare
419 2189 642 2221 definitionem
658 2200 676 2220 a
693 2190 825 2221 definito
850 2196 897 2222 est
916 2200 1039 2231 ponere
1063 2191 1129 2222 duo
1154 2192 1399 2223 contradictoria
1412 2206 1436 2226 45
1453 2192 1574 2223 dictum
1591 2193 1681 2233 quod
1702 2193 1918 2223 dimensiones
1933 2194 2028 2224 locati
2052 2200 2125 2224 sunt
2148 2194 2279 2225 eaedem
2303 2204 2378 2225 cum
2395 2195 2518 2225 dimen-

330 2244 398 2266 esse
422 2234 528 2265 simul.
553 2234 616 2265 Sed
631 2234 698 2265 duo
715 2245 852 2275 corpora
867 2245 936 2266 esse
951 2236 985 2266 in
1001 2235 1117 2266 eodem
1133 2236 1208 2267 loco
1225 2242 1272 2267 est
1288 2242 1399 2267 contra
1452 2237 1598 2268 sionibus
1613 2238 1688 2273 loci,
1700 2237 1761 2267 nisi
1778 2237 1867 2277 quod
1883 2237 2098 2268 dimensiones
2110 2239 2206 2269 locati
2222 2239 2427 2270 continentur
2437 2239 2518 2270 infra

330 2279 556 2310 conclusiones
587 2280 798 2319 geometriae,
827 2285 858 2310 et
888 2285 999 2310 contra
1030 2280 1252 2311 definitionem
1284 2281 1397 2312 lineae.
1452 2283 1606 2313 terminos
1631 2282 1706 2318 loci,
1724 2287 1755 2312 et
1777 2282 1955 2312 secundum
1977 2292 2090 2313 eorum
2113 2292 2295 2314 mensuram
2318 2283 2433 2314 distant
2455 2290 2517 2314 ter-

330 2323 416 2363 Ergo
440 2333 508 2354 non
531 2328 638 2363 potest
660 2323 729 2354 fieri
752 2334 809 2364 per
832 2325 1034 2355 miraculum.
1452 2327 1532 2357 mini
1548 2327 1630 2357 sicut
1647 2326 1797 2357 distarent
1817 2327 1953 2367 propriis
1977 2326 2231 2358 dimensionibus
2247 2328 2272 2358 si
2289 2338 2340 2358 eas
2355 2329 2517 2359 haberent.

385 2367 537 2398 Probafio
559 2367 694 2399 mediae.
728 2367 906 2399 Conclusio
930 2374 977 2400 est
999 2370 1194 2409 geometriae
1218 2369 1308 2410 quod
1332 2370 1398 2401 duo
1453 2371 1495 2401 Et
1517 2372 1563 2401 sic
1593 2371 1809 2401 dimensiones
1837 2371 1976 2402 duorum
2005 2381 2179 2412 corporum
2204 2382 2272 2403 esse
2303 2372 2519 2403 dimensiones

331 2412 442 2443 circuli
469 2422 538 2443 non
564 2422 598 2443 se
623 2418 759 2453 tang-unt
786 2414 846 2444 nisi
874 2414 908 2444 in
935 2420 1058 2454 puncto
1075 2415 1101 2444 *.
1135 2414 1168 2445 Si
1195 2420 1303 2445 autem
1331 2414 1398 2445 duo
1414 2427 1440 2447 50
1453 2416 1549 2446 unius
1578 2415 1652 2452 loci,
1677 2415 1756 2446 nihil
1772 2421 1819 2446 est
1841 2416 1927 2446 aliud
1951 2425 2049 2456 quarn
2065 2416 2131 2447 duo
2156 2426 2291 2457 corpora
2315 2426 2382 2448 esse
2406 2418 2439 2447 in
2464 2427 2519 2448 eo-

331 2466 467 2497 corpora
490 2457 653 2487 circularia
676 2463 781 2488 essent
803 2458 836 2488 in
860 2457 987 2495 eodem,
1011 2458 1078 2489 duo
1106 2459 1216 2489 circuli
1245 2458 1399 2499 designati
1454 2459 1528 2490 dem
1551 2460 1638 2490 loco.
1662 2459 1762 2498 Quod
1786 2466 1832 2490 est
1854 2461 2031 2500 principale
2053 2462 2268 2501 propositum.

330 2502 364 2532 in
381 2502 426 2532 eis
441 2511 475 2532 se
490 2506 656 2541 tangerent
678 2501 857 2532 secundum
880 2507 996 2533 totum.
1019 2521 1042 2525 -
1066 2503 1217 2534 Similiter
1240 2504 1335 2534 etiam
1353 2509 1400 2534 est
1508 2505 1560 2534 An
1584 2514 1746 2535 sncunnum
1770 2514 1929 2535 mmmmm
1953 2505 2053 2545 quod,
2069 2506 2176 2546 posito
2196 2505 2286 2546 quod
2301 2505 2367 2536 duo
2384 2515 2519 2546 corpora

331 2551 443 2576 contra
458 2545 680 2576 definitionem
696 2546 798 2577 lineae
814 2547 831 2563 ⁴*
847 2546 938 2587 quod
952 2547 1034 2578 infra
1052 2547 1118 2578 duo
1134 2553 1255 2588 puncta
1270 2549 1310 2578 sit
1325 2548 1398 2589 plus
1453 2549 1516 2579 sint
1538 2549 1634 2580 simul
1661 2549 1695 2579 in
1718 2548 1835 2579 eodem
1861 2549 1936 2580 loco
1965 2559 2022 2590 per
2049 2550 2251 2587 miraculum,
2280 2560 2348 2580 non
2375 2551 2520 2591 sequitur

332 2599 431 2630 quam
453 2600 518 2621 una
540 2590 624 2620 linea
646 2595 741 2621 recta.
775 2590 875 2629 Quod
902 2592 1102 2632 contingeret
1124 2593 1150 2622 si
1173 2592 1239 2623 duo
1263 2602 1401 2633 corpora
1453 2593 1575 2633 aliquid
1589 2602 1697 2633 neque
1713 2599 1824 2624 contra
1840 2603 2030 2624 communes
2046 2595 2144 2624 animi
2160 2595 2400 2635 conceptiones,
2412 2604 2519 2635 neque

332 2640 437 2665 essent
460 2635 494 2665 in
517 2634 633 2665 eodem
661 2634 755 2665 loco:
787 2636 863 2676 quia
885 2635 967 2666 infra
989 2636 1056 2667 duo
1079 2642 1200 2677 puncta
1222 2637 1344 2678 signata
1365 2638 1399 2667 in
1415 2649 1437 2669 ςς
1454 2643 1566 2668 contra
1589 2637 1811 2668 definitionem
1833 2638 1946 2675 lineae,
1963 2648 2070 2679 neque
2089 2645 2200 2669 contra
2223 2640 2448 2670 conclusiones
2464 2640 2519 2670 ali-

332 2679 462 2710 diversis
478 2678 708 2719 superficiebus
723 2679 788 2710 loci
804 2685 909 2710 essent
924 2680 1007 2711 duae
1022 2681 1124 2711 lineae
1139 2687 1244 2712 rectae
1259 2681 1400 2712 duorum
1454 2691 1533 2722 quas
1556 2683 1760 2722 geometriae.
1785 2682 1875 2713 Sicut
1896 2683 1982 2713 enim
1998 2693 2094 2723 supra
2109 2684 2126 2700 ⁴*
2149 2683 2271 2714 dictum
2287 2689 2343 2719 est,
2361 2684 2519 2724 quantitas

332 2733 508 2764 corporum
530 2724 722 2754 locatorum.
1454 2726 1631 2757 dimensiva
1660 2728 1694 2757 in
1723 2727 1787 2757 hoc
1817 2726 1920 2758 differt
1953 2728 1992 2757 ab
2025 2728 2175 2758 omnibus
2205 2728 2272 2758 aliis
2303 2728 2520 2758 accidentibus

389 2768 419 2799 3.
443 2768 647 2804 Pmmum,
671 2768 735 2799 hoc
757 2777 826 2799 non
853 2768 979 2799 videtur
1005 2779 1102 2809 posse
1129 2768 1199 2800 fieri
1226 2779 1284 2810 per
1306 2771 1400 2801 mira-
1455 2771 1544 2811 quod
1566 2771 1662 2801 habet
1691 2771 1862 2811 specialem
1890 2772 2047 2802 rationem
2074 2771 2334 2802 individuationis
2358 2778 2388 2802 et
2411 2772 2520 2802 distin-

332 2812 454 2848 culum,
471 2812 561 2852 quod
584 2822 702 2853 corpus
726 2813 887 2843 inclusum
910 2813 944 2843 in
967 2813 1030 2844 aiio
1054 2823 1191 2854 corpore
1213 2824 1282 2845 non
1305 2815 1344 2845 sit
1366 2815 1400 2845 in
1455 2816 1585 2851 cfionis,
1609 2815 1730 2846 scilicet
1753 2825 1791 2846 ex
1815 2816 1877 2846 situ
1903 2817 2056 2856 partium,
2079 2821 2204 2856 praeter
2226 2817 2383 2846 rationem
2406 2816 2520 2846 indivi-

331 2857 422 2888 loco:
441 2858 516 2898 quia
532 2857 576 2887 sic
591 2857 723 2888 haberet
737 2857 848 2888 locum
865 2867 1075 2888 communem
1091 2864 1122 2889 et
1137 2868 1205 2889 non
1220 2860 1400 2899 proprium,
1414 2866 1441 2886 6ο
1455 2859 1615 2890 duationis
1639 2865 1671 2890 et
1694 2859 1905 2890 distinctionis
1935 2869 2019 2900 quae
2047 2866 2094 2890 est
2119 2861 2178 2890 sibi
2203 2866 2234 2890 et
2261 2861 2411 2891 omnibus
2438 2862 2520 2891 acci-

333 2901 424 2942 quod
441 2911 509 2932 non
525 2906 632 2942 potest
656 2911 733 2932 esse.
759 2901 822 2932 Sed
844 2902 908 2932 hoe
931 2908 1117 2942 sequeretur
1132 2903 1159 2933 si
1174 2902 1240 2934 duo
1265 2913 1402 2944 corpora
1455 2903 1604 2935 dentibus
1629 2905 1822 2940 communis,
1846 2904 1966 2935 scilicet
1989 2914 2027 2935 ex
2045 2905 2176 2934 materia
2199 2905 2350 2935 subiecta.
2375 2905 2427 2936 Sic
2444 2914 2519 2945 ergo

333 2951 439 2977 essent
453 2946 488 2976 in
504 2945 620 2977 eodem
636 2946 721 2976 loco.
735 2946 820 2986 Ergo
837 2956 904 2977 non
920 2952 1027 2986 potest
1042 2946 1111 2977 fieri
1125 2957 1184 2987 per
1198 2948 1400 2979 miraculum.
1455 2958 1521 2979 una
1543 2948 1627 2978 linea
1650 2953 1757 2988 potest
1784 2948 1918 2988 intelligi
1945 2948 2066 2979 diversa
2089 2949 2129 2979 ab
2153 2949 2212 2979 alia
2234 2949 2285 2979 vel
2315 2950 2390 2989 quia
2418 2955 2465 2979 est
2486 2950 2520 2979 in

387 2990 539 3021 Probatio
562 2989 697 3021 mediae.
724 2990 794 3022 Sint
812 2990 878 3021 duo
895 3000 1031 3031 corpora
1045 2992 1079 3022 in
1096 2991 1212 3022 eodem
1227 2992 1302 3023 loco
1319 3002 1401 3032 quo·
1456 2993 1519 3023 alio
1543 2993 1699 3028 subiecto,
1725 3002 1807 3033 quae
1831 2992 2043 3023 consideratio
2066 3002 2134 3023 non
2158 2998 2205 3023 est
2223 2994 2284 3023 nisi
2299 2993 2338 3024 de
2355 2994 2438 3024 linea
2453 3003 2520 3024 ma-

333 3042 406 3066 rum
428 3044 533 3066 unum
560 3034 740 3066 secundum
771 3035 947 3075 quamlibet
977 3035 1213 3067 dimensionem
1236 3037 1276 3067 sit
1298 3037 1402 3067 maius
1456 3037 1574 3073 teriali;
1598 3037 1648 3067 vel
1673 3037 1748 3076 quia
1776 3036 1869 3067 distat
1891 3038 1924 3067 in
1948 3038 2010 3067 situ
2033 3037 2072 3067 ab
2095 3037 2170 3074 alia,
2195 3047 2277 3078 quae
2309 3037 2520 3068 consideratio

334 3079 408 3110 alio.
434 3079 563 3120 Corpus
584 3080 694 3110 minus
717 3080 775 3110 erit
797 3080 960 3110 inclusum
982 3081 1015 3110 in
1040 3090 1176 3120 corpore
1205 3081 1346 3117 maiore,
1372 3086 1440 3112 et65
1457 3086 1504 3111 est
1532 3082 1627 3111 etiarn
1656 3080 1695 3111 de
1722 3080 1806 3111 linea
1838 3082 2076 3118 mathematica,
2101 3091 2184 3121 quae
2219 3082 2404 3122 intelligitur
2430 3091 2521 3122 prae-

334 3123 426 3154 locus
449 3124 593 3164 corporis
615 3124 745 3155 maioris
769 3125 827 3155 erit
849 3124 942 3155 locus
970 3125 1038 3155 eius
1068 3125 1267 3156 communis:
1291 3125 1402 3156 locum
1456 3131 1504 3156 ter
1526 3125 1700 3156 materiam.
1735 3125 1768 3156 Si
1799 3134 1875 3165 ergo
1906 3131 2109 3156 removeatur
2141 3127 2288 3162 materia,
2318 3135 2385 3157 non
2415 3132 2522 3167 potest

336 3173 444 3198 autem
459 3168 627 3208 proprium
642 3178 710 3199 non
725 3169 864 3199 habebit.
888 3168 974 3207 Quia
996 3179 1064 3199 non
1088 3170 1147 3200 erit
1169 3169 1275 3210 aliqua
1290 3179 1401 3210 super-
1458 3179 1525 3200 esse
1553 3169 1713 3200 distinctio
1742 3170 1898 3200 linearum
1925 3170 1986 3200 nisi
2013 3170 2192 3201 secundum
2219 3171 2315 3201 situm
2343 3170 2520 3208 diversum3

336 3209 424 3241 ficies
447 3213 591 3252 corporis
613 3218 688 3244 actu
710 3214 832 3254 signata
856 3223 938 3254 quae
962 3214 1126 3244 contineat
1154 3214 1281 3254 ipsum:
1313 3214 1403 3254 quod
1458 3219 1489 3245 et
1511 3214 1654 3244 similiter
1681 3223 1742 3244 nec
1769 3219 1966 3254 punctorum
1994 3224 2054 3245 nec
2082 3214 2333 3255 superficierum,
2362 3221 2417 3246 aut
2443 3225 2522 3255 qua-

337 3260 385 3285 est
407 3254 447 3286 de
469 3256 592 3287 ratione
614 3257 680 3288 loci
694 3258 721 3287 ³.
745 3258 832 3298 Ergo
855 3267 924 3288 non
946 3258 1076 3289 habebit
1097 3258 1208 3288 locum
1223 3259 1402 3298 proprium.
1457 3267 1673 3298 rumcumque
1702 3258 1951 3289 dimensionum.
1981 3259 2023 3289 Et
2050 3260 2095 3289 sic
2124 3260 2298 3299 geometria
2325 3269 2393 3290 non
2416 3265 2521 3300 potest

392 3307 424 3337 4.
447 3299 644 3337 pumma,
660 3301 759 3332 -locus
784 3302 1067 3343 proportionaliter
1089 3302 1262 3343 respondet
1284 3303 1402 3334 locato.
1417 3313 1444 3333 7⁰
1457 3312 1579 3344 ponere
1603 3303 1692 3343 quod
1716 3312 1780 3333 una
1802 3303 1886 3333 linea
1909 3302 2042 3334 addatur
2064 3303 2115 3333 alii
2138 3309 2291 3344 tanquam
2315 3303 2461 3334 distincta
2482 3305 2520 3334 ab

338 3342 403 3373 Sed
423 3352 592 3383 nunquam
614 3350 722 3384 potest
742 3345 812 3377 fieri
834 3356 891 3386 per
913 3347 1105 3378 miraculum
1125 3347 1215 3387 quod
1230 3347 1316 3378 idem
1333 3357 1403 3378 cor·
1458 3357 1505 3383 ea,
1521 3348 1581 3377 nisi
1597 3348 1637 3377 sit
1653 3347 1775 3377 diversa
1789 3347 1823 3378 in
1839 3348 1901 3378 situ
1917 3348 1956 3377 ab
1973 3358 2019 3378 ea.
2043 3347 2116 3384 Sed,
2132 3349 2299 3388 supposita
2318 3348 2520 3379 distinctione

337 3396 399 3427 pus
421 3387 461 3417 sit
483 3387 578 3418 simul
603 3388 638 3418 in
663 3388 793 3420 diversis
815 3390 910 3427 locis,
933 3392 995 3422 nisi
1017 3401 1075 3432 per
1101 3392 1241 3432 aliquam
1270 3401 1403 3423 conver·
1458 3392 1592 3422 subiecti
1615 3392 1683 3422 sine
1706 3391 1910 3422 distinctione
1933 3393 2011 3423 situs
2031 3402 2068 3422 ex
2085 3392 2193 3422 divino
2217 3393 2382 3428 miraculo,
2407 3393 2521 3424 intelli-

337 3431 474 3467 sionem,
497 3431 579 3461 sicut
602 3432 716 3463 accidit
737 3434 772 3464 in
794 3442 993 3466 sacramento
1016 3436 1131 3467 Altaris
1147 3437 1173 3467 *.
1202 3436 1287 3476 Ergo
1311 3437 1403 3467 nullo
1457 3441 1572 3476 gentur
1595 3435 1736 3466 diversae
1758 3436 1860 3467 lineae
1884 3446 1968 3476 quae
1990 3445 2057 3467 non
2081 3436 2196 3467 distant
2225 3437 2297 3473 situ,
2321 3442 2452 3478 propter
2475 3437 2521 3468 di-

338 3474 438 3505 modo
462 3479 569 3514 potest
594 3474 663 3506 fieri
685 3486 743 3517 per
764 3479 956 3510 miraculum
980 3480 1070 3520 quod
1093 3480 1159 3512 duo
1183 3490 1319 3522 corpora
1342 3482 1404 3512 sint
1457 3481 1637 3511 versitatem
1654 3481 1804 3517 subiecti;
1829 3486 1860 3511 et
1875 3481 2018 3511 similiter
2032 3486 2152 3521 puncta
2168 3481 2299 3512 diversa.
2323 3482 2364 3512 Et
2379 3482 2424 3512 sic
2439 3481 2521 3512 duae

339 3519 435 3550 simul
457 3519 491 3549 in
515 3518 631 3550 eodem
654 3519 740 3551 loco.
1418 3534 1442 3555 75
1457 3524 1560 3556 lineae
1576 3524 1756 3565 designatae
1772 3525 1805 3555 in
1821 3525 1949 3556 duobus
1965 3526 2154 3566 corporibus
2170 3535 2252 3566 quae
2268 3531 2342 3556 sunt
2357 3527 2390 3556 in
2407 3525 2522 3556 eodem

481 3581 590 3605 Summae
609 3580 711 3605 Tuum..
732 3581 763 3605 D.
782 3581 897 3607 Tamus
915 3583 947 3607 T.
967 3584 1009 3609 IX.
2330 3586 2379 3611 25*

451 749 551 780 ART.
576 749 627 780 111.
651 759 756 780 uranu
779 760 837 780 Pan
859 759 1039 779 macutum
1062 758 1144 779 rrum
1167 758 1270 778 Possrr

2537 294 2546 303 ·
2561 292 2597 314 Cf.
2619 293 2672 314 dist.
2694 299 2739 314 xxx

2537 325 2576 346 qu.
2591 326 2617 346 ιι,
2631 323 2673 341 art.
2689 325 2709 347 3,
2719 309 2749 340 ad

2536 352 2559 373 53
2576 346 2634 368 Part.
2650 346 2694 371 111,
2726 353 2748 367 u.

2537 352 2749 420 {arira-⁸32

2537 405 2651 454 ηἰΗεάειζι
2668 427 2715 452 lor,
2725 426 2748 446 in

2537 453 2595 483 testo
2602 452 2696 473 Nauvit.
2708 453 2749 473 1¹0-

2538 485 2601 499 lnlnl.

2539 511 2547 519 '¹
2562 508 2629 530 Vers.
2646 514 2680 536 19,
2696 508 2731 530 26.

2538 560 2547 568 '
2562 559 2614 579 Art.
2630 558 2736 584 praeced.

2542 1182 2551 1191 ·
2559 1180 2620 1202 Inter
2627 1180 2688 1208 Opp.
2698 1180 2753 1202 Ari-

2541 1210 2594 1229 stot.

2542 1273 2551 1281 ”
2569 1270 2630 1292 Part.
2650 1269 2693 1297 111,
2713 1276 2751 1298 qu.

2541 1302 2627 1324 Lxxvu,
2641 1300 2684 1318 art.
2699 1303 2718 1318 ι.

2548 2687 2557 2697 ·
2571 2687 2623 2708 Art.
2639 2685 2746 2713 praeced.
