2878 4088
627 207 890 253 QUAESTIO
920 208 1040 253 XVII,
1069 208 1360 246 ARTICULUS
1389 208 1434 244 III
1454 229 1479 234 -
1499 207 1760 254 QUAESTIO
1790 210 1918 256 XVIII,
1940 211 2231 249 ARTICULUS
2259 213 2273 248 I

393 283 444 314 An
469 293 632 315 suerranum
653 295 814 315 mmmmm
837 285 927 326 quod
949 286 1055 316 omnis
1070 291 1212 326 potestas
1234 285 1403 326 spiritualis

338 327 431 358 datur
454 337 530 358 cum
553 329 659 368 aliqua
681 331 932 360 consecratione.
966 330 1007 360 Et
1029 330 1103 360 ideo
1132 330 1227 360 clavis
1254 339 1329 361 cum
1353 339 1403 360 or-

338 371 412 402 dine
429 371 530 403 datur.
547 372 610 403 Sed
626 374 773 404 executio
793 374 888 404 clavis
911 374 1032 414 indiget
1045 375 1176 405 materia
1192 374 1307 410 debita,
1320 383 1403 414 quae

338 421 386 446 est
408 416 499 455 plebs
522 417 647 447 subdita
669 427 727 457 per
757 418 1020 448 iurisdictionem.
1055 418 1096 448 Et
1122 418 1206 454 ideo,
1231 424 1404 458 antequam

338 460 591 491 iurisdictionem
613 462 737 497 habeat,
754 462 849 492 habet
873 462 985 498 claves,
1002 462 1058 492 sed
1083 472 1150 492 non
1178 463 1274 493 habet
1297 467 1404 492 actum
1427 472 1436 492 ς

339 504 487 535 clavium.
511 505 552 535 Et
576 506 651 545 quia
674 506 770 536 clavis
792 515 850 545 per
872 512 980 536 actum
1004 505 1163 541 definitur,
1180 506 1254 537 ideo
1270 507 1302 536 in
1327 505 1404 536 defi-

337 549 462 579 nitione
485 549 582 579 clavis
604 550 736 589 ponitur
758 549 879 590 aliquid
902 549 942 580 ad
963 550 1216 580 iurisdictionem
1232 551 1403 590 pertinens

393 593 444 622 An
468 591 603 623 marrim
625 603 787 623 DIOENDUM
811 593 901 634 quod
924 594 1039 634 aliquis
1068 599 1175 634 potest
1198 603 1266 624 esse
1290 594 1404 634 dignus

339 636 448 676 aliquo
465 636 644 677 dupliciter.
667 638 735 668 Aut
756 638 800 668 ita
815 637 906 677 quod
927 639 1034 678 ipsum
1050 638 1188 668 habendi
1207 639 1258 668 ius
1280 638 1403 668 habeat.

338 680 380 711 Et
402 681 448 711 sic
471 682 606 721 quilibet
628 681 743 722 dignus
765 682 829 712 iam
852 682 948 712 habet
970 682 1095 712 caelum
1122 687 1278 722 apertum.
1294 699 1317 704 —
1339 682 1406 712 Aut
1421 691 1446 705 ¹0

338 725 382 755 ita
405 725 495 765 quod
517 726 592 756 insit
614 726 644 756 ei
659 726 842 765 congruitas
865 725 906 756 ad
927 726 991 756 hoc
1007 725 1097 765 quod
1118 726 1148 756 ei
1171 725 1272 756 detur.
1298 725 1338 755 Et
1360 726 1405 755 sic

338 768 453 809 dignos
475 770 593 810 quibus
614 769 762 800 nondum
784 769 923 799 totaliter
946 775 1091 810 apertum
1115 774 1162 800 est
1185 769 1324 805 caelum,
1346 779 1403 809 po-

337 818 432 843 testas
455 814 592 844 clavium
616 814 753 853 respicit.

308 884 318 896 .-
393 857 445 887 An
469 867 617 887 Quartum
640 866 800 887 menmium
823 856 932 896 quod,
958 857 1040 887 sicut
1062 857 1151 888 Deus
1178 867 1245 887 non
1270 857 1406 888 obdurat

337 900 550 940 impertiendo
574 901 737 936 malitiam,
753 899 810 931 sed
823 910 891 931 non
916 900 1112 932 conferendo
1128 901 1271 942 gratiam,
1290 902 1334 932 ita
1357 911 1405 931 sa·
1421 911 1443 931 ις

338 944 451 975 cerdos
474 944 589 975 dicitur
611 944 790 981 excludere,
806 954 874 975 non
898 944 988 985 quod
1003 945 1271 986 impedimentum
1295 945 1334 976 ad
1356 946 1405 976 in-

337 988 487 1019 trandum
501 994 611 1029 ponat,
627 988 683 1019 sed
699 989 775 1029 quia
789 988 1058 1029 impedimentum
1073 990 1216 1030 positum
1232 999 1300 1020 non
1315 999 1405 1020 amo-

336 1037 399 1068 vet,
417 1033 492 1072 quia
514 1033 583 1073 ipse
606 1042 756 1063 amovere
778 1043 847 1063 non
870 1039 977 1073 potest
999 1034 1060 1064 nisi
1083 1035 1171 1075 prius
1199 1035 1287 1065 Deus
1315 1043 1405 1064 amo-

336 1077 426 1107 verit.
450 1077 491 1107 Et
512 1076 587 1107 ideo
603 1082 732 1117 rogatur
755 1078 844 1108 Deus
866 1083 903 1108 ut
925 1079 993 1118 ipse
1009 1078 1162 1115 absolvat,
1179 1084 1215 1109 ut
1238 1079 1283 1109 sic
1303 1088 1405 1109 sacer-

337 1119 420 1151 dotis
444 1121 604 1152 absolutio
626 1121 738 1152 locum
760 1122 885 1152 habeat.

391 1165 443 1195 An
468 1175 608 1196 aum‘rtm
629 1175 790 1196 DICEN'DUM
822 1165 912 1206 quod
935 1172 1024 1197 actus
1056 1166 1228 1198 sacerdotis
1258 1177 1326 1198 non
1359 1172 1406 1197 est

335 1208 521 1240 immediate
543 1219 640 1250 super
661 1210 825 1250 Regnum,
850 1209 906 1240 sed
928 1220 1024 1251 super
1047 1217 1263 1248 sacramenta,
1289 1212 1405 1252 quibus

337 1253 440 1284 homo
463 1253 504 1284 ad
525 1254 675 1294 Regnum
698 1255 852 1294 pervenit.

1420 1133 1446 1147 20

333 1358 338 1359 ⁷
359 1354 366 1355 s
388 1323 488 1355 ART.
512 1319 571 1355 111]
589 1335 694 1355 urium
717 1335 785 1366 smr
807 1335 890 1355 DUAE
914 1335 1038 1361 envas,
1061 1335 1121 1356 vm.
1144 1335 1269 1356 TANTUM
1291 1336 1354 1356 UNA

550 1379 583 1401 1v
598 1379 665 1401 Cont-
682 1379 757 1406 Gent„
772 1385 824 1407 cap.
839 1386 913 1405 mn:
926 1379 956 1401 1η
971 1379 1063 1406 nauh„
1079 1385 1129 1407 cap.
1145 1386 1192 1402 xvi.

1419 1354 1444 1374 ²5

403 1441 424 1461 n
447 1440 582 1461 murrum
605 1441 650 1462 su:
668 1440 873 1461 PROCEDITUR.
890 1430 1024 1461 Videtur
1044 1431 1133 1471 quod
1155 1441 1223 1462 non
1245 1433 1308 1462 sint
1324 1431 1406 1462 duae

339 1442 517 1511 Aelaves,
545 1475 602 1505 sed
631 1480 757 1505 tantum
786 1485 860 1505 una.
889 1475 940 1505 Ad
963 1485 1062 1505 unam
1093 1476 1180 1506 enim
1210 1485 1311 1506 seram
1338 1478 1406 1506 no'n

337 1519 508 1559 requiritur
530 1519 592 1550 nisi
614 1528 679 1549 una
702 1519 807 1549 clavis.
832 1519 895 1549 Sed
918 1529 986 1549 sera
1009 1519 1049 1549 ad
1071 1529 1170 1559 quam
1193 1520 1406 1551 amovendam

338 1563 525 1594 ordinantur
554 1563 716 1594 Ecclesiae
747 1563 868 1599 claves,
893 1569 940 1593 est
969 1570 1148 1603 peccatum.
1180 1565 1266 1604 Ergo
1296 1570 1407 1595 contra
1421 1574 1446 1594 3⁰

338 1616 442 1638 unum
465 1613 635 1648 peccatum
657 1617 725 1637 non
748 1607 869 1647 indiget
895 1607 1039 1637 Ecclesia
1063 1607 1187 1638 duabus
1211 1609 1362 1639 clavibus.

395 1660 424 1682 2.
449 1651 646 1687 Pluinnam,
662 1651 767 1681 claves
783 1652 816 1681 in
833 1651 1006 1682 collatione
1022 1651 1142 1682 ordinis
1157 1652 1366 1682 conferuntur
1378 1654 1405 1682 *ἢ

302 1699 309 1706 ·
337 1695 401 1727 Sed
423 1696 555 1726 scientia
577 1704 646 1725 non
669 1701 716 1725 est
738 1704 777 1725 ex
799 1694 961 1725 infusione
985 1705 1121 1735 semper,
1138 1695 1194 1726 sed
1210 1696 1406 1736 quandoque

337 1749 377 1771 ex
399 1740 628 1780 acquisitione:
652 1748 714 1769 nec
736 1739 776 1768 ab
800 1740 950 1769 omnibus
974 1739 1126 1770 ordinatis
1149 1741 1292 1776 habetur,
1317 1740 1373 1771 sed
1389 1750 1407 1770 a

337 1783 530 1824 quibusdam
551 1793 620 1814 non
643 1782 804 1813 ordinatis.
829 1783 915 1823 Ergo
938 1783 1072 1814 scientia
1095 1793 1163 1814 non
1181 1790 1228 1815 est
1244 1785 1349 1815 clavis.
1365 1785 1407 1815 Et

336 1828 382 1859 sic
405 1833 452 1858 est
474 1837 540 1858 una
561 1832 688 1858 tantum
711 1827 816 1863 clavis,
840 1827 961 1858 scilicet
977 1833 1124 1868 potestas
1147 1828 1313 1859 iudicandi
1327 1830 1354 1859 *.

394 1872 424 1903 3.
447 1871 645 1908 Ριυικτκιικᾼ,
661 1877 802 1912 potestas
826 1881 923 1911 quam
947 1872 1042 1902 habet
1062 1873 1208 1903 sacerdos
1225 1883 1321 1913 super
1336 1883 1406 1903 cor-

337 1926 399 1957 pus
421 1917 610 1957 mysticum,
635 1915 795 1956 dependet
818 1925 857 1946 ex
879 1922 1037 1956 potestate
1068 1926 1166 1957 quam
1193 1918 1289 1948 habet
1311 1927 1407 1958 super

338 1970 456 2001 corpus
472 1960 590 1991 Christi
603 1969 726 1991 verum.
743 1960 807 1991 Sed
821 1965 962 2000 potestas
978 1960 1018 1991 ad
1034 1961 1273 1992 conficiendum
1289 1971 1406 2002 corpus

338 2004 456 2037 Christi
477 2014 591 2035 verum
614 2010 662 2035 est
683 2014 748 2035 una
771 2010 905 2035 tantum.
930 2005 1016 2044 Ergo
1041 2005 1146 2042 clavis,
1171 2015 1253 2046 quae
1277 2012 1324 2036 est
1346 2016 1405 2046 po·
1419 2018 1446 2037 40

336 2054 432 2080 testas
454 2049 626 2089 respiciens
650 2058 767 2088 corpus
787 2048 903 2079 Christi
927 2050 1110 2090 mysticum,
1129 2055 1175 2080 est
1190 2060 1254 2080 una
1269 2056 1404 2080 tantum.

393 2093 456 2124 San
480 2103 614 2129 coum,
630 2092 756 2123 videtur
772 2092 862 2132 quod
877 2093 940 2123 sint
962 2093 1070 2133 plures
1094 2103 1192 2134 quam
1211 2094 1303 2124 duae.
1321 2095 1406 2132 Quia

1422 1793 1444 1813 35

291 2152 294 2154 ·
337 2138 420 2169 sicut
442 2137 486 2168 ad
506 2143 615 2168 actum
636 2137 777 2167 hominis
799 2137 970 2177 requiritur
992 2138 1124 2168 scientia
1147 2144 1178 2168 et
1193 2140 1346 2178 potentia,
1363 2139 1406 2168 ita

294 2185 297 2188 ”
338 2187 371 2213 et
392 2182 551 2212 voluntas.
576 2180 639 2212 Sed
661 2181 796 2211 scientia
818 2181 1022 2212 discernendi
1044 2183 1176 2222 ponitur
1196 2183 1301 2219 clavis,
1319 2189 1350 2213 et
1365 2184 1405 2213 si-

287 2247 310 2259 .,
337 2226 454 2256 militer
471 2226 619 2266 potentia
643 2225 809 2256 iudicandi
824 2226 851 2255 ἦ
880 2225 965 2265 Ergo
990 2231 1021 2256 et
1044 2227 1195 2257 voluntas
1221 2227 1406 2258 absolvendi
1420 2238 1443 2258 45

304 2273 310 2280 '
339 2270 469 2301 deberet
491 2269 554 2300 dici
577 2269 683 2300 clavis.

395 2323 425 2344 2.
449 2313 646 2350 Pmnmm,
668 2318 737 2344 tota
759 2313 899 2344 Trinitas
922 2320 1092 2354 peccatum
1114 2316 1254 2346 remittit.
1280 2316 1342 2346 Sed
1358 2325 1406 2345 sa-

339 2357 452 2389 cerdos
467 2367 524 2398 per
539 2358 643 2388 claves
659 2363 706 2388 est
721 2358 864 2388 minister
879 2359 1073 2389 remissionis
1088 2365 1306 2399 peccatorum.
1319 2361 1405 2399 Ergo

339 2402 434 2433 debet
455 2402 571 2432 hahere
594 2407 656 2432 tres
679 2402 792 2438 claves,
816 2408 853 2432 ut
875 2402 1023 2433 Trinitati
1047 2403 1275 2443 configuretur.

393 2447 584 2477 Rnsronnao
610 2455 770 2476 DICBNDUM
793 2446 883 2486 quod
905 2447 939 2477 in
963 2448 1053 2477 omni
1083 2453 1156 2478 actu
1187 2449 1243 2488 qui
1273 2449 1406 2488 requirit
1421 2458 1446 2478 5⁰

337 2490 546 2522 idoneitatem
574 2499 613 2520 ex
635 2495 724 2530 parte
754 2491 952 2530 recipientis,
977 2491 1044 2521 duo
1075 2498 1149 2522 sunt
1177 2494 1353 2523 necessaria
1376 2493 1406 2522 ei

338 2535 396 2575 qui
419 2534 513 2565 debet
536 2540 644 2565 actum
666 2534 758 2564 illum
782 2544 944 2566 exercere:
969 2535 1089 2566 scilicet
1107 2536 1264 2567 iudicium
1280 2537 1319 2567 de
1335 2536 1405 2567 ido-

337 2579 456 2610 neitate
474 2579 675 2619 recipientis;
700 2584 731 2609 et
747 2579 885 2619 expletio
901 2585 1000 2610 actus.
1025 2580 1066 2610 Et
1081 2580 1154 2611 ideo
1171 2581 1267 2611 etiam
1283 2582 1316 2611 in
1332 2586 1405 2611 actu

338 2623 475 2655 iustitiae
500 2632 558 2663 per
584 2632 683 2663 quem
712 2622 854 2654 redditur
883 2624 979 2654 alicui
1009 2625 1072 2655 hoc
1103 2634 1170 2665 quo
1202 2625 1316 2665 dignus
1348 2631 1404 2662 est,

339 2672 468 2707 oportet
490 2676 558 2697 esse
581 2666 737 2697 iudicium
760 2677 828 2707 quo
851 2667 1046 2699 discernatur
1069 2679 1109 2699 an
1132 2670 1191 2700 iste
1212 2671 1252 2700 sit
1274 2670 1403 2710 dignus,
1420 2679 1443 2698 55

339 2717 371 2742 et
393 2711 462 2751 ipsa
484 2710 630 2741 redditio.
654 2711 696 2741 Et
719 2711 759 2741 ad
781 2717 956 2752 utrumque
986 2713 1103 2743 horum
1131 2715 1312 2750 auctoritas,
1340 2715 1406 2744 sive

338 2760 480 2796 potestas
503 2754 661 2795 quaedam
685 2756 834 2795 exigitur:
854 2765 922 2786 non
946 2757 1033 2787 enim
1056 2757 1129 2788 dare
1153 2767 1326 2798 possumus
1344 2759 1406 2788 nisi

339 2798 430 2840 quod
444 2800 478 2829 in
493 2804 651 2839 potestate
674 2804 782 2830 nostra
804 2800 976 2837 habemus;
999 2810 1060 2832 nec
1083 2801 1239 2832 iudicium
1255 2802 1317 2833 dici
1332 2808 1405 2842 pot-

339 2849 386 2874 est
407 2844 469 2874 nisi
488 2844 554 2873 vim
570 2844 747 2874 coactivam
770 2844 894 2879 habeat,
911 2854 950 2875 eo
967 2845 1057 2885 quod
1075 2845 1231 2876 iudicium
1247 2846 1287 2877 ad
1302 2856 1405 2877 unum

338 2888 403 2919 iam
425 2888 628 2924 terminatur;
653 2897 736 2927 quae
760 2887 893 2928 quidem
908 2888 1130 2920 determinatio
1146 2891 1180 2920 in
1203 2891 1405 2931 speculativis
1419 2897 1446 2918 6ο

338 2931 375 2962 fit
397 2941 455 2972 per
476 2932 627 2962 virtutem
650 2932 795 2972 priorum
818 2933 1061 2973 principiorum,
1081 2935 1198 2974 quibus
1221 2935 1322 2965 resisti
1337 2945 1405 2965 non

338 2981 454 3016 potest,
471 2982 502 3006 et
524 2977 559 3006 in
581 2977 676 3006 rebus
699 2977 845 3016 practicis
868 2986 926 3017 per
947 2977 1013 3008 vim
1031 2978 1255 3018 ‘imperativam
1273 2980 1307 3009 in
1322 2979 1405 3009 iudi-

339 3025 431 3051 cante
454 3021 652 3050 existentem.
676 3020 718 3050 Et
733 3021 808 3061 quia
824 3026 913 3051 actus
929 3021 1025 3052 clavis
1043 3023 1175 3062 requirit
1197 3022 1404 3053 idoneitatem

336 3061 372 3095 in
396 3074 436 3095 eo
459 3065 493 3095 in
516 3074 615 3104 quem
642 3070 821 3101 exercetur,
846 3066 922 3105 quia
946 3066 1059 3106 recipit
1080 3076 1137 3106 per
1161 3067 1283 3098 clavem
1307 3067 1405 3098 iudex

339 3108 571 3140 ecclesiasticus
594 3109 713 3150 dignos
736 3114 767 3139 et
789 3110 933 3140 excludit
955 3110 1117 3151 indignos,
1134 3116 1170 3141 ut
1189 3120 1227 3141 ex
1250 3111 1333 3141 dicta
1350 3111 1404 3142 de-
1418 3117 1442 3143 65

338 3152 485 3183 finitione
504 3154 520 3170 ¹*
546 3158 652 3193 patet;
683 3153 757 3184 ideo
789 3153 910 3194 indiget
939 3154 1059 3185 iudicio
1091 3154 1304 3191 discretionis,
1337 3165 1403 3195 quo

339 3196 548 3227 idoneitatem
569 3197 698 3233 iudicat,
716 3203 747 3228 et
762 3198 833 3238 ipso
857 3199 1049 3238 receptionis
1065 3205 1148 3235 actu,
1166 3204 1197 3229 et
1220 3199 1259 3229 ad
1282 3205 1404 3230 utrum-

340 3249 404 3280 que
419 3246 560 3280 potestas
581 3241 739 3281 quaedam
755 3243 821 3272 sive
837 3243 1008 3273 auctoritas
1030 3243 1210 3283 requiritur.
1235 3244 1276 3274 Et
1290 3253 1403 3274 secun-

340 3284 419 3315 dum
433 3285 508 3321 hoc,
523 3291 598 3316 sunt
621 3285 703 3316 duae
727 3286 847 3317 claves:
872 3296 1009 3327 quarum
1032 3297 1097 3318 una
1115 3288 1252 3328 pertinet
1267 3287 1307 3318 ad
1322 3288 1404 3318 iudi-

340 3329 428 3359 cium
450 3328 491 3359 de
512 3329 685 3360 idoneitate
713 3331 782 3361 eius
812 3332 868 3371 qui
898 3331 1110 3363 absolvendus
1133 3338 1196 3368 est;
1228 3338 1259 3362 et
1282 3333 1342 3362 alia
1365 3332 1403 3362 ad
1418 3342 1445 3363 7ο

339 3373 443 3412 ipsam
461 3373 708 3405 absolutionem.
733 3375 773 3405 Et
788 3375 848 3406 hae
864 3375 947 3406 duae
962 3375 1067 3406 claves
1081 3386 1149 3406 non
1166 3375 1404 3416 distinguuntur

339 3417 373 3447 in
397 3417 533 3448 essentia
553 3419 749 3449 auctoritatis
772 3428 836 3459 qua
859 3425 1035 3460 utrumque
1057 3430 1095 3451 ex
1115 3420 1223 3451 officio
1239 3421 1298 3451 sibi
1314 3430 1404 3451 com—

339 3461 436 3500 petit:
460 3460 516 3491 sed
539 3470 577 3492 ex
600 3463 840 3503 comparatione
856 3463 895 3494 ad
911 3469 1010 3499 actus,
1035 3474 1174 3505 quorum
1199 3475 1282 3495 unus
1306 3465 1404 3495 alium

338 3506 580 3545 praesupponit.

2472 211 2518 248 35

1458 286 1602 318 riendam
1625 296 1690 317 una
1713 286 1808 316 clavis
1831 287 2014 317 immediate
2038 288 2219 319 ordinatur:
2244 289 2299 319 sed
2322 299 2389 319 non
2413 295 2460 319 est
2474 290 2522 319 in-

1459 331 1655 362 conveniens
1679 330 1768 370 quod
1791 340 1856 360 una
1880 330 1919 360 ad
1941 337 2048 361 actum
2072 332 2198 362 alterius
2222 333 2394 363 ordinetur.
2419 334 2460 363 Et
2479 334 2522 363 sic

1459 381 1506 406 est
1528 376 1562 405 in
1585 375 1764 415 proposito.
1790 374 1937 404 Secunda
1960 375 2046 404 enim
2070 376 2174 411 clavis,
2195 386 2277 416 quae
2301 377 2414 407 dicitur
2430 383 2523 417 pote-

1458 424 1525 450 stas
1548 419 1676 460 ligandi
1697 423 1730 449 et
1750 418 1906 454 solvendi,
1925 424 1970 448 est
1994 428 2076 458 quae
2100 420 2281 450 immediate
2305 430 2406 451 seram
2425 422 2524 461 aperit

1458 464 1599 504 peccati:
1624 462 1680 493 sed
1703 463 1797 493 clavis
1821 471 1904 502 quae
1929 462 2042 492 dicitur
2065 463 2207 499 scientia,
2225 464 2363 495 ostendit
2382 466 2434 495 cui
2450 475 2523 505 ape-

1458 507 1568 538 rienda
1591 508 1631 537 sit
1653 517 1722 537 sera
1744 507 1806 537 illa.

1514 552 1564 581 AD
1589 561 1751 581 SECUNDUM
1774 560 1933 580 mmmmm
1953 550 2042 590 quod
2058 551 2140 580 circa
2157 551 2278 581 clavem
2302 553 2449 582 scientiae
2466 553 2523 583 du-

1459 595 1532 636 plex
1556 600 1603 625 est
1629 596 1753 635 opinio.
1785 594 1958 632 Quidam*
1982 595 2068 625 enim
2099 594 2246 625 dixerunt
2276 596 2365 635 quod
2395 598 2524 626 scientia

1459 639 1638 670 secundum
1662 638 1752 679 quod
1776 644 1823 669 est
1845 639 1971 669 habitus
1994 639 2167 678 acquisitus
2187 640 2238 669 vel
2261 639 2394 675 infusus,
2412 640 2525 670 dicitur

1459 684 1511 713 hic
1535 683 1650 719 clavis;
1675 688 1706 713 et
1729 682 1819 722 quod
1842 692 1909 713 non
1934 688 1980 713 est
2003 683 2185 722 principalis
2210 683 2315 719 clavis,
2340 683 2395 713 sed
2418 685 2451 714 in
2475 694 2525 714 or-

1460 727 1534 757 dine
1558 727 1598 757 ad
1621 727 1714 757 aliam
1739 727 1861 758 clavem
1885 727 1981 757 clavis
2006 726 2138 763 dicitur3
2164 732 2194 757 et
2217 726 2301 763 ideo,
2326 727 2455 767 quando
2480 734 2526 758 est

1460 772 1528 801 sine
1551 771 1612 801 alia
1636 771 1732 806 clavi,
1756 780 1824 801 non
1843 770 1963 811 ,dicitur
1993 771 2105 807 clavis,
2129 772 2211 801 sicut
2233 772 2267 801 in
2290 772 2358 801 viro
2390 772 2524 802 litterato

1460 815 1517 854 qui
1539 825 1608 845 non
1632 821 1679 845 est
1701 811 1859 845 sacerdos.
1890 815 1931 845 Et
1954 815 2097 845 similiter
2125 816 2219 845 etiam
2248 816 2444 855 quandoque
2466 817 2525 846 hac

1460 859 1540 889 clavi
1563 859 1663 899 aliqui
1686 858 1866 889 sacerdotes
1890 865 2007 895 carent,
2033 860 2108 900 quia
2131 869 2197 890 non
2222 860 2339 890 habent
2362 861 2526 890 scientiam

1460 904 1648 943 acquisitam
1671 913 1778 943 neque
1801 903 1950 939 infusam,
1969 913 2032 943 qua
2047 904 2211 934 absolvere
2228 910 2258 934 et
2274 905 2369 944 ligare
2388 905 2523 944 possint:

1459 947 1515 978 sed
1539 947 1735 988 quandoque
1758 947 1911 978 industria
1935 948 2070 978 naturali
2085 947 2124 978 ad
2140 948 2203 978 hoc
2219 954 2362 984 utuntur,
2379 958 2461 988 quae
2477 958 2525 979 se-

1460 991 1604 1022 cundum
1620 1001 1676 1022 eos
1692 992 1832 1022 claviola
1849 992 1963 1023 dicitur
1973 994 1999 1022 ⁴⁶.
2020 992 2060 1022 Et
2076 993 2120 1022 sic
2137 993 2232 1023 clavis
2247 993 2397 1023 scientiae
2414 1002 2525 1032 quam-

1459 1037 1506 1066 vis
1530 1046 1605 1066 cum
1629 1036 1741 1067 ordine
1763 1046 1831 1066 non
1854 1036 2003 1072 tradatur,
2027 1036 2158 1067 traditur
2184 1042 2291 1067 tamen
2316 1047 2391 1068 curn
2414 1037 2525 1067 ordine

1460 1080 1550 1120 quod
1573 1081 1612 1111 sit
1636 1081 1731 1110 clavis
1747 1080 1837 1120 quod
1859 1082 1947 1121 prius
1970 1090 2038 1111 non
2059 1086 2132 1111 erat.
2157 1081 2198 1111 Et
2213 1081 2292 1112 haec
2314 1081 2439 1112 videtur
2455 1083 2525 1122 opi-

1459 1125 1514 1154 nio
1539 1125 1712 1165 Magistri*
1736 1124 1842 1155 fuisse.

1515 1168 1579 1199 Sed
1608 1169 1672 1199 hoc
1702 1178 1770 1199 non
1800 1168 1925 1200 videtur
1955 1170 2058 1200 verbis
2089 1169 2288 1209 Evangelii*
2319 1170 2524 1206 concordare,

1461 1222 1543 1253 quae
1567 1213 1672 1243 claves
1695 1213 1789 1244 Petro
1813 1213 1931 1244 dandas
1955 1214 2164 1253 promittunt:
2190 1219 2220 1244 et
2247 1214 2290 1244 ita
2320 1224 2387 1244 non
2418 1215 2524 1245 solum

1459 1267 1534 1293 una,
1559 1257 1614 1288 sed
1638 1257 1720 1288 duae
1744 1258 1777 1287 in
1801 1257 1912 1288 ordine
1936 1257 2059 1288 dantur.

1515 1302 1556 1332 Et
1571 1307 1702 1342 propter
1717 1302 1781 1332 hoc
1797 1302 1856 1332 alia
1880 1302 1991 1342 opinio
2008 1303 2024 1319 ⁴*
2048 1308 2095 1332 est
2114 1302 2203 1342 quod
2226 1303 2357 1332 scientia
2380 1312 2462 1342 quae
2479 1308 2525 1333 est

1460 1346 1596 1382 habitus,
1613 1355 1681 1376 non
1697 1351 1744 1376 est
1760 1346 1871 1376 clavis:
1892 1345 1948 1376 sed
1964 1347 2133 1377 auctoritas
2150 1352 2256 1377 actum
2273 1347 2422 1377 scientiae
2438 1357 2525 1377 exer-

1460 1389 1563 1420 cendi.
1588 1390 1680 1428 Quae
1704 1389 1900 1430 quandoque
1924 1391 1991 1420 sine
2015 1391 2147 1421 scientia
2169 1396 2231 1421 est:
2257 1390 2453 1431 quandoque
2469 1401 2524 1421 au-

1459 1440 1526 1464 tern
1549 1435 1680 1465 scientia
1703 1435 1770 1464 sine
1793 1434 1871 1474 ipsa.
1897 1434 1986 1465 Sicut
2008 1440 2095 1474 patet
2119 1435 2214 1465 etiam
2236 1436 2269 1465 in
2292 1434 2416 1465 iudiciis
2435 1445 2525 1465 secu-

1459 1478 1593 1508 laribus:
1622 1478 1736 1518 aliquis
1760 1479 1846 1508 enim
1870 1484 1916 1508 est
1940 1478 2034 1509 iudex
2058 1479 2178 1509 habens
2201 1480 2423 1510 auctoritatem
2442 1479 2525 1509 iudi-

1460 1522 1553 1552 candi
1576 1523 1632 1562 qui
1651 1532 1719 1552 non
1734 1523 1830 1553 habet
1853 1523 1929 1552 iuris
1952 1523 2133 1559 scientiam;
2159 1529 2190 1553 et
2206 1524 2319 1563 aliquis
2336 1533 2352 1553 e
2369 1533 2525 1554 converso

1459 1567 1555 1596 habet
1570 1567 1646 1596 iuris
1662 1567 1826 1596 scientiam
1843 1567 1899 1606 qui
1914 1576 1982 1597 non
1998 1568 2092 1597 habet
2111 1568 2331 1598 auctoritatem
2354 1567 2524 1598 iudicandi.

1460 1610 1502 1640 Et
1525 1611 1600 1650 quia
1623 1616 1712 1640 actus
1730 1610 1849 1646 iudicii,
1866 1610 1905 1641 ad
1922 1620 2004 1650 quos
2028 1612 2099 1651 quis
2116 1621 2153 1641 ex
2169 1612 2356 1642 auctoritate
2380 1618 2526 1651 suscepta

1461 1653 1634 1690 ordinatur,
1651 1664 1719 1684 non
1735 1660 1843 1685 autem
1860 1664 1898 1685 ex
1913 1656 2043 1685 scientia
2066 1655 2181 1691 habita,
2199 1656 2266 1686 sine
2290 1661 2428 1695 utroque
2444 1657 2526 1686 bene

1460 1697 1529 1728 fieri
1544 1708 1612 1728 non
1628 1704 1750 1738 potest;
1774 1699 1848 1729 ideo
1873 1700 2043 1729 auctoritas
2062 1699 2233 1735 iudicandi,
2251 1709 2333 1739 quae
2357 1700 2452 1730 clavis
2469 1706 2525 1735 est,

1461 1743 1529 1772 sine
1553 1743 1683 1773 scientia
1705 1752 1774 1772 non
1796 1748 1903 1783 potest
1926 1744 1993 1773 sine
2017 1749 2150 1783 peccato
2174 1744 2293 1783 accipi;
2318 1744 2374 1774 sed
2397 1745 2527 1774 scientia

1461 1786 1529 1816 sine
1553 1787 1741 1817 auctoritate
1764 1787 1832 1817 sine
1855 1793 1989 1827 peccato
2013 1788 2121 1818 haberi
2143 1793 2259 1827 potest.

1514 1831 1566 1860 An
1590 1841 1724 1861 marum
1747 1841 1906 1861 mensuum
1931 1831 2021 1872 quod
2043 1837 2183 1871 potestas
2207 1831 2399 1862 conficiendi
2422 1838 2468 1862 est
2487 1832 2526 1862 ad

1459 1884 1563 1905 unum
1586 1881 1711 1905 tantum
1735 1880 1842 1906 actum
1866 1876 1993 1906 alterius
2015 1877 2149 1915 generis.
2173 1876 2214 1906 Et
2229 1875 2303 1906 ideo
2319 1886 2386 1906 non
2402 1886 2526 1906 connu-

1459 1925 1600 1950 meratur
1619 1920 1778 1950 clavibus:
1803 1929 1864 1950 nec
1879 1920 2109 1960 multiplicatur
2124 1921 2206 1950 sicut
2221 1926 2361 1960 potestas
2378 1921 2525 1956 clavium,

1460 1973 1543 2004 quae
1561 1969 1607 1994 est
1623 1963 1662 1994 ad
1678 1963 1819 1994 diversos
1839 1970 1938 1994 actus.
1958 1965 2114 2002 Quamvis
2129 1964 2308 1995 secundum
2331 1966 2526 1995 auctoritatis

1461 2009 1630 2038 essentiam
1653 2009 1693 2038 sit
1715 2018 1790 2043 una,
1814 2014 1851 2039 ut
1874 2008 1996 2039 dictum
2020 2014 2066 2039 est
2081 2010 2107 2039 *ἢ

1514 2052 1565 2082 An
1590 2062 1739 2082 ouanrtm
1754 2053 1771 2069 ⁴*
1787 2062 1947 2083 mmmmm
1969 2052 2059 2093 quod
2074 2053 2155 2083 velle
2178 2053 2354 2093 unicuique
2378 2058 2425 2083 est
2447 2054 2525 2084 libe-

1459 2106 1542 2126 rum.
1573 2097 1614 2126 Et
1641 2096 1715 2126 ideo
1744 2096 1783 2126 ad
1805 2096 1981 2127 volendum
2011 2106 2079 2127 non
2110 2097 2244 2137 exigitur
2274 2098 2454 2128 auctoritas.
2485 2098 2526 2128 Et

1459 2146 1591 2181 propter
1614 2141 1677 2171 hoc
1700 2141 1849 2171 voluntas
1871 2151 1939 2171 non
1962 2142 2093 2181 ponitur
2116 2141 2221 2171 clavis.

1514 2185 1566 2215 An
1591 2194 1731 2215 aum-nm
1743 2186 1759 2201 ⁴*
1775 2195 1935 2215 mensuum
1951 2185 2040 2225 quod
2056 2190 2123 2215 tota
2139 2185 2277 2216 Trinitas
2293 2185 2409 2216 eodem
2425 2186 2524 2216 modo

1459 2230 1591 2259 remittit
1613 2234 1744 2269 peccata
1772 2229 1854 2260 sicut
1877 2239 1941 2260 una
1964 2230 2112 2259 Persona.
2145 2230 2186 2259 Et
2209 2229 2282 2260 ideo
2306 2240 2373 2260 non
2397 2235 2525 2270 oportet

1461 2273 1550 2313 quod
1573 2273 1730 2309 sacerdos,
1755 2274 1810 2313 qui
1833 2274 1977 2304 minister
2000 2279 2047 2304 est
2069 2274 2241 2310 Trinitatis,
2266 2279 2328 2304 tres
2351 2274 2455 2304 claves
2470 2275 2525 2304 ha-

1460 2319 1542 2348 beat.
1574 2318 1615 2348 Et
1637 2318 1809 2357 praecipue
1840 2327 1915 2348 cum
1946 2318 2108 2354 voluntas,
2133 2327 2215 2358 quae
2246 2318 2377 2358 Spiritui
2408 2318 2524 2349 Sancto

1460 2362 1692 2402 appropriatur,
1718 2362 1840 2392 clavem
1864 2372 1931 2392 non
1955 2363 2104 2402 requirat,
2129 2368 2165 2392 ut
2188 2362 2310 2392 dictum
2333 2368 2379 2393 est
2394 2364 2421 2392 ἦ

1659 2449 1912 2492 QUAESTIO
1935 2448 2333 2483 DECIMAOCTAVA

1798 2515 1842 2539 DE
1862 2515 2020 2540 EFFECTU
2039 2515 2191 2540 CLAVIUM

1522 2592 1615 2611 anina
1639 2581 1907 2612 considerandum
1931 2587 1978 2612 est
2001 2581 2040 2611 de
2064 2581 2180 2612 effectu
2204 2581 2341 2612 clavium
2357 2583 2384 2612 *.

1463 2594 1616 2666 DCirca
1639 2625 1729 2666 quod
1752 2631 1948 2666 quaeruntur
1972 2631 2121 2665 quatuor.

1513 2670 1639 2700 Primo:
1664 2677 1772 2701 utrum
1795 2675 1936 2710 potestas
1967 2670 2105 2700 clavium
2129 2680 2162 2700 se
2186 2670 2332 2701 extendat
2355 2670 2395 2700 ad
2417 2671 2526 2700 remis-

1549 2716 1674 2745 sionem
1698 2715 1822 2755 culpae.

1516 2759 1685 2790 Secundo:
1717 2765 1825 2790 utrum
1856 2758 2003 2789 sacerdos
2033 2759 2134 2799 possit
2164 2760 2323 2789 remittere
2357 2765 2525 2799 peccatum

1550 2803 1659 2844 quoad
1681 2813 1831 2844 poenam.

1515 2847 1644 2878 Tertio:
1669 2853 1778 2878 utrum
1802 2847 1949 2878 sacerdos
1971 2857 2029 2888 per
2051 2853 2241 2888 potestatem
2269 2847 2405 2877 clavium
2429 2847 2525 2887 ligare

1548 2893 1659 2932 possit.

1514 2936 1657 2974 Quarto:
1682 2942 1790 2967 utrum
1814 2937 1915 2977 possit
1931 2938 2026 2967 etiam
2042 2937 2138 2976 ligare
2155 2941 2185 2966 et
2201 2936 2323 2966 solvere
2347 2935 2524 2966 secundum

1547 2982 1715 3021 proprium
1739 2982 1913 3012 arbitrium.

1561 3056 1661 3086 ART.
1687 3057 1709 3086 1.
1733 3066 1838 3086 imum
1862 3066 2013 3087 porasras
2038 3066 2171 3086 ειΑνωΜ
2195 3065 2228 3086 sa
2252 3065 2414 3085 nxraNDAr

1787 3111 1829 3130 An
1853 3110 2057 3131 aamssromm
2081 3110 2197 3130 eumue

1471 3157 1503 3179 Su
1521 3164 1553 3184 ra,
1586 3164 1607 3179 u.
1623 3164 1645 3184 x,
1661 3162 1702 3180 art.
1721 3165 1743 3183 ις
1758 3158 1790 3180 lv
1805 3158 1872 3180 Cone.
1890 3159 1964 3184 Gent„
1981 3165 2030 3186 cap.
2046 3165 2121 3183 Lxxm
2136 3158 2172 3179 De
2186 3158 2271 3179 Forma
2286 3158 2399 3184 Absolut„
2413 3163 2464 3185 cap.
2479 3164 2509 3183 ¹¹3

1499 3164 1584 3212 {aad}
1599 3184 1640 3211 lV,
1655 3191 1693 3213 qu.
1708 3191 1746 3212 vu,
1761 3189 1803 3207 art.
1821 3192 1842 3211 ις
1858 3185 1883 3207 In
1898 3186 1990 3212 Matth„
2006 3191 2056 3212 cap.
2072 3192 2121 3210 xv1;
2137 3185 2162 3207 In
2176 3185 2251 3211 Ioan„
2267 3190 2317 3211 cap.
2333 3191 2371 3210 xx,
2387 3185 2438 3206 lect.
2454 3191 2484 3205 ιν.

1523 3254 1544 3274 n
1567 3254 1684 3274 PanM
1715 3255 1760 3275 sm
1790 3255 1993 3275 pnocamrun.
2022 3245 2155 3275 Videtur
2183 3244 2272 3284 quod
2298 3249 2438 3284 potestas
2462 3244 2524 3274 cla-

1459 3255 1612 3318 Avium
1639 3299 1673 3319 se
1704 3289 1852 3320 extendat
1881 3289 1920 3319 ad
1949 3290 2170 3319 remissionem
2200 3288 2322 3328 culpae.
2347 3288 2435 3318 Ioan.
2452 3298 2491 3318 xx
2507 3289 2524 3304 θ

1459 3332 1573 3363 dicitur
1589 3331 1767 3373 discipulis:
1788 3333 1936 3370 Quorum
1953 3334 2139 3364 remiseritis
2155 3338 2300 3373 peccata,
2318 3332 2524 3363 remittuntur

1459 3377 1514 3407 eis.
1549 3376 1612 3407 Sed
1641 3378 1706 3408 hoc
1734 3387 1803 3408 non
1833 3377 1948 3408 dicitur
1978 3383 2134 3418 quantum
2165 3377 2204 3407 ad
2234 3376 2523 3407 manifestationem

1458 3426 1600 3456 tantum,
1624 3427 1661 3451 ut
1689 3422 1838 3462 Magister
1864 3423 1897 3452 in
1925 3423 2027 3452 littera
2042 3423 2058 3439 ³⁹
2083 3422 2174 3452 dicit:
2203 3422 2278 3461 quia
2305 3422 2349 3451 sic
2377 3420 2523 3450 sacerdos

1458 3466 1536 3495 novi
1560 3464 1757 3496 Testamenti
1779 3476 1847 3496 non
1870 3467 2000 3497 haberet
2026 3467 2181 3496 maiorem
2212 3471 2402 3506 potestatem
2426 3474 2523 3504 quam
2549 3477 2760 3503 wemmam&-

1459 3509 1607 3540 sacerdos
1636 3511 1761 3540 veteris.
1793 3510 1878 3550 Ergo
1910 3516 2033 3541 exercet
2062 3516 2253 3550 potestatem
2281 3510 2314 3539 in
2339 3509 2452 3549 culpae
2475 3518 2523 3538 re-

394 3548 445 3579 An
468 3559 584 3579 Panum
607 3559 690 3580 aneo
713 3561 871 3582 memnon
902 3552 992 3592 quod
1015 3552 1055 3583 ad
1077 3562 1176 3584 unam
1204 3563 1306 3584 seram
1329 3562 1404 3593 ape·
1419 3567 1442 3587 75
1458 3554 1655 3584 missionem.

2552 602 2760 624 'Autissiod.Sum.

2550 629 2604 650 Aur.
2616 629 2655 650 lib.
2673 628 2718 653 1V.
2733 629 2763 650 de

2551 654 2659 708 {grem
2669 655 2759 677 Poenit.

2554 1001 2563 1011 ”
2579 999 2614 1021 ef.
2630 999 2686 1021 ibid.

2552 1134 2562 1143 ·
2576 1132 2609 1153 lv
2618 1132 2693 1159 Seni„
2710 1132 2762 1155 dist.

2551 1165 2707 1213 {asima
2716 1191 2763 1213 m,

2551 1218 2611 1234 vers.
2628 1218 2661 1240 ¹9.
2715 1238 2721 1239 .

2551 1308 2562 1317 '
2585 1305 2681 1327 Roland.
2703 1306 2763 1327 Sen-

2551 1334 2615 1358 tene„
2631 1332 2660 1354 de
2674 1332 2762 1354 clavia.

2551 1359 2685 1383 Sacerdot.‚·
2694 1359 2762 1380 Prae-

2553 1386 2647 1412 positin.
2671 1385 2763 1411 Suum,

2552 1418 2602 1459 {1³⁹¹
2610 1412 2639 1433 de
2645 1402 2763 1460 ἐἸανῧμῗ

2575 1445 2589 1459 u
2606 1454 2613 1460 .
2633 1445 2645 1459 fl
2667 1445 2685 1459 S.
2723 1445 2744 1460 lc
2756 1454 2762 1461 ο

2552 1445 2615 1486 Sug.
2639 1465 2717 1491 Sent.‚
2733 1469 2762 1487 tr.

2555 1491 2592 1516 VI,
2609 1497 2660 1518 cap.
2671 1497 2719 1517 x¹v;
2739 1492 2761 1513 b.

2552 1518 2641 1539 Albert.
2664 1517 2709 1544 M.,
2730 1518 2763 1539 lv

2552 1544 2624 1570 Sem„
2636 1544 2688 1566 dist.
2699 1550 2764 1570 xvm,

2552 1575 2607 1618 3¹13..
2621 1570 2761 1624 ⁴323³'i⁰v⁸·

2569 1630 2690 1680 ξὲὴέξῐιῧ·
2705 1630 2763 1676 ..2151

2553 1676 2605 1698 dlst.
2623 1682 2693 1702 xvnn,
2709 1683 2731 1703 p.
2747 1683 2764 1703 ι,

2553 1706 2594 1724 art.
2611 1708 2644 1729 m,
2655 1709 2694 1730 qu.
2709 1709 2729 1725 2.

2553 2015 2593 2036 ‘ln
2602 2020 2642 2036 cor
2660 2020 2711 2040 στας
2720 2018 2763 2036 art.

2552 2047 2633 2069 praece
2651 2057 2656 2062 .
2672 2041 2700 2062 ad
2719 2049 2737 2063 ι.

2552 2069 2561 2079 ·
2574 2069 2630 2095 Arg.
2646 2067 2694 2089 Sed
2708 2073 2763 2089 con-

2551 2096 2590 2115 tra
2607 2101 2625 2116 1.

2551 2192 2561 2202 ¹
2576 2191 2633 2217 Arg.
2647 2190 2695 2212 Sed
2709 2196 2764 2211 con-

2551 2219 2590 2238 tra
2603 2223 2624 2239 2.

2552 2368 2563 2378 ·
2577 2367 2645 2395 Resp.
2661 2367 2689 2388 ad
2704 2374 2727 2394 4.

2552 2582 2607 2630 ζῐξὲ.
2617 2588 2656 2609 qu.
2664 2582 2764 2609 xvn,1n-

2550 3289 2561 3299 ·
2576 3288 2641 3310 Vers.
2658 3294 2690 3317 ²3·

2551 3425 2560 3434 ·
2571 3423 2603 3444 lv
2614 3424 2691 3450 δοκι,
2706 3424 2758 3446 dist.

2549 3456 2613 3475 xvm,
2628 3455 2694 3478 capp.
2708 3450 2759 3472 Non

2550 3502 2646 3524 cundum
2660 3503 2710 3525 hos.
