2918 4088
111 273 122 284 ·
129 271 165 294 Cf.
176 277 240 294 num.
246 276 322 300 pnec.

104 756 119 767 ‘
132 755 168 778 Cf.
183 755 240 778 ibid.

1011 152 1379 199 QUAESTIONES
1407 152 1480 188 DE
1507 151 1872 190 CONTRITIONE

348 227 514 267 loquendo
538 227 578 259 de
601 230 760 260 attritione
784 235 849 260 tam
867 231 1149 270 impoenitentium
1173 239 1270 270 quarn
1292 231 1410 269 imper-

349 271 507 302 fectorum
523 273 549 308 ³,
575 278 698 304 constat
721 274 811 314 quod
834 274 936 304 differt
959 284 977 304 a
1000 275 1192 305 contritione
1220 284 1288 304 non
1310 283 1409 314 penes

348 316 512 347 obiectum
534 317 705 353 materiale,
731 318 806 357 quia
828 319 994 358 utriusque
1017 319 1147 348 materia
1171 324 1218 348 est
1240 323 1409 358 peccatum

347 360 497 396 mortale,
522 360 577 391 sed
600 371 698 401 penes
722 363 886 392 obiectum
909 362 1059 392 formale:
1091 363 1167 402 quia
1190 362 1339 392 contritio
1363 366 1408 391 at-

346 404 439 443 tingit
460 405 594 435 mortale
617 411 787 445 peccatum
807 407 872 436 ‚sub
895 406 1018 436 ratione
1041 407 1159 436 summi
1190 405 1331 442 odibilis;
1363 411 1408 436 at-

346 447 431 478 tritio
466 453 574 479 autem
607 454 673 479 tam
706 450 988 490 impoenitentium
1019 459 1116 490 quam
1146 449 1408 489 imperfectorum

346 492 471 532 attingit
492 493 626 523 mortale
644 499 814 534 peccatum
835 503 904 524 non
923 495 982 524 sub
998 495 1121 524 ratione
1141 493 1265 524 formali
1290 494 1408 524 summi

346 535 482 567 odibilis.
517 537 558 567 Et
583 543 753 578 propterea
778 543 891 568 neutra
922 537 1024 568 differt
1050 548 1068 568 a
1091 538 1282 568 contritione
1309 547 1408 577 penes

346 581 446 620 magis
469 586 500 612 et
522 582 648 612 minus:
673 587 743 612 tum
766 583 842 622 quia
865 581 1041 612 differentia
1064 581 1242 612 secundum
1261 583 1362 621 magis
1377 587 1409 612 et

346 625 452 656 minus
475 633 542 656 non
566 630 613 655 est
635 625 811 656 differentia
833 625 993 662 formalis;
1025 631 1096 656 tum
1119 626 1210 665 quia,
1236 631 1408 665 quantum-

346 677 488 709 cumque
518 675 672 700 cresceret
695 669 894 710 displicentia
915 670 1058 700 mortalis
1081 670 1204 710 peccati
1236 675 1322 699 extra
1343 669 1407 700 for-

345 713 463 744 malem
490 714 647 743 rationem
673 714 791 744 summi
819 713 962 749 odibilis,
989 722 1159 753 nunquam
1182 719 1264 743 esset
1290 714 1407 744 contri-

344 757 401 787 tio.
417 774 440 779 -
455 757 565 788 Tertio
581 766 658 787 vero
681 757 781 787 modo
805 762 932 797 sumpta
947 757 1063 788 attritio
1079 758 1096 774 ¹*
1111 767 1171 788 nec
1187 766 1286 797 penes
1308 763 1408 788 mate-

344 801 424 831 riam
446 810 506 831 nec
529 810 628 840 penes
650 801 808 831 rationem
831 800 998 831 formalem
1022 802 1140 832 obiecti
1162 800 1266 831 differt
1288 811 1306 831 a
1330 811 1407 832 con-

344 844 472 875 tritione
503 845 672 884 acquisita:
704 845 780 885 quia
809 850 884 875 sunt
913 851 1060 885 respectu
1091 844 1234 875 eiusdem
1265 846 1407 876 mortalis

342 889 476 928 peccati,
501 894 532 919 et
554 889 613 919 sub
636 889 759 919 ratione
782 890 900 919 summi
928 889 1064 920 odibilis.
1088 889 1130 920 Et
1152 889 1242 929 quod
1264 899 1324 920 nec
1348 889 1407 920 dif-

343 931 446 962 ferant
466 941 566 972 penes
589 932 690 972 magis
714 938 746 963 et
767 933 885 969 minus,
910 943 949 963 ex
967 943 1007 964 eo
1031 938 1118 973 patet
1141 933 1232 973 quod
1253 927 1407 965 m'ini'rnus

341 975 457 1016 gradus
479 976 667 1008 huiusmodi
690 977 907 1017 displicentiae
938 977 1053 1008 sufficit
1076 977 1116 1008 ad
1140 979 1301 1008 caritatem
1333 988 1407 1019 ope-

309 1036 315 1047 »
342 1020 478 1051 rientem
507 1020 744 1052 multitudinem
762 1026 973 1062 peccatorum
993 1022 1020 1052 ³.
1045 1021 1145 1060 Quod
1175 1022 1338 1053 Ecclesiae
1360 1028 1407 1053 te-

308 1062 316 1096 ζ
341 1064 494 1095 stimonio
526 1065 770 1105 comprobatur:
801 1065 959 1096 credimus
986 1067 1072 1096 enim
1096 1075 1219 1102 omnes
1242 1072 1309 1097 tam
1331 1077 1406 1097 nos-

340 1108 496 1149 metipsos
519 1118 618 1149 quam
640 1109 736 1146 alios,
761 1119 828 1140 esse
851 1111 885 1140 in
908 1111 1036 1141 caritate
1059 1120 1135 1141 cum
1158 1110 1198 1141 ad
1219 1111 1406 1142 huiusmodi

341 1151 575 1193 displicentiam
599 1159 900 1197 quantumcumque
922 1155 1086 1185 remissam
1108 1156 1324 1195 pervenimus.

395 1196 491 1228 Unde
505 1207 566 1228 nec
581 1203 629 1228 est
643 1207 756 1229 verum
779 1199 1007 1229 contritionem
1023 1204 1055 1229 et
1069 1199 1264 1229 attritionem
1281 1199 1404 1230 differre

341 1240 520 1272 secundum
535 1242 636 1282 magis
652 1248 684 1274 et
698 1243 805 1274 minus
820 1244 854 1274 in
870 1242 982 1273 eadem
998 1244 1120 1283 specie:
1145 1243 1220 1274 licet
1237 1245 1277 1274 sit
1291 1253 1405 1274 verum

340 1285 520 1316 secundum
542 1287 643 1326 magis
667 1292 698 1317 et
719 1287 827 1318 minus
849 1287 884 1317 in
907 1286 1036 1318 diversis
1055 1288 1232 1327 speciebus,
1257 1289 1338 1318 sicut
1361 1288 1405 1318 al-

340 1329 530 1371 burghabet
543 1331 644 1370 magis
660 1330 700 1362 de
715 1331 788 1362 luce
804 1341 901 1372 quam
917 1331 1026 1362 viride.
1042 1332 1111 1362 Nec
1127 1332 1218 1362 allata
1236 1333 1404 1372 responsio

292 1370 300 1381 ²
310 1378 314 1379 ⁷
332 1372 492 1405 ‘satisfacit
514 1375 672 1414 quaesito.

51 2743 53 2745 ’
97 2746 151 2772 ἀ
157 2753 223 2772 m.
230 2753 267 2777 m,
274 2754 308 2771 vi.

394 1418 496 1449 Aliter
519 1428 594 1459 ergo
617 1418 790 1450 dicendum
812 1420 892 1450 mihi
909 1419 1048 1450 videtur:
1074 1420 1163 1460 quod
1186 1421 1321 1460 gratuita
1343 1421 1405 1451 Dei

339 1463 443 1493 motio
468 1467 515 1493 est
537 1471 621 1503 quae
643 1463 830 1494 huiusmodi
852 1464 1041 1504 acquisitam
1057 1465 1285 1494 contritionem
1308 1464 1405 1498 efficit

338 1506 486 1537 ultimam
508 1506 753 1547 dispositionem
776 1507 816 1538 ad
837 1508 971 1548 gratiam
986 1517 1043 1538 seu
1059 1508 1230 1539 caritatem.
1253 1508 1298 1538 Ita
1313 1507 1401 1547 quod

339 1559 379 1581 ex
401 1550 464 1581 hoc
487 1550 558 1590 ipso
591 1551 681 1591 quod
704 1551 802 1587 Deus,
826 1561 894 1582 non
920 1561 978 1592 per
1003 1551 1136 1592 aliquod
1162 1552 1404 1592 superadditum

339 1593 464 1625 donum
486 1594 656 1631 habituale,
681 1594 737 1626 sed
758 1604 816 1635 per
838 1597 1007 1635 gratuitam
1036 1595 1242 1626 dilectionem
1269 1605 1333 1636 qua
1356 1595 1403 1626 di-

337 1642 453 1678 gnatur
475 1639 523 1668 uti
544 1644 653 1669 nostra
676 1639 831 1679 acquisita
854 1639 1046 1670 cona-itione
1069 1645 1106 1670 ut
1128 1639 1339 1680 dispositione
1354 1639 1403 1670 ul-

337 1681 415 1712 tima
438 1681 478 1712 ad
500 1691 596 1713 suum
618 1684 788 1723 proprium
812 1692 905 1723 opus,
930 1683 1021 1723 quod
1044 1689 1092 1714 est
1115 1684 1226 1714 caritas
1249 1693 1332 1723 quae
1355 1684 1404 1714 in-

2449 154 2522 202 343

1463 229 1621 266 funditur,
1644 248 1667 253 —
1689 230 1872 261 transfertur
1901 237 2009 262 nostra
2040 234 2187 264 contritio
2219 235 2251 263 in
2279 233 2346 263 fore
2378 234 2523 264 ultimam

1464 273 1707 314 dispositionem
1734 284 1792 314 pro
1823 276 1920 314 gratia
1947 276 2114 312 habituali;
2148 278 2233 307 iuxta
2263 277 2342 307 illud
2373 277 2524 308 Ieremiae

1463 317 1503 347 ad
1526 318 1632 348 Deum
1644 319 1676 348 ἐ
1693 318 1866 358 Postquam
1890 320 2074 350 convertisti
2097 330 2155 356 me,
2174 322 2405 360 poenitentiam
2422 323 2484 363 egi.
2500 340 2524 344 -

1463 361 1553 391 Haec
1576 361 1615 392 de
1638 363 1744 392 tertio.

1518 405 1571 435 Vl.
1588 405 1640 436 Ad
1655 412 1841 446 argumenta
1855 408 1888 437 in
1905 409 2092 447 oppositum
2103 409 2130 444 ἥ,
2143 418 2201 448 pro
2215 415 2335 448 quanto
2352 416 2462 440 contra
2478 416 2523 440 at-

1462 449 1624 480 tritionem
1640 451 1733 480 tertio
1749 450 1849 481 modo
1866 450 1983 481 dictam
1999 452 2144 487 militant,
2161 453 2385 492 respondendo
2409 454 2523 484 dicitur

1463 493 1567 532 quod,
1591 494 1750 534 quidquid
1772 495 1812 524 sit
1835 494 1874 524 de
1899 494 2076 525 diversitate
2100 505 2198 535 penes
2221 497 2376 536 principia
2398 498 2431 527 in
2455 507 2523 528 esse

1461 543 1602 574 naturae,
1627 538 1787 568 diversitas
1802 544 1910 568 tamen
1926 539 2157 579 principiorum
2173 540 2206 569 in
2222 549 2337 579 genere
2353 542 2450 571 moris
2466 551 2523 572 seu

1462 582 1567 612 meriti
1588 591 1657 612 non
1679 581 1774 612 infert
1791 592 1895 612 unum
1912 582 2116 623 eundemque
2132 589 2239 613 actum
2262 593 2329 614 non
2345 594 2439 624 posse
2456 595 2523 616 esse

1463 631 1494 655 et
1509 626 1577 656 sine
1599 626 1654 656 tali
1676 627 1845 666 principio,
1870 632 1902 657 et
1925 636 1999 657 cum
2015 627 2070 657 tali
2085 627 2258 667 principio:
2284 638 2367 658 unus
2383 638 2523 668 namque

1462 675 1493 699 et
1519 669 1604 700 idem
1634 675 1723 700 actus
1754 671 1891 701 exterior
1920 671 1977 710 qui
1999 681 2017 700 a
2040 672 2198 711 principio
2229 681 2297 701 non
2328 671 2388 702 fuit
2418 673 2523 703 bonus

1461 714 1631 749 moraliter,
1653 719 1758 754 potest
1781 724 1849 745 esse
1872 715 1977 745 bonus
2000 715 2161 745 moraliter
2176 716 2209 745 in
2224 717 2461 755 prosecutione.
2483 717 2524 746 Et

1461 757 1604 788 similiter
1626 758 1660 788 in
1683 759 1851 798 proposito
1875 759 2024 789 contritio
2044 760 2207 799 acquisita,
2233 769 2315 799 quae
2331 770 2349 790 a
2364 761 2522 800 principio

1461 810 1528 831 non
1552 807 1599 831 est
1620 802 1792 838 meritoria,
1809 808 1915 842 potest
1930 804 1963 833 in
1979 803 2028 833 sui
2050 804 2276 843 prosecutione
2303 803 2371 834 fieri
2393 805 2523 834 merito-

1460 845 1515 881 ria,
1533 847 1776 886 superveniente
1799 847 1943 883 caritate;
1967 856 2027 877 nec
2051 853 2179 887 oportet
2196 848 2396 878 re-inchoare
2416 854 2524 878 actum

1461 889 1570 929 quoad
1593 891 1800 921 substantiam
1824 896 1922 927 actus,
1942 891 1998 922 sed
2014 891 2129 922 sufficit
2145 891 2235 931 quod
2250 892 2420 922 inchoetur
2434 898 2523 923 actus

1461 933 1570 974 quoad
1593 944 1660 965 esse
1682 935 1894 965 meritorium.
1918 935 2004 966 Cum
2027 936 2114 966 enim
2137 935 2252 966 dicitur
2269 942 2376 966 actum
2392 937 2522 967 merito-

1460 979 1544 1008 rium
1566 979 1710 1009 inchoari
1733 989 1751 1009 a
1775 979 1911 1015 caritate,
1937 985 1984 1010 est
1998 989 2102 1010 sermo
2119 979 2269 1016 formalis,
2286 981 2349 1010 hoc
2374 986 2430 1016 est,
2454 990 2521 1011 non

1461 1021 1500 1053 de
1533 1028 1606 1053 actu
1639 1023 1840 1063 simpliciter,
1871 1023 1926 1054 sed
1956 1024 2148 1063 inquantum
2179 1029 2226 1054 est
2255 1025 2446 1055 meritorius.
2481 1025 2523 1055 Et

1459 1072 1629 1107 propterea
1644 1072 1704 1097 stat
1719 1073 1826 1098 actum
1842 1077 1909 1098 esse
1921 1068 2105 1108 simpliciter
2119 1069 2307 1099 inchoatum
2323 1069 2390 1098 sine
2405 1069 2520 1099 merito

1460 1116 1491 1141 et
1515 1112 1658 1147 casitate;
1683 1117 1714 1141 et
1737 1111 1876 1142 eundem
1900 1113 2079 1142 continuari
2095 1122 2170 1142 cum
2185 1113 2310 1148 merito,
2332 1118 2363 1142 et
2378 1113 2521 1143 inchoari

1460 1165 1478 1185 a
1501 1156 1628 1186 caritate
1651 1155 1830 1186 secundum
1854 1165 1921 1186 esse
1943 1157 2153 1186 meritorium.

1513 1199 1565 1229 Ad
1587 1199 1766 1230 secundum
1790 1199 1904 1230 dicitur
1927 1199 2026 1240 quod,
2045 1200 2119 1231 licet
2133 1200 2333 1240 imperfectio
2350 1201 2519 1231 attritionis

1457 1249 1523 1274 tam
1538 1244 1821 1284 impoenitentium
1838 1253 1936 1284 quam
1951 1244 2214 1284 imperfectorum
2229 1245 2246 1261 ⁴*
2261 1245 2301 1274 sit
2316 1243 2356 1274 de
2371 1244 2455 1275 illius
2470 1254 2519 1275 ra-

1457 1288 1563 1323 tione,
1595 1288 1670 1328 quia
1700 1297 1799 1328 penes
1830 1287 1991 1319 defectum
2015 1288 2132 1319 obiecti
2155 1287 2296 1318 formalis
2327 1287 2517 1324 attenditur3

1457 1331 1658 1372 imperfectio
1688 1337 1796 1362 tamen
1828 1332 2028 1362 contritionis
2060 1333 2251 1372 acquisitae,
2287 1342 2370 1372 quae
2401 1333 2518 1363 attritio

1456 1377 1549 1406 tertio
1581 1375 1681 1406 modo
1704 1381 1851 1412 vocatur,
1875 1386 1943 1406 non
1966 1381 2014 1407 est
2036 1376 2076 1407 de
2098 1377 2221 1406 ratione
2243 1376 2338 1411 illius,
2363 1377 2518 1416 quoniam

1456 1429 1555 1460 penes
1579 1420 1681 1450 solam
1703 1421 1908 1460 negationem
1931 1421 2071 1460 potentis
2094 1420 2297 1460 supervenire
2320 1420 2418 1450 divini
2441 1420 2519 1451 doni

1457 1463 1645 1500 attenditur;
1669 1473 1736 1494 non
1752 1465 1838 1494 enim
1853 1463 2031 1494 informitas
2046 1464 2231 1494 huiusmodi
2247 1465 2446 1495 contritionis
2461 1474 2519 1495 seu

1456 1508 1624 1538 attritionis
1648 1513 1695 1538 est
1714 1508 1814 1547 magis
1830 1507 1870 1538 de
1885 1509 2006 1538 ratione
2022 1509 2122 1548 ipsius
2138 1518 2235 1548 quam
2251 1507 2428 1538 informitas
2443 1508 2519 1539 fidei

1455 1552 1496 1582 sit
1518 1551 1558 1582 de
1581 1553 1705 1582 ratione
1720 1551 1805 1582 fidei.
1830 1552 1871 1582 Et
1886 1558 2065 1592 propterea,
2082 1553 2164 1583 sicut
2179 1558 2267 1583 actus
2282 1552 2357 1582 fidei
2372 1551 2518 1582 informis

1455 1601 1562 1635 potest
1580 1596 1613 1625 in
1633 1596 1683 1626 sui
1698 1596 1925 1635 prosecutione
1940 1595 2070 1626 formari
2094 1597 2230 1632 caritate,
2247 1597 2290 1626 ita
2305 1602 2394 1626 actus
2410 1597 2518 1636 acqui—

1456 1640 1533 1669 sitae
1549 1640 1750 1670 contritionis
1765 1645 1881 1679 potest,
1897 1641 2140 1679 superveniente
2154 1641 2290 1675 caritate,
2302 1639 2518 1680 imperfectio-

1455 1693 1531 1714 nem
1563 1693 1639 1714 suae
1667 1682 1870 1714 informitatis
1906 1683 2065 1720 deserere,
2090 1690 2121 1714 et
2148 1683 2301 1714 formatus
2328 1684 2517 1714 continuari.

1088 1819 1421 1869 QUAESITUM
1452 1819 1768 1861 SECUNDUM

464 1904 526 1935 AN
548 1903 776 1936 EXIGATUR
798 1904 858 1935 AD
883 1903 1223 1935 CONTRITIONEM
1247 1903 1371 1942 QUOD
1395 1903 1462 1935 SIT
1486 1903 1773 1935 SINGULORUM
1796 1904 2100 1937 PECCATORUM
2124 1905 2389 1937 MORTALIUM

377 2002 502 2024 termno
527 1993 700 2034 quaeritur,
719 1991 758 2023 de
780 1993 912 2022 materia
939 1993 1158 2023 contritionis:
1183 1992 1236 2025 An
1258 1993 1401 2032 exigatur

338 2003 418 2068 Sad
440 2037 668 2068 contritionem
692 2036 783 2076 quod
801 2037 841 2067 sit
865 2036 1066 2076 singulorum
1090 2041 1299 2076 peccatorum
1314 2045 1400 2066 mor-

334 2081 458 2112 talium.

385 2125 520 2157 Videtur
536 2125 622 2156 enirn
639 2124 729 2166 quod
744 2125 789 2155 sic
801 2125 827 2154 ἦ
839 2124 927 2155 Tum
939 2124 1015 2164 quia
1030 2125 1180 2155 contritio
1197 2123 1291 2155 debet
1306 2123 1399 2154 adae-

334 2179 433 2211 quare
449 2169 696 2201 confessionem.
721 2168 891 2200 Confessio
906 2174 1014 2199 autem
1031 2168 1275 2208 comprehendit
1290 2169 1400 2199 omnia

333 2214 496 2246 mortalia:
521 2219 558 2244 ut
578 2219 666 2254 patet
680 2213 714 2244 in
730 2222 799 2253 cap.
820 2212 932 2243 Omnis
955 2213 1122 2253 utriusque
1143 2222 1240 2243 sexus
1251 2214 1277 2243 *.
1302 2213 1397 2252 Ergo.

389 2259 478 2289 Tum
502 2259 578 2298 quia
599 2258 678 2288 haec
702 2262 749 2288 est
771 2257 947 2288 differentia
969 2257 1051 2287 inter
1065 2257 1297 2297 poenitentiam
1312 2266 1399 2287 mor-

333 2303 447 2334 talium
470 2307 502 2333 et
524 2302 756 2342 poenitentiam
779 2301 969 2337 venialium,
1002 2300 1091 2341 quod
1114 2301 1154 2331 ad
1176 2301 1398 2332 remissionem

333 2347 509 2378 venialium
538 2345 655 2376 sufficit
683 2346 824 2376 virtualis
856 2345 1073 2385 displicentia:
1108 2345 1148 2376 ad
1177 2346 1399 2376 remissionem

334 2396 443 2422 autem
466 2390 651 2425 mortalium
683 2390 818 2430 exigitur
846 2395 883 2420 ut
905 2390 1006 2420 homo
1037 2389 1200 2420 actualiter
1227 2395 1397 2430 peccatum

334 2435 469 2466 mortale
493 2435 703 2465 commissum
725 2433 906 2464 detestetur.
930 2452 953 2456 -
975 2434 1017 2464 Et
1032 2433 1240 2464 confirmatur
1255 2434 1318 2464 hoc
1342 2444 1397 2465 au—

335 2479 480 2510 ctoritate
507 2478 573 2509 divi
595 2478 743 2509 Thomae
769 2478 933 2518 superius,
964 2478 999 2508 in
1027 2478 1114 2508 calce
1137 2479 1280 2518 corporis
1303 2479 1398 2518 primi

335 2523 458 2554 articuli
491 2523 686 2563 quaestionis
718 2522 1107 2562 octogesimaeseptimae,
1141 2522 1274 2552 dicentis
1308 2522 1398 2562 quod

334 2567 535 2608 displicentia
560 2567 710 2598 virtualis
738 2576 803 2597 non
826 2565 948 2607 sufficit
970 2566 1013 2596 ad
1036 2566 1254 2596 remissionem
1272 2567 1400 2607 peccati

334 2611 492 2647 mortalis,
517 2611 580 2641 nisi
601 2616 757 2652 quantum
780 2610 823 2641 ad
838 2615 975 2651 peccata
998 2610 1096 2649 oblita
1113 2615 1191 2650 post
1212 2610 1398 2652 diligentem

335 2655 585 2696 inquisitionem.

390 2700 428 2730 11.
444 2699 496 2730 Ad
510 2700 606 2730 huius
623 2698 824 2734 evidentiam,
837 2698 1004 2729 sciendum
1020 2703 1067 2728 est
1078 2699 1301 2738 quaestionem
1316 2699 1398 2730 hanc

333 2753 430 2785 posse
445 2744 579 2784 intelligi
594 2743 757 2783 tripliciter
768 2744 795 2773 ’ἢ
807 2743 926 2779 Primo,
947 2752 987 2773 an
1004 2743 1145 2782 exigatur
1160 2742 1250 2782 quod
1267 2743 1398 2783 singulis

334 2787 514 2819 secundum
539 2797 713 2818 numerum
735 2787 874 2828 peccatis
896 2786 1083 2817 mortalibus
1112 2786 1327 2826 respondeant
1349 2792 1399 2818 to-

333 2832 435 2864 tidem
457 2832 674 2863 contritiones.
699 2831 740 2862 Et
759 2832 803 2862 sic
818 2831 979 2861 intellecta
994 2831 1138 2870 quaestio
1159 2830 1251 2861 facile
1266 2831 1400 2862 solvitur

334 2877 492 2917 negative.
527 2876 692 2914 Quoniam
722 2885 783 2906 nec
806 2875 915 2915 quoad
941 2880 1049 2905 actum
1072 2874 1308 2914 displicentiae,
1338 2885 1399 2906 nec

336 2920 445 2962 quoad
468 2926 576 2951 actum
599 2919 819 2956 confessionis,
843 2929 904 2950 nec
920 2918 1029 2959 quoad
1043 2924 1151 2949 actum
1167 2918 1398 2956 satisfactionis,

335 2970 464 3006 oportet
485 2964 690 3004 multiplicari
713 2969 801 2994 actus
816 2964 1033 3004 poenitentiae
1055 2964 1143 2993 iuxta
1160 2962 1399 2994 multitudinem

336 3015 469 3040 actuum
490 3014 715 3049 peccatorum:
747 3009 862 3038 unicus
885 3007 1044 3048 siquidem
1067 3007 1287 3038 satisfactionis
1310 3013 1399 3038 actus

335 3058 444 3094 potest
466 3052 644 3084 satisfacere
667 3062 726 3093 pro
750 3052 858 3082 multis
881 3052 1069 3082 mortalibus
1093 3052 1287 3088 commissis;
1312 3057 1343 3082 et
1358 3052 1398 3082 si-

335 3098 453 3128 militer
467 3098 563 3128 unica
578 3097 804 3128 enunciatione
827 3101 933 3136 potest
949 3097 1021 3136 quis
1040 3096 1135 3126 simul
1151 3095 1297 3126 confiteri
1311 3096 1399 3126 mille

335 3141 493 3178 mortalia,
510 3141 658 3178 dicendo,
674 3141 823 3171 Percussi
845 3141 980 3177 millies;
1003 3146 1035 3170 et
1058 3140 1200 3170 similiter
1222 3140 1318 3170 unica
1337 3139 1399 3170 dis-

335 3186 487 3227 plicentia
501 3191 607 3226 potest
621 3184 815 3226 respondere
830 3185 918 3215 mille
933 3185 1081 3224 peccatis,
1095 3193 1163 3214 non
1178 3185 1286 3215 minus
1302 3193 1399 3224 quam

337 3229 498 3261 confessio
523 3235 554 3260 et
577 3229 758 3260 satisfactio.

392 3274 480 3304 Tum
503 3274 579 3314 quia
600 3273 772 3304 ridiculum
795 3278 842 3304 est
865 3274 908 3303 ita
930 3273 1011 3304 velle
1026 3272 1204 3313 adaequare
1227 3282 1399 3303 numerum

338 3316 568 3348 contritionum
583 3327 719 3348 numero
738 3323 955 3358 peccatorum,
972 3323 1125 3357 tanquam
1146 3317 1179 3347 in
1195 3316 1400 3347 multitudine

337 3367 479 3398 actuum,
497 3367 528 3392 et
542 3372 611 3393 non
625 3362 660 3392 in
673 3361 872 3402 perfectione
887 3362 996 3402 potius
1012 3367 1101 3392 actus
1117 3361 1269 3392 consistat
1282 3362 1398 3391 virtus:

338 3406 430 3446 quasi
452 3415 520 3436 non
542 3407 644 3447 possit
665 3416 730 3437 una
753 3405 894 3446 perfecta
909 3405 1108 3446 displicentia
1130 3405 1329 3446 aequivalere
1346 3405 1400 3436 de-

338 3459 410 3481 cern
425 3450 564 3482 millibus
587 3450 807 3491 imperfectis;¹
821 3460 897 3481 cum
917 3456 1024 3481 tamen
1041 3450 1135 3481 etiarn
1151 3451 1185 3480 in
1201 3449 1400 3480 sensibilibus

1452 1991 1617 2022 videamus
1644 1992 1735 2032 quod
1756 2002 1860 2023 unum
1882 1993 2044 2024 numisma
2067 2003 2200 2024 aureum
2230 1993 2409 2033 aequivalet
2429 1994 2518 2024 mille

1453 2045 1563 2067 aereis.

1508 2080 1559 2110 111.
1584 2079 1734 2111 Secundo
1757 2090 1834 2111 vero
1857 2081 1958 2112 modo
1990 2087 2096 2121 potest
2126 2082 2271 2122 quaestio
2294 2081 2444 2121 intelligi,
2475 2091 2516 2112 an

1451 2124 1576 2164 singula
1598 2130 1729 2164 peccata
1750 2125 1897 2156 mortalia
1919 2126 1952 2155 in
1976 2126 2097 2165 seipsis,
2121 2135 2179 2156 seu
2197 2125 2381 2162 formaliter,
2405 2126 2516 2165 attingi

1452 2167 1589 2199 debeant
1611 2178 1630 2199 a
1653 2169 1861 2199 contritione:
1886 2170 1929 2199 ita
1953 2169 2042 2210 quod
2065 2179 2133 2200 non
2156 2169 2291 2200 sufficiat
2312 2170 2437 2200 homini
2453 2169 2516 2200 dis-

1450 2213 1570 2252 plicere
1585 2213 1644 2243 sibi
1659 2214 1693 2243 in
1708 2213 1847 2253 generali
1864 2223 2089 2254 quaecumque
2102 2214 2262 2244 commisit
2274 2219 2385 2244 contra
2397 2214 2513 2250 Deum,

1451 2256 1507 2287 sed
1531 2258 1672 2297 exigatur
1695 2263 1731 2288 ut
1754 2257 1941 2297 displiceant
1956 2259 2015 2288 sibi
2030 2259 2064 2288 in
2079 2258 2209 2298 speciali
2231 2263 2362 2298 peccata
2377 2268 2395 2288 a
2410 2267 2443 2288 se
2459 2267 2514 2297 pa-

1450 2306 1539 2337 trata,
1563 2307 1642 2341 puta
1665 2301 1777 2332 decern
1800 2301 1963 2338 adulteria,
1987 2307 2118 2332 centum
2141 2301 2233 2338 furta,
2258 2302 2345 2332 mille
2367 2302 2514 2342 blasphe-

1451 2346 1544 2382 miae,
1562 2351 1621 2376 etc.
1634 2356 1642 2382 ;
1667 2351 1698 2376 et
1715 2346 1778 2376 hoc
1794 2346 1903 2385 quoad
1918 2351 2049 2386 peccata
2065 2355 2206 2386 quorum
2223 2346 2379 2376 memoria
2394 2347 2512 2376 subest.

1451 2390 1492 2420 Et
1508 2391 1552 2420 sic
1568 2390 1728 2420 intellecta
1744 2390 1888 2430 quaestio
1909 2390 2077 2430 dupliciter
2093 2390 2302 2421 examinanda
2318 2396 2376 2420 est:
2396 2390 2512 2430 primo,

1452 2433 1492 2464 de
1504 2435 1697 2465 contritione
1709 2435 1805 2464 relata
1821 2434 1860 2464 ad
1875 2440 2109 2465 sacramentum
2120 2435 2336 2475 poenitentiae
2348 2435 2381 2471 *;
2399 2433 2513 2464 deinde

1452 2478 1491 2508 de
1515 2479 1707 2509 contritione
1731 2479 1874 2509 absolute
1890 2479 1916 2509 ἕ.
1941 2478 2081 2509 Multum
2105 2479 2191 2509 enim
2214 2478 2308 2509 refert
2328 2479 2372 2508 sic
2395 2478 2445 2508 vel
2468 2479 2513 2508 sic

1451 2523 1559 2563 loqui:
1584 2523 1739 2563 quoniam
1762 2523 1911 2553 contritio
1926 2523 2023 2553 relata
2038 2522 2078 2553 ad
2093 2528 2325 2553 sacramentum
2344 2523 2513 2562 poeniten-

1450 2567 1512 2597 tiae
1535 2567 1595 2597 sub
1619 2567 1810 2607 Evangelica
1831 2567 1901 2606 lege
1924 2567 2083 2607 incoepit;
2116 2567 2266 2597 contritio
2290 2572 2397 2597 autem
2420 2567 2512 2596 abso-

1450 2611 1527 2647 lute,
1551 2616 1626 2651 post
1647 2611 1736 2641 Adae
1759 2616 1938 2651 peccatum,
1956 2617 1987 2642 et
2009 2617 2082 2642 ante
2105 2612 2254 2651 scriptam
2274 2611 2389 2651 legem,
2407 2616 2438 2640 et
2453 2611 2511 2640 sub

1450 2655 1521 2695 lege
1545 2655 1661 2696 Moysi,
1686 2656 1836 2685 omnibus
1859 2656 2080 2695 peccatoribus
2103 2656 2278 2686 necessaria
2301 2655 2370 2685 fuit.

1506 2699 1559 2730 IV.
1583 2699 1617 2730 Si
1635 2700 1730 2739 igitur
1753 2700 1913 2735 contritio,
1930 2700 2025 2729 relata
2040 2699 2080 2730 ad
2095 2705 2328 2729 sacramentum
2344 2699 2512 2738 poeniten-

1451 2744 1523 2779 tiae,
1548 2744 1651 2783 exigat
1675 2743 1764 2783 quod
1786 2744 1973 2775 terminetur
1996 2743 2036 2774 ad
2057 2744 2182 2783 singula
2203 2743 2349 2774 mortalia
2371 2742 2511 2773 formali-

1451 2793 1508 2823 ter,
1532 2797 1589 2818 seu
1612 2788 1646 2817 in
1661 2788 1781 2828 seipsis,
1806 2793 1934 2827 oportet
1957 2787 2046 2827 quod
2069 2788 2132 2818 hoc
2154 2787 2268 2817 habeat
2289 2787 2340 2817 vel
2363 2796 2401 2816 ex
2423 2787 2511 2816 satis-

1451 2831 1609 2867 factione,
1633 2831 1685 2861 vel
1708 2841 1746 2861 ex
1769 2831 1988 2867 confessione,
2012 2831 2064 2861 vel
2087 2841 2124 2861 ex
2148 2832 2260 2871 seipsa,
2284 2831 2334 2861 vel
2359 2840 2396 2860 ex
2419 2831 2511 2860 abso-

1451 2876 1574 2906 lutione
1598 2875 1800 2905 sacerdotali:
1825 2875 1916 2915 plura
1932 2876 2018 2905 enim
2033 2876 2067 2905 in
2082 2880 2279 2906 sacramento
2295 2875 2510 2914 poenitentiae

1451 2929 1519 2950 non
1541 2920 1756 2950 inveniuntur.
1781 2919 1844 2950 Sed
1866 2929 1934 2949 non
1957 2920 2128 2950 convenire
2154 2919 2212 2948 sibi
2235 2928 2272 2949 ex
2288 2917 2510 2954 satisfactione,

1451 2968 1538 3004 patet
1562 2973 1600 2994 ex
1623 2963 1686 2993 hoc
1709 2963 1799 3003 quod
1821 2973 1886 2993 una
1908 2962 2077 2993 satisfactio
2096 2963 2268 2993 virtualiter
2290 2967 2396 3002 potest
2418 2961 2510 2992 adae-

1453 3017 1551 3047 quare
1573 3007 1674 3038 multa
1696 3007 1849 3037 mortalia.
1873 3025 1897 3029 -
1918 3006 2017 3044 Quod
2039 3016 2099 3037 nec
2123 3007 2217 3037 etiam
2241 3016 2279 3037 ex
2297 3006 2509 3042 confessione,

1453 3061 1490 3082 ex
1510 3061 1550 3082 eo
1573 3057 1660 3091 patet
1684 3050 1773 3091 quod
1791 3051 1870 3081 ratio
1887 3060 1984 3091 quare
2001 3050 2160 3081 confessio
2177 3051 2273 3091 exigit
2287 3051 2411 3090 singula
2424 3060 2511 3081 mor-

1452 3096 1525 3126 talia
1547 3105 1606 3135 pro
1630 3096 1760 3125 materia
1784 3101 1830 3125 est
1853 3096 1929 3135 quia
1944 3094 2103 3125 confessio
2120 3094 2156 3125 fit
2170 3096 2313 3125 humano
2329 3094 2436 3130 iudici,
2454 3095 2511 3134 qui

1452 3149 1519 3170 non
1542 3145 1649 3179 potest
1670 3138 1810 3169 iudicare
1832 3139 1893 3169 nisi
1916 3139 1955 3169 de
1976 3139 2126 3179 cognitis:
2150 3140 2313 3179 incognita
2329 3144 2436 3169 autem
2451 3139 2510 3168 sibi

1452 3189 1488 3214 ut
1507 3183 1605 3214 iudici
1628 3189 1827 3214 remanerent
1850 3192 2074 3223 quaecumque
2089 3193 2156 3213 non
2173 3189 2277 3213 essent
2292 3193 2310 3213 a
2325 3183 2510 3223 poenitente

1452 3229 1486 3258 in
1509 3228 1619 3268 seipsis
1643 3228 1806 3267 explicata.
1830 3227 1922 3265 Quae
1944 3228 2024 3257 ratio
2047 3237 2115 3257 non
2138 3228 2232 3258 habet
2255 3227 2365 3257 locum
2382 3227 2416 3256 in
2432 3236 2511 3257 con-

1452 3272 1596 3308 tritione,
1621 3281 1704 3312 quae
1727 3272 1797 3302 Deo
1825 3270 1917 3301 offert
1940 3281 2009 3308 cor,
2040 3272 2096 3311 qui
2122 3281 2190 3302 non
2212 3276 2323 3311 pensat
2354 3276 2510 3311 quantum

1454 3321 1508 3346 aut
1531 3321 1621 3356 quot,
1645 3315 1700 3346 sed
1724 3325 1761 3346 ex
1785 3321 1906 3356 quanto
1930 3315 2069 3346 offertur.
2093 3315 2186 3346 Unde
2210 3315 2249 3345 de
2266 3315 2452 3355 Magdalena
2466 3315 2510 3345 le-

1453 3361 1536 3400 gitur
1551 3361 1582 3396 *‚
1613 3360 1755 3391 Dimissa
1778 3365 1854 3390 sunt
1875 3360 1905 3390 ei
1927 3365 2063 3400 peccata
2086 3359 2187 3390 multa
2216 3359 2368 3400 quoniam
2398 3359 2512 3389 dilexit

1453 3404 1609 3435 multum:
1631 3409 1662 3434 et
1684 3414 1752 3435 non
1775 3403 1860 3439 dixit,
1885 3404 2036 3444 quoniam
2060 3403 2293 3444 displicuerunt
2309 3403 2339 3434 ei
2362 3403 2472 3433 multa.
2488 3421 2511 3425 —

1452 3448 1552 3487 Quod
1575 3448 1670 3479 etiam
1692 3449 1755 3479 hoc
1778 3457 1846 3479 non
1861 3449 2027 3488 proveniat
2043 3458 2081 3479 ex
2097 3447 2307 3483 absolutione,
2331 3446 2511 3478 manifestat

2549 325 2625 379 :9Cap.
2633 331 2763 352 xxxr,vers.

2548 417 2558 425 ⁸
2574 414 2646 435 Num.
2661 419 2677 435 ι.

2547 1249 2558 1259 ·
2578 1248 2614 1270 cf.
2634 1254 2698 1270 num.
2719 1256 2750 1271 iv.

2539 2438 2550 2448 ⁶
2563 2437 2633 2458 Num.
2649 2443 2696 2465 seq.

2539 2483 2549 2492 ·
2564 2481 2635 2503 Num.
2649 2487 2671 2502 v.

2537 3366 2548 3375 '
2567 3364 2622 3386 Luc.
2642 3371 2692 3392 cap.
2708 3371 2748 3391 vn,

2538 3397 2596 3413 vers.
2610 3398 2648 3419 ⁴7·
