2918 4088
43 1302 281 1354 ‘marea’

151 1414 196 1439 ¹92

16 1451 21 1467 ³
65 1441 218 1490 mi’sffloep'
240 1440 281 1462 η’

998 207 1261 254 QUAESTIO
1289 207 1449 255 LXXV,
1478 206 1770 245 ARTICULUS
1798 208 1812 245 Ι

2413 212 2485 259 157

316 283 366 321 de
391 283 603 333 praesentia
622 284 792 334 corporis
821 284 959 322 Christi
977 293 1093 335 prout
1121 293 1176 322 est
1192 297 1373 334 praesens
1428 283 1663 333 Augustinus
1682 284 1781 332 dicit,
1800 297 1911 334 super
1927 288 2036 324 Ioan.
2055 287 2095 324 *z
2125 290 2166 325 Si
2192 290 2398 327 intellexisti
2412 291 2484 340 spi-

314 347 386 386 per
416 337 586 374 modurn
614 343 631 359 ⁶
658 337 848 387 corporis,
878 337 975 375 idest
1004 346 1120 387 prout
1154 346 1210 374 est
1236 337 1275 374 in
1303 349 1373 374 sua
1427 337 1607 374 ritualiter
1632 337 1751 374 verba
1780 337 1918 374 Christi
1946 339 1993 375 de
2021 351 2134 376 carne
2162 353 2249 388 sua,
2278 344 2424 392 spiritus
2451 349 2485 380 et

314 388 441 439 specie
459 389 596 426 visibili
611 396 643 427 τε
673 402 753 427 non
772 398 902 428 autem
919 398 1035 440 prout
1053 390 1302 440 spiritualiter,
1318 389 1372 427 id·
1426 391 1500 428 vita
1518 391 1583 426 tibi
1606 395 1709 426 sunt:
1734 392 1769 426 si
1784 391 1993 427 intellexisti
2015 393 2226 439 carnaliter,
2247 397 2355 431 etiam
2375 401 2390 416 ⁰
2412 397 2483 445 spi-

315 449 370 479 est
397 441 650 491 invisibiliter,
678 443 799 480 modo
828 451 864 481 et
891 442 1028 480 virtute
1056 442 1219 493 spiritus,
1261 442 1373 480 Unde
1427 444 1516 479 ritus
1543 448 1576 479 et
1602 445 1677 480 vita
1703 448 1797 488 sunt,
1816 444 1881 480 sed
1906 445 1971 480 tibi
1997 457 2070 481 non
2099 451 2192 482 sunt.

366 571 392 606 σ)
412 572 528 598 modum.
546 586 566 591 —
587 575 687 598 motum
706 574 735 599 P.

363 607 390 642 τ)
408 607 514 634 νὶςίῠίἱί.
537 622 557 627 -
580 609 632 639 Ρας
652 608 791 634 visibiliter
808 607 838 638 E,
856 604 966 633 visibilis
993 608 1078 634 ceteri.
1104 621 1124 627 —
1149 609 1216 632 Ante
1243 607 1372 639 spiritua-

309 642 374 668 liter
399 643 496 669 addunt
522 647 563 670 est
582 643 622 669 Fa
646 649 672 670 et
695 644 769 669 tertia
794 648 896 676 praeter
917 643 951 669 Η.
976 657 995 662 -
1022 643 1072 668 Pro
1098 643 1266 668 invisibiliter
1293 643 1372 668 modo

1426 576 1452 614 et
1469 573 1577 614 uirtute,
1603 573 1730 598 invisibili
1753 573 1833 598 modo
1856 580 1894 598 ex
1915 572 1955 607 (ἴε
1973 574 2008 608 Η)
2032 575 2131 600 virtute
2155 575 2249 606 GHbc;
2278 577 2353 601 etiam
2372 585 2389 601 a
2407 577 2485 602 habet

1427 609 1614 677 Μωῧὸὲτιιῖσηι.
1631 657 1652 662 -
1668 643 1707 669 sic
1724 644 1804 675 (sicut
1823 645 1851 677 b)
1868 645 1948 670 etum
1967 646 2048 671 tertia.

980 730 1316 763 Commenta-ia.
1337 730 1588 763 cardinalis
1611 730 1813 764 Caietani

370 831 478 852 nutus
500 826 538 852 ut
559 826 661 851 sonat.
683 839 707 844 -
729 821 765 851 ln
788 829 923 861 corpore
947 820 1113 851 conclusio
1136 820 1220 850 clara
1242 825 1298 850 est.
1329 820 1370 850 Et

371 865 411 896 de
433 866 502 906 ipsa
522 866 582 895 tria
600 864 759 895 dicuntur.
783 865 902 901 Primo,
920 864 1009 904 quod
1024 864 1092 894 sola
1113 863 1177 894 fide
1198 869 1334 894 tenetur.
1346 881 1370 886 ——

310 908 470 946 Secundo,
495 908 585 949 quod
608 914 655 939 est
673 909 879 939 conveniens.
903 908 944 940 Et
966 907 1095 939 affertur
1116 908 1230 948 triplex
1251 917 1369 938 conve-

309 953 438 984 nientia.
460 970 486 976 -
511 952 639 988 Tertio,
668 953 816 983 recitatur
845 962 932 983 error
961 952 1164 993 quorundam
1194 952 1369 983 dicentium

309 997 513 1038 oppositum:
538 1002 570 1027 et
591 1006 630 1027 ex
644 996 748 1027 verbis
764 995 891 1032 Christi,
913 1002 944 1027 et
959 996 1162 1027 confessione
1177 996 1368 1036 Berengarii,

308 1040 348 1072 de
365 1040 528 1076 Consecr„
552 1040 623 1071 dist.
640 1039 678 1077 ΙΙ,
700 1040 775 1082 Ego
798 1041 1032 1083 Berengarius,
1057 1040 1250 1071 confutatur.

363 1083 400 1116 11.
424 1084 518 1116 Circa
539 1085 713 1124 praesentis
741 1090 773 1115 et
794 1085 999 1125 sequentium
1022 1085 1230 1115 articulorum
1253 1083 1369 1115 doctri-

306 1136 383 1160 nam
406 1138 443 1159 ac
465 1129 640 1165 materiam,
663 1138 724 1169 pro
747 1128 887 1160 claritate
909 1135 941 1160 et
964 1129 1111 1170 ampliori
1126 1129 1290 1159 intellectu
1308 1128 1368 1159 dif-

306 1171 503 1210 ficultatum,
529 1172 696 1204 sciendum
720 1179 767 1203 est
790 1182 828 1204 ex
851 1174 1037 1204 auctoritate
1061 1182 1166 1204 sacrae
1189 1173 1368 1213 Scripturae

307 1216 349 1248 de
371 1217 535 1248 existentia
558 1218 701 1258 corporis
724 1216 842 1248 Christi
870 1218 904 1248 in
927 1222 1125 1248 sacramento
1153 1217 1368 1248 Eucharistiae

306 1261 387 1292 nihil
409 1261 496 1292 aliud
517 1262 627 1292 haberi
656 1270 802 1302 expresse
823 1262 885 1292 nisi
906 1262 1040 1292 verbum
1069 1258 1238 1292 Salvatoris
1261 1261 1368 1292 dicen-

307 1305 348 1336 tis
362 1306 390 1342 ⁵,
413 1304 490 1336 Hoc
516 1310 566 1336 est
592 1315 710 1346 corpus
739 1315 853 1336 meum.
889 1305 1027 1346 Oportet
1057 1306 1142 1336 enim
1165 1305 1260 1335 verba
1289 1305 1368 1336 haec

307 1356 385 1385 vera
392 1350 544 1380 eom-Et
567 1350 722 1390 quoniam
736 1350 833 1380 verba
847 1359 954 1380 sacrae
969 1350 1148 1390 Scripturae
1164 1354 1369 1390 exponuntur

217 1387 283 1431 1¹¹2}
308 1384 486 1434 (supliciter,
509 1394 560 1424 vel
583 1394 712 1434 proprie
726 1394 778 1424 vel
792 1394 1020 1434 metaphorice,
1044 1394 1166 1434 primus
1182 1403 1268 1424 error
1286 1394 1369 1424 circa

307 1438 372 1469 hoc
401 1437 462 1470 fuit
495 1438 771 1478 interpretantium
800 1438 879 1468 haec
915 1438 1047 1468 Domini
1076 1439 1172 1468 verba
1201 1438 1368 1478 metapho-

306 1482 381 1513 rioe.
405 1481 514 1520 Quem
536 1481 685 1522 Magister
705 1482 949 1518 Sententiarum,
965 1483 999 1512 in
1022 1481 1092 1512 dist.
1108 1492 1128 1512 x
1150 1482 1222 1512 libri
1243 1481 1367 1519 Quarti,

306 1530 436 1557 tractat:
467 1526 524 1567 qui
552 1531 584 1556 et
610 1527 644 1556 in
671 1526 735 1556 hoc
765 1526 899 1556 articulo
929 1527 1125 1566 reprobatur.
1156 1526 1199 1556 Et
1225 1526 1368 1556 consistit

305 1570 358 1600 vis
378 1570 611 1610 reprobationis
633 1570 668 1600 in
690 1570 771 1606 hoc,
803 1569 893 1609 quod
923 1570 1017 1600 verba
1047 1570 1180 1600 Domini
1208 1569 1368 1600 intellecta

304 1618 382 1644 smt
403 1614 443 1644 ab
465 1613 608 1644 Ecclesia
629 1614 778 1653 proprie:
809 1618 841 1643 et
862 1619 1032 1654 propterea
1062 1618 1191 1654 oportet
1212 1613 1266 1643 illa
1286 1614 1367 1643 veri-

305 1656 393 1688 ficari
415 1658 554 1698 proprie.

359 1701 378 1718 ⁴
393 1698 476 1732 Dico
500 1705 608 1731 autem
637 1700 677 1731 ab
698 1701 868 1731 Ecclesia:
900 1701 1055 1741 quoniam
1085 1710 1153 1731 non
1176 1705 1306 1740 apparet
1329 1710 1367 1730 ex

305 1744 480 1786 Evangelio
503 1745 685 1775 coactivum
708 1744 840 1785 aliquod
859 1744 900 1775 ad
913 1744 1156 1785 intelligendum
1178 1745 1257 1775 haec
1273 1745 1367 1775 verba

302 1789 443 1833 proprie.
467 1788 516 1819 Ex
533 1788 710 1819 subiunctis
731 1788 892 1829 siquidem
913 1789 1017 1819 verbis
1033 1798 1051 1819 a
1066 1789 1220 1824 Domino,
1237 1788 1366 1824 scilicet,

300 1831 392 1874 >qumi
406 1841 473 1874 pro
497 1833 586 1863 vobis
607 1833 756 1863 tradetur
769 1834 786 1850 *
810 1833 843 1863 in
860 1833 1079 1863 remissionem
1096 1837 1306 1873 peccatorum
1321 1833 1366 1869 ’ἢ

302 1882 373 1908 non
386 1882 493 1918 potest
508 1875 659 1907 concludi
683 1876 845 1907 evidenter
865 1878 1037 1918 praemissa
1051 1878 1147 1907 verba
1165 1886 1233 1907 esse
1251 1876 1367 1907 intelli-

301 1919 409 1962 genda
422 1921 562 1961 proprie.
580 1919 745 1959 Quoniam
760 1921 793 1962 ly
808 1921 896 1962 quod
910 1931 978 1952 non
993 1921 1088 1952 refert
1103 1921 1367 1952 coniunctionem

302 1963 475 2006 praedicati
501 1974 578 1995 cum
603 1965 758 2002 subiecto,
786 1965 843 1996 sed
868 1965 964 1996 refert
988 1965 1216 2006 praedicatum,
1247 1965 1367 1996 scilicet

302 2016 422 2050 corpus
437 2018 552 2040 meum.
576 2008 663 2040 Cum
684 2010 775 2040 cuius
790 2009 951 2040 relationis
966 2010 1095 2040 veritate
1111 2015 1171 2040 stat
1185 2010 1367 2050 praeiacen-

301 2058 369 2084 tem
392 2062 460 2084 esse
482 2063 590 2084 veram
613 2053 720 2084 solum
741 2054 776 2084 in
797 2063 894 2084 sensu
916 2054 1147 2094 metaphorico‚
1171 2059 1207 2084 ut
1228 2059 1315 2094 patet
1332 2054 1365 2086 in

224 2103 276 2127 ‘²1’-
301 2098 462 2138 aemplo,
478 2098 574 2128 Petra
589 2103 697 2128 autem
712 2102 785 2128 erat
801 2098 948 2129 Christus
962 2099 996 2128 *z
1020 2099 1046 2128 si
1065 2099 1151 2128 enim
1175 2097 1367 2128 adiunxisset

302 2141 490 2183 Apostolus,
502 2142 559 2183 qui
574 2142 751 2183 crucifixus
766 2147 822 2178 est,
838 2142 1021 2173 resurrexit
1034 2147 1066 2173 et
1079 2141 1225 2173 ascendit
1238 2142 1281 2173 ad
1296 2151 1368 2172 cae-

302 2185 362 2223 los,
378 2185 526 2222 dicendo,
542 2186 639 2217 Petra
662 2191 769 2217 autem
792 2192 864 2217 erat
880 2186 1036 2222 Christus,
1051 2187 1108 2227 qui
1129 2187 1306 2228 crucifixus
1321 2191 1368 2217 est

301 2234 335 2262 et
356 2231 538 2261 resurrexit
552 2240 573 2262 a
588 2231 725 2261 mortuis
747 2236 780 2261 et
798 2230 943 2261 ascendit
957 2231 990 2261 in
1006 2231 1140 2267 caelum,
1157 2231 1236 2261 nihil
1259 2231 1366 2261 minus

298 2275 485 2316 praeiacens
507 2274 562 2305 illa
583 2275 772 2315 propositio,
788 2275 886 2305 Petra
908 2280 1015 2305 autem
1031 2279 1104 2305 erat
1120 2275 1276 2310 Christus,
1297 2284 1365 2305 non

301 2319 442 2360 proprie,
459 2319 515 2349 sed
534 2319 753 2359 metaphorice
775 2319 980 2359 intelligenda
1003 2324 1094 2350 esset.
1118 2319 1160 2349 Et
1174 2319 1317 2349 similiter
1331 2320 1365 2349 in

301 2363 470 2404 proposito
502 2364 598 2393 verba
629 2363 781 2399 Domini,
814 2363 891 2394 Hoc
919 2368 967 2394 est
993 2373 1111 2404 corpus
1137 2373 1251 2399 meum,
1279 2363 1366 2404 quod

297 2415 364 2449 pro
394 2406 483 2438 vobis
497 2407 680 2442 ‘tt-adetum
711 2416 750 2438 ex
777 2407 831 2438 illa
860 2407 1041 2444 additione,
1071 2407 1158 2448 quod
1181 2417 1246 2448 pro
1277 2407 1365 2438 vobis

303 2450 460 2487 tradetur,
475 2469 499 2474 -
513 2460 582 2482 non
597 2457 733 2482 arctatur
754 2452 857 2492 prima
879 2452 1058 2492 propositio
1083 2451 1123 2482 ad
1145 2461 1274 2482 sensum
1289 2461 1364 2492 pro-

302 2495 429 2536 prium:
453 2494 509 2526 sed
531 2501 613 2526 esset
635 2496 731 2526 etiam
745 2505 820 2526 vera
842 2496 868 2526 si
890 2496 924 2527 in
939 2496 1010 2526 solo
1026 2496 1246 2536 metaphorico
1269 2505 1364 2526 sensu

303 2544 387 2569 asset
408 2539 541 2580 prolata.
565 2539 608 2569 Et
621 2544 791 2580 propterea
813 2539 877 2570 dixi
899 2548 938 2570 ex
953 2540 1056 2570 verbis
1079 2540 1212 2570 Domini
1228 2540 1366 2581 proprie

304 2583 472 2614 intellectis
494 2583 534 2613 ab
555 2583 703 2614 Ecclesia
725 2583 852 2614 excludi
875 2593 1015 2614 errorem
1042 2583 1218 2614 dicentium
1247 2594 1365 2625 corpus

304 2625 422 2658 Christi
455 2628 691 2667 metaphorice,
726 2637 784 2658 seu
817 2627 1023 2668 significative
1056 2633 1200 2664 tantum,
1233 2638 1300 2659 esse
1331 2630 1364 2660 in

303 2671 510 2702 Eucharistia.

358 2715 524 2746 Habemus
547 2715 643 2755 igitur
666 2724 705 2745 ex
726 2716 857 2746 veritate
875 2715 1049 2746 verborum
1072 2716 1206 2746 Domini
1221 2717 1254 2747 in
1270 2726 1366 2747 sensu

302 2760 452 2800 proprio,
477 2768 594 2799 corpus
618 2758 735 2790 Christi
757 2760 909 2790 veraciter
932 2769 1000 2790 esse
1026 2761 1060 2790 in
1082 2760 1289 2791 Eucharistia.
1324 2761 1365 2791 Et

302 2803 367 2834 hoc
393 2809 440 2834 est
461 2804 612 2843 primum,
637 2803 727 2843 quod
750 2813 788 2834 ex
811 2803 985 2843 Evangelio
1009 2804 1173 2840 habemus,
1197 2805 1279 2835 circa
1302 2805 1365 2836 hoc

302 2853 547 2878 sacramentum.

357 2891 504 2922 Alterum
527 2897 649 2928 autem,
677 2891 767 2932 quod
793 2891 1004 2932 Evangelium
1030 2901 1098 2922 non
1122 2891 1290 2932 explicavit
1312 2901 1365 2923 ex-

302 2944 420 2976 presse,
441 2936 480 2966 ab
497 2935 640 2966 Ecclesia
655 2936 854 2976 accepimus:
878 2936 998 2966 scilicet
1014 2936 1258 2966 conversionem
1273 2937 1364 2976 panis

302 2981 337 3010 in
359 2989 477 3020 corpus
501 2979 628 3010 Christi.
652 2980 745 3010 Hanc
764 2981 851 3010 enim
873 2989 940 3010 non
959 2980 1066 3010 solum
1085 2989 1104 3010 a
1118 2980 1228 3020 priscis
1251 2979 1364 3011 docto-

301 3023 388 3055 ribus
403 3024 565 3055 Ecclesiae
587 3024 767 3060 habuimus,
793 3033 875 3064 quos
890 3024 988 3054 habes
1006 3024 1046 3054 de
1063 3024 1225 3059 Consecr„
1243 3023 1312 3054 dist.
1326 3024 1363 3060 ΙΙ,

302 3068 452 3109 copiose,
476 3073 508 3099 et
530 3078 549 3098 a
571 3068 723 3109 Magistro
753 3068 998 3104 Sententiarum,
1021 3068 1055 3098 in
1077 3073 1211 3098 tractatu
1235 3067 1275 3098 de
1297 3068 1363 3099 Eu-

303 3113 448 3143 charistia
461 3113 489 3149 *,
513 3112 646 3149 diffuse3
671 3112 727 3143 sed
750 3122 767 3142 a
790 3112 940 3143 Concilio
958 3113 1162 3143 Lateranensi
1185 3112 1244 3143 sub
1267 3112 1363 3143 Inno—

303 3157 409 3187 centio
426 3156 478 3194 ΙΙΙ,
497 3162 534 3188 ut
548 3162 635 3197 patet
650 3157 755 3192 Extra,
771 3157 811 3187 de
826 3156 958 3187 Summa
977 3157 1066 3186 Trin.
1084 3161 1115 3187 et
1128 3156 1208 3187 Fide
1225 3156 1362 3193 Cathol„

250 3227 254 3232 ,
301 3201 457 3232 Firmiter
485 3201 660 3237 credimus,
685 3201 741 3232 ubi
770 3207 944 3241 utrumque
971 3201 1066 3231 simul
1093 3200 1208 3231 dicitur
1233 3201 1293 3231 sub
1315 3201 1364 3231 his

301 3245 424 3282 verbis,
450 3245 570 3276 Christi
599 3255 716 3286 corpus
739 3250 770 3276 et
791 3246 928 3287 sanguis
958 3245 991 3275 in
1014 3250 1217 3276 sacramento
1241 3245 1365 3275 Altaris

300 3289 359 3320 sub
381 3290 543 3330 speciebus
558 3290 658 3330 panis
672 3294 704 3320 et
718 3289 786 3320 vini
808 3290 966 3320 veraciter
986 3289 1207 3325 continentur,
1231 3294 1264 3319 et
1285 3289 1364 3320 haec

300 3332 412 3373 quoad
443 3334 604 3373 primum;
639 3339 671 3364 et
699 3334 861 3374 sequitur,
893 3333 1188 3364 transubstantiatis
1211 3343 1301 3374 pane
1329 3333 1362 3363 in

302 3385 421 3418 corpus
450 3381 482 3408 et
503 3377 578 3408 vino
609 3378 643 3408 in
665 3379 859 3420 sanguinem
882 3382 1043 3419 potestate
1068 3377 1196 3413 divina,
1231 3382 1262 3408 et
1284 3377 1364 3408 haec

303 3420 413 3462 quoad
434 3421 623 3452 secundum.

357 3463 409 3495 111.
433 3465 475 3496 Et
489 3466 644 3506 quoniam
666 3467 770 3497 variae
792 3466 922 3497 fuerunt
945 3466 1124 3506 opiniones,
1141 3465 1364 3496 multiformia-

303 3517 367 3549 que
389 3507 472 3540 fiunt
494 3515 680 3550 argumenta
701 3511 785 3541 circa
807 3511 896 3547 haec,
919 3510 1115 3551 implicantia
1130 3515 1252 3540 mentes
1269 3510 1363 3540 etiam

1424 820 1632 858 eruditorum,
1656 823 1912 862 praenotandum
1932 829 1988 860 est,
2005 829 2036 855 et
2051 830 2124 855 ante
2145 825 2258 856 oculos
2281 835 2406 866 semper
2428 827 2483 858 ha-

1423 865 1576 902 bendum,
1588 867 1778 898 intervenire
1793 868 1844 898 hic
1856 877 1924 898 non
1935 878 2044 904 unam,
2057 868 2113 899 sed
2127 868 2206 899 duas
2222 870 2377 901 novitates
2392 871 2483 902 valde

1422 909 1591 940 mirabiles.
1625 911 1734 941 Altera
1757 917 1804 942 est
1829 912 1869 942 de
1893 921 1960 942 esse
1985 914 2128 953 corporis
2152 913 2269 944 Christi
2298 915 2357 944 sub
2380 915 2484 946 hostia

1423 959 1625 985 consecrata:
1650 955 1690 986 de
1704 965 1792 986 novo
1817 956 1903 986 enim
1926 965 2043 997 corpus
2059 957 2176 987 Christi
2198 967 2310 988 verum
2332 960 2483 990 veraciter

1423 998 1482 1028 sub
1505 998 1558 1028 illa
1579 999 1684 1030 hostia
1707 1001 1897 1031 continetur.
1921 1001 2029 1032 Altera
2051 1006 2099 1032 est
2122 1001 2161 1032 de
2184 1002 2393 1033 conversione
2409 1004 2483 1034 sub-

1422 1043 1554 1073 stantiae
1569 1044 1660 1083 panis
1675 1045 1708 1074 in
1723 1045 1931 1076 substantiam
1947 1046 2090 1085 corporis
2107 1045 2241 1077 Christi:
2262 1052 2294 1077 et
2308 1047 2371 1077 hoc
2387 1049 2482 1078 etiam

1423 1085 1463 1117 de
1485 1096 1572 1117 novo
1596 1087 1665 1118 fieri
1688 1088 1856 1119 credimus.

1477 1131 1519 1161 Et
1538 1133 1692 1171 quoniam
1715 1133 1821 1163 omnis
1843 1133 1967 1163 novitas
1990 1134 2202 1164 mutationem
2224 1135 2414 1166 nonnullam
2429 1145 2481 1166 so-

1423 1180 1486 1211 nat,
1503 1181 1634 1206 extenso
1649 1177 1836 1207 mutationis
1850 1178 1982 1208 nomine
1998 1177 2166 1214 latissime3
2190 1178 2275 1215 ideo,
2292 1189 2352 1219 pro
2367 1181 2481 1210 maiori

1423 1219 1560 1250 claritate
1575 1220 1726 1251 latissime
1741 1221 1930 1252 mutationis
1943 1222 2103 1252 vocabulo
2122 1222 2255 1259 utendo,
2271 1223 2482 1263 imaginemur

1422 1263 1601 1294 secundum
1616 1264 1672 1294 has
1687 1264 1766 1295 duas
1781 1266 1938 1296 novitates
1951 1266 2149 1296 ,intervenire
2171 1266 2249 1297 duas
2272 1269 2480 1305 mutationes;

1422 1317 1489 1338 non
1513 1307 1654 1338 curando
1671 1318 1712 1339 an
1726 1319 1791 1340 una
1813 1310 1854 1340 sit
1874 1310 1954 1340 ratio
1973 1310 2109 1347 alterius,
2127 1316 2182 1341 aut
2203 1310 2317 1342 inferat
2339 1312 2479 1343 alteram.

1477 1351 1530 1382 IV.
1554 1352 1596 1382 Et
1617 1353 1652 1383 in
1673 1353 1727 1383 illa
1750 1353 1882 1393 quidem
1910 1354 2051 1385 novitate
2074 1364 2138 1394 qua
2161 1364 2277 1395 corpus
2301 1355 2418 1387 Christi
2441 1356 2480 1387 de

1421 1405 1509 1426 novo
1533 1401 1580 1426 est
1594 1397 1654 1427 sub
1677 1398 1843 1436 speciebus
1865 1398 1966 1437 panis,
1984 1404 2111 1439 oportet
2132 1399 2308 1439 inteuigere
2330 1401 2480 1431 mutatio-

1421 1449 1498 1470 nem
1513 1440 1564 1471 vel
1580 1450 1618 1471 ex
1633 1446 1722 1480 parte
1737 1442 1880 1481 corporis
1897 1441 2023 1478 Christi,
2040 1443 2090 1473 vel
2107 1452 2145 1472 ex
2160 1448 2248 1483 parte
2267 1443 2480 1475 accidentium

1422 1485 1521 1524 panis.
1546 1484 1587 1514 Et
1601 1485 1627 1514 si
1644 1484 1774 1524 quidem
1798 1495 1836 1515 ex
1852 1486 1994 1526 corporis
2018 1485 2134 1517 Christi
2157 1493 2245 1527 parte
2268 1489 2481 1519 mutationem

1421 1528 1642 1568 imaginamur,
1659 1529 1718 1559 erit
1738 1530 1924 1560 mutationis
1943 1530 2031 1560 velut
2053 1531 2232 1561 subiectum
2255 1541 2372 1572 corpus
2388 1532 2480 1563 Chri-

1421 1572 1479 1608 sti;
1503 1573 1657 1602 terminus
1680 1582 1699 1602 a
1721 1582 1799 1612 quo,
1822 1582 1889 1603 non
1913 1574 2068 1604 contineri
2091 1575 2149 1605 sub
2173 1575 2220 1605 his
2243 1575 2479 1613 accidentibus;

1421 1616 1575 1646 terminus
1591 1616 1630 1646 ad
1646 1625 1754 1656 quem,
1772 1618 1928 1647 contineri
1943 1618 2001 1648 sub
2017 1618 2066 1648 his
2081 1618 2312 1655 accidentibus;
2336 1619 2373 1650 fit
2394 1621 2480 1650 enim

1422 1659 1540 1690 Christi
1560 1669 1678 1700 corpus
1694 1669 1732 1690 ex
1746 1670 1814 1690 non
1831 1666 1984 1691 contento
2008 1662 2066 1691 sub
2089 1662 2138 1692 his
2161 1660 2386 1699 accidentibus,
2403 1674 2480 1694 con—

1420 1709 1546 1734 tentum
1562 1705 1620 1734 sub
1636 1704 1707 1734 illis.
1732 1704 1765 1734 Si
1780 1714 1856 1734 vero
1871 1706 2007 1735 mutatio
2031 1706 2109 1736 haec
2131 1706 2333 1746 imaginanda
2350 1708 2482 1747 ponitur

1422 1757 1459 1778 ex
1474 1753 1563 1787 parte
1579 1748 1711 1784 hostiae,
1727 1754 1805 1778 tunc
1820 1749 2006 1779 mutationis
2029 1750 2209 1780 subiectum
2233 1756 2280 1781 est
2300 1751 2369 1791 ipsa
2390 1752 2481 1792 panis

1420 1792 1559 1832 species;
1576 1797 1608 1822 et
1621 1793 1776 1822 terminus
1792 1802 1811 1822 a
1826 1802 1903 1832 qu0,
1920 1802 1988 1823 non
2005 1794 2187 1830 continere;
2203 1795 2358 1825 terminus
2374 1801 2481 1826 autem

1421 1835 1461 1866 ad
1477 1845 1585 1876 quem,
1610 1841 1656 1866 est
1679 1837 1843 1866 continere
1859 1836 1977 1867 Christi
1992 1847 2125 1877 corpus;
2149 1837 2186 1868 fit
2201 1839 2288 1869 enim
2303 1840 2393 1879 panis
2409 1849 2480 1880 spe-

1421 1881 1484 1910 cies
1499 1889 1666 1910 remanens
1683 1890 1721 1911 ex
1735 1890 1804 1911 non
1820 1881 2004 1912 continente
2029 1881 2146 1912 Christi
2169 1892 2296 1923 corpus,
2313 1884 2480 1914 continens

1421 1923 1539 1955 Christi
1561 1934 1688 1964 corpus».
1713 1924 1798 1962 Quia
1821 1934 1908 1965 ergo,
1924 1925 2117 1956 attendendo
2141 1925 2314 1957 formaliter
2336 1927 2377 1958 ad
2394 1928 2481 1959 illam

1419 1969 1596 1999 novitatem
1619 1978 1683 2008 qua
1705 1978 1822 2009 corpus
1838 1968 1956 2000 Christi
1973 1970 2154 2000 continetur
2168 1971 2320 2002 veraciter
2334 1972 2394 2002 sub
2409 1981 2481 2012 spe-

1420 2013 1530 2043 ciebus
1559 2013 1668 2053 panis,
1697 2018 1729 2043 et
1751 2022 1868 2053 corpus
1899 2013 2016 2044 Christi
2047 2014 2135 2054 quod
2160 2024 2228 2045 non
2259 2016 2480 2047 continebatur

1420 2057 1479 2087 sub
1502 2057 1551 2087 his
1574 2057 1751 2097 speciebus,
1775 2058 1967 2094 continetur,
1992 2063 2023 2088 et
2045 2059 2167 2098 species
2192 2060 2283 2099 panis
2307 2069 2389 2099 quae
2411 2070 2480 2091 non

1420 2101 1604 2131 continebat
1627 2100 1744 2131 Christi
1768 2110 1894 2142 corpus,
1919 2102 2063 2132 continet
2085 2102 2202 2133 Christi
2222 2112 2362 2144 corpus;
2384 2105 2480 2134 ratio-

1419 2145 1564 2175 nabiliter
1595 2144 1814 2175 manifestatur
1844 2146 1968 2176 novitas
2000 2146 2059 2176 ista
2090 2145 2215 2177 formali
2245 2152 2277 2177 et
2305 2148 2480 2188 perspicaci

1419 2189 1593 2225 intellectu,
1616 2189 1759 2219 humano
1781 2193 1890 2226 more,
1914 2198 1953 2220 ex
1975 2190 2096 2220 ratione
2119 2191 2320 2228 mutationis,
2344 2197 2380 2222 ut
2402 2191 2479 2222 feci-

1418 2243 1507 2263 mus:
1532 2233 1659 2264 excelsa
1687 2232 1845 2273 siquidem
1867 2233 1930 2264 Dei
1951 2233 2155 2265 balbutiendo
2180 2239 2216 2265 ut
2231 2244 2405 2275 possumus
2427 2245 2478 2266 re-

1419 2287 1539 2308 sonare
1560 2287 1629 2307 non
1644 2277 1786 2314 dedecet,
1803 2277 1981 2308 secundum
2005 2277 2196 2318 Gregorium
2212 2280 2239 2309 '.
2262 2279 2476 2320 Quapropter,

1419 2321 1627 2352 conformiter
1643 2321 1683 2352 ad
1697 2331 1803 2352 sacros
1818 2331 1958 2352 canones
1973 2323 1990 2339 ⁴*
2004 2322 2181 2362 loquendo,
2197 2329 2330 2354 vocetur
2345 2325 2403 2354 ista
2417 2333 2477 2355 no-

1418 2366 1496 2396 vitas
1519 2366 1646 2396 novitas
1668 2365 1903 2396 continentiae:
1925 2366 2081 2406 quoniam
2098 2376 2172 2397 vere
2195 2367 2373 2398 secundum
2395 2368 2478 2399 hanc

1419 2419 1536 2450 corpus
1552 2409 1670 2440 Christi
1686 2410 1876 2446 continetur,
1893 2415 1925 2440 et
1939 2411 2043 2440 hosn'a
2058 2411 2201 2441 continet
2217 2421 2333 2452 corpus
2350 2411 2476 2449 Christi,

1419 2455 1564 2494 quamvis
1586 2463 1654 2484 non
1677 2454 1874 2484 continentia
1894 2454 1999 2484 locali.

1471 2498 1580 2528 Altera
1609 2503 1717 2528 autem
1746 2498 1870 2528 novitas
1892 2499 2058 2529 vocabitur
2089 2499 2216 2529 novitas
2239 2500 2478 2531 conversionis:

1418 2543 1574 2582 quoniam
1596 2541 1775 2572 secundum
1797 2542 1884 2572 illam
1906 2543 1996 2582 panis
2011 2552 2085 2573 vere
2101 2544 2295 2574 convertitur
2309 2545 2344 2574 in
2359 2553 2476 2584 corpus

1419 2586 1545 2617 Christi.
1570 2586 1606 2616 In
1629 2587 1688 2616 hac
1710 2586 1807 2626 igitur
1829 2587 2046 2617 conversionis
2061 2588 2202 2618 novitate
2224 2587 2390 2618 manifesta
2404 2598 2476 2619 mu—

1417 2631 1495 2661 tatio
1518 2631 1696 2666 intervenit,
1721 2639 1785 2670 qua
1808 2639 1846 2660 ex
1868 2639 1951 2670 pane
1974 2630 2011 2661 fit
2033 2640 2150 2671 corpus
2173 2631 2300 2662 Christi.
2324 2632 2387 2662 Sed
2404 2642 2476 2662 mu-

1417 2675 1495 2705 tatio
1518 2675 1576 2704 ista
1599 2674 1720 2714 absque
1743 2675 1887 2705 subiecto
1910 2675 2088 2712 invenitur,
2115 2675 2234 2706 habens
2256 2685 2315 2716 pro
2339 2677 2476 2706 termino

1418 2729 1437 2749 a
1459 2728 1526 2759 quo
1549 2727 1682 2758 panem,
1711 2723 1743 2748 et
1764 2728 1824 2758 pro
1848 2719 1985 2749 termino
2014 2719 2055 2749 ad
2077 2728 2175 2759 quem
2205 2729 2322 2759 corpus
2349 2719 2475 2751 Christi.

1473 2763 1514 2792 Et
1529 2763 1609 2793 scito
1625 2761 1715 2802 quod
1729 2767 1816 2792 tanta
1831 2768 1878 2793 est
1892 2763 2010 2793 utilitas
2033 2762 2231 2794 discernendi
2251 2764 2332 2794 inter
2346 2764 2401 2794 has
2417 2774 2476 2794 no-

1417 2807 1529 2837 vitates
1552 2811 1584 2836 et
1605 2807 1687 2836 inter
1709 2807 1764 2836 has
1779 2807 1987 2843 mutationes,
2014 2812 2051 2837 ut
2073 2806 2147 2837 inde
2170 2807 2308 2847 pendeat
2331 2813 2362 2838 et
2383 2808 2476 2838 intel-

1418 2850 1514 2890 ligere
1537 2855 1603 2880 tam
1625 2850 1724 2880 varias
1748 2850 1962 2886 obiecu'ones,
1993 2856 2025 2880 et
2046 2851 2126 2881 scire
2149 2850 2322 2881 formaliter
2344 2860 2476 2891 respon-

1418 2893 1502 2930 dere,
1527 2899 1559 2924 et
1580 2893 1686 2924 videre
1711 2893 1788 2934 quid
1811 2895 1890 2924 scias
1913 2894 1963 2924 vel
1985 2895 2116 2924 nescias.
2152 2894 2246 2925 Unde
2267 2904 2335 2925 non
2357 2896 2397 2925 sit
2419 2896 2476 2926 tibi

1418 2947 1513 2968 curae
1534 2947 1594 2977 pro
1617 2947 1715 2974 nunc,
1738 2938 1802 2968 hoc
1817 2943 1864 2968 est
1885 2947 1945 2978 pro
1964 2938 2121 2978 principio
2137 2938 2343 2978 intelligendi,
2365 2939 2475 2979 quales

1417 2982 1468 3012 vel
1491 2981 1660 3021 quomodo
1683 2982 1746 3011 sint
1760 2987 1815 3011 aut
1829 2981 1907 3011 fiant
1917 2982 1994 3012 istae
2009 2982 2217 3012 mutationes:
2242 2982 2298 3013 sed
2313 2988 2381 3013 esto
2398 2992 2475 3013 con·-

1417 3031 1524 3056 tentus
1552 3035 1591 3055 ex
1613 3025 1736 3055 alietate
1759 3025 1971 3055 terminorum
1999 3026 2094 3056 etiam
2117 3025 2236 3065 fingere
2263 3026 2475 3057 diversitatem

1417 3070 1644 3100 mutationum.
1674 3069 1716 3099 Et
1736 3068 1958 3109 perspiciendo
1982 3069 2072 3110 quod
2095 3070 2260 3100 conversio
2283 3070 2379 3100 habet
2400 3080 2475 3111 pro-

1417 3114 1503 3154 prios
1526 3113 1689 3149 terminos,
1713 3113 1832 3143 scilicet
1854 3122 1971 3153 panem
1995 3119 2027 3144 et
2049 3123 2166 3154 corpus
2182 3113 2314 3150 Christi;
2339 3119 2370 3144 et
2386 3114 2475 3155 quod

1417 3167 1535 3197 corpus
1559 3156 1676 3187 Christi
1705 3158 1862 3188 contineri
1889 3157 1929 3188 de
1951 3167 2038 3188 novo
2068 3158 2126 3188 sub
2153 3163 2350 3188 sacramento
2381 3159 2476 3189 habet

1417 3201 1495 3232 alios
1517 3211 1594 3231 suos
1616 3201 1764 3241 proprios
1785 3202 1954 3238 terminos,
1985 3202 2105 3232 scilicet
2127 3201 2167 3232 de
2188 3211 2257 3232 non
2280 3203 2476 3233 continentia

1417 3245 1457 3276 ad
1480 3246 1710 3276 continentiam
1732 3245 1783 3276 vel
1806 3246 1928 3285 passive
1943 3245 1994 3276 vel
2012 3246 2123 3282 active,
2147 3251 2184 3276 ut
2205 3245 2475 3286 praedeclaratum

1418 3295 1479 3320 est:
1510 3290 1600 3326 siste,
1625 3294 1656 3319 et
1678 3289 1741 3329 fige
1770 3289 1968 3320 intellectum
1991 3289 2031 3320 ad
2054 3289 2199 3320 formalia
2228 3291 2393 3321 ambarum
2415 3299 2474 3321 no-

1416 3334 1551 3364 vitatum
1581 3338 1612 3363 et
1639 3342 1769 3364 suarum
1796 3334 2029 3370 mutationum,
2060 3339 2096 3364 ut
2118 3335 2163 3364 sic
2185 3334 2264 3364 liber
2291 3334 2348 3365 tibi
2370 3340 2476 3374 pateat

1417 3379 1576 3418 ingressus
1605 3378 1638 3408 in
1660 3378 1792 3418 pelagus
1822 3383 1887 3408 tam
1910 3377 2135 3409 fluctuantium
2158 3378 2350 3418 opinionum
2373 3383 2405 3408 et
2426 3379 2475 3409 in-

1417 3422 1615 3452 tellectuum.

1471 3466 1510 3496 V.
1535 3466 1593 3496 His
1615 3465 1811 3506 praelibatis,
1842 3465 2008 3497 sciendum
2031 3472 2078 3497 est
2099 3475 2213 3496 omnes
2235 3467 2317 3496 circa
2338 3466 2475 3506 primam

1416 3510 1592 3540 novitatem
1622 3511 1835 3541 continentiae
1867 3515 1898 3540 et
1923 3519 1957 3540 re
1987 3515 2018 3540 et
2039 3519 2121 3540 voce
2149 3510 2362 3545 consensisse,
2395 3508 2474 3540 dum

2512 299 2526 346 ι’)
2535 297 2614 346 Τῦηοτ.
2627 297 2726 324 xxvn,

2611 406 2625 422 υ

2505 2286 2515 2296 ·
2529 2284 2616 2307 Morat.
2631 2285 2671 2307 lib.
2685 2285 2715 2312 V,

2505 2317 2556 2339 cap.
2578 2317 2664 2339 xxxvi,
2685 2313 2714 2334 ιΙ.

2503 2344 2567 2360 xxvi.

2504 2366 2515 2375 ·
2533 2364 2568 2386 cf.
2587 2370 2652 2386 num.
2672 2370 2701 2391 n,

2503 2390 2607 2412 Alterum
2616 2393 2701 2413 antem.
