2878 4088
102 727 161 743 vern.
176 728 199 748 4.

108 1633 219 1651 mlo.

115 3437 124 3445 ·
140 3434 196 3457 Loc.
212 3435 251 3456 cit.

101 645 113 654 ¹
123 641 175 664 lsai.
187 647 237 670 etp.
245 647 315 689 xxx}

102 674 175 723 133..
188 674 257 722 ’ἔμ’
266 668 315 720 ¹51:

104 1258 196 1283 ‘vn-
210 1264 232 1288 7.

105 1577 116 1587 “
131 1574 200 1598 νοω.
216 1580 252 1598 ιο.
261 1584 271 1590 -
282 1574 318 1597 Cf.

105 1601 140 1624 ad
145 1601 210 1624 Rau.
217 1607 318 1630 etp-xxv,

108 1748 196 1772 ‘vcn-
213 1753 246 1776 ¹⁵·
264 1748 298 1772 ιδ.

982 164 1246 212 QUAESTIO
1276 162 1503 209 LXXXVII,
1532 163 1825 201 ARTICULUS
1854 165 1882 201 ll

342 242 520 273 multorum
540 249 748 283 peccatorum
764 244 890 274 macula
906 249 936 274 et
952 250 1055 274 reatus
1072 254 1090 274 a
1104 244 1213 274 multis
1229 243 1268 273 sit
1284 242 1406 273 deletus

342 296 399 327 per
421 288 564 327 gratiam,
584 287 710 318 videtur
733 287 823 328 quod
846 297 914 318 non
938 289 1047 318 omnia
1069 293 1200 328 peccata
1224 296 1307 327 quae
1331 286 1407 316 fecit

342 332 443 371 possit
466 331 580 371 aliquis
603 333 637 362 in
661 342 717 363 sua
742 333 936 362 conscientia
959 332 1074 372 legere.
1099 333 1140 362 Et
1155 333 1200 362 sic
1215 331 1301 362 idem
1318 329 1408 370 quod
1462 336 1597 367 tantum,
1621 336 1658 361 ut
1681 341 1719 361 ex
1743 330 1833 361 dictis
1850 332 1866 347 ³*
1889 336 1985 370 patet.

342 376 439 416 prius.
1517 375 1568 405 An
1592 385 1728 405 Taurum
1755 385 1914 405 mmmmm
1943 375 2046 415 quod,
2072 378 2215 416 quamvis
2245 379 2354 408 caritas
2377 380 2415 408 sit
2437 388 2524 409 nunc

399 419 428 450 3.
452 420 656 456 Pani-unm,
687 426 850 451 crescente
881 430 992 456 causa,
1027 421 1139 451 crescit
1171 419 1312 450 effectus.
1346 417 1409 449 Sed
1431 427 1440 447 5
1464 428 1559 449 causa
1582 419 1712 450 dolendi
1735 419 1774 450 de
1798 425 1943 459 peccato,
1967 425 2073 449 tamen
2095 422 2193 451 sancti
2209 422 2241 451 in
2258 423 2357 461 patria
2377 429 2468 453 erunt
2483 424 2525 453 ita

343 473 438 494 causa
462 473 544 504 quae
568 464 643 495 facit
664 474 725 495 nos
749 464 858 495 dolere
881 464 921 495 de
944 465 1082 504 peccatis
1111 474 1194 504 quae
1222 463 1261 494 ad
1284 472 1409 493 memo·
1464 463 1584 503 perfusi
1607 463 1724 504 gaudio
1750 463 1839 503 quod
1863 463 1956 494 dolor
1978 463 2011 493 in
2035 464 2079 493 eis
2103 464 2211 495 locum
2240 466 2354 496 habere
2377 476 2443 497 non
2467 477 2525 507 po—

343 508 422 538 riam
445 518 651 545 revocamus,
676 514 723 539 est
746 510 867 539 caritas.
902 508 988 540 Cum
1012 519 1088 549 ergo
1112 509 1146 539 in
1169 508 1284 538 sanctis
1307 516 1410 537 resur·
1464 508 1545 538 terit.
1570 508 1610 538 Et
1626 507 1699 538 ideo
1723 507 1763 538 de
1779 508 1917 548 peccatis
1932 517 2000 538 non
2017 507 2187 538 dolebunt:
2213 509 2267 539 sed
2283 511 2390 549 potius
2408 511 2526 550 gaude·

343 552 491 592 gentibus
515 554 554 583 sit
576 553 717 593 perfecta
740 554 861 589 caritas,
877 554 1015 583 maxime
1039 552 1079 583 de
1098 553 1236 592 peccatis
1255 551 1411 582 dolebunt
1465 552 1546 582 bunt
1561 551 1600 582 de
1618 551 1724 582 divina
1747 551 1973 588 misericordia,
1991 560 2055 591 qua
2071 552 2115 582 eis
2131 559 2260 592 peccata
2284 560 2357 583 sunt
2375 555 2525 591 relaxata;

343 597 369 626 si
393 606 430 627 ea
454 596 494 627 ad
516 598 707 627 memoriam
735 598 941 628 revocabunt.
975 597 1075 635 Quod
1102 606 1169 627 non
1193 601 1299 636 potest
1323 603 1409 625 esse:
1465 596 1547 626 sicut
1571 597 1666 626 etiam
1690 606 1777 626 nunc
1801 596 1904 636 angeli
1923 595 2063 636 gaudent
2086 595 2125 626 de
2149 596 2254 626 divina
2269 598 2395 633 iustitia,
2413 608 2476 638 qua
2492 599 2527 629 fit

344 642 420 681 quia
439 641 555 683 fugiet
581 642 621 672 ab
649 642 695 672 eis
722 642 821 672 dolor
843 646 874 672 et
894 641 1050 683 gemitus,
1074 642 1172 680 Apoc.
1196 650 1248 670 xx]
1264 640 1290 669 ’ἢ
1324 639 1410 678 Ergo
1426 650 1452 664 ¹⁰
1466 645 1511 674 ut,
1529 639 1643 670 deserti
1667 650 1684 670 a
1707 641 1815 680 gratia,
1832 641 1865 671 in
1888 646 2022 680 peccato
2046 645 2139 670 ruant
2159 641 2203 670 illi
2227 650 2309 680 quos
2334 642 2527 674 custodiunt.

344 686 473 725 propria
496 692 628 726 peccata
651 686 691 716 ad
713 686 904 716 memoriam
927 695 995 715 non
1018 685 1225 715 revocabunt.
1467 693 1607 724 quorum
1631 690 1738 714 tamen
1762 685 1855 714 saluti
1878 684 2013 714 sollicite
2036 684 2210 724 invigilant.

399 739 431 768 4.
455 730 658 766 Pmnrunna,
683 730 765 760 sicut
790 739 824 760 se
847 730 1012 759 habebunt
1042 733 1240 768 resurgentes
1271 727 1411 757 damnati
1521 728 1572 757 An
1605 738 1754 758 aunum
1783 738 1942 758 mmmmm
1972 728 2062 768 quod
2092 729 2167 759 mali
2198 736 2394 769 cognoscent
2422 731 2529 760 omnia

345 773 385 804 ad
408 774 494 804 bona
517 784 599 814 quae
623 773 796 814 aliquando
821 773 975 808 fecerunt,
999 773 1042 802 ita
1065 782 1099 802 se
1122 772 1286 802 habebunt
1308 780 1411 800 resur·
1466 772 1553 801 bona
1569 781 1651 811 quae
1667 772 1828 802 fecerunt:
1854 778 1884 802 et
1901 782 1938 802 ex
1954 773 2018 803 hoc
2034 782 2101 803 non
2116 773 2279 804 minuetur
2295 783 2408 804 eorum
2428 774 2530 810 dolor,

343 823 454 858 gentes
477 819 561 848 beati
577 817 616 848 ad
631 823 763 858 peccata
787 826 870 857 quae
893 815 1066 856 aliquando
1091 816 1331 846 commiserunt.
1349 813 1412 845 Sed
1467 815 1523 846 sed
1538 817 1639 856 magis
1662 817 1847 856 augebitur;
1873 817 1948 856 quia
1964 818 2122 847 maximus
2146 817 2238 848 dolor
2261 823 2308 848 est
2329 819 2431 848 multa
2446 819 2531 849 bona

343 868 543 902 resurgentes
573 862 730 897 damnati,
754 866 790 892 ut
824 860 965 897 videtur,
997 860 1217 900 cognitionem
1246 858 1285 889 de
1315 859 1409 889 bonis
1427 869 1450 889 ¹5
1466 859 1650 900 perdidisse.
1675 861 1808 901 Propter
1825 861 1914 901 quod
1930 861 2006 892 dicit
2021 862 2163 898 Boetius,
2176 863 2209 892 in
2226 862 2252 892 11
2268 862 2307 892 de
2325 863 2491 893 Consolat.
2504 865 2530 899 ὓ,

345 915 427 946 quae
457 905 630 946 aliquando
663 905 808 936 fecerunt
839 914 908 935 non
939 905 1121 935 habebunt:
1156 904 1232 944 quia
1261 913 1318 943 per
1348 903 1412 933 hoc
1467 904 1556 945 quod
1579 914 1737 936 summum
1762 906 1937 947 infortunii
1958 916 2062 948 genus
2085 911 2132 936 est
2144 907 2255 948 fuisse
2268 907 2414 949 felicem.

345 959 458 980 eorum
481 959 588 989 poena
610 950 751 980 multum
774 949 981 979 alleviaretur.
1015 948 1101 988 Ergo
1124 957 1185 978 nec
1209 948 1292 978 beati
1315 948 1412 978 habe—

343 994 424 1024 bunt
447 994 667 1033 cognitionem
692 998 899 1033 peccatorum
923 1002 1006 1033 quae
1030 993 1269 1023 commiserunt.

399 1037 462 1068 Sim
479 1047 603 1068 CONTRA
618 1048 673 1068 ns‘r
689 1037 779 1078 quod
791 1038 991 1078 Augustinus
1007 1037 1092 1073 dicit,
1106 1038 1165 1067 XX
1177 1037 1216 1067 de
1228 1037 1296 1067 Ciu.
1309 1036 1372 1067 Dei
1383 1037 1410 1072 ἡ

343 1081 433 1122 quod
448 1082 605 1122 quaedam
624 1082 734 1113 divina
751 1082 799 1113 vis
814 1082 921 1113 aderit
934 1092 999 1123 qua
1011 1082 1076 1123 fiet
1092 1086 1127 1112 ut
1142 1086 1258 1112 cuncta
1275 1086 1412 1121 peccata
1426 1094 1453 1109 ιο
1532 1092 1552 1111 n
1570 1092 1732 1112 sncunmm
1748 1092 1794 1113 src
1813 1092 2017 1113 rizocnmrtm.
2042 1082 2176 1113 Videtur
2197 1083 2287 1123 quod
2308 1093 2376 1114 non
2399 1084 2532 1124 quilibet

343 1126 387 1157 ad
409 1126 598 1157 memoriam
622 1131 823 1157 revocentur.
1470 1096 1634 1166 Apossit
1656 1127 1760 1167 legere
1785 1127 1894 1157 omnia
1917 1136 1999 1167 quae
2019 1132 2093 1157 sunt
2112 1128 2146 1157 in
2169 1128 2365 1158 conscientia
2394 1129 2530 1159 alterius.

401 1180 430 1201 2.
455 1171 658 1207 PRAnruRnA,
683 1172 765 1201 sicut
794 1180 828 1201 se
857 1171 953 1201 habet
982 1171 1162 1201 humanum
1193 1169 1349 1200 iudicium
1373 1168 1412 1199 ad
1466 1170 1715 1211 Resurgentium
1731 1172 1818 1202 enim
1833 1180 1901 1201 non
1918 1172 1975 1202 erit
1989 1170 2152 1211 limpidior
2171 1173 2312 1212 cognitio
2332 1182 2430 1213 quam
2445 1182 2532 1203 nunc

342 1215 565 1246 testimonium
589 1216 744 1252 exterius,
768 1216 811 1246 ita
834 1225 868 1246 se
895 1216 991 1246 habet
1019 1215 1164 1246 divinum
1193 1214 1349 1245 iudicium
1372 1213 1412 1244 ad
1467 1215 1507 1245 sit
1518 1215 1717 1255 angelorum,
1731 1225 1871 1255 quorum
1888 1216 2060 1256 aequalitas
2076 1215 2312 1256 resurgentibus
2326 1217 2532 1257 promittitur,

344 1259 566 1291 testimonium
589 1260 823 1290 conscientiae:
848 1265 884 1290 ut
906 1265 993 1300 patet
1015 1259 1028 1290 1
1043 1260 1124 1301 Reg.
1141 1269 1192 1290 m
1208 1260 1235 1295 *,
1251 1258 1413 1289 Homines
1468 1259 1580 1289 Matth.
1604 1270 1667 1289 xxn
1682 1261 1709 1290 ἢ
1734 1259 1797 1291 Sed
1820 1260 1924 1300 angeli
1939 1269 2006 1290 non
2022 1266 2157 1300 possunt
2179 1261 2318 1291 invicem
2333 1262 2367 1291 in
2383 1262 2447 1292 suis
2463 1271 2533 1292 cor-

344 1303 453 1334 vident
467 1313 506 1335 ea
521 1313 604 1345 quae
620 1309 755 1345 parent,
767 1304 857 1335 Deus
878 1309 984 1335 autem
1009 1304 1153 1334 intuetur
1175 1313 1242 1334 cor.
1267 1302 1330 1334 Sed
1345 1312 1413 1333 non
1428 1315 1451 1335 ες
1469 1302 1561 1334 dibus
1589 1303 1695 1334 videre
1724 1314 1761 1334 ea
1785 1313 1868 1344 quae
1896 1304 2078 1344 dependent
2102 1314 2119 1335 a
2141 1305 2242 1335 libero
2271 1306 2418 1336 arbitrio:
2447 1306 2533 1336 unde

345 1354 454 1388 posset
485 1348 627 1389 perfecte
658 1348 814 1379 iudicium
846 1349 1027 1379 humanum
1058 1357 1126 1378 esse
1150 1347 1190 1378 de
1213 1347 1322 1387 aliquo
1351 1347 1414 1377 nisi
1468 1347 1612 1388 indigent
1643 1349 1810 1379 locutione
1843 1348 1882 1378 ad
1910 1358 1947 1379 ea
1973 1349 2112 1379 invicem
2143 1349 2373 1380 innotescenda
2388 1351 2415 1380 *ἢ
2447 1350 2533 1390 Ergo

345 1398 440 1423 testes
459 1392 500 1424 de
515 1393 667 1424 omnibus
683 1393 723 1424 de
739 1393 856 1433 quibus
879 1392 1088 1423 iudicandum
1112 1397 1168 1427 est,
1192 1392 1414 1422 testimonium
1468 1397 1668 1432 resurgentes
1695 1402 1763 1423 non
1790 1398 1943 1432 poterunt
1972 1394 2129 1433 inspicere
2157 1403 2194 1424 ea
2218 1403 2300 1434 quae
2330 1395 2535 1425 continentur

345 1436 554 1477 deponerent.
579 1437 665 1477 Ergo
690 1442 828 1478 oportet,
846 1447 921 1467 cum
945 1437 1090 1467 divinum
1113 1436 1270 1467 iudicium
1289 1436 1327 1466 sit
1343 1439 1414 1475 per-
1469 1436 1503 1466 in
1526 1437 1729 1467 conscientiis
1752 1437 1898 1467 aliorum.

345 1480 573 1518 fectissimum,
605 1481 695 1522 quod
725 1482 921 1512 conscientia
953 1486 1060 1512 teneat
1089 1481 1199 1511 omnia
1229 1479 1268 1511 de
1297 1480 1414 1520 quibus
1527 1490 1556 1511 2.
1581 1481 1777 1517 Pituntium,
1794 1491 1891 1512 omne
1916 1481 2005 1521 quod
2029 1483 2244 1522 cognoscitur,
2261 1483 2311 1513 vel
2331 1484 2536 1523 cognoscitur

345 1525 554 1556 iudicandum
578 1531 634 1556 est.
659 1525 722 1557 Sed
740 1525 949 1556 iudicandum
965 1526 1024 1556 erit
1039 1525 1079 1556 de
1095 1525 1246 1555 omnibus
1263 1524 1415 1564 operibus
1430 1536 1456 1556 so
1469 1526 1503 1555 in
1519 1535 1563 1561 se,
1580 1526 1631 1556 vel
1654 1526 1687 1556 in
1710 1535 1767 1556 sua
1791 1535 1895 1562 causa,
1912 1526 1963 1556 vel
1986 1527 2019 1556 in
2039 1536 2098 1556 suo
2123 1525 2249 1557 effectu.
2274 1527 2336 1558 Sed
2358 1528 2471 1558 merita
2484 1528 2535 1558 vel

345 1570 439 1600 bonis
463 1576 494 1601 et
517 1570 626 1601 malis:
652 1570 679 1600 11
705 1570 782 1600 Cor.
806 1580 826 1599 v
841 1571 868 1606 ἦ
897 1570 1016 1600 Omnes
1039 1569 1236 1600 adstabimus
1259 1573 1334 1599 ante
1358 1568 1415 1598 tri-
1471 1569 1624 1600 demerita
1654 1579 1737 1610 quae
1769 1571 1974 1600 continentur
2003 1571 2036 1600 in
2068 1571 2264 1601 conscientia
2294 1572 2444 1608 alicuius,
2467 1581 2534 1602 non

345 1614 445 1645 bunal
470 1614 601 1651 Christi,
626 1619 685 1645 etc.
711 1614 797 1654 Ergo
821 1619 950 1654 oportet
973 1613 1063 1654 quod
1087 1613 1283 1644 conscientia
1304 1613 1415 1643 unius·
1470 1615 1589 1654 poterit
1612 1614 1691 1644 alius
1715 1624 1911 1654 cognoscere
1934 1615 1967 1645 in
1991 1615 2119 1655 seipsis:
2145 1616 2221 1655 quia
2240 1616 2327 1646 solus
2343 1616 2431 1646 Deus
2448 1616 2536 1646 cordi

346 1659 503 1699 cuiusque
526 1659 660 1689 retineat
683 1659 792 1689 omnia
818 1668 916 1699 opera
940 1667 1023 1699 quae
1046 1657 1131 1694 fecit,
1151 1659 1217 1688 sive
1240 1657 1326 1687 bona
1350 1658 1415 1687 sive
1470 1658 1609 1688 illabitur
1621 1664 1652 1689 et
1672 1664 1792 1689 secreta
1808 1659 1876 1689 eius
1892 1659 2042 1689 intuetur.
2065 1658 2214 1690 Similiter
2229 1669 2290 1690 nec
2304 1661 2337 1690 in
2355 1669 2450 1690 causa
2465 1670 2535 1690 sua:

345 1703 438 1733 mala.
1472 1703 1547 1742 quia
1569 1711 1638 1732 non
1662 1712 1775 1733 omnes
1798 1702 1952 1733 videbunt
1975 1703 2093 1739 Deum,
2110 1705 2166 1743 qui
2190 1704 2277 1734 solus
2300 1709 2406 1744 potest
2428 1705 2537 1745 impri-

400 1747 591 1778 Rnsrounno
614 1756 776 1777 monimum
799 1746 906 1786 quod,
931 1747 1012 1776 sicut
1036 1746 1151 1777 dicitur
1173 1746 1267 1776 Rom.
1292 1755 1314 1775 11
1330 1746 1357 1781 ξ
1382 1745 1415 1775 in
1432 1756 1454 1776 35
1470 1756 1558 1777 mere
1577 1747 1616 1776 -in
1639 1746 1800 1783 affectum,
1818 1756 1855 1777 ex
1872 1757 1939 1787 quo
1963 1747 2143 1787 procedunt
2166 1749 2277 1778 merita
2300 1748 2350 1778 vel
2374 1748 2535 1778 demerita.

346 1791 404 1822 illa
427 1791 479 1822 die
508 1801 580 1822 cum
613 1790 767 1821 iudicabit
792 1791 972 1826 Dominus,
998 1790 1214 1821 testimonium
1245 1790 1417 1830 unicuique

345 1845 405 1867 sua
429 1835 626 1867 conscientia
657 1835 784 1870 reddet,
809 1840 841 1866 et
862 1835 1078 1877 cogitationes
1105 1839 1201 1866 erunt
1228 1839 1417 1865 accusantes

346 1885 378 1912 et
399 1879 615 1922 defendentes.
648 1879 689 1910 Et
713 1880 789 1919 quia
812 1885 941 1920 oportet
969 1879 1059 1920 quod
1086 1880 1173 1910 testis
1197 1884 1229 1910 et
1251 1884 1417 1910 accusator

347 1930 379 1956 et
402 1924 551 1955 defensor
573 1925 607 1954 in
631 1923 777 1964 quolibet
807 1923 928 1955 iudicio
959 1924 1097 1954 habeant
1127 1933 1241 1954 eorum
1268 1923 1416 1954 notitiam

348 1979 430 2010 quae
446 1970 480 1999 in
495 1968 617 1999 iudicio
640 1974 822 2005 versantur;
845 1970 880 1999 in
895 1968 952 1999 illo
974 1974 1081 1999 autem
1105 1968 1273 1999 communi
1295 1967 1415 1998 iudicio
1431 1978 1457 1998 40

347 2014 458 2045 omnia
473 2023 572 2054 opera
592 2013 764 2044 hominum
779 2013 813 2043 in
828 2012 986 2044 iudicium
1009 2013 1156 2043 venient:
1182 2017 1311 2052 oportet
1327 2011 1416 2052 quod

347 2059 496 2089 omnium
520 2067 657 2098 operum
681 2067 815 2088 suorum
846 2058 984 2098 quisque
1013 2063 1091 2087 tunc
1120 2057 1268 2087 notitiam
1291 2057 1414 2086 habeat.

347 2102 442 2134 Unde
465 2102 680 2132 conscientiae
708 2102 910 2142 singulorum
941 2107 1034 2132 erunt
1064 2102 1155 2141 quasi
1185 2100 1317 2140 quidam
1345 2101 1416 2130 libri

347 2147 549 2178 continentes
569 2156 618 2176 res
639 2151 751 2186 gestas,
769 2155 807 2176 ex
824 2146 942 2186 quibus
963 2145 1119 2176 iudicium
1138 2144 1310 2186 procedet:
1335 2145 1417 2175 sicut

2446 167 2519 204 203

1462 242 1587 282 aliquae
1609 248 1705 272 notae
1728 249 1860 273 manent
1882 244 1915 273 in
1940 245 2141 275 conscientiis
2165 246 2363 285 singulorum
2388 246 2426 276 de
2446 256 2523 287 ope-

1462 287 1548 316 ribus
1565 296 1583 316 a
1598 296 1631 316 se
1647 286 1747 316 factis.
1771 287 1839 317 Nec
1863 293 1990 326 oportet
2014 289 2103 328 quod
2125 295 2221 320 notae
2244 291 2319 320 istae
2344 291 2406 320 sint
2421 297 2524 321 reatus

1525 971 1625 1001 ART.
1643 971 1680 1002 11.
1701 982 1805 1002 uranu
1825 982 1969 1002 ommam
1989 982 2104 1002 Pornns
2128 983 2264 1003 turonus
2289 983 2334 1003 su·
2352 984 2471 1004 Leonas

1623 1025 1722 1046 οΜΝιΑ
1746 1027 1829 1046 QUAE
1849 1027 1925 1047 sum·
1948 1027 1980 1047 IN
2005 1027 2206 1047 CONSCIENTIA
2229 1028 2376 1048 amemus

1472 1845 1613 1875 quorum
1636 1835 1745 1866 nullus
1769 1835 1900 1866 effectus
1923 1837 2109 1872 remanebit,
2132 1837 2176 1866 eis
2199 1836 2337 1867 totaliter
2352 1846 2410 1877 per
2424 1838 2537 1877 poeni-

1471 1880 1604 1910 tentiam
1628 1880 1763 1910 abolitis.
1788 1880 1874 1920 Ergo
1890 1889 1958 1910 non
1975 1881 2084 1910 omnia
2108 1890 2190 1921 quae
2206 1886 2280 1911 sunt
2295 1882 2327 1911 in
2344 1882 2536 1912 conscientia

1472 1924 1616 1960 alicuius,
1641 1926 1758 1965 poterit
1781 1924 1915 1964 quilibet
1938 1924 2017 1955 alius
2042 1924 2248 1965 cognoscere.

1472 2017 1589 2048 autem,
1606 2013 1635 2043 si
1652 2013 1834 2043 recorderis
1850 2018 2061 2053 peccatorum
2086 2018 2225 2049 tuorum,
2246 2018 2278 2044 et
2287 2014 2484 2055 frequenter
2499 2024 2537 2045 ea

1472 2057 1505 2087 in
1529 2062 1700 2097 conspectu
1723 2057 1786 2088 Dei
1803 2058 1998 2098 pronunties
2021 2063 2052 2088 et
2068 2068 2133 2098 pro
2158 2059 2204 2088 eis
2226 2058 2421 2098 depreceris,
2445 2059 2538 2089 citius

1472 2101 1530 2131 illa
1553 2101 1680 2132 delebis.
1705 2101 1740 2131 Si
1755 2111 1831 2132 vero
1857 2102 2063 2138 oblivisceris,
2081 2107 2158 2132 tunc
2180 2112 2292 2133 eorum
2316 2103 2539 2134 recordaberis

1472 2146 1585 2176 nolens
1614 2146 1743 2186 quando
1768 2146 2037 2186 publicabuntur,
2070 2152 2101 2177 et
2130 2147 2162 2177 in
2193 2153 2363 2187 conspectu
2395 2148 2538 2178 omnium

1472 1790 1622 1822 Similiter
1646 1791 1741 1822 etiam
1764 1792 1873 1821 necin
1891 1790 2023 1822 effectu:
2050 1793 2124 1832 quia
2146 1792 2247 1822 multa
2271 1792 2423 1823 demerita
2446 1798 2539 1823 erunt

112 2233 122 2242 ⁸
135 2232 203 2263 Veis.
220 2239 252 2256 ia.

108 2421 119 2430 “
134 2418 191 2446 Cup.
207 2423 254 2439 xiv.

109 2546 120 2557 ·
145 2544 183 2567 De
207 2544 322 2567 luda-iar.

109 2571 207 2599 Potest„
221 2571 246 2593 in
260 2571 324 2594 med.

109 2769 120 2781 ·
136 2767 172 2791 Cf.
193 2769 255 2796 Aug.
278 2769 324 2791 loc.

0 3512 13 3627 k
115 3525 326 3553 ‘lure-pach.

348 2192 444 2222 etiam
467 2191 501 2221 in
524 2190 645 2220 iudicio
676 2190 819 2221 humano
851 2191 989 2230 registris
1019 2195 1163 2220 utuntur.
1197 2189 1237 2220 Et
1264 2190 1315 2220 isti
1342 2194 1417 2219 sunt

347 2235 419 2266 libri
442 2234 481 2265 de
506 2235 633 2274 quibus,
658 2236 757 2275 Apoc.
781 2245 822 2265 xx
837 2235 864 2271 ἡ
889 2234 1020 2265 dicitur:
1046 2234 1136 2265 Libri
1159 2234 1264 2274 aperti
1286 2239 1370 2270 sunt,
1387 2238 1419 2264 et

349 2280 435 2310 alius
467 2279 547 2309 liber
579 2284 711 2319 apertus
744 2284 791 2309 est
821 2279 877 2319 qui
908 2284 955 2309 est
986 2279 1092 2316 vitae;
1124 2283 1156 2309 et
1178 2278 1312 2309 iudicati
1342 2283 1418 2308 sunt

349 2324 470 2354 mortui
503 2333 544 2353 ex
574 2323 623 2354 his
654 2333 738 2364 quae
767 2323 888 2364 scripta
920 2328 1016 2354 erant
1047 2323 1079 2353 in
1114 2323 1218 2359 libris,
1241 2322 1417 2354 secundum

350 2378 450 2409 opera
474 2367 640 2408 ipsorum:
663 2373 699 2398 ut
722 2377 779 2407 per
802 2368 902 2399 libros
926 2369 982 2408 qui
1006 2367 1156 2398 dicuntur
1179 2368 1224 2398 sic
1247 2367 1361 2408 aperti,
1382 2372 1418 2397 ut

349 2412 549 2452 Augustinus
573 2412 715 2452 exponit,
735 2412 795 2442 XX
810 2412 850 2443 de
868 2412 936 2443 Ciu.
952 2412 1015 2443 Dei
1030 2413 1057 2448 ¹,
1073 2412 1301 2454 significentur
1314 2411 1419 2442 sancti

351 2457 427 2488 novi
450 2461 481 2487 et
502 2457 619 2487 veteris
645 2457 848 2492 Testamenti,
869 2457 901 2487 in
925 2457 1039 2497 quibus
1061 2457 1151 2487 Deus
1175 2456 1315 2487 ostendit
1336 2465 1419 2497 quae

350 2500 506 2532 mandata
527 2501 610 2542 fieri
642 2501 785 2531 iussisset
816 2500 937 2541 (unde,
962 2506 998 2532 ut
1026 2500 1203 2531 Richardus
1231 2500 1271 2531 de
1300 2500 1418 2531 Sancto

350 2547 481 2577 Victore
500 2544 575 2575 dicit
590 2546 618 2581 ⁴²,
642 2550 739 2575 erunt
761 2545 862 2576 corda
885 2555 998 2576 eorum
1022 2546 1116 2586 quasi
1138 2545 1296 2586 quaedam
1321 2554 1419 2575 cano-

352 2600 429 2621 num
452 2589 604 2629 statuta);
628 2589 684 2620 sed
706 2599 764 2629 per
787 2590 905 2620 librum
929 2590 1022 2625 vitae,
1047 2589 1086 2620 de
1110 2599 1176 2630 quo
1205 2590 1418 2630 subiungitur,

350 2634 572 2674 intelliguntur
595 2634 810 2664 consciendae
833 2634 1051 2674 singulorum,
1077 2643 1159 2674 quae
1183 2633 1333 2664 dicuntur
1356 2635 1419 2664 sin-

351 2679 500 2720 gulariter
524 2678 605 2708 liber
628 2688 721 2714 unus,
739 2678 815 2718 quia
832 2688 897 2709 una
916 2679 1031 2709 virtute
1051 2678 1158 2709 divina
1173 2677 1229 2708 fiet
1243 2683 1280 2709 ut
1296 2679 1420 2708 cunctis

351 2723 391 2754 ad
406 2723 597 2753 memoriam
613 2732 670 2753 sua
684 2721 766 2753 facta
781 2728 990 2759 revocentur;
1010 2727 1040 2753 et
1059 2723 1138 2753 haec
1154 2723 1210 2759 vis,
1226 2723 1420 2762 inquantum

352 2767 392 2799 ad
403 2768 595 2798 memoriam
606 2767 732 2797 homini
746 2766 878 2797 reducet
889 2776 946 2797 sua
958 2766 1048 2802 facta,
1062 2767 1143 2797 liber
1154 2767 1239 2798 uitae
1251 2767 1421 2798 dicitur*.-

351 2812 412 2843 Vel
427 2821 486 2852 per
501 2812 623 2851 primos
639 2811 736 2841 libros
753 2812 967 2842 conscientiae
982 2811 1212 2852 intelligantur;
1234 2820 1291 2851 per
1306 2821 1420 2842 secun-

352 2857 431 2888 dum
455 2856 612 2886 sententia
635 2854 750 2886 Iudicis
773 2856 807 2886 in
831 2856 900 2886 eius
922 2854 1123 2895 providentia
1146 2855 1312 2896 descripta.

408 2901 459 2931 An
483 2910 601 2930 pamma
624 2909 707 2930 aneo
732 2909 892 2930 menmium
908 2899 1008 2940 quod,
1026 2900 1171 2940 quamvis
1191 2900 1294 2930 multa
1309 2900 1421 2930 merita

353 2950 385 2976 et
400 2944 554 2976 demerita
570 2955 588 2974 a
603 2945 760 2974 memoria
784 2943 940 2980 excidant,
957 2949 1064 2974 tamen
1083 2944 1210 2975 nullum
1233 2954 1347 2975 eorum
1363 2944 1422 2974 erit

353 2988 443 3030 quod
458 2999 526 3020 non
543 2989 653 3028 aliquo
669 2988 770 3019 modo
789 2993 917 3019 maneat
931 2989 965 3018 in
982 2997 1041 3019 suo
1059 2987 1184 3019 effectu.
1209 2988 1295 3026 Quia
1309 2988 1422 3018 merita

352 3043 437 3074 quae
453 3043 523 3065 non
538 3039 613 3064 sunt
634 3032 835 3069 mortificata,
858 3033 1036 3063 manebunt
1051 3033 1084 3063 in
1099 3033 1243 3073 praemio
1268 3032 1357 3072 quod
1377 3033 1421 3063 eis

1430 2199 1454 2219 45
1471 2190 1651 2220 amicorum
1674 2195 1706 2221 et
1727 2191 1942 2226 inimicorum,
1966 2196 2216 2232 sanctorumque
2238 2192 2443 2233 angelorum,
2457 2202 2538 2232 pro-

1463 2235 1630 2276 ferentur.
1656 2235 1703 2265 Ex
1719 2235 1782 2265 hoc
1807 2235 1960 2275 accipitur
1984 2235 2073 2274 quod
2098 2235 2149 2266 illa
2172 2235 2347 2276 publicatio
2370 2245 2478 2276 poena
2493 2242 2539 2267 est

1472 2279 1684 2319 negligentiae
1709 2288 1773 2319 qua
1796 2280 1896 2310 homo
1926 2279 2163 2310 confessionem
2190 2281 2419 2320 praetermittit.
2452 2281 2538 2321 Ergo

1472 2324 1526 2354 illa
1549 2329 1680 2364 peccata
1704 2323 1743 2354 de
1767 2324 1884 2364 quibus
1907 2324 2008 2354 homo
2036 2323 2202 2354 confessus
2226 2330 2281 2360 est,
2305 2334 2373 2354 non
2396 2325 2538 2365 publica—

1473 2368 1593 2398 buntur
1616 2368 1693 2398 aliis.

1529 2421 1560 2451 4.
1577 2413 1774 2448 Pmrnnm,
1788 2412 1939 2443 solatium
1955 2418 2002 2443 est
2017 2412 2112 2443 alicui
2127 2413 2153 2443 si
2169 2414 2227 2443 scit
2242 2422 2275 2443 se
2287 2413 2403 2443 habere
2419 2414 2538 2444 multos

1474 2457 1580 2488 socios
1607 2458 1641 2487 in
1668 2462 1817 2497 peccato,
1843 2462 1874 2487 et
1896 2457 2003 2487 minus
2030 2456 2105 2487 inde
2131 2457 2372 2488 verecundatur.
2406 2457 2439 2488 Si
2463 2467 2538 2498 ergo

1475 2501 1610 2541 quilibet
1632 2507 1802 2541 peccatum
1833 2501 1960 2532 alterius
1990 2507 2210 2542 cognosceret,
2234 2502 2403 2532 cuiuslibet
2425 2511 2539 2542 pecca-

1474 2546 1552 2576 toris
1569 2546 1787 2576 erubescentia
1802 2546 1942 2576 multum
1957 2546 2165 2576 minueretur.
2179 2545 2279 2584 Quod
2293 2556 2361 2576 non
2374 2547 2537 2587 competit.

1474 2590 1561 2631 Ergo
1585 2599 1654 2620 non
1677 2599 1791 2620 omnes
1815 2591 1963 2620 omnium
1986 2595 2117 2630 peccata
2140 2596 2347 2630 cognoscent.

1531 2634 1594 2665 Sur>
1618 2644 1756 2671 coum,
1780 2644 1877 2675 super
1903 2634 1983 2665 illud
2006 2634 2018 2664 1
2045 2635 2122 2665 Cor.
2146 2645 2177 2664 1v
2192 2635 2219 2669 *‚
2247 2635 2449 2665 Illuminabit
2471 2635 2540 2666 abs-

1475 2679 1606 2709 condita
1630 2679 1844 2715 tenebrarum,
1862 2678 1938 2709 dicit
1954 2678 2069 2709 Glossa
2085 2680 2118 2709 ⁴⁶:
2138 2679 2234 2709 Gesta
2251 2684 2281 2709 et
2296 2679 2441 2720 cogitata
2456 2680 2540 2710 bona

1475 2728 1507 2754 et
1527 2723 1616 2753 mala
1639 2727 1716 2754 tunc
1737 2728 1850 2763 aperta
1874 2728 1906 2754 et
1927 2728 2005 2753 nota
2029 2728 2124 2753 erunt
2146 2723 2302 2754 omnibus.

1532 2777 1562 2797 2.
1586 2767 1782 2803 ΡΒΑΕΤΕΒΕΑ,
1801 2767 1948 2797 omnium
1967 2767 2130 2798 bonorum
2152 2773 2283 2807 peccata
2306 2768 2474 2807 praeterita
2489 2777 2540 2798 ae-

1476 2812 1611 2852 qualiter
1630 2817 1723 2842 erunt
1746 2811 1873 2842 abolita.
1898 2811 1961 2842 Sed
1977 2811 2181 2851 quorundam
2205 2817 2387 2842 sanctorum
2410 2817 2540 2851 peccata

1434 2861 1461 2881 60
1476 2856 1631 2886 sciemus:
1656 2856 1738 2886 sieut
1761 2855 1969 2895 Magdalenae
1981 2856 1997 2871 ⁴*
2015 2860 2045 2886 et
2060 2855 2144 2885 Petri
2156 2856 2190 2872 *⁸*
2207 2861 2238 2886 et
2253 2855 2356 2886 David
2367 2856 2429 2885 *ff
2454 2856 2539 2896 Ergo

1475 2901 1544 2940 pari
1559 2900 1683 2930 ratione
1699 2900 1836 2930 aliorum
1853 2899 2029 2930 electorum
2051 2905 2183 2939 peccata
2206 2900 2354 2930 scientur.
2379 2900 2420 2930 Et
2435 2900 2539 2930 multo
2568 2912 2589 2923 ··

1475 2945 1576 2984 magis
1599 2943 1833 2974 damnatorum.

1530 2989 1720 3018 Rnsponmzo
1737 2998 1896 3018 mmmmm
1909 2987 1998 3028 quod
2013 2988 2046 3017 in
2062 2988 2178 3018 ultimo
2195 2993 2226 3018 et
2238 2988 2405 3019 communi
2419 2987 2540 3019 iudicio

1477 3037 1604 3073 oportet
1628 3032 1718 3072 quod
1741 3032 1848 3062 divina
1870 3032 1988 3063 iustitia
2015 3032 2165 3062 omnibus
2194 3032 2355 3063 evidenter
2381 3038 2539 3072 appareat,

351 3077 512 3109 redditur:
542 3087 626 3118 quae
653 3083 761 3108 autem
789 3076 979 3108 mortificata
1006 3082 1098 3113 sunt,
1121 3082 1253 3107 manent
1275 3077 1309 3107 in
1332 3082 1421 3107 reatu
1435 3081 1459 3107 ὃς
1477 3086 1560 3116 quae
1575 3086 1663 3107 nunc
1678 3077 1712 3106 in
1727 3076 1888 3116 plerisque
1905 3077 1989 3107 latet.
2014 3075 2177 3106 Sententia
2196 3082 2303 3107 autem
2323 3076 2541 3107 condemnans

352 3122 596 3162 ingratitudinis,
621 3131 704 3162 quae
728 3127 862 3162 augetur
878 3131 915 3151 ex
931 3122 994 3151 hoc
1018 3120 1108 3161 quod
1131 3122 1231 3152 homo
1255 3127 1330 3161 post
1351 3130 1420 3161 gra-

353 3166 430 3197 tiam
453 3171 635 3207 susceptam
662 3167 817 3206 peccavit.
852 3165 1002 3196 Similiter
1030 3166 1125 3196 etiam
1155 3165 1308 3196 demerita
1338 3174 1421 3205 quae

354 3219 422 3240 non
437 3216 512 3241 sunt
526 3220 583 3251 per
598 3211 831 3251 poenitentiam
855 3209 967 3246 deleta,
991 3215 1124 3240 manent
1138 3210 1172 3240 in
1187 3215 1277 3240 reatu
1295 3219 1421 3249 poenae

355 3263 438 3294 quae
455 3255 500 3285 eis
515 3254 666 3286 debetur:
691 3264 774 3295 quae
797 3260 905 3286 autem
928 3254 1127 3295 poenitentia
1149 3254 1274 3290 delevit,
1290 3259 1422 3284 manent

1476 3121 1528 3151 vel
1550 3121 1730 3161 praemians
1752 3121 1834 3151 iusta
1857 3130 1925 3151 esse
1947 3130 2016 3151 non
2038 3126 2145 3160 potest
2160 3121 2220 3151 nisi
2236 3120 2414 3152 secundum
2429 3122 2541 3151 merita

1476 3165 1527 3195 vel
1544 3164 1696 3195 demerita
1718 3164 1906 3205 proferatur.
1931 3165 1973 3196 Et
1987 3164 2072 3201 ideo,
2089 3165 2171 3195 sicut
2189 3170 2318 3205 oportet
2341 3165 2431 3205 quod
2445 3165 2541 3196 iudex

1477 3214 1509 3240 et
1531 3219 1669 3240 assessor
1690 3208 1804 3239 iudicis
1826 3210 1939 3239 merita
1963 3218 2076 3239 causae
2100 3215 2297 3249 cognoscant
2317 3209 2357 3240 ad
2371 3209 2435 3239 hoc
2452 3209 2541 3249 quod

1476 3254 1592 3284 iustam
1608 3254 1798 3284 sententiam
1818 3253 1991 3294 proferant,
2007 3253 2051 3283 ita
2066 3259 2204 3294 oportet,
2221 3253 2260 3284 ad
2275 3254 2339 3284 hoc
2355 3252 2445 3293 quod
2460 3254 2542 3284 iusta

354 3298 388 3328 in
411 3299 479 3338 ipsa
501 3299 718 3338 poenitendae
741 3300 908 3336 memoria,
931 3308 1029 3339 quam
1053 3299 1148 3329 simul
1172 3308 1247 3329 cum
1271 3299 1338 3329 aliis
1353 3307 1421 3328 me·
1436 3307 1463 3328 7⁰
1477 3298 1633 3328 sententia
1655 3303 1814 3338 appareat,
1839 3297 1929 3337 quod
1952 3297 2102 3328 omnibus
2129 3299 2317 3328 sententiam
2342 3307 2540 3337 cognoscen-

354 3342 421 3372 ritis
443 3342 477 3372 in
499 3343 614 3373 notitia
639 3343 812 3374 habebunt.
846 3343 941 3375 Unde
969 3344 1002 3374 in
1032 3343 1177 3383 quolibet
1204 3343 1336 3373 homine
1365 3343 1422 3373 erit

355 3385 476 3426 aliquid
497 3395 535 3416 ex
551 3396 618 3426 quo
639 3387 741 3427 possit
755 3388 795 3419 ad
810 3388 1000 3419 memoriam
1024 3397 1081 3418 sua
1104 3397 1201 3428 opera
1224 3396 1384 3418 revocare.
1399 3405 1422 3409 —

355 3430 396 3460 Et
411 3436 530 3466 tamen,
546 3435 583 3460 ut
598 3430 797 3471 Augustinus
812 3431 889 3463 dicit
904 3433 931 3468 ⁹,
947 3432 1163 3473 principaliter
1178 3431 1217 3462 ad
1232 3432 1296 3462 hoc
1312 3431 1422 3462 divina

355 3474 403 3504 uis
427 3475 620 3514 operabitur.

1476 3343 1561 3372 tibus
1584 3343 1696 3372 merita
1722 3342 1933 3372 innotescant.
1967 3341 2061 3373 Unde
2085 3342 2174 3382 quia,
2199 3342 2281 3372 sicut
2308 3342 2438 3373 cuilibet
2464 3347 2542 3372 nota

1477 3387 1535 3417 erit
1558 3396 1615 3417 sua
1637 3387 1824 3426 praemiatio
1849 3391 1880 3416 et
1902 3396 1959 3417 sua
1982 3386 2155 3422 damnatio,
2179 3387 2223 3416 ita
2246 3392 2277 3417 et
2300 3387 2451 3417 omnibus
2474 3387 2541 3417 aliis

1476 3431 1674 3467 innotescet;
1708 3435 1837 3471 oportet
1868 3430 1974 3470 quod,
1999 3431 2080 3461 sicut
2111 3431 2244 3471 quilibet
2273 3441 2330 3462 sua
2357 3431 2468 3461 merita
2490 3431 2541 3461 vel

1478 3475 1631 3506 demerita
1653 3475 1784 3505 reducet
1808 3474 1847 3505 ad
1869 3475 2078 3511 memoriam,
2102 3475 2144 3505 ita
2167 3476 2261 3506 etiam
2286 3481 2317 3506 et
2340 3475 2442 3506 aliena
2465 3485 2540 3506 suae

412 3519 462 3549 An
487 3528 649 3549 sncuumm
671 3528 831 3550 mensuum
855 3519 945 3560 quod
959 3521 1024 3551 iam
1039 3526 1126 3561 patet
1142 3531 1180 3552 ex
1197 3520 1287 3551 dictis
1299 3521 1316 3537 ⁴*
1333 3519 1422 3560 quod
1436 3530 1460 3552 75
1479 3520 1657 3560 cognitioni
1680 3519 1873 3550 subiaceant.

2551 328 2560 338 ·
2575 326 2633 348 lbid.

2561 864 2571 875 ·
2583 863 2648 884 Pron.
2663 869 2693 884 ιν.

2560 1265 2569 1274 ·
2581 1263 2646 1285 Vers.
2666 1269 2703 1292 30.
2715 1273 2723 1278 —
2735 1263 2771 1285 Cf.

2560 1290 2773 1345 {Agmoepaxwers-

2561 1354 2571 1363 ·
2585 1351 2621 1374 Cf.
2633 1352 2686 1373 Part
2704 1352 2722 1379 1,
2733 1358 2772 1380 qu.

2561 1384 2614 1405 cvm,
2629 1382 2670 1400 art.
2688 1386 2706 1400 ι.

1529 1968 1557 1998 3.
1582 1969 1784 2005 Pium-raam,
1810 1968 2061 2010 chrysostomus
2089 1969 2178 2006 dicit,
2203 1970 2235 1999 in
2260 1969 2361 2000 littera
2377 1971 2412 1999 ἐ
2443 1970 2539 2000 Nunc
2567 1972 2576 1981 ·
2591 1970 2649 1992 nist.
2658 1976 2713 1996 ¹v¹¹v
2726 1976 2776 1997 cap-

2565 1996 2778 2046 szzgflssz.

2565 2049 2641 2071 XXXI
2660 2055 2684 2070 m
2701 2049 2723 2071 E
2738 2051 2780 2071 ist.-

2565 2077 2599 2098 ad
2617 2076 2691 2101 Helm
2735 2079 2777 2097 rat.

2565 2102 2675 2134 Append3
2684 2103 2712 2124 nd
2727 2108 2776 2124 ean.

2565 2130 2625 2177 3111ae
2639 2129 2777 2160 aliquando,

2582 2156 2696 2182 ePoenu„
2704 2156 2778 2178 dmm.

2567 2641 2578 2651 ·
2593 2639 2660 2661 Vers-
2674 2646 2694 2667 5.

2568 2682 2577 2692 ‘
2592 2681 2675 2702 Lomb.

2569 2860 2578 2869 '¹
2592 2859 2649 2880 Luc.
2669 2864 2720 2885 cap.
2741 2865 2780 2885 vn,

2567 2891 2755 2933 vmnilnssf‘qza
2773 2927 2779 2933 .

2567 2944 2633 2964 xxvi,
2660 2943 2719 2959 vers.
2765 2943 2779 2965 9

2568 2970 2632 2992 sqq.;
2647 2964 2717 2986 Marc.
2729 2970 2779 2992 cap.

2567 2997 2613 3018 xlv,
2619 2997 2678 3013 vers.
2684 2990 2714 3012 66
2720 2997 2778 3019 sqq.;

2568 3017 2623 3039 Luc.
2647 3023 2698 3045 enp-
2722 3023 2780 3043 xxu,

2568 3050 2627 3065 vers.
2653 3049 2677 3072 55
2713 3050 2764 3071 sqq.
2774 3051 2780 3069 ;

2553 3070 2632 3092 ¹Ioan.
2647 3076 2698 3098 cap.
2713 3076 2780 3095 xvin,

2567 3102 2711 3151 *‘“i1¹l‹·2}⁵
2727 3103 2778 3150 233·

2567 3156 2599 3175 xi,
2614 3156 2673 3171 vers.
2688 3156 2699 3171 2
2715 3156 2780 3177 sqq.;

2569 3182 2619 3204 cap.
2633 3182 2701 3203 xxiv,
2720 3182 2778 3198 vers.

2570 3209 2596 3224 ιο
2611 3209 2662 3231 sqq.
