2918 4088
217 549 227 558 ⁶
235 547 288 569 Vid.
297 547 429 569 Commeat.

217 574 288 596 caiet.
297 578 349 601 post
360 578 400 596 art.
410 582 428 601 1,

216 606 280 622 num,
295 606 343 622 vni.

216 967 226 977 ·
235 965 426 993 011.1.111κ,31·ῐ.2.

215 1127 424 1154 *Primus-Epist.

214 1153 242 1174 ad
257 1153 327 1175 Omn.
339 1154 425 1175 Ortho-

215 1180 268 1201 dox.
287 1191 296 1195 -
319 1179 353 1202 Cf.
375 1186 400 1200 ca

214 1205 280 1227 Nihil
301 1206 325 1227 in

217 1232 289 1258 ¹sciis,

348 1206 426 1227 sacri-

313 1233 343 1253 de
365 1232 426 1254 Con-

214 1265 282 1286 εει-ν.1
300 1258 352 1280 dist.
368 1259 396 1280 ΙΙ.

212 2084 222 2093 ·
237 2082 273 2103 Cf.
289 2088 327 2110 qu.
343 2087 423 2109 vam,

211 2112 253 2130 art.
268 2115 287 2136 5.

1117 137 1380 183 QUAESTIO
1409 136 1586 183 LXXIX,
1615 134 1908 172 ARTICULUS
1936 135 1970 171 V

1247 288 1564 331 ARTICULUS
1595 288 1852 340 QUINTUS

757 382 914 413 UTRUM
938 382 1020 412 PER
1043 381 1137 412 Hoc
1162 381 1497 414 SACRAMENTUM
1521 382 1644 413 TOTA
1667 382 1814 413 POENA
1836 382 2025 413 PECCATI
2049 383 2340 414 REMITTATUR

958 461 991 485 1V
1011 460 1094 489 Sent„
1115 461 1173 486 dist.
1192 468 1226 491 ιν,
1245 468 1291 493 qu.
1308 468 1335 490 11,
1354 466 1400 486 art.
1421 468 1444 492 1,
1464 461 1514 494 qu²
1534 468 1558 491 2,
1577 461 1608 485 ad
1630 460 1658 491 3;
1679 461 1737 485 dist.
1757 468 1799 491 xu,
1820 468 1864 493 qu.
1883 468 1909 490 11,
1931 466 1977 486 art.
1998 468 2021 491 2,
2042 460 2090 493 qu⁸
2112 461 2135 487 3.

503 545 554 589 t*
574 572 589 586 ,Ι
614 561 625 566 -
667 551 689 576 D
705 551 865 581 QUINTUM
880 551 932 576 516
947 551 1173 577 PROCEDITUR
1185 539 1216 576 ²¹².
1232 538 1394 576 Videtur
1413 539 1521 588 quod

667 604 736 641 per
762 593 839 629 1106
858 600 1142 630 sacramentum
1170 599 1248 629 tota
1274 604 1403 641 poena
1434 604 1521 641 pec-

470 639 739 702 stssvzcati
774 644 995 682 remittatur.
1032 646 1164 682 Homo
1202 645 1307 682 enim
1341 657 1410 694 per
1447 646 1522 682 1106

511 671 571 723 ἐξ
622 689 951 735 sacramentum
993 698 1149 747 suscipit
1185 698 1224 735 in
1263 710 1302 734 se
1341 697 1522 735 effectum

454 749 643 798 passionis
664 750 814 797 Christi,
835 758 877 787 ut
895 751 1042 788 dictum
1062 759 1116 788 est
1134 751 1170 798 ²⁸,
1200 751 1296 788 sicut
1316 759 1351 788 et
1369 763 1439 800 per
1456 751 1521 788 ba-

454 802 653 851 ptismum.
685 804 762 841 Sed
781 815 850 853 per
868 804 1105 853 baptismum
1132 804 1291 854 percipit
1319 805 1440 841 homo
1465 816 1522 841 re-

454 855 680 893 missionem
708 857 835 894 omnis
862 869 1012 906 poenae
1031 857 1169 894 virtute
1194 856 1384 906 passionis
1414 857 1522 894 Chri-

455 908 511 955 sti,
542 921 641 958 quae
670 909 903 946 sufficienter
931 910 1105 947 satisfecit
1132 922 1203 959 pro
1233 909 1415 947 omnibus
1434 922 1522 958 pec—

454 961 555 1008 catis,
572 969 614 998 ut
633 974 678 999 ex
698 974 814 1010 supra
828 962 848 983 ²¹³
867 963 974 999 dictis
993 971 1106 1011 patet.
1127 964 1230 1010 Ergo
1244 962 1396 999 videtur
1415 963 1522 1011 quod

453 1025 523 1062 per
556 1015 633 1050 hoc
669 1023 953 1051 sacramentum
991 1015 1142 1051 homini
1177 1014 1389 1051 remittatur
1419 1023 1522 1051 totus

454 1074 581 1103 reatus
610 1078 773 1115 poenae.

508 1130 542 1155 2.
573 1120 813 1164 PRAETEREA,
843 1119 1061 1156 Alexander
1098 1120 1204 1168 Papa
1221 1119 1242 1141 ’¹‘
1269 1118 1376 1155 dicit:
1415 1119 1523 1155 Nihil

418 1195 425 1202 ·
452 1172 489 1207 in
509 1173 702 1219 sacrificiis
720 1174 841 1209 maius
869 1184 946 1209 esse
957 1178 1076 1221 potest
1100 1184 1212 1221 quam
1231 1183 1366 1220 corpus
1385 1178 1418 1208 et
1435 1183 1520 1208 san-

451 1226 537 1273 guis
568 1225 713 1261 Christi.
753 1225 830 1262 Sed
857 1237 927 1274 per
954 1225 1139 1261 sacrificia
1166 1224 1305 1261 veteris
1332 1224 1423 1273 legis
1450 1224 1520 1261 ho-

451 1289 520 1314 mo
549 1277 798 1315 satisfaciebat
825 1290 896 1327 pro
925 1277 1089 1327 peccatis
1118 1277 1211 1315 suis:
1251 1277 1388 1315 dicitur
1416 1277 1520 1314 enim

452 1331 618 1368 Levit.1v
637 1338 673 1367 et
686 1343 725 1368 v:
756 1333 796 1368 Si
816 1333 1028 1381 peccaverit
1055 1332 1179 1377 homo,
1201 1330 1331 1380 offeret
1349 1331 1440 1379 (hoc
1458 1332 1521 1367 vel

451 1382 560 1431 illud)
574 1396 649 1433 pro
663 1390 818 1433 peccato
836 1396 916 1431 suo,
937 1390 970 1421 et
989 1386 1192 1421 remittetur
1209 1386 1253 1420 ei.
1275 1385 1377 1432 Ergo
1396 1385 1520 1421 multo

451 1435 574 1484 magis
607 1437 684 1473 hoc
711 1445 997 1474 sacramentum
1031 1438 1132 1474 valet
1163 1437 1213 1474 ad
1250 1436 1519 1474 remissionem

452 1488 580 1526 omnis
607 1501 769 1538 poenae.

507 1542 540 1578 3.
571 1543 803 1589 Pium-Eam,
825 1550 971 1580 constat
993 1543 1101 1592 quod
1120 1555 1190 1592 per
1208 1544 1285 1580 hoc
1303 1555 1519 1580 sacramen-

450 1603 535 1632 tum
554 1595 697 1645 aliquid
725 1597 774 1634 de
802 1604 909 1633 reatu
932 1608 1083 1645 poenae
1110 1596 1330 1633 dimittitur:
1360 1597 1464 1634 unde
1484 1605 1520 1634 et

450 1647 490 1684 in
517 1648 768 1686 satisfactione
804 1649 1039 1698 quibusdam
1066 1648 1277 1698 iniungitur
1312 1650 1420 1699 quod
1446 1662 1518 1700 pro

450 1713 491 1738 se
518 1701 654 1739 faciant
674 1702 809 1740 missas
837 1702 1041 1740 celebrare.
1072 1703 1149 1740 Sed
1169 1715 1247 1752 qua
1265 1702 1412 1740 ratione
1440 1716 1519 1741 una

450 1766 540 1803 pars
571 1767 722 1803 poenae
757 1755 975 1802 dimittitur,
1004 1755 1143 1793 eadem
1178 1755 1324 1793 ratione
1361 1764 1398 1793 et
1425 1756 1516 1794 alia:

451 1819 543 1844 cum
570 1807 692 1845 virtus
712 1808 863 1856 Christi,
884 1821 984 1858 quae
1003 1808 1043 1845 in
1062 1809 1139 1846 hoc
1167 1816 1407 1846 sacramento
1427 1822 1518 1847 con-

450 1859 602 1908 tinetur,
632 1861 678 1898 sit
705 1861 864 1899 infinita.
901 1863 1015 1910 Ergo,
1030 1862 1184 1899 videtur
1211 1862 1319 1911 quod
1346 1874 1416 1912 per
1442 1863 1519 1900 hoc

451 1922 736 1952 sacramentum
763 1922 843 1952 tota
869 1927 998 1964 poena
1015 1916 1178 1952 tollatur.

505 1967 579 2004 SED
595 1979 739 2004 CONTRA
758 1980 824 2005 Ε5τ
843 1968 963 2017 quod,
978 1969 1195 2005 secundum
1215 1969 1303 2015 hoc,
1321 1981 1402 2006 non
1422 1977 1519 2006 esset

449 2019 601 2056 homini
628 2020 701 2058 alia
727 2033 855 2070 poena
883 2020 1138 2070 iniungenda:
1175 2021 1272 2059 sicut
1298 2033 1370 2059 nec
1397 2022 1518 2072 bapti-

451 2080 536 2109 zato
564 2072 775 2122 iniungitur
792 2074 822 2110 ²¹⁴.

502 2126 728 2164 Responmzo
756 2139 938 2164 DmENDUM
974 2128 1082 2177 quod
1120 2129 1196 2165 hoc
1233 2136 1517 2166 sacramentum

450 2178 566 2216 simul
593 2187 649 2216 est
677 2187 712 2216 et
731 2179 963 2229 sacrificium
983 2188 1019 2217 et
1038 2189 1342 2219 sacramentum:
1373 2182 1440 2219 sed
1460 2194 1517 2219 ra—

449 2232 596 2269 tionem
625 2232 798 2270 sacrificii
835 2233 951 2270 habet
984 2233 1216 2283 inquantum
1253 2234 1428 2281 offertur;
1462 2247 1517 2272 ra-

449 2285 594 2322 tionem
616 2293 746 2323 autem
766 2286 990 2324 sacramenti
1012 2287 1246 2336 inquantum
1265 2288 1440 2326 sumitur.
1470 2289 1518 2326 Et

450 2338 539 2375 ideo
568 2339 750 2376 effectum
769 2339 997 2376 sacramenti
1025 2341 1140 2378 habet
1158 2340 1198 2378 in
1217 2352 1264 2378 eo
1285 2341 1354 2390 qui
1381 2341 1516 2379 sumit:

451 2391 633 2428 effectum
661 2399 791 2429 autem
819 2392 992 2430 sacrificii
1020 2393 1059 2430 in
1088 2405 1135 2430 eo
1164 2394 1231 2443 qui
1251 2395 1373 2443 offert,
1393 2396 1455 2432 vel
1478 2395 1518 2432 in

451 2443 511 2481 his
538 2456 610 2493 pro
639 2444 781 2493 quibus
809 2446 979 2483 offertur.

506 2497 546 2534 Si
573 2497 685 2546 igitur
717 2498 978 2535 consideretur
1004 2507 1047 2536 ut
1074 2508 1374 2548 sacramentum,
1403 2501 1519 2538 habet

452 2549 653 2599 dupliciter
672 2551 874 2588 effectum:
903 2563 984 2589 uno
1012 2553 1144 2600 modo,
1166 2552 1306 2590 directe
1333 2565 1380 2591 ex
1398 2554 1438 2591 vi
1461 2566 1517 2592 sa-

451 2603 656 2650 cramenti;
690 2603 764 2641 alio
792 2604 932 2652 modo,
961 2605 1071 2654 quasi
1099 2618 1146 2643 ex
1173 2606 1343 2655 quadarn
1378 2618 1518 2645 conco·

505 2716 532 2750 α)
551 2718 753 2744 continentiam.
770 2732 790 2737 —
806 2720 1043 2745 concomitantiam
1062 2720 1153 2746 GHbc.

505 2752 531 2788 β)
551 2754 743 2786 operabantur.
762 2769 781 2774 -
799 2758 947 2787 operantur
966 2756 1028 2781 PFl.

1576 539 1766 586 mitantia;
1788 539 1883 577 sicut
1902 548 1938 577 et
1957 540 2055 577 61163
2074 540 2348 579 continentiam
2369 548 2385 564 α
2414 543 2640 581 sacramenti

1577 592 1722 630 dictum
1750 601 1805 630 est
1823 592 1854 630 ²¹⁵.
1884 594 1943 630 Ex
1971 593 2010 630 vi
2037 593 2197 643 quidem
2225 595 2470 642 sacramenti,
2499 595 2640 633 directe
2667 598 2879 626 ‘Qu-fflffim·

2669 631 2688 652 1,
2701 631 2722 647 2.

1576 646 1692 683 habet
1728 645 1837 683 illum
1873 647 2055 683 effectum
2089 647 2138 684 ad
2170 660 2290 696 quem
2322 655 2378 684 est
2413 648 2638 686 institutum.

1576 700 1669 736 Non
1689 707 1744 736 est
1763 707 1893 737 autem
1912 699 2127 737 institutum
2147 700 2542 738 adsatissaciendum:
2573 701 2640 738 sed

1577 752 1625 789 ad
1645 752 1886 801 spiritualiter
1903 753 2154 790 nutriendum
2173 766 2242 802 per
2260 753 2448 791 unionem
2467 754 2516 791 ad
2533 754 2641 791 Chri-

1577 813 1680 842 stum
1708 813 1744 842 et
1772 806 1820 843 ad
1848 806 2025 843 membra
2053 806 2146 853 eius,
2172 806 2268 844 sicut
2297 815 2333 844 et
2360 806 2641 844 nutrimentum

1576 858 1708 895 unitur
1735 859 1888 896 nutrito.
1920 859 1998 896 Sed
2025 859 2117 908 quia
2144 860 2240 897 haec
2268 859 2392 897 unitas
2419 859 2463 896 fit
2490 872 2560 909 per
2583 872 2640 897 ca-

1576 911 1736 958 ritatem,
1758 923 1804 948 ex
1832 911 1942 949 cuius
1969 912 2119 949 fervore
2147 912 2283 962 aliquis
2311 913 2560 962 consequitur
2586 925 2640 950 re-

1576 963 1803 1001 missionem
1823 977 1904 1002 non
1924 966 2052 1002 solum
2079 966 2227 1014 culpae,
2248 966 2315 1003 sed
2335 965 2450 1003 etiam
2468 978 2638 1016 poenae;

1576 1016 1665 1053 inde
1685 1025 1740 1053 est
1759 1018 1867 1065 quod
1886 1029 1933 1054 ex
1952 1018 2215 1067 consequenti,
2235 1030 2304 1067 per
2332 1019 2530 1068 quandam
2549 1031 2640 1057 con-

1576 1068 1839 1106 comitantiam
1858 1070 1907 1106 ad
1926 1069 2177 1119 principalem
2196 1071 2390 1119 effectum,
2410 1073 2532 1110 homo
2551 1084 2640 1109 con-

1576 1121 1749 1170 sequitur
1783 1121 2050 1159 remissionem
2084 1134 2253 1171 poenae;
2289 1135 2370 1161 non
2397 1124 2557 1173 quidem
2583 1133 2640 1162 to-

1575 1174 1666 1220 tius,
1697 1175 1765 1211 sed
1793 1174 2011 1211 secundum
2043 1175 2206 1212 modum
2241 1188 2333 1213 suae
2360 1176 2577 1215 devotionis
2605 1185 2642 1215 et

1574 1227 1745 1264 fervoris

1628 1281 1862 1329 Inquantum
1891 1291 1992 1317 vero
2030 1287 2086 1317 est
2122 1280 2374 1328 sacrificium,
2411 1281 2527 1319 habet
2559 1282 2641 1319 vim

1574 1333 1852 1371 satisfactivam.
1883 1333 1959 1370 Sed
1987 1332 2028 1369 in
2056 1333 2306 1371 satisfactione
2334 1334 2456 1382 magis
2483 1334 2641 1372 attendi-

1573 1394 1636 1423 tur
1663 1387 1821 1423 affectus
1850 1386 2045 1423 offerentis
2064 1398 2184 1435 quam
2203 1387 2394 1436 quantitas
2421 1387 2640 1426 oblationis:

1573 1440 1678 1477 unde
1699 1447 1735 1477 et
1753 1439 1947 1476 Dominus
1966 1438 2070 1485 dixit,
2089 1440 2185 1476 Luc.
2205 1452 2264 1477 xxi
2278 1440 2309 1487 *,
2337 1441 2385 1477 de
2403 1440 2523 1478 vidua
2540 1453 2642 1491 quae

1574 1492 1711 1530 obtulit
1729 1493 1810 1530 duo
1829 1504 1928 1538 aera,
1950 1492 2058 1541 quod
2071 1493 2158 1542 plus
2176 1495 2347 1531 omnibus
2363 1495 2472 1531 misit.
2492 1493 2641 1541 Quam-

1573 1545 1631 1583 vis
1650 1545 1763 1594 igitur
1790 1546 1886 1583 haec
1914 1545 2056 1582 oblatio
2083 1557 2131 1582 ex
2159 1546 2219 1583 sui
2246 1546 2455 1595 quantitate
2478 1547 2643 1585 sufficiat

1573 1599 1623 1636 ad
1652 1598 1961 1636 satisfaciendum
1979 1610 2051 1648 pro
2071 1598 2179 1636 omni
2205 1610 2345 1648 poena,
2365 1607 2496 1638 tamen
2522 1600 2567 1638 fit
2584 1612 2642 1638 sa·

1572 1651 1776 1702 tisfactoria
1803 1650 1874 1688 illis
1900 1663 1972 1701 pro
2001 1651 2144 1701 quibus
2171 1652 2342 1700 offertur,
2362 1654 2425 1690 vel
2443 1653 2559 1691 etiam
2586 1653 2642 1691 of-

1571 1705 1792 1752 ferentibus,
1822 1705 2040 1742 secundum
2068 1704 2319 1754 quantitatem
2346 1717 2439 1743 suae
2471 1706 2642 1745 devotio—

1573 1758 1644 1805 nis,
1665 1766 1702 1795 et
1729 1770 1810 1795 non
1837 1769 1909 1807 pro
1936 1765 2016 1795 tota
2042 1769 2182 1807 poena.

1626 1813 1684 1849 An
1712 1823 1847 1849 PRiMUM
1875 1823 1973 1848 ERGO
2001 1823 2183 1849 mci-:unum
2217 1811 2326 1860 quod
2357 1820 2642 1851 sacramentum

1571 1864 1752 1915 baptismi
1787 1864 1927 1915 directe
1960 1863 2159 1901 ordinatur
2186 1864 2235 1901 ad
2263 1863 2532 1903 remissionem
2563 1867 2642 1904 cul-

1572 1929 1645 1967 pae
1664 1925 1701 1955 et
1727 1929 1889 1967 poenae,
1914 1928 1996 1954 non
2021 1924 2153 1954 autem
2180 1916 2450 1955 Eucharistia:·
2466 1918 2558 1968 quia
2575 1918 2642 1957 ba·

1572 1971 1736 2020 ptismus
1751 1971 1864 2008 datur
1882 1970 2032 2007 homini
2052 1969 2163 2019 quasi
2181 1970 2452 2008 commorienti
2467 1971 2640 2019 Christo3

1573 2023 1813 2061 Eucharistia
1832 2030 1963 2060 autern
1982 2022 2092 2072 quasi
2119 2022 2327 2060 nutriendo
2349 2031 2386 2061 et
2403 2024 2641 2074 perficiendo

1572 2089 1643 2128 per
1671 2076 1879 2114 Christum.
1909 2076 2022 2114 Unde
2050 2088 2131 2113 non
2159 2083 2215 2113 est
2243 2075 2375 2114 similis
2403 2077 2510 2116 ratio.

1626 2132 1684 2167 AD
1710 2141 1900 2167 sncUNDUM
1931 2141 2113 2167 manDUM
2146 2129 2254 2179 quod
2286 2129 2359 2167 alia
2392 2130 2578 2169 sacrificia
2604 2138 2642 2169 et

1573 2183 1785 2221 oblationes
1813 2195 1894 2220 non
1913 2182 2174 2232 operabantur
2191 2181 2206 2212 β
2234 2182 2502 2222 remissionem
2524 2184 2640 2222 totius

1571 2248 1742 2286 poenae,
1771 2248 1899 2286 neque
1927 2243 2118 2285 quantum
2146 2235 2195 2273 ad
2223 2237 2473 2285 quantitatem
2505 2237 2638 2286 oblati,

1572 2289 1669 2327 sicut
1696 2291 1774 2327 1106
1801 2288 2049 2335 sacrificium3
2079 2300 2207 2338 neque
2234 2298 2426 2338 quantum
2453 2290 2503 2328 ad
2521 2291 2639 2329 devo-

1571 2343 1718 2380 tionem
1751 2342 1941 2388 hominis,
1971 2354 2018 2379 ex
2050 2354 2128 2391 qua
2159 2341 2343 2391 contingit
2377 2344 2485 2393 quod
2523 2343 2639 2382 etiam

1572 2395 1635 2433 hic
1662 2408 1743 2433 non
1766 2395 1909 2432 tollitur
1935 2402 2014 2432 tota
2040 2406 2180 2444 poena.

1625 2450 1683 2486 An
1710 2460 1869 2486 Ti-:R'rmm
1896 2460 2078 2486 01611111)οΜ
2111 2448 2218 2497 quod
2253 2448 2330 2487 hoc
2363 2450 2472 2499 quod
2498 2449 2642 2488 tollitur

1572 2514 1660 2552 pars
1688 2513 1838 2551 poenae
1859 2509 1894 2538 et
1913 2513 1994 2538 non
2019 2509 2097 2538 tota
2116 2506 2131 2529 Υ
2159 2513 2230 2550 per
2247 2502 2324 2540 hoc
2343 2511 2638 2552 sacramentum,

1573 2567 1654 2592 non
1682 2554 1863 2603 contingit
1891 2567 1937 2591 ex
1966 2554 2113 2591 defectu
2141 2553 2290 2593 virtutis
2318 2556 2470 2604 Christi,
2498 2556 2565 2594 sed
2593 2568 2640 2594 ex

1572 2608 1722 2645 defectu
1750 2607 1967 2645 devotionis
1994 2608 2202 2645 humanae.

1626 2723 1654 2757 γ)
1673 2726 1739 2749 tota.
1757 2738 1776 2743 -
1789 2731 1879 2756 poena
1897 2724 1995 2749 addunt
2013 2732 2031 2749 a
2049 2730 2075 2750 et
2093 2725 2230 2750 editiones.

1127 2835 1463 2869 Commentarios
1484 2837 1738 2870 cardinalis
1761 2837 1964 2871 Caietam

455 2921 504 2983 In
528 2912 662 2942 articulo
687 2913 801 2952 quinto
826 2912 892 2943 duo
915 2913 1007 2944 valde
1030 2915 1183 2944 notabilia
1203 2900 1286 2945 511111.
1311 2915 1454 2947 Primum
1472 2922 1519 2947 est
1543 2919 1546 2946 Ι
1572 2916 1752 2948 devotionis
1783 2910 1919 2949 alterius,
1955 2919 2048 2950 Unde
2081 2919 2234 2960 arguendi
2268 2919 2510 2960 instruendique
2542 2920 2637 2951 simul

483 2955 573 2996 quod
596 2956 717 2987 oblatio
741 2957 971 2993 Eucharistiae,
997 2967 1034 2988 ex
1058 2959 1108 2989 sui
1131 2960 1317 2999 quantitate,
1338 2959 1455 2991 sufficit
1479 2960 1518 2991 ad

451 2999 708 3031 satisfaciendum
723 3010 782 3040 pro
800 3002 889 3031 omni
905 3011 1020 3041 poena.
1036 3021 1059 3024 —
1071 3002 1256 3034 Secundum
1273 3009 1320 3034 est
1335 3003 1425 3044 quod
1438 3005 1518 3036 haec

452 3044 572 3075 oblatio
592 3044 628 3075 fit
645 3044 851 3076 satisfactoria
866 3045 1082 3083 offerentibus,
1098 3047 1149 3078 vel
1167 3056 1226 3087 pro
1243 3048 1361 3088 quibus
1377 3048 1517 3086 offertur,

452 3088 630 3118 secundum
654 3090 864 3129 quantitatem
887 3100 963 3121 suae
987 3090 1176 3122 devotionis.

507 3132 555 3162 Ex
578 3133 682 3172 primo
714 3132 799 3164 dicto
823 3134 919 3164 habes
943 3134 1033 3175 quod
1055 3145 1120 3166 una
1142 3136 1254 3173 missa,
1279 3145 1317 3167 ex
1339 3142 1428 3177 parte
1451 3139 1516 3174 sui,

453 3181 499 3205 est
522 3175 726 3206 satisfactoria
748 3187 807 3217 pro
831 3179 945 3218 poenis
973 3180 1121 3210 omnium
1150 3186 1358 3220 peccatorum
1384 3186 1449 3211 tam
1471 3182 1517 3213 vi-

452 3219 596 3249 ventium
620 3229 718 3259 quam
740 3226 960 3252 mortuorum:
993 3224 1162 3262 quoniam,
1186 3229 1222 3254 ut
1245 3225 1306 3261 sic,
1331 3230 1377 3255 est
1402 3225 1518 3264 valoris

452 3262 579 3299 infiniti,
604 3265 758 3303 quoniam
782 3264 928 3295 Christus
952 3265 1091 3297 offertur.

508 3307 556 3337 Ex
579 3307 722 3338 secundo
753 3314 860 3339 autem
883 3309 968 3339 dicto
992 3311 1088 3341 habes
1119 3311 1209 3351 quod
1236 3321 1302 3342 una
1330 3313 1426 3343 missa
1448 3322 1516 3343 non

452 3350 557 3390 perdit
579 3351 645 3382 vim
668 3351 888 3383 satisfactionis
905 3363 980 3383 suae
1003 3363 1061 3394 pro
1077 3355 1182 3394 primo
1207 3355 1370 3392 offerente,
1395 3366 1433 3387 ex
1452 3357 1516 3387 hoc

454 3394 543 3434 quod
565 3404 624 3435 pro
648 3395 807 3431 secundo,
832 3397 943 3433 tertio,
968 3403 1096 3438 quarto,
1122 3399 1246 3438 quinto,
1271 3405 1342 3436 etc„
1367 3399 1515 3430 offertur:

453 3439 535 3469 sicut
559 3440 716 3479 quantitas
740 3439 920 3471 devotionis
943 3442 1038 3472 unius
1061 3442 1140 3472 nihil
1162 3443 1245 3473 tollit
1277 3443 1317 3474 de
1341 3445 1516 3484 quantitate

1571 2967 1645 2992 sunt
1667 2962 1815 2993 homines
1844 2963 2027 3004 ignoranter
2055 2969 2200 3004 petentes
2223 2963 2275 2994 vel
2304 2963 2464 3004 exigentes
2494 2973 2553 3004 pro
2580 2974 2638 2995 sua

1572 3006 1776 3048 eleemosyna
1791 3012 1893 3038 totam
1908 3007 1967 3038 sibi
1981 3008 2111 3038 missam
2127 3007 2203 3045 dari,
2219 3013 2274 3038 aut
2289 3017 2349 3039 suo
2366 3006 2529 3040 defuncto.
2550 3008 2638 3041 Nihil

1572 3051 1658 3081 enim
1681 3051 1788 3081 minus
1810 3052 1879 3091 ipse
1897 3052 2026 3082 habebit
2046 3053 2072 3082 si
2086 3052 2174 3082 mille
2197 3051 2250 3083 alii
2271 3057 2382 3092 petant
2405 3052 2540 3083 eandem
2561 3054 2638 3084 mis«

1572 3104 1639 3125 sam
1662 3104 1722 3135 pro
1745 3096 1856 3135 seipsis
1880 3101 1911 3126 et
1934 3096 2002 3126 aliis
2025 3095 2193 3130 defunctis,
2218 3105 2316 3136 quam
2339 3096 2365 3126 si
2386 3105 2446 3136 pro
2469 3097 2541 3137 ipso
2565 3097 2636 3128 solo

1572 3139 1722 3169 celebrari
1745 3139 1875 3170 dicatur.
1901 3139 2004 3170 Immo
2029 3149 2067 3170 ex
2089 3139 2275 3171 huiusmodi
2291 3139 2498 3171 indevotione
2521 3142 2565 3172 sic
2580 3151 2637 3182 pe-

1571 3183 1665 3213 tentis
1696 3182 1850 3214 damnum
1881 3183 2005 3214 videtur
2034 3184 2195 3215 incurrere
2223 3183 2313 3224 quod
2342 3185 2448 3215 minus
2476 3185 2535 3216 sibi
2561 3195 2637 3226 pro-

1571 3226 1662 3257 derit,

1626 3270 1780 3301 Diffusius
1803 3276 1912 3302 autem
1934 3270 2016 3302 forte
2039 3272 2092 3302 hic
2121 3272 2332 3303 scriberemus
2355 3273 2395 3303 de
2418 3274 2477 3304 hac
2500 3283 2551 3310 re,
2575 3275 2637 3305 nisi

1571 3314 1606 3344 in
1627 3315 1733 3354 primo
1757 3315 1934 3353 Quolibeto
1957 3321 2068 3346 nostro
2084 3317 2111 3352 ’ζ
2135 3317 2199 3346 13111
2224 3316 2320 3353 edito,
2345 3317 2458 3348 diffuse
2481 3318 2560 3349 haec
2582 3328 2636 3350 ve·-
2663 3323 2674 3334 ‘
2693 3322 2714 3344 0
2733 3327 2782 3344 ¹¹⁵⁶·
2801 3321 2875 3345 ente«.

1571 3358 1644 3388 ritas
1676 3357 1831 3389 declarata
1853 3357 1977 3396 fuisset,
2003 3369 2040 3390 ex
2064 3361 2249 3391 auctoritate
2279 3361 2375 3392 huius
2397 3362 2537 3399 litterae,
2560 3372 2636 3394 cum
2663 3347 2878 3404 ffir.,‘¹{=⁵1¹.⁹⁴1i⁴.m⁸’

1570 3401 1679 3432 multis
1703 3402 1781 3438 aliis,
1806 3408 1865 3432 etc.

1626 3445 1666 3475 Et
1688 3446 1767 3476 haec
1791 3445 1830 3476 de
1854 3447 2041 3487 quaestione
2065 3450 2386 3489 septuagesimanona
2409 3449 2575 3482 sufficiant.

2668 1448 2679 1459 ·
2692 1446 2762 1470 mre.
2776 1452 2829 1475 etp.
2840 1452 2883 1475 xa,

2668 1474 2881 1528 ἑὲῗὶιῖῗίηῗὲ
