2918 4088
462 214 512 250 94

1127 197 1388 246 QUAESTIO
1421 194 1587 239 LXVIII,
1618 190 1910 228 ARTICULUS
1937 191 1983 227 ΙΙΙ

219 289 436 318 ‘eanouonpud
464 282 625 318 Consecr„
643 282 712 313 dist.
729 282 772 312 IV
787 283 819 312 *z
847 281 943 318 Quod
965 280 1051 320 apud
1073 289 1131 309 nos
1154 279 1239 309 valet
1258 285 1341 316 aqua
1365 271 1520 313 baptismi,
1546 270 1549 308 ζ
1575 270 1669 310 pleat.
1704 270 1745 300 Et
1775 275 1959 310 propterea,
1984 269 2114 309 quando
2143 271 2378 311 impossibilitas
2406 275 2639 301 sacramentum

221 323 272 339 nos.

226 985 285 1033 ECf.
299 988 340 1006 art.
351 991 369 1011 ι,
379 983 407 1005 ad
419 990 437 1010 ι,

246 1018 267 1033 η,

327 1656 343 1672 α

231 1683 240 1693 ·
255 1682 302 1703 Leo
321 1681 344 1707 1,
366 1680 440 1708 Epist.

230 1708 284 1730 XVI
303 1707 379 1734 a1.1V‚
390 1713 440 1733 cap.

230 1742 251 1757 v.
261 1746 271 1751 -
283 1725 317 1756 Cf.
329 1740 378 1756 can.
388 1733 440 1754 Duo

231 1764 344 1789 lempora‚
351 1759 380 1781 de
386 1760 442 1781 Con-

231 1794 299 1815 secr„
316 1788 367 1809 dist.
382 1786 422 1808 1V.

327 1908 341 1942 β

229 2016 240 2025 “’
258 2013 314 2035 Can.
335 2018 413 2034 xxxiv.
430 2023 440 2028 -

231 2040 266 2062 cf.
289 2046 338 2062 can.
359 2038 443 2061 Iudaei

229 2073 333 2094 quorum,
343 2065 372 2087 de
380 2065 441 2087 Con—

230 2099 298 2120 secr„
313 2093 366 2114 dist.
380 2092 421 2114 1v.

327 2182 343 2207 γ

231 2448 241 2458 ·
256 2446 321 2468 Vei-s.
337 2451 359 2474 9.

233 2706 244 2717 ·
258 2708 324 2730 Vers.
338 2713 373 2732 ²0-

236 3132 248 3144 ¹
261 3131 327 3153 Vers.
343 3132 364 3154 8.

461 327 521 357 hoc
537 326 604 368 egit
618 326 704 367 apud
727 331 847 357 veteres
870 326 920 356 vel
937 334 1001 365 pro
1020 323 1169 364 parvulis
1191 321 1262 351 sola
1275 319 1372 360 fides,
1390 317 1439 347 vel
1456 324 1520 366 pro

462 370 638 401 maioribus
654 370 756 401 virtus
766 370 927 411 sacrificii,
941 369 1059 417 velpro
1075 367 1124 396 his
1139 366 1193 406 qui
1209 374 1250 394 ex
1261 363 1409 393 Abrahae
1423 365 1522 399 stirpe

456 415 653 455 prodierunt
675 414 864 455 mysterium
887 410 1148 444 circumczsionis.
1182 409 1266 438 Hinc
1296 406 1382 436 enim
1412 412 1521 443 arguo.

462 457 556 489 Fides
584 459 651 489 sola
673 464 817 488 veterum
832 467 899 487 non
921 456 980 486 fuit
1004 454 1131 484 maioris
1154 451 1276 481 virtutis
1300 448 1385 489 apud
1400 453 1522 497 veteres

464 512 561 542 quam
585 502 669 542 apud
692 512 761 532 nos.
786 502 833 532 Ac
856 510 913 540 per
928 500 999 534 hoc,
1017 507 1083 527 non
1106 496 1178 536 plus
1198 494 1312 534 potuit,
1329 496 1522 522 necessltatis

463 552 595 586 urgente
611 546 754 582 articulo,
767 545 933 575 subvenire
949 548 1025 572 tunc
1042 548 1138 580 quam
1154 547 1250 568 nunc.
1271 535 1333 567 Sed
1345 542 1432 571 tunc,
1445 534 1522 565 defi-

464 591 567 620 ciente
592 590 729 630 parvulis
745 589 875 629 proprio
899 586 1006 616 salutis
1029 583 1156 618 auxilio,
1173 587 1341 622 parentum
1364 579 1443 610 fides
1463 588 1522 619 pro

464 635 596 674 parvulo
613 634 680 663 sola
703 633 885 663 sufficiebat.
910 630 994 668 Ergo
1018 637 1114 661 nune,
1133 625 1261 666 quando
1278 624 1411 664 parvulo
1436 623 1524 653 deest

464 679 631 718 proprium
650 677 756 707 salutis
776 674 961 708 remedium,
979 671 1067 711 quod
1084 676 1130 700 est
1145 670 1311 709 baptisma,
1328 668 1396 698 sola
1411 677 1524 708 paren-

464 723 503 752 tis
519 721 607 757 fides,
624 721 792 761 parvulum
808 719 878 748 Deo
895 716 1040 750 offerens,
1054 714 1168 744 sufficit
1184 713 1223 743 ad
1239 713 1374 743 salutem
1389 712 1523 752 parvuli.

520 766 556 795 II.
580 766 647 795 Nec
678 765 780 794 obstat
808 763 832 792 si
855 761 975 791 dicatur
999 758 1087 798 quod
1111 757 1196 797 apud
1218 762 1340 787 veteres
1367 755 1446 786 fides
1469 765 1524 795 pa-

464 810 560 839 rentis
585 814 649 839 erat
663 808 829 848 proprium
852 803 1029 834 remedium
1049 802 1271 842 parvulorum:
1296 810 1382 831 nunc
1405 805 1524 836 autern,

465 853 651 883 adveniente
675 851 800 882 Christo
824 850 856 879 in
880 857 1017 882 carnem,
1033 846 1213 876 institutum
1237 850 1283 875 est
1307 844 1454 875 sensibile
1478 854 1525 874 sa-

466 902 662 926 cramentum
685 896 717 925 in
740 894 905 934 proprium
929 891 1135 931 parvulorum
1158 889 1346 920 remedium.
1371 889 1454 924 Hoc,
1477 889 1526 918 in-

466 950 579 980 quam,
603 949 670 970 non
693 939 804 968 obstat.
830 936 1004 974 Quoniam,
1021 934 1148 965 duobus
1172 934 1386 969 existentibus,
1408 933 1527 963 scilicet

465 984 527 1014 fide
544 990 574 1014 et
578 983 663 1025 fidei
676 985 877 1013 sacramento
890 981 916 1015 *‚
928 979 1073 1019 operanti
1087 977 1175 1019 apud
1188 983 1310 1008 veteres
1325 976 1400 1008 fidei
1415 977 1527 1007 adiun-

466 1034 553 1058 ctum
575 1032 684 1057 nostro
708 1032 852 1064 ternpore
875 1023 950 1054 fidei
970 1028 1204 1053 sacramentum
1227 1022 1285 1052 sub
1307 1022 1430 1052 ratione
1451 1031 1527 1061 pos-

465 1072 562 1102 sibilis
580 1071 794 1109 intelligimus,
811 1078 878 1098 non
901 1073 937 1098 ut
960 1066 1035 1098 fidei
1050 1067 1200 1098 virtutem
1222 1067 1333 1102 solvat,
1350 1065 1405 1096 sed
1428 1065 1528 1096 adim-

1575 313 1650 344 fidei
1673 314 1831 350 excludit,
1854 314 1962 344 virtuti
1985 313 2060 344 fidei
2083 313 2174 344 locus
2197 315 2395 354 relinquitur.
2430 315 2471 346 Et
2493 315 2538 346 sic
2567 324 2639 355 par-

1575 358 1668 388 vulus
1693 367 1730 388 ex
1754 358 1912 398 baptismo
1937 356 2077 388 fluminis
2103 363 2181 388 voto
2204 360 2342 400 parentis
2365 364 2514 400 suscepto
2540 359 2639 389 salva-

1575 407 1670 438 retur,
1692 403 1718 432 si
1740 401 1937 442 impossibile
1957 407 2038 432 esset
2052 402 2159 442 ipsum
2182 402 2334 443 baptizari
2349 412 2441 443 aqua.
2465 402 2640 433 Debetssau-

1576 451 1642 476 tem
1665 447 1698 476 in
1721 446 1775 476 tali
1799 455 1873 476 casu
1897 455 2010 486 parens
2034 446 2125 485 signo
2150 447 2251 477 crucis
2274 445 2428 478 infantem
2451 456 2527 477 cum
2549 447 2640 477 invo-

1577 491 1702 520 catione
1718 490 1880 520 Trinitatis
1902 490 2038 525 munire‚
2055 490 2164 530 sicque
2180 490 2251 521 Deo
2268 490 2381 522 offerre
2400 487 2591 521 morientem
2607 487 2640 520 in

1576 535 1707 565 nomine
1728 535 1836 565 Patris
1859 539 1890 564 et
1910 533 1988 564 Filii
2011 538 2042 564 et
2063 533 2203 575 Spiritus
2225 535 2345 565 Sancti.

1633 578 1684 608 III.
1708 579 1749 609 Et
1772 577 1980 610 confirmatur
1998 579 2062 608 hoc
2085 587 2123 608 ex
2146 578 2247 609 salute
2265 579 2474 619 parvulorum
2494 584 2641 618 tempore

1578 623 1828 653 circumcisionis
1844 628 1916 653 ante
1940 628 2090 653 octavum
2110 621 2195 652 diem
2214 623 2431 653 morientium.
2454 623 2538 653 Nam
2553 623 2640 658 tales,

1578 666 1756 696 secundum
1786 666 2034 707 probabiliorem
2065 667 2270 706 opinionem,
2301 667 2519 698 moriebantur
2548 667 2642 697 incir-

1579 711 1721 747 cumcisi,
1739 716 1774 741 ut
1789 717 1876 751 patet
1891 710 1930 741 de
1947 710 2039 741 fratre
2056 711 2238 742 Salomonis
2249 712 2282 741 ⁴*:
2308 716 2339 741 et
2354 717 2462 742 tamen
2480 711 2643 742 salvaban-

1578 760 1629 785 tur
1652 764 1709 795 per
1723 755 1980 786 benedictionem
2004 765 2061 785 seu
2085 755 2281 786 oblationem
2304 755 2453 796 aliquam.
2478 755 2643 793 Quoniam

1580 809 1618 829 ex
1640 799 1710 839 lege
1734 799 1985 830 circumcisionis
2014 809 2082 830 non
2111 805 2185 830 sunt
2208 799 2321 830 redditi
2347 809 2450 830 mares
2480 799 2643 830 deterioris

1580 842 1773 874 conditionis
1789 853 1886 883 quam
1902 843 2049 879 feminae,
2063 853 2141 883 quas
2165 849 2288 874 constat
2303 850 2376 874 ante
2392 849 2542 874 octavum
2558 842 2644 874 diem

1579 888 1722 927 potuisse
1745 889 1901 928 consequi
1923 887 2101 918 remedium
2124 894 2234 919 contra
2255 889 2379 929 peccati
2402 888 2562 928 originalis
2577 897 2644 918 ma-

1581 931 1696 962 culam.
1721 931 1810 962 Sicut
1825 933 1920 972 igitur
1942 932 2156 963 incircumcisi
2171 938 2249 963 tunc
2269 932 2415 966 infantes,
2431 937 2563 972 propter
2584 932 2644 962 im-

1580 976 1821 1016 possibilitatem
1845 977 2106 1013 circumcisionis,
2122 978 2156 1007 in
2178 976 2243 1007 fide
2266 982 2436 1017 parentum
2451 977 2563 1007 salvari
2584 985 2644 1017 po-

1581 1026 1692 1056 terant,
1709 1021 1751 1052 ita
1774 1030 1861 1051 nunc
1883 1030 1951 1051 non
1966 1021 2125 1061 baptizati.
2148 1021 2300 1062 Nihilque
2323 1021 2375 1051 hic
2395 1026 2450 1054 aut
2470 1021 2516 1051 ibi
2538 1021 2644 1062 sequi-

1582 1070 1633 1095 tur
1656 1064 1804 1096 adversus
1828 1064 1967 1095 divinam
1990 1065 2095 1105 legem
2117 1074 2192 1096 sane
2214 1065 2418 1096 intellectam.

1268 1225 1587 1267 ARTICULUS
1616 1224 1846 1267 TERTIUS

1138 1327 1295 1358 UTRUM
1318 1325 1559 1357 BAPTISMus
1583 1325 1649 1356 SIT
1672 1301 1973 1356 DlFFERENnus

722 1417 812 1449 Supra,
833 1424 877 1449 qu.
895 1424 976 1445 xxnx,
996 1420 1044 1442 art.
1065 1415 1089 1447 3,
1109 1416 1140 1440 ad
1162 1422 1190 1447 13
1212 1415 1245 1440 1v
1265 1415 1347 1444 Sent.,
1367 1415 1426 1440 dist.
1444 1422 1478 1445 iv,
1498 1422 1544 1447 qu.
1562 1422 1599 1445 111,
1619 1419 1665 1440 art.
1686 1421 1709 1445 1,
1729 1414 1778 1446 qu²
1798 1421 1827 1445 2;
1848 1414 1907 1440 dist.
1924 1422 1958 1446 vt.
1977 1422 2021 1448 qu.
2039 1423 2067 1445 ιι,
2086 1421 2132 1441 art.
2153 1423 2176 1446 ι,
2195 1417 2244 1450 qu·
2264 1424 2288 1448 2,
2307 1417 2339 1442 ad
2360 1423 2389 1448 1;

1315 1451 1373 1475 dist.
1390 1457 1452 1482 xvu,
1471 1458 1516 1483 qu.
1533 1457 1571 1480 ιιι,
1590 1454 1636 1475 art.
1657 1457 1684 1481 ι,
1702 1450 1753 1482 qu·
1770 1458 1797 1482 4.

497 1559 559 1588 >fd
583 1565 628 1590 s
675 1554 698 1578 D
713 1552 872 1578 TERTIUM
901 1552 954 1577 s1c
978 1551 1214 1577 PROCED1TUR.
1239 1539 1400 1576 Videtur
1420 1538 1527 1588 quod

489 1575 647 1656 &Af
677 1593 890 1643 baptismus
923 1592 968 1630 sit
1000 1592 1247 1630 differendus.
1291 1592 1391 1629 Dicit
1423 1592 1528 1629 enim

483 1648 521 1707 ’μγ
543 1665 603 1694 *74
624 1645 759 1689 (Leo
787 1647 894 1696 Papa
913 1651 930 1685 ἦ
948 1646 985 1682 *ε
1015 1647 1102 1683 Duo
1129 1652 1310 1696 tempora,
1341 1646 1429 1682 idest
1455 1646 1527 1682 Pa-

523 1677 565 1729 ᾧ

523 1717 533 1729 t
555 1724 562 1727 ,

565 1704 582 1714 n

572 1695 619 1735 ἐῢ
634 1693 764 1737 &seha
802 1705 835 1736 et
865 1701 1088 1746 Pentecoste,
1126 1699 1177 1736 ad
1208 1699 1468 1748 baptizandum
1505 1711 1529 1735 a

467 1756 641 1792 Romano
677 1754 857 1801 Pontifice
883 1753 1049 1802 legitima
1079 1754 1257 1802 praefixa
1283 1757 1377 1788 sunt.
1425 1751 1531 1789 Unde

467 1807 709 1844 Dilectionem
736 1812 896 1845 vestram
924 1817 1118 1842 monemus
1146 1811 1184 1842 ut
1207 1805 1326 1842 nullos
1344 1805 1437 1842 alios
1455 1804 1531 1841 dies

468 1862 552 1897 huic
588 1861 836 1897 observationi
870 1860 1060 1896 misceatis.
1105 1857 1265 1895 Videtur
1296 1869 1386 1906 ergo
1423 1857 1530 1906 quod

469 1919 642 1962 oporteat
662 1925 742 1949 non
762 1911 887 1949 statim
906 1911 1056 1961 aliquos
1071 1909 1086 1941 β
1104 1910 1298 1961 baptizari,
1319 1910 1387 1948 sed
1405 1922 1530 1960 usque

468 1967 518 2003 ad
545 1965 737 2015 praedicta
763 1973 940 2015 tempora
966 1964 1205 2014 baptismum
1233 1963 1386 2001 differri.

524 2031 558 2056 2.
589 2020 819 2066 PRAETEREA,
848 2018 889 2055 in
913 2017 1087 2055 Concilio
1106 2017 1312 2066 Agathensi
1330 2017 1351 2039 ’¹‘
1378 2016 1529 2065 legitur:

468 2072 617 2119 Iudaei,
653 2084 811 2122 quorum
841 2071 1003 2121 perfidia
1027 2071 1250 2120 frequenter
1277 2070 1329 2108 ad
1353 2072 1530 2108 vomitum

470 2126 572 2172 redit,
600 2127 634 2162 si
658 2126 709 2163 ad
734 2125 834 2175 leges
857 2124 1065 2162 Catholicas
1091 2125 1218 2162 venire
1235 2124 1430 2171 voluerint,
1450 2129 1531 2161 octo

469 2191 611 2215 menses
639 2180 762 2216 inter*
786 2178 1067 2215 catechumenos
1085 2177 1260 2215 ecclesiae
1277 2177 1388 2214 limen
1418 2179 1532 2214 intro-

469 2238 573 2269 eant:
610 2237 654 2278 et,
683 2233 715 2268 si
734 2244 836 2281 pura
853 2231 936 2279 fide
962 2232 1090 2268 venire
1117 2237 1329 2277 noscantur,
1358 2236 1445 2267 tunc
1472 2230 1532 2267 de-

470 2297 572 2322 mum
600 2286 773 2334 baptismi
797 2285 961 2334 gratiam
980 2290 1207 2321 mereantur.
1236 2284 1330 2320 Non
1349 2295 1439 2332 ergo
1459 2290 1531 2320 sta-

470 2338 539 2375 tim
567 2345 656 2374 sunt
683 2337 862 2374 homines
889 2335 1119 2386 baptizandi,
1148 2336 1216 2373 sed
1243 2348 1368 2386 usque
1387 2336 1437 2374 ad
1455 2348 1532 2374 cer-

471 2400 552 2428 tum
582 2398 736 2439 tempus
765 2397 820 2426 est
847 2389 1107 2427 differendum
1134 2388 1335 2438 baptisma.

527 2443 561 2480 3.
591 2444 830 2490 PRAETEREA‚
859 2442 955 2479 sicut
982 2442 1120 2480 dicitur
1146 2441 1263 2479 Isaiae
1282 2454 1376 2479 xxvn
1394 2441 1430 2479 *z
1460 2443 1534 2479 Iste

473 2503 523 2534 est
537 2498 656 2533 omnis
659 2497 821 2544 fructus,
838 2501 875 2532 ut
889 2496 1084 2543 auferatur
1091 2501 1298 2545 peccatum.
1321 2494 1398 2532 Sed
1413 2495 1533 2543 magis

472 2549 625 2586 videtur
651 2548 789 2585 auferri
816 2556 1031 2597 peccatum,
1059 2549 1122 2584 vel
1149 2547 1264 2585 etiam
1292 2547 1473 2595 diminui,
1502 2547 1534 2584 si

472 2602 686 2651 baptismus
714 2601 911 2638 differatur
929 2599 953 2638 ⁶.
983 2600 1115 2638 Primo
1135 2600 1305 2650 quidem,
1327 2599 1419 2649 quia
1445 2612 1533 2650 pec-

473 2662 601 2692 cantes
628 2662 715 2703 post
742 2653 979 2703 baptismum
1006 2653 1159 2702 gravius
1186 2661 1364 2702 peccant:
1398 2665 1534 2691 secun-

473 2709 570 2745 dum
597 2707 689 2744 illud
716 2708 815 2745 Heb.
836 2719 859 2744 x
877 2706 912 2743 *ῑ
955 2708 1102 2749 Quanto
1130 2708 1254 2756 magis
1275 2708 1412 2756 putatis
1439 2706 1534 2743 dete-

473 2763 577 2798 riora
605 2762 744 2797 mereri
772 2760 952 2810 supplicia
988 2761 1052 2809 qui
1075 2762 1299 2810 sanguinem
1332 2762 1537 2796 testamenti

471 2814 651 2863 pollutum
679 2814 837 2859 duxerit,
866 2814 903 2849 in
934 2824 1005 2862 quo
1031 2814 1280 2861 sanctificatus
1307 2818 1369 2858 est,
1396 2811 1535 2850 scilicet

472 2879 542 2916 per
568 2865 836 2916 baptismum?
865 2865 1058 2913 Secundo,
1083 2865 1174 2915 quia
1201 2865 1414 2914 baptismus
1442 2864 1536 2902 tollit

472 2927 628 2969 peccata
640 2918 853 2969 praeterita,
865 2931 951 2955 non·
960 2926 1090 2956 autem
1104 2918 1245 2956 futura:
1261 2918 1378 2966 unde,
1390 2925 1535 2967 quanto

473 2971 686 3022 baptismus
722 2971 843 3020 magis
871 2971 1064 3018 differtur,
1094 2979 1198 3009 tanto
1235 2972 1346 3020 plura
1381 2979 1537 3020 peccata

473 3026 586 3062 tollet.
622 3025 782 3062 Videtur
808 3036 898 3072 ergo
927 3024 1034 3074 quod
1061 3024 1275 3074 baptismus
1306 3024 1443 3062 debeat
1470 3023 1536 3061 diu

476 3077 630 3114 differri.

531 3130 604 3166 SED
624 3141 768 3166 CONTRA
787 3141 852 3166 EST
876 3130 983 3178 quod
1002 3129 1140 3167 dicitur
1157 3130 1304 3167 Eccli.v
1318 3130 1353 3166 ²¹⁸:
1382 3131 1446 3168 Ne
1463 3136 1537 3167 tar-

477 3182 538 3218 des
556 3184 721 3220 converti
737 3183 787 3219 ad
812 3183 1039 3219 Dominum.-
1073 3189 1106 3220 et
1125 3195 1172 3220 ne
1190 3182 1342 3231 differas
1361 3183 1406 3219 de
1424 3183 1482 3219 die
1499 3185 1538 3220 in

477 3235 584 3271 diem.
612 3234 687 3271 Sed
706 3234 870 3283 perfecta
889 3235 1090 3271 conversio
1110 3235 1158 3272 ad
1178 3235 1307 3271 Deum
1327 3242 1383 3271 est
1401 3247 1539 3271 eorum

531 3365 558 3398 α)
578 3366 662 3397 Papa.
679 3379 698 3383 —
715 3365 773 3390 FsD
793 3370 818 3390 et
839 3365 927 3396 tertia;
956 3366 1031 3398 Papa
1055 3369 1177 3398 propter.
1205 3367 1256 3390 Pro
1276 3366 1436 3396 Pentecoste,
1461 3367 1538 3391 Pent'
1563 3366 1566 3388 Ι

477 3401 576 3431 ACDE,
595 3401 761 3426 Pentecostes
779 3401 826 3430 Ba,
847 3401 1016 3426 Pentecosten
1036 3401 1076 3425 alii
1096 3406 1197 3433 praeter
1212 3401 1240 3426 P.
1260 3401 1310 3426 Pro
1328 3401 1456 3434 legitima,
1472 3402 1537 3434 legi-

477 3436 541 3461 time
555 3436 683 3476 ‚editiones
702 3441 727 3460 et
744 3443 770 3460 a.
788 3449 807 3454 —
825 3436 1004 3461 observationi
1028 3436 1160 3461 misceatis
1182 3436 1269 3466 tertia3
1294 3436 1433 3462 observato
1452 3437 1537 3462 immi-

477 3475 582 3497 secatis.

533 3511 559 3547 β)
578 3512 690 3545 aliquos.
706 3527 725 3531 -
743 3513 857 3545 aliquem
876 3514 957 3538 tertia.

1582 1538 1649 1588 qui
1669 1546 1940 1587 regenerantur
1958 1539 1998 1576 in
2018 1539 2170 1577 Christo
2188 1552 2259 1590 per
2277 1540 2524 1591 baptismum.
2554 1545 2647 1583 Non

1581 1603 1672 1639 ergo
1691 1592 1905 1642 baptismus
1924 1592 2038 1630 debet
2055 1592 2198 1630 differri
2218 1594 2267 1631 de
2286 1594 2348 1632 die
2367 1594 2407 1632 in
2426 1595 2540 1634 diem.

1636 1646 1860 1682 RESPONDEO
1874 1657 2056 1683 memnon
2071 1646 2178 1695 quod
2200 1646 2299 1684 circa
2317 1648 2394 1686 hoc
2413 1649 2647 1699 distinguen-

1583 1697 1680 1734 dum
1708 1706 1764 1735 est
1790 1706 1922 1736 utrum
1949 1698 2023 1735 sint
2050 1698 2269 1748 baptizandi
2295 1701 2407 1750 pueri
2433 1703 2496 1740 vel
2514 1703 2644 1742 adulti.

1585 1750 1625 1788 Si
1653 1750 1758 1788 enim
1785 1751 1896 1801 pueri
1924 1751 1998 1788 sint
2025 1752 2255 1802 baptizandi,
2284 1765 2366 1791 non
2385 1762 2440 1792 est
2467 1755 2646 1795 differen-

2669 718 2680 729 ·
2691 717 2770 739 Gla-⁸.
2782 717 2839 740 ord.
2847 723 2886 740 uu·

2670 743 2820 772 pei-Prome·
2837 749 2873 766 ,tv

2671 776 2730 793 m..
2749 776 2769 799 ³
2783 780 2796 787 -
2810 750 2846 793 ἃ.
2860 760 2883 793 11

2670 829 2723 845 'm
2747 802 2806 846 ιῗρ.
2834 802 2883 825 ιιι,

1584 1804 1681 1841 dum
1708 1803 1909 1854 baptisma.
1946 1804 2077 1842 Primo
2105 1805 2276 1855 quidem,
2305 1807 2398 1856 quia
2423 1819 2505 1846 non
2533 1821 2646 1859 expe—
2668 1834 2672 1838 -

1584 1864 1706 1894 ctatur
1733 1857 1772 1894 in
1801 1857 1854 1894 eis
1881 1857 2006 1902 maior
2032 1857 2240 1906 instructio,
2263 1867 2329 1896 aut
2356 1859 2472 1898 etiam
2498 1862 2648 1911 plenior

1584 1910 1797 1948 conversio.
1818 1933 1844 1937 —
1864 1911 2057 1959 Secundo,
2077 1919 2234 1961 propter
2259 1911 2476 1962 periculum
2494 1915 2646 1953 mortis:

1585 1962 1676 2012 quia
1703 1975 1784 2000 non
1803 1971 1928 2013 potest
1947 1969 1958 1985 ²
1987 1964 2060 2001 alio
2081 1964 2253 2003 remedio
2273 1965 2470 2004 subveniri
2488 1967 2560 2005 nisi
2578 1980 2649 2018 per
2684 1962 2686 1965 ¹

1585 2024 1870 2054 sacramentum
1897 2016 2087 2066 baptismi.

1638 2069 1788 2106 Adultis
1814 2081 1908 2107 vero
1941 2070 2138 2108 subveniri
2173 2079 2298 2120 potest
2330 2083 2400 2122 per
2427 2074 2556 2113 solum
2582 2074 2648 2114 ba-

1586 2121 1715 2172 ptismi
1736 2122 1982 2169 desiderium,
2003 2130 2045 2160 ut
2063 2135 2180 2174 supra
2194 2124 2214 2147 *
2231 2125 2376 2163 dictum
2398 2133 2464 2165 est.
2493 2127 2543 2165 Et
2559 2127 2648 2167 ideo
2672 2125 2687 2144 '⁸

1586 2175 1724 2213 adultis
1751 2188 1832 2213 non
1861 2175 1986 2213 statim
2013 2188 2103 2214 cum
2125 2186 2414 2225 convertuntur,
2443 2187 2499 2216 est
2526 2191 2648 2221 sacm—

1587 2236 1764 2266 mentum
1792 2228 1971 2278 baptismi
1999 2230 2289 2277 conferendum,
2318 2232 2386 2270 sed
2414 2240 2567 2282 oportet
2582 2233 2648 2271 dif-

1585 2282 1682 2319 ferre
1714 2294 1839 2331 usque
1872 2282 1921 2319 ad
1949 2282 2106 2332 aliquod
2133 2290 2282 2323 certum
2309 2291 2473 2334 tempus.
2516 2285 2648 2325 Primo

1587 2335 1759 2384 quidem,
1787 2342 1944 2384 propter
1971 2336 2159 2373 cautelam
2188 2337 2391 2385 Ecclesiae,
2415 2349 2465 2375 ne
2485 2338 2650 2389 decipia-

1586 2395 1668 2434 tur,
1703 2387 1790 2424 ficte
1817 2387 1829 2413 ζ
1863 2387 2133 2426 accedentibus
2169 2390 2389 2428 conferens:
2433 2392 2650 2431 secundum

1586 2440 1680 2478 illud
1699 2441 1713 2478 1
1733 2442 1836 2478 Ioan.
1857 2453 1892 2477 iv
1909 2440 1946 2477 *ε
1976 2441 2103 2478 Nolite
2121 2444 2226 2479 omni
2241 2444 2387 2492 spiritui
2402 2444 2565 2492 credere,
2585 2446 2653 2484 sed

1581 2495 1740 2543 probate
1774 2495 1924 2543 spiritus
1956 2496 1990 2530 si
2021 2506 2071 2532 ex
2095 2495 2178 2532 Deo
2211 2501 2306 2533 sunt.
2349 2497 2462 2543 Quae
2490 2497 2650 2546 quidem

1587 2545 1764 2596 probatio
1792 2546 1957 2584 sumitur
1974 2546 2023 2583 de
2042 2548 2312 2586 accedentibus
2331 2549 2381 2587 ad
2399 2549 2649 2600 baptismum,

1588 2599 1746 2648 quando
1773 2611 1844 2648 per
1866 2599 2024 2648 aliquod
2043 2600 2210 2649 spatium
2238 2613 2377 2639 eorum
2394 2602 2493 2640 fides
2511 2611 2548 2640 et
2565 2615 2651 2644 mo-

1588 2664 1649 2689 res
1668 2651 1947 2690 examinantur.
1963 2674 1989 2679 —
2009 2653 2202 2701 Secundo,
2223 2655 2300 2692 hoc
2317 2662 2374 2692 est
2391 2656 2652 2695 necessarium

1589 2705 1638 2742 ad
1657 2704 1855 2742 utilitatem
1874 2717 2012 2743 eorum
2032 2706 2099 2755 qui
2118 2707 2379 2756 baptizantur:
2409 2708 2502 2758 quia
2520 2709 2651 2760 aliquo

1588 2757 1773 2808 temporis
1801 2757 1923 2807 spatio
1951 2758 2120 2807 indigent
2148 2760 2197 2797 ad
2224 2761 2302 2798 hoc
2328 2762 2436 2810 quod
2462 2763 2576 2811 plene
2593 2762 2650 2800 in-

1589 2818 1783 2848 struantur
1816 2811 1864 2848 de
1895 2811 1994 2859 fide,
2032 2819 2068 2849 et
2099 2813 2352 2852 exercitentur
2384 2813 2425 2851 in
2456 2814 2516 2852 his
2549 2826 2651 2864 quae

1589 2863 1779 2914 pertinent
1797 2864 1847 2901 ad
1866 2863 1984 2902 vitam
2005 2865 2273 2904 Christianam.
2293 2888 2320 2894 -
2337 2866 2481 2914 Tertio,
2500 2867 2577 2905 hoc
2595 2875 2652 2906 est

1590 2916 1850 2954 necessarium
1864 2917 1913 2954 ad
1928 2918 2126 2967 quandam
2140 2919 2394 2958 reverentiam
2407 2920 2649 2958 sacramenti:

1590 2971 1688 3008 dum
1706 2970 1747 3007 in
1765 2969 2069 3008 solemnitatibus
2086 2971 2314 3021 praecipuis,
2329 2971 2468 3010 scilicet
2481 2973 2652 3012 Paschae

1592 3031 1628 3061 et
1650 3024 1904 3071 Pentecostes,
1925 3023 2103 3061 homines
2122 3024 2172 3061 ad
2190 3023 2427 3074 baptismum
2445 3025 2652 3065 admittun-

1590 3084 1663 3122 tur,
1693 3083 1730 3113 et
1757 3075 1807 3113 ita
1835 3075 2011 3114 devotius
2039 3084 2323 3115 sacramentum
2351 3077 2574 3127 suscipiunt.

1644 3129 1751 3166 Haec
1778 3136 1908 3166 tamen
1928 3127 2055 3166 dilatio
2075 3136 2130 3165 est
2147 3130 2482 3178 praetermittenda
2509 3131 2652 3181 duplici

1593 3181 1750 3219 ratione.
1798 3181 1930 3218 Primo
1965 3180 2142 3230 quidem,
2180 3182 2339 3232 quando
2373 3182 2425 3220 illi
2461 3183 2529 3233 qui
2565 3191 2653 3222 sunt

1592 3233 1822 3283 baptizandi,
1851 3240 2036 3283 apparent
2062 3234 2226 3283 perfecte
2254 3234 2425 3273 instructi
2452 3235 2492 3273 in
2519 3236 2597 3275 fide
2617 3245 2654 3274 et

1645 3366 1672 3435 ἔξ
1690 3367 1885 3435 :azenari-²1²3
1892 3369 2103 3435 'tristabamur
2122 3401 2222 3428 PEIsG.

1645 3437 1668 3468 ε)
1683 3440 1782 3469 potest.
1799 3451 1819 3456 -
1837 3437 1874 3462 ets
1893 3436 1963 3462 addit
1979 3437 2062 3463 tertia.

1644 3472 1670 3506 ζ)
1682 3473 1756 3505 ficte.
1772 3486 1792 3492 -«
1810 3471 1857 3506 (ad
1875 3471 1916 3506 bc)
1935 3476 2131 3498 sacramentum
2143 3473 2210 3506 ficte
2229 3474 2309 3500 tenin.
