2878 4088
1014 179 1279 226 QUAESTIO
1308 178 1516 224 LXXXIV,
1536 177 1830 215 ARTICULUS
1849 179 1895 214 111
2469 188 2538 224 197

1533 255 1596 286 Sed
1623 256 1685 286 hoc
1708 265 1776 285 non
1799 261 1905 295 potest
1927 265 2013 286 esse:
2043 257 2119 296 quia
2140 257 2283 297 implicat
2301 257 2334 287 in
2358 266 2391 287 se
2415 261 2541 286 contra-

1478 299 1663 330 dictionem.
1688 298 1788 337 Quod
1809 305 1896 339 patet
1919 300 1973 329 sic.
1998 300 2043 330 Sit
2066 301 2198 340 aliquod
2222 310 2338 341 corpus
2362 300 2452 341 quod
2469 309 2542 330 mo·

424 355 444 375 n
461 355 596 375 narrum
619 355 665 376 src
688 355 892 377 nocam-run.
922 346 1056 376 Videtur
1076 345 1166 386 quod
1185 350 1376 375 moveantur
1390 345 1424 374 in
1476 349 1588 374 veatur
1611 343 1651 374 de
1674 343 1704 373 A
1726 344 1760 373 in
1783 343 1820 379 B,
1838 349 1869 373 et
1892 352 2009 383 corpus
2032 350 2159 375 motum
2177 345 2216 375 sit
2234 345 2268 375 Z.
2294 345 2428 376 Constat
2452 343 2542 384 quod

122 396 172 418 ve
187 395 256 418 Ctvte.
270 395 330 422 Det,
362 358 561 420 Ainstanti.
595 391 795 430 Augustinus
827 391 915 421 enim
952 390 1027 421 dicit
1050 391 1066 407 ⁴*
1095 389 1203 430 quod,
1236 389 1424 429 ubicumque
1478 388 1512 424 Z,
1537 387 1681 428 quandiu
1705 393 1751 418 est
1773 392 1879 417 totum
1902 388 1936 417 in
1959 388 1999 423 A,
2023 397 2090 417 non
2113 395 2270 419 movetur.
2302 389 2452 420 Similiter
2481 397 2541 418 nec

524 280 624 310 ART.
649 279 700 310 III.
725 290 829 310 unum
852 290 1040 311 novum-tm
1063 290 1095 310 m
1118 289 1259 310 ῐΝετΑΝ-τῐ

117 423 159 445 lib.
185 422 257 447 xxn.
280 427 330 449 etp.

119 456 173 471 χχχ,
359 434 499 464 voluerit
521 435 663 475 spiritus,
680 435 723 464 ibi
741 435 804 465 erit
826 440 856 465 et
871 444 999 475 corpus.
1024 434 1087 465 Sed
1110 439 1217 464 motus
1240 433 1422 468 voluntatis,
1446 442 1454 463 ς
1479 431 1609 472 quando
1634 437 1680 462 est
1703 437 1809 462 totum
1832 431 1865 461 in
1889 431 1933 460 B:
1959 432 2035 471 quia
2058 437 2134 462 tunc
2157 438 2284 463 motum
2308 438 2364 463 est.
2395 433 2491 472 Ergo,
2515 433 2541 462 si

358 478 538 509 secundum
561 489 660 519 quem
683 480 810 519 spiritus
834 479 902 509 vult
925 479 1041 510 alicubi
1065 488 1143 514 esse,
1161 483 1207 508 est
1229 478 1263 508 in
1283 477 1422 507 instanti.
1478 475 1651 516 aliquando
1675 481 1837 511 movetur,
1863 481 1991 515 oportet
2019 475 2109 514 quod
2135 485 2242 516 neque
2265 477 2304 506 sit
2326 482 2433 507 totum
2456 477 2489 506 in
2512 476 2542 506 A

359 522 444 563 Ergo
469 529 500 553 et
523 529 631 554 motus
655 523 799 563 corporis
822 524 880 553 erit
902 524 935 553 in
958 523 1097 553 instanti.
1477 530 1585 560 neque
1607 525 1714 550 totum
1736 520 1770 550 in
1794 520 1830 550 B.
1854 519 1951 559 Ergo,
1976 519 2106 559 quando
2129 526 2286 556 movetur,
2308 521 2359 551 vel
2381 529 2541 560 nusquam

117 565 331 615 §.eigllsskzffij'
416 576 445 597 2.
462 568 658 604 Pmmrnnm,
671 567 896 607 Philosophus,
910 568 943 598 in
959 567 1002 597 1V
1013 567 1141 608 Physic.
1154 567 1181 602 ἡ
1194 566 1309 606 probat
1325 563 1423 605 quod,
1478 570 1544 601 est;
1573 564 1624 595 vel
1652 569 1698 594 est
1726 564 1841 604 partim
1867 564 1901 593 in
1924 564 1954 594 A
1977 571 2009 593 et
2036 564 2150 603 partim
2178 565 2211 594 in
2235 565 2278 600 B;
2302 565 2353 595 vel
2380 570 2486 594 totum
2508 564 2543 594 in

0 537 6 593 ἑ

359 611 384 641 si
408 610 498 642 fieret
520 618 627 642 motus
650 621 707 652 per
730 621 886 648 vacuum,
912 610 1001 651 quod
1024 616 1187 651 oporteret
1210 609 1331 650 aliquid
1353 618 1423 639 mo-
1479 608 1542 639 alio
1570 609 1644 638 loco
1672 608 1797 644 medio,
1821 613 1899 648 puta
1921 608 1955 637 in
1979 607 2026 643 C;
2051 613 2106 638 aut
2128 609 2243 647 partim
2266 609 2299 638 in
2323 608 2351 638 C
2375 613 2406 638 et
2427 609 2543 648 partim

0 639 9 690 ξ
358 656 424 686 veri
447 657 480 686 in
504 656 650 692 instanti,
682 656 758 696 quia
785 665 924 686 vacuum
951 665 1019 686 non
1042 655 1157 685 resistit
1186 654 1295 694 aliquo
1323 652 1424 683 modo
1440 661 1465 676 ιο
1479 653 1513 682 in
1535 653 1566 682 A
1588 662 1645 683 seu
1668 653 1701 682 in
1725 652 1761 682 B.
1787 652 1850 683 Sed
1872 661 1940 682 non
1963 656 2069 691 potest
2092 652 2172 692 poni
2195 652 2285 692 quod
2307 661 2468 692 nusquam
2486 653 2541 682 sit:

359 700 482 737 mobili,
499 701 613 731 resistit
634 705 744 730 autem
766 700 917 740 plenum,
943 705 974 729 et
989 701 1033 729 sic
1048 698 1136 729 nulla
1159 698 1327 738 proportio
1344 701 1426 727 esset
1479 697 1556 736 quia
1571 697 1615 726 sic
1632 701 1714 727 esset
1730 696 1836 736 aliqua
1852 696 2011 736 quantitas
2027 695 2203 726 dimensiva
2218 705 2286 726 non
2300 696 2420 726 habens
2436 696 2542 732 situm,

359 750 467 774 motus
496 745 552 785 qui
579 743 616 774 fit
642 745 677 774 in
705 753 808 774 vacuo
836 743 876 774 ad
905 748 1033 773 motum
1060 743 1117 782 qui
1139 741 1176 771 fit
1198 742 1232 771 in
1255 741 1368 781 pleno,
1391 741 1425 770 in
1480 739 1570 780 quod
1593 746 1639 770 est
1662 740 1869 780 impossibile.
1894 740 2009 780 Neque
2031 746 2138 780 potest
2160 741 2240 780 poni
2263 739 2353 780 quod
2376 740 2414 770 sit
2430 740 2543 779 partim

358 788 536 825 velocitate,
561 798 636 819 cum
659 788 827 828 proportio
850 793 1002 818 motuum
1017 787 1050 816 in
1065 786 1234 816 velocitate
1257 785 1296 815 sit
1311 794 1426 815 secun-
1479 784 1513 814 in
1535 784 1566 814 A
1589 789 1621 814 et
1643 785 1759 824 partim
1782 785 1815 814 in
1838 784 1864 814 B
1889 790 1920 814 et
1942 794 2010 814 non
2034 785 2073 814 sit
2094 785 2128 814 in
2152 784 2260 815 medio
2289 784 2398 824 aliquo
2426 783 2542 814 modo:

359 832 437 863 dum
453 834 698 873 proportionem
712 832 906 862 resistentiae
923 840 1005 871 quae
1021 835 1068 860 est
1082 831 1115 860 in
1131 828 1257 866 medio;
1277 829 1426 859 omnium
1480 829 1566 868 quia,
1591 838 1667 858 cum
1690 829 1716 858 B
1739 829 1779 858 sit
1801 828 1893 859 locus
1916 828 2034 859 distans
2057 829 2096 858 ab
2119 829 2159 865 A,
2184 834 2370 869 sequeretur
2387 829 2421 858 in
2436 827 2543 858 medio

359 883 466 908 autem
489 877 630 908 duorum
653 881 804 906 motuum
820 875 877 915 qui
892 874 974 905 fiunt
989 875 1023 904 in
1038 880 1195 914 tempore,
1213 879 1342 914 oportet
1357 883 1425 904 esse
1439 880 1464 901 ¹5
1479 873 1685 903 interiacente
1713 872 1803 912 quod
1825 882 1896 912 pars
1920 873 1943 903 Z
1968 882 2051 913 quae
2075 878 2121 903 est
2147 873 2181 903 in
2204 873 2247 909 B,
2271 883 2339 903 non
2363 877 2444 903 esset
2467 881 2544 902 con-

358 921 615 962 proportionales
637 920 831 955 velocitates,
856 919 932 959 quia
958 928 1056 949 omne
1079 924 1208 958 tempus
1231 918 1321 948 omni
1345 923 1425 948 tem·
1479 918 1570 947 tinua
1592 918 1673 957 parti
1697 926 1780 957 quae
1803 923 1850 947 est
1865 918 1898 947 in
1914 918 1953 948 A.
1978 918 2064 957 Ergo
2088 923 2183 948 restat
2206 917 2295 957 quod
2311 917 2362 948 vel
2385 917 2423 947 sit
2439 922 2544 947 totum

357 966 430 1006 pori
452 964 692 1005 proportionale
716 969 772 994 est.
798 963 861 994 Sed
884 963 1027 994 similiter
1049 963 1176 993 nullum
1200 963 1339 1002 spatium
1357 962 1425 1002 ple·
1479 961 1513 992 in
1530 961 1577 998 C;
1602 961 1652 991 vel
1675 962 1790 1002 partim
1813 962 1847 992 in
1870 971 1910 992 eo
1934 967 1965 992 et
1987 962 2103 1002 partim
2125 962 2159 992 in
2182 962 2245 992 alio
2269 961 2354 998 loco,
2380 960 2470 1001 quod
2485 970 2544 1000 po-

358 1018 438 1040 num
460 1014 567 1049 potest
589 1008 732 1038 resistere
763 1008 892 1048 corpori
921 1007 1080 1048 glorioso,
1105 1006 1195 1047 quod
1224 1012 1331 1047 potest
1357 1016 1425 1037 esse
1479 1011 1574 1036 netur
1596 1005 1740 1036 medium
1763 1007 1845 1036 inter
1861 1005 1888 1036 C
1906 1011 1937 1036 et
1951 1007 1991 1042 A,
2008 1011 2086 1046 puta
2104 1006 2151 1042 D;
2176 1011 2207 1036 et
2229 1006 2274 1036 sic
2298 1006 2337 1036 de
2361 1006 2438 1036 aliis.
2459 1005 2544 1045 Ergo

116 1059 330 1087 ⁶cc.qu.1.xxxm‚
358 1062 433 1084 cum
449 1053 512 1083 alio
529 1062 665 1093 corpore
681 1052 715 1082 in
734 1051 850 1083 eodem
866 1052 952 1088 loco,
970 1061 1181 1092 quocumque
1198 1050 1300 1082 modo
1321 1050 1376 1081 fiat
1392 1051 1422 1081 ἐ
1480 1055 1608 1090 oportet
1632 1050 1721 1090 quod
1745 1050 1768 1080 Z
1792 1060 1859 1080 non
1883 1051 2046 1090 perveniat
2069 1050 2108 1081 de
2124 1051 2154 1080 A
2169 1050 2203 1080 in
2218 1050 2244 1080 B
2260 1050 2320 1080 nisi
2343 1050 2430 1090 prius
2454 1050 2494 1080 sit
2511 1050 2544 1080 in

0 1086 21 2282 B
114 1089 159 1109 ἠ’
174 1091 195 1112 ²'
209 1091 230 1114 3'
244 1092 268 1112 ⁴·
357 1098 439 1128 sicut
470 1107 531 1128 nec
561 1106 702 1127 vacuum
731 1097 820 1127 alteri
851 1097 990 1137 corpori.
1024 1096 1126 1136 Ergo,
1151 1096 1177 1126 si
1204 1101 1367 1132 movetur,
1391 1095 1423 1126 in
1439 1101 1466 1116 ²⁰
1480 1095 1631 1125 omnibus
1654 1094 1786 1125 mediis:
1811 1095 1871 1125 nisi
1895 1094 2016 1125 dicatur
2039 1094 2129 1136 quod
2151 1095 2296 1134 pervenit
2319 1094 2359 1124 de
2377 1094 2407 1124 A
2422 1094 2455 1124 in
2471 1094 2497 1124 B
2514 1098 2545 1124 et

357 1142 486 1172 instanti
507 1142 699 1172 movebitur.
1479 1148 1648 1179 nunquam
1671 1144 1838 1175 movetur3
1867 1139 1956 1179 quod
1978 1140 2121 1180 implicat
2149 1138 2445 1174 contradictionem,
2470 1138 2545 1178 quia

414 1186 444 1217 3.
468 1186 671 1222 Pium-nam,
697 1186 794 1216 virtus
817 1186 943 1215 animae
972 1184 1168 1225 glorificatae
1191 1185 1282 1225 quasi
1303 1185 1425 1224 impro-
1479 1184 1547 1224 ipsa
1570 1184 1730 1214 successio
1754 1183 1903 1214 locorum
1927 1189 1974 1214 est
1995 1189 2105 1214 motus
2128 1183 2248 1213 localis.
2272 1183 2314 1213 Et
2332 1182 2444 1213 eadem
2464 1183 2544 1212 ratio

357 1231 578 1271 portionaliter
601 1229 722 1261 excedit
744 1230 894 1260 virtutem
917 1230 1042 1260 animae
1057 1239 1125 1260 non
1140 1228 1345 1269 glorificatae.
1362 1228 1425 1259 Sed
1480 1233 1527 1258 est
1543 1227 1582 1258 de
1599 1228 1740 1268 qualibet
1762 1229 1941 1258 mutatione
1965 1237 2048 1268 quae
2071 1228 2166 1258 habet
2189 1227 2272 1258 duos
2293 1227 2467 1258 contrarios
2484 1232 2545 1257 ter-

358 1275 464 1307 anima
493 1283 560 1305 non
589 1273 765 1314 glorificata
796 1279 906 1304 movet
938 1283 1056 1314 corpus
1085 1274 1119 1304 in
1148 1279 1305 1314 tempore.
1338 1273 1424 1313 Ergo
1479 1272 1586 1302 minos
1603 1281 1743 1312 quorum
1759 1277 1933 1312 utrumque
1949 1278 1996 1302 est
2011 1271 2132 1312 aliquid
2152 1271 2298 1312 positive.
2323 1271 2422 1302 Secus
2437 1276 2544 1301 autem

358 1319 465 1350 anima
487 1318 662 1360 glorificata
685 1324 795 1349 movet
818 1328 935 1358 corpus
958 1319 992 1348 in
1014 1318 1153 1348 instanti.
1439 1326 1463 1347 2ς
1480 1321 1528 1346 est
1543 1315 1583 1346 de
1598 1316 1659 1347 illis
1682 1317 1913 1347 mutationibus
1929 1326 2013 1357 quae
2028 1317 2147 1347 habent
2165 1325 2269 1346 unum
2287 1315 2461 1346 terminum
2477 1320 2545 1345 tan-

412 1373 445 1403 4.
469 1363 665 1399 Pulcrum,
690 1372 788 1393 omne
812 1362 902 1403 quod
929 1368 1078 1393 movetur
1101 1362 1274 1402 aequaliter
1297 1361 1361 1391 cito
1386 1360 1425 1391 ad
1479 1366 1550 1391 tum
1569 1361 1744 1401 positivum
1768 1366 1799 1391 et
1822 1361 1953 1391 alteram
1975 1370 2090 1401 puram
2112 1361 2342 1400 privationem:
2368 1360 2443 1400 quia
2465 1360 2547 1390 inter

358 1408 581 1448 propinquum
604 1413 636 1438 et
658 1407 793 1444 distans,
817 1412 967 1438 movetur
992 1407 1026 1437 in
1053 1407 1192 1437 instanti.
1226 1405 1289 1437 Sed
1315 1410 1425 1442 motus
1479 1404 1724 1436 affirmationem
1741 1410 1772 1435 et
1786 1405 1992 1445 negationem
2017 1415 2075 1435 seu
2098 1405 2309 1445 privationem
2326 1413 2393 1434 non
2419 1409 2466 1434 est
2490 1403 2546 1434 ali-

358 1453 503 1493 corporis
523 1452 654 1493 gloriosi
670 1457 716 1482 est
731 1451 818 1482 talis:
843 1452 919 1492 quia
935 1450 974 1482 ad
991 1456 1292 1491 quantumcumque
1307 1449 1425 1480 distans
1480 1458 1544 1489 qua
1568 1449 1776 1479 determinata
1806 1448 1971 1486 distantia;
2003 1449 2090 1480 unde
2121 1448 2211 1489 quod
2242 1454 2288 1479 est
2315 1449 2348 1478 in
2375 1449 2547 1488 negatione

358 1497 497 1537 spatium
520 1501 668 1527 movetur
691 1497 724 1526 in
747 1501 894 1536 tempore
918 1495 1183 1536 imperceptibili;
1207 1494 1294 1525 unde
1312 1494 1425 1534 Augu·
1479 1498 1586 1534 potest
1609 1503 1677 1524 esse
1699 1493 1914 1534 propinquius
1937 1494 1988 1524 vel
2011 1494 2166 1524 remotius
2189 1493 2228 1523 ab
2253 1492 2472 1529 affirmatione,
2496 1492 2547 1522 vel

322 1559 331 1568 ·
357 1541 459 1572 stinus
486 1540 578 1578 dicit,
601 1541 636 1571 in
666 1540 916 1576 Quaestionibus
946 1540 985 1571 de
1012 1539 1262 1570 Resurrectione
1277 1539 1310 1574 *‚
1335 1538 1426 1579 quod
1440 1550 1465 1570 ιο
1480 1547 1498 1568 e
1521 1547 1693 1573 converso,
1718 1538 1840 1568 ratione
1868 1538 2001 1568 alicuius
2030 1537 2120 1578 quod
2143 1541 2252 1568 causat
2274 1537 2410 1567 alterum
2434 1545 2547 1567 eorum

116 1588 212 1624 ω’..
243 1586 330 1621 suam:
358 1594 476 1626 corpus
498 1585 676 1626 gloriosum
706 1589 844 1626 utraque
871 1585 1044 1615 intervalla
1068 1584 1146 1624 pari
1169 1584 1332 1614 celeritate
1348 1592 1425 1623 per·
1479 1582 1530 1612 vel
1553 1581 1694 1622 disponit
1710 1582 1750 1612 ad
1766 1591 1818 1618 ea;
1845 1587 1876 1612 et
1891 1583 1946 1616 sic,
1964 1582 2042 1613 dum
2060 1581 2094 1612 id
2110 1581 2199 1622 quod
2215 1586 2364 1611 movetur
2379 1587 2426 1612 est
2441 1586 2548 1611 totum

119 1625 330 1653 Manlau.
358 1629 469 1671 tingit,
494 1635 530 1660 ut
552 1629 665 1660 radius
693 1629 783 1660 solis.
815 1629 902 1669 Ergo
926 1638 1044 1669 corpus
1070 1628 1249 1668 gloriosum
1276 1632 1425 1658 movetur
1479 1626 1538 1657 sub
1561 1627 1748 1666 negatione,
1779 1631 1921 1658 mutatur
1942 1627 1975 1656 in
1999 1626 2257 1662 affirmationem,
2285 1631 2317 1656 et
2339 1635 2357 1655 e
2381 1634 2547 1655 converso.

225 1667 232 1675 ⁶
246 1658 267 1681 ³·
357 1674 391 1705 in
413 1674 553 1704 instanti.
1478 1670 1574 1701 Unde
1595 1671 1690 1701 etiam
1705 1671 1739 1701 in
1755 1671 1800 1700 eis
1815 1676 1943 1701 mutans
1959 1670 2120 1711 praecedit
2142 1675 2302 1700 mutatum
2327 1679 2404 1706 esse,
2421 1675 2458 1700 ut
2472 1678 2547 1709 pro-

415 1718 444 1749 5.
468 1718 672 1754 Pmrzmm,
697 1726 795 1747 omne
825 1716 916 1757 quod
945 1722 1111 1752 movetur,
1135 1716 1187 1746 vel
1216 1722 1365 1746 movetur
1390 1716 1425 1746 in
1478 1715 1620 1745 baturin
1635 1714 1679 1745 VI
1694 1715 1822 1755 Physic.
1839 1716 1856 1731 ⁸*
1878 1715 1947 1745 Nec
1971 1720 2018 1745 est
2040 1714 2143 1744 simile
2159 1714 2199 1744 de
2218 1718 2311 1744 motu
2330 1714 2449 1753 angeli:
2474 1713 2550 1753 quia
2576 1718 2651 1745 ‘cam
2660 1718 2732 1740 v.-s.
2742 1718 2787 1740 Th.

356 1767 505 1802 tempore
533 1762 585 1792 vel
613 1762 647 1792 in
674 1762 813 1792 instanti.
847 1760 910 1792 Sed
933 1770 1052 1801 corpus
1078 1761 1256 1801 gloriosum
1279 1765 1354 1800 post
1376 1769 1425 1790 re·
1439 1770 1463 1791 ις
1480 1768 1549 1789 esse
1578 1759 1612 1789 in
1641 1759 1717 1789 loco
1748 1759 1925 1799 aequivoce
1956 1758 2071 1789 dicitur
2094 1758 2134 1789 de
2158 1767 2294 1798 corpore
2324 1763 2356 1788 et
2383 1758 2497 1798 angelo
2521 1758 2547 1788 '2
2576 1745 2705 1793 ἰεῗξᾞὲᾗ
2720 1770 2739 1797 1,
2749 1777 2787 1799 qu,

357 1806 588 1837 surrectionem
603 1815 672 1836 non
686 1806 869 1837 movebitur
884 1806 917 1835 in
933 1810 1097 1845 tempore:
1123 1805 1200 1845 quia
1222 1809 1344 1845 tempus
1361 1804 1425 1834 iam
1479 1803 1521 1834 Et
1543 1803 1588 1833 sic
1611 1808 1698 1843 patet
1722 1803 1812 1843 quod
1834 1803 1925 1834 nullo
1953 1802 2053 1833 modo
2082 1808 2189 1843 potest
2212 1811 2281 1833 esse
2305 1802 2395 1842 quod
2418 1801 2549 1842 aliquod
2577 1804 2616 1825 ¹·¹¹›
2631 1801 2671 1819 πῖ·
2689 1804 2708 1820 ¹·

117 1857 129 1867 ¹
144 1854 211 1877 Vm.
225 1853 248 1876 ⁶-
358 1860 424 1882 non
448 1851 526 1887 erit,
550 1856 586 1882 ut
610 1850 725 1881 dicitur
746 1851 846 1891 Apoc.
872 1860 891 1880 x
906 1850 933 1880 *.
967 1849 1054 1890 Ergo
1085 1855 1194 1880 motus
1223 1848 1276 1879 ille
1308 1849 1365 1879 erit
1391 1849 1425 1879 in
1480 1857 1598 1887 corpus
1621 1848 1785 1888 perveniat
1801 1847 1840 1878 de
1855 1857 1923 1878 uno
1948 1847 2022 1878 loco
2040 1846 2079 1877 ad
2095 1847 2194 1878 alium
2209 1847 2270 1877 nisi
2285 1851 2422 1877 transeat
2441 1847 2550 1877 omnia

357 1895 496 1926 instanti.
1479 1891 1595 1923 media.

413 1939 476 1971 San
500 1949 634 1975 commi,
651 1939 685 1969 in
700 1944 794 1970 motu
811 1938 907 1969 locali
925 1938 1064 1978 spatium
1080 1944 1112 1968 et
1127 1944 1235 1968 motus
1252 1942 1283 1967 et
1298 1943 1426 1977 tempus
1536 1936 1577 1966 Et
1599 1935 1674 1966 ideo
1698 1936 1751 1966 alii
1778 1936 1842 1966 hoc
1873 1935 2071 1971 concedunt,
2096 1935 2151 1966 sed
2182 1940 2290 1966 tamen
2321 1934 2431 1965 dicunt
2461 1933 2551 1975 quod

117 1991 198 2020 -οιρ,
219 1996 243 2013 ιν
273 1995 297 2013 n.
316 1989 331 2012 6
357 1983 453 2015 simul
469 1983 664 2020 dividuntur,
680 1989 716 2014 ut
732 1983 980 2014 demonstrative
996 1983 1150 2023 probatur
1164 1982 1198 2012 in
1213 1981 1257 2012 VI
1272 1981 1426 2022 Physica*
1440 1992 1467 2012 40
1481 1989 1599 2020 corpus
1626 1980 1804 2020 gloriosum
1834 1985 1983 2011 movetur
2005 1981 2039 2010 in
2066 1980 2182 2010 istanti.
2214 1998 2237 2001 —
2268 1979 2331 2010 Sed
2354 1988 2392 2009 ex
2415 1979 2479 2009 hoc
2502 1988 2550 2010 se-

117 2027 190 2067 ,,,·“
216 2032 223 2039 ’
323 2032 330 2039 ’
357 2028 422 2060 Sed
452 2029 591 2069 spatium
624 2027 714 2069 quod
745 2028 856 2058 transit
888 2036 1006 2067 corpus
1038 2027 1217 2067 gloriosum
1246 2035 1304 2066 per
1331 2035 1427 2056 suum
1481 2025 1590 2065 quitur
1613 2023 1703 2064 quod
1733 2034 1850 2064 corpus
1879 2025 2058 2064 gloriosum
2085 2025 2119 2054 in
2147 2022 2264 2055 eodem
2293 2024 2422 2054 instanti
2450 2024 2489 2053 sit
2515 2023 2550 2054 in

357 2078 496 2109 motum,
513 2078 560 2104 est
575 2072 740 2103 divisibile.
765 2072 852 2112 Ergo
876 2077 908 2102 et
930 2076 1038 2102 motus
1062 2069 1235 2106 divisibilis,
1252 2075 1284 2100 et
1299 2075 1427 2110 tempus
1481 2069 1609 2100 duobus
1625 2069 1704 2099 locis
1721 2069 1826 2105 simul,
1843 2068 1894 2099 vel
1910 2068 2071 2109 pluribus:
2096 2068 2216 2099 scilicet
2231 2068 2264 2098 in
2280 2068 2418 2098 termino
2434 2067 2549 2098 ultimo

358 2116 523 2148 divisibile.
548 2117 670 2147 instans
694 2122 802 2147 autem
824 2125 892 2146 non
917 2115 1076 2146 dividitur.
1100 2115 1186 2155 Ergo
1203 2120 1235 2145 et
1249 2120 1358 2145 motus
1373 2114 1427 2145 ille
1480 2119 1513 2144 et
1534 2114 1568 2144 in
1591 2113 1742 2143 omnibus
1765 2112 1878 2144 mediis
1900 2113 1989 2143 locis.
2015 2111 2115 2151 Quod
2137 2122 2206 2143 non
2228 2117 2335 2152 potest
2361 2121 2440 2142 esse.

357 2171 426 2193 non
449 2162 508 2192 erit
529 2162 562 2192 in
585 2161 724 2191 instanti.
1537 2157 1600 2188 Sed
1629 2156 1668 2187 ad
1696 2157 1760 2187 hoc
1791 2156 1903 2188 dicunt
1937 2156 2045 2197 quod,
2078 2157 2223 2196 quamvis
2253 2157 2293 2186 sit
2321 2155 2408 2186 idem
2430 2156 2550 2186 instans

415 2215 445 2236 2.
470 2206 667 2240 Paua-mm,
691 2214 759 2235 non
782 2210 889 2245 potest
911 2214 980 2235 esse
1003 2203 1125 2244 aliquid
1148 2204 1244 2234 simul
1266 2208 1372 2233 totum
1393 2203 1426 2233 in
1441 2212 1464 2232 45
1481 2201 1661 2232 secundum
1689 2211 1777 2237 rem,
1801 2207 1909 2232 tamen
1941 2201 2044 2232 differt
2073 2201 2210 2231 ratione:
2235 2201 2318 2231 sicut
2344 2205 2484 2240 punctus
2512 2199 2551 2230 ad

358 2259 426 2281 uno
449 2249 536 2286 loco,
554 2255 585 2280 et
600 2250 715 2290 partim
738 2249 772 2279 in
795 2249 851 2279 illo
868 2254 899 2279 et
914 2254 1039 2289 partem
1060 2249 1094 2279 in
1110 2248 1193 2278 alio:
1219 2247 1295 2288 quia
1313 2256 1426 2287 seque·
1482 2256 1581 2286 quem
1609 2246 1818 2277 terminantur
1850 2245 1990 2276 diversae
2013 2245 2126 2276 lineae.
2150 2263 2173 2267 -
2200 2243 2263 2276 Sed
2285 2245 2350 2275 hoc
2372 2254 2441 2274 non
2464 2243 2550 2275 suffi-

358 2299 445 2325 retur
469 2294 559 2334 quod
583 2294 679 2324 altera
701 2303 773 2334 pars
796 2299 879 2324 esset
900 2294 934 2324 in
958 2292 1085 2323 duobus
1108 2293 1188 2323 locis
1210 2291 1316 2328 simul,
1337 2290 1427 2332 quod
1482 2291 1534 2322 cit.
1569 2290 1655 2328 Quia
1682 2291 1802 2320 instans
1831 2295 1995 2320 mensurat
2017 2290 2080 2320 hoc
2104 2288 2194 2329 quod
2225 2294 2271 2319 est
2293 2289 2327 2319 in
2350 2289 2479 2319 instanti
2502 2298 2551 2319 se-

151 2342 199 2371 Q.
230 2348 331 2370 utum,
359 2348 428 2369 esse
450 2348 518 2376 non
541 2343 648 2379 potest
666 2339 693 2368 ἦ
728 2337 791 2369 Sed
814 2347 912 2368 omne
941 2337 1031 2378 quod
1059 2342 1218 2372 movetur,
1242 2337 1358 2376 partim
1381 2341 1428 2366 est
1483 2334 1626 2366 cundum
1642 2344 1720 2371 rem,
1733 2344 1802 2365 non
1818 2333 1998 2365 secundum
2018 2334 2082 2364 hoc
2098 2333 2188 2374 quod
2204 2333 2431 2364 consideratur.
2456 2332 2550 2363 Unde

359 2383 393 2413 in
416 2383 554 2413 termino
578 2393 596 2413 a
620 2392 686 2423 quo
711 2387 743 2413 et
765 2383 880 2422 parfim
902 2383 936 2412 in
958 2382 1096 2412 termino
1121 2381 1160 2411 ad
1179 2390 1296 2421 quem:
1321 2386 1357 2411 ut
1373 2379 1427 2411 de·
1482 2379 1604 2410 diversa
1625 2378 1838 2410 consideratio
1861 2379 2006 2409 instantis
2029 2387 2097 2408 non
2120 2377 2195 2408 facit
2218 2377 2308 2418 quod
2331 2378 2451 2408 instans
2475 2386 2550 2417 pos-

119 2429 254 2479 8931εᾶ
274 2436 332 2452 ·¹··
359 2432 573 2458 monstratum
596 2433 643 2458 est
665 2428 698 2458 in
721 2426 765 2457 VI
787 2427 916 2468 Physic.
933 2427 950 2443 ⁴*
981 2426 1088 2456 Omne
1112 2431 1220 2456 autem
1244 2425 1334 2466 quod
1356 2434 1427 2455 mo-
1442 2433 1468 2453 5⁰
1482 2424 1522 2454 sit
1553 2433 1737 2454 mensurare
1767 2423 1820 2454 illa
1843 2432 1926 2463 quae
1955 2432 2023 2453 non
2047 2427 2121 2453 sunt
2149 2422 2244 2453 simul
2272 2427 2438 2462 tempore:
2469 2421 2551 2452 sicut

138 2471 145 2479 ”
191 2472 198 2479 “
255 2462 294 2479 '''
360 2477 430 2502 tum
452 2477 508 2508 est,
524 2477 631 2502 totum
655 2477 702 2502 est
723 2472 757 2501 in
780 2471 918 2502 termino
942 2470 982 2501 ad
1005 2480 1104 2511 quern
1128 2475 1174 2500 est
1197 2475 1316 2500 motus.
1341 2469 1427 2509 Ergo
1481 2478 1543 2499 nec
1573 2468 1696 2499 diversa
1725 2466 1938 2498 consideratio
1968 2467 2080 2507 puncti
2103 2471 2210 2507 potest
2240 2465 2343 2497 facere
2374 2465 2464 2506 quod
2491 2466 2550 2497 sub

359 2525 428 2547 non
451 2521 557 2556 potest
581 2525 649 2546 esse
673 2515 763 2556 quod
785 2515 882 2546 simul
904 2521 1072 2546 moveatur
1096 2520 1127 2545 et
1149 2519 1277 2545 motum
1297 2514 1346 2544 sit.
1365 2513 1428 2545 Sed
1482 2522 1550 2543 uno
1574 2518 1696 2553 puncto
1720 2512 1784 2542 loci
1808 2512 2032 2542 contineantur
2060 2520 2143 2552 quae
2166 2515 2240 2541 sunt
2263 2510 2409 2541 distantia
2432 2510 2504 2540 situ.

361 2570 459 2591 omne
484 2559 573 2600 quod
595 2566 744 2590 movetur
759 2560 792 2590 in
809 2560 948 2598 instanti,
969 2559 1065 2590 simul
1088 2564 1238 2589 movetur
1254 2565 1285 2589 et
1299 2563 1427 2589 motum
1537 2557 1579 2588 Et
1594 2556 1668 2587 ideo
1685 2556 1738 2586 alii
1753 2557 1769 2573 ³*
1792 2556 1988 2596 probabilius
2007 2555 2118 2586 dicunt
2134 2554 2223 2595 quod
2240 2564 2357 2595 corpus
2372 2554 2550 2594 gloriosum
2577 2563 2587 2573 ·
2602 2562 2627 2583 Β.
2647 2561 2735 2592 Aspen.
2757 2561 2790 2582 1v

361 2610 417 2636 est.
442 2605 528 2645 Ergo
550 2610 660 2635 motus
683 2604 792 2635 localis
816 2604 960 2644 corporis
983 2604 1115 2644 gloriosi
1137 2613 1205 2634 non
1224 2603 1342 2643 poterit
1359 2612 1428 2633 esse
1482 2606 1631 2632 movetur
1645 2602 1680 2631 in
1695 2606 1852 2641 tempore,
1869 2600 1925 2631 sed
1939 2599 2185 2640 imperceptibili
2205 2605 2337 2639 propter
2352 2599 2548 2629 brevitatem.
2577 2588 2788 2639 ἷὲξςῇὲῗῖῃῖξὲζζ

360 2650 394 2680 in
416 2649 555 2679 instanti.
1443 2654 1465 2675 ⁵⁵
1482 2646 1524 2676 Et
1547 2645 1637 2686 quod
1659 2650 1767 2676 tamen
1790 2654 1894 2675 unum
1918 2654 2035 2684 corpus
2058 2644 2235 2684 gloriosum
2258 2649 2365 2683 potest
2382 2643 2416 2673 in
2431 2643 2550 2673 minori
2577 2641 2614 2667 ν’
2638 2640 2710 2667 ibid-¹
2735 2641 2789 2688 disst‘·

416 2694 606 2724 Rnsponnno
629 2702 790 2723 ntennnuu
813 2692 903 2733 quod
926 2693 1009 2723 circa
1031 2693 1095 2723 hoc
1111 2697 1158 2722 est
1173 2691 1342 2731 multiplex
1358 2692 1428 2731 opi·
1481 2696 1629 2731 tempore
1651 2689 1738 2720 idem
1761 2690 1900 2729 spatium
1922 2689 2111 2728 pertransire
2135 2697 2233 2728 quam
2249 2687 2352 2718 aliud:
2378 2688 2454 2727 quia
2468 2692 2548 2717 tem·
2575 2673 2788 2722 Σῗὲῗιιῗῦἑᾪιέειῖ

361 2738 428 2768 nio.
463 2737 604 2776 Quidam
633 2737 743 2768 dicunt
775 2737 865 2777 quod
898 2746 1015 2776 corpus
1043 2736 1221 2776 gloriosum
1249 2736 1359 2766 transit
1389 2734 1428 2766 de
1482 2745 1553 2775 pus,
1578 2739 1880 2774 quantumcumque
1902 2742 2038 2773 parvum
2060 2732 2244 2772 accipiatur,
2264 2737 2310 2762 est
2332 2732 2364 2761 in
2387 2730 2549 2762 infinitum

362 2792 429 2812 uno
453 2782 528 2812 loco
551 2782 585 2812 in
609 2782 707 2812 alium
736 2783 803 2812 sine
831 2782 895 2812 hoc
922 2780 1011 2821 quod
1041 2785 1235 2820 pertranseat
1263 2779 1427 2815 medium,
1483 2779 1638 2810 divisibile
1654 2779 1680 2808 ὓ.
2576 2780 2586 2789 ·
2601 2779 2636 2801 ef.
2650 2779 2675 2809 ρ.
2696 2779 2788 2800 Albert.

362 2827 444 2857 sicut
468 2831 499 2856 et
521 2825 669 2856 voluntas
698 2825 738 2856 de
765 2835 832 2856 uno
860 2825 936 2855 loco
964 2823 1149 2855 transfertur
1172 2823 1211 2854 ad
1235 2824 1333 2854 aliurn
1361 2824 1428 2854 sine
1537 2823 1588 2853 An
1612 2831 1729 2852 ramum
1752 2831 1835 2851 nnoo
1859 2830 2019 2850 DICENDUM
2039 2819 2127 2860 quod
2152 2819 2233 2850 illud
2255 2819 2342 2860 quod
2358 2829 2479 2859 parum
2495 2819 2549 2849 de·
2576 2806 2735 2854 {hafn-›⁸¹¹-
2751 2811 2789 2831 ²⁰’

362 2871 425 2901 hoc
447 2870 537 2911 quod
560 2876 754 2910 pertranseat
777 2869 931 2900 medium.
956 2870 997 2899 Et
1012 2874 1143 2909 propter
1157 2869 1221 2899 hoc
1237 2874 1343 2909 potest
1358 2878 1428 2898 cor-
1441 2873 1469 2893 6ο
1483 2872 1539 2903 est,
1563 2867 1656 2908 quasi
1685 2866 1766 2896 nihil
1793 2866 1900 2896 deesse
1927 2864 2062 2900 videtur,
2086 2869 2122 2894 ut
2145 2863 2260 2894 dicitur
2281 2864 2314 2894 in
2338 2863 2365 2893 11
2388 2863 2515 2904 Plyesic.
2532 2864 2549 2879 ἦ
2577 2867 2629 2899 ζει
2649 2873 2691 2892 -v‚
2707 2872 2730 2888 n.
2744 2873 2790 2895 9--

362 2916 449 2956 poris
472 2915 604 2956 gloriosi
631 2920 739 2945 motus
768 2923 836 2945 esse
859 2914 893 2944 in
916 2914 1061 2949 instanti,
1085 2914 1167 2943 sicut
1191 2918 1222 2943 et
1245 2913 1427 2943 voluntatis.
1483 2912 1525 2943 Et
1547 2911 1621 2942 ideo
1646 2910 1792 2946 dicimus,
1817 2909 1931 2940 Statim
1946 2909 2054 2950 facie,
2072 2908 2161 2948 quod
2183 2913 2258 2948 post
2280 2907 2447 2938 modicum
2469 2912 2550 2938 tem-
2577 2894 2601 2915 δ’
2651 2894 2716 2915 '¹⁰⁰¹'
2731 2899 2762 2914 '¹'

418 2959 481 2990 Sed
495 2960 559 2990 hoc
575 2969 643 2989 non
659 2964 766 2999 potest
788 2964 878 2988 stare.
904 2957 990 2996 Quia
1013 2967 1130 2998 corpus
1153 2957 1331 2997 gloriosum
1346 2966 1429 2987 nun·
1484 2966 1545 2996 pus
1568 2955 1632 2986 fiet.
1657 2955 1698 2986 Et
1722 2963 1778 2994 per
1798 2955 1885 2984 hunc
1908 2953 2044 2983 modum
2067 2952 2212 2992 loquitur
2234 2952 2443 2992 Augustinus,
2461 2950 2551 2991 quod

363 3013 462 3044 quam
487 3004 652 3044 perveniet
675 3003 714 3034 ad
737 3003 938 3033 nobilitatem
967 3007 1099 3032 naturae
1129 3001 1316 3042 spiritualis:
1349 3001 1431 3031 sicut
1486 3000 1674 3040 ubicumque
1697 2999 1759 3029 erit
1781 2998 1942 3033 voluntas,
1967 2997 2010 3027 ibi
2032 2997 2095 3027 erit
2117 2996 2224 3027 statim
2248 3005 2376 3036 corpus.

362 3057 532 3089 nunquam
562 3048 678 3079 desinit
707 3057 776 3078 esse
806 3056 934 3087 corpus.
958 3065 982 3069 —
1004 3046 1045 3077 Et
1068 3051 1239 3086 praeterea,
1271 3045 1429 3081 voluntas,
1540 3044 1600 3074 Vel
1624 3042 1796 3074 dicendum
1820 3041 1910 3082 quod
1932 3042 2081 3072 voluntas
2103 3050 2272 3081 nunquam
2296 3041 2355 3071 erit
2372 3039 2552 3070 inordinata

363 3101 440 3123 cum
462 3092 577 3123 dicitur
599 3093 723 3123 moveri
746 3091 786 3122 de
809 3100 876 3122 uno
898 3091 972 3122 loco
988 3091 1022 3121 in
1038 3091 1146 3126 alium,
1163 3099 1232 3121 non
1247 3088 1431 3120 transfertur
1444 3095 1469 3121 65
1485 3089 1519 3119 in
1542 3088 1650 3118 beatis.
1675 3086 1769 3118 Unde
1785 3095 1953 3126 nunquam
1971 3085 2082 3116 volent
2099 3094 2216 3125 corpus
2233 3094 2328 3115 suum
2348 3094 2416 3115 esse
2432 3083 2550 3114 alicubi

365 3137 569 3167 essentialiter
592 3136 631 3167 de
654 3137 728 3167 loco
753 3137 786 3166 in
810 3135 930 3172 locum,
952 3136 1027 3175 quia
1049 3140 1165 3165 neutro
1189 3134 1337 3165 locorum
1359 3133 1431 3163 illo-
1485 3133 1520 3163 in
1543 3133 1652 3172 aliquo
1675 3131 1804 3161 instanti
1820 3131 1853 3161 in
1869 3140 1935 3170 quo
1956 3139 2024 3160 non
2039 3130 2142 3170 possit
2155 3129 2200 3159 ibi
2216 3138 2294 3159 esse.
2318 3129 2360 3159 Et
2375 3129 2430 3164 sic,
2448 3127 2551 3168 quod-

363 3189 438 3211 rum
460 3181 666 3212 essentialiter
688 3181 889 3212 continetur:
914 3179 970 3210 sed
994 3179 1136 3219 dirigitur
1151 3179 1185 3209 in
1202 3188 1305 3209 unum
1320 3178 1431 3208 locum
1486 3185 1628 3216 cumque
1650 3176 1770 3206 instans
1793 3175 1942 3205 voluntas
1964 3173 2196 3209 determinabit,
2216 3174 2250 3204 in
2271 3173 2328 3204 illo
2353 3182 2470 3213 corpus
2492 3172 2552 3203 erit

365 3229 538 3264 postquam
560 3224 662 3256 fuerat
685 3225 803 3256 directa
826 3234 883 3264 per
906 3224 1120 3255 intentionem
1143 3222 1182 3254 ad
1198 3223 1307 3258 alium,
1324 3227 1356 3253 et
1371 3231 1430 3262 pro
1486 3222 1520 3252 in
1542 3221 1598 3251 illo
1622 3220 1696 3251 loco
1721 3229 1819 3259 quem
1842 3219 1990 3250 voluntas
2013 3218 2211 3248 determinat.

366 3273 455 3298 tanto
479 3267 594 3299 dicitur
615 3270 739 3300 moveri
762 3269 802 3300 de
825 3269 900 3299 loco
924 3268 964 3299 ad
987 3268 1107 3298 locum.
1542 3265 1592 3295 An
1610 3273 1772 3294 sncunnuu
1795 3272 1955 3294 monimum
1974 3262 2063 3303 quod
2079 3261 2211 3302 quidam
2233 3260 2492 3292 contradixerunt
2507 3259 2552 3290 illi

126 3310 340 3360 ὲνίᾶθτῗέῑῗῦῠ·
421 3311 463 3342 Et
485 3311 558 3343 ideo
582 3313 667 3343 alii·
690 3313 801 3344 dicunt
824 3312 913 3354 quod
937 3322 1054 3352 corpus
1078 3312 1255 3352 gloriosum
1277 3311 1373 3341 habet
1392 3310 1431 3341 de
1445 3321 1473 3342 70
1486 3309 1702 3350 propositioni
1732 3317 1830 3348 quam
1859 3307 2075 3347 Philosophus
2104 3306 2227 3337 inducit
2253 3306 2287 3336 in
2314 3310 2402 3345 parte
2425 3305 2493 3340 illa,
2517 3309 2553 3334 ut

126 3343 239 3392 niffmdu.
268 3343 340 3391 2131?ss
366 3356 559 3396 proprietate
581 3362 712 3388 naturae
735 3367 821 3394 suae,
838 3367 902 3398 qua
918 3367 1035 3397 corpus
1052 3362 1108 3393 est,
1126 3355 1215 3396 quod
1238 3360 1432 3396 pertranseat
1487 3353 1733 3384 Commentator
1756 3351 1876 3383 ibidem
1891 3352 1907 3368 ὕ
1930 3351 2026 3382 dicit:
2055 3350 2197 3382 dicentes
2221 3349 2310 3391 quod
2333 3359 2401 3380 non
2425 3353 2553 3389 oportet
2581 3355 2591 3364 ·
2604 3352 2749 3375 Text-21¹¹-

129 3390 215 3412 memb.
230 3397 252 3419 ³·
368 3399 522 3436 medium,
546 3405 577 3430 et
599 3401 642 3431 ita
665 3401 755 3441 quod
781 3407 949 3432 moveatur
975 3402 1009 3432 in
1036 3406 1202 3441 tempore:
1232 3399 1287 3430 sed
1316 3400 1431 3429 virtute
1487 3407 1555 3428 esse
1571 3397 1817 3437 proportionem
1833 3396 1931 3426 totius
1946 3401 2054 3426 motus
2066 3395 2106 3425 ad
2118 3400 2223 3425 totum
2234 3399 2362 3425 motum
2374 3392 2553 3424 secundum

367 3444 503 3484 gloriae,
528 3453 592 3484 qua
614 3445 709 3475 habet
736 3444 927 3476 infinitatem
957 3445 1120 3486 quandam
1149 3455 1245 3485 supra
1274 3449 1430 3480 naturam,
1487 3442 1732 3482 proportionem
1755 3440 1927 3471 resistentis
1950 3439 2048 3470 medii
2063 3439 2103 3470 ad
2119 3438 2205 3470 aliud
2219 3438 2364 3470 medium
2387 3438 2552 3473 resistens;

368 3489 464 3518 habet
487 3487 577 3528 quod
598 3489 700 3528 possit
720 3499 790 3520 non
812 3491 1000 3530 pertransire
1026 3489 1182 3525 medium,
1207 3494 1237 3519 et
1260 3489 1304 3519 sic
1328 3489 1361 3518 in
1382 3488 1431 3518 in-
1487 3486 1543 3517 sed
1559 3491 1686 3526 oportet
1710 3484 1799 3525 quod
1823 3484 2002 3515 secundum
2025 3484 2269 3524 proportionem
2293 3482 2475 3513 mediorum
2497 3490 2553 3521 per

0 3531 8 3572 ς’
369 3533 462 3563 stanti
485 3533 618 3562 moveri.
1445 3543 1470 3563 75
1487 3540 1570 3571 quae
1597 3530 1760 3565 transitur,
1785 3528 1963 3560 attendatur
1992 3529 2159 3569 proportio
2190 3526 2441 3558 retardationum
2470 3534 2553 3565 quae
