2918 4088
197 709 206 719 ’
220 708 293 729 Serm.
310 707 407 734 CCCLr,

196 734 225 756 al.
247 735 287 756 ult.
307 734 373 756 inter.
389 734 408 755 L

195 760 296 785 Hamil„
312 766 324 782 c

196 787 271 808 Sei-m.
294 787 332 808 CC

195 814 224 836 al.
244 813 330 834 XXVII
348 814 408 835 inter

195 839 214 860 L
233 839 333 866 Homil„
355 846 406 868 cap.

195 871 211 892 1,
227 872 252 892 ιι,
267 872 299 888 ιιι.

334 767 407 814 &le

191 1387 201 1397 '
216 1385 310 1411 121122,
326 1391 364 1412 qu.
378 1391 400 1411 1,

191 1416 231 1434 art.
242 1419 266 1440 3:
281 1418 320 1438 qu.
334 1417 401 1438 xvui,

189 1443 231 1461 art.
247 1439 268 1460 6.

445 144 519 181 338

438 225 486 262 de
514 224 739 262 venialibus.
783 225 877 262 Non
909 224 999 275 ergo
1033 226 1174 263 debent
1205 225 1299 274 poni
1333 225 1504 261 diversae

437 277 583 327 species
610 277 879 326 poenitentiae.
1177 299 1180 303 ·

492 331 525 367 3.
556 332 794 378 PRAETEREA‚
824 331 920 368 sicut
947 339 1034 380 post
1061 330 1297 379 baptismum
1324 336 1504 377 peccatur

436 383 633 421 venialiter
651 391 688 421 et
706 383 925 430 mortaliter,
942 384 992 421 ita
1013 383 1127 420 etiam
1146 390 1232 419 ante
1253 380 1500 430 baptismum.

437 436 478 474 Si
505 449 596 485 ergo
624 444 711 486 post
739 436 976 486 baptismum
1004 435 1246 483 distinguitur
1268 432 1502 482 poenitentia

435 489 647 527 venialium
675 497 712 526 et
739 489 973 534 mortalium,
1001 488 1083 536 pari
1112 487 1256 523 ratione
1285 486 1399 522 debet
1426 484 1500 521 dis-

434 542 556 590 tingui
583 550 671 580 ante
697 542 946 591 baptismum.
986 542 1078 577 Non
1107 551 1197 586 ergo
1226 537 1502 574 convenienter

434 595 677 643 distinguitur
703 594 937 644 poenitentia
964 605 1033 641 per
1060 593 1130 628 has
1158 590 1315 639 species.

487 649 561 685 SED
584 660 729 685 CONTRA
754 659 819 684 EST
847 646 954 695 quod
982 643 1230 692 Augustinus,
1260 643 1300 679 in
1328 641 1425 679 libro
1454 643 1500 679 de

431 702 660 738 Poenitentia
679 700 709 747 *,
737 698 845 748 ponit
872 697 1083 747 praedictas
1103 704 1178 733 tres
1198 695 1344 745 species
1363 695 1498 744 poeni-

432 761 583 790 tentiae.

483 807 707 843 RESPONDEO
727 815 909 841 DICENDUM
929 801 1037 851 quod
1056 803 1152 838 haec
1171 800 1309 838 divisio
1330 808 1385 838 est
1403 813 1496 850 poe-

431 858 609 896 nitentiae
638 857 852 894 secundum
881 855 987 904 quod
1016 862 1071 891 est
1098 854 1230 891 virtus.
1270 855 1338 891 Est
1365 862 1496 892 autem

430 910 754 948 considerandum
791 909 898 957 quod
935 907 1127 956 quaelibet
1158 907 1280 944 virtus
1315 915 1496 956 operatur

429 963 646 1001 secundum
665 960 954 1010 congruentiam
974 959 1170 1009 temporis,
1191 960 1288 997 sicut
1307 968 1343 998 et
1363 973 1495 998 secun-

429 1017 525 1053 dum
552 1015 643 1052 alias
671 1014 816 1051 debitas
844 1012 1156 1050 circumstantias.
1187 1013 1299 1051 Unde
1319 1021 1356 1050 et
1374 1013 1494 1051 virtus

427 1067 684 1118 poenitentiae
712 1074 841 1103 actum
869 1078 986 1103 suum
1014 1065 1130 1102 habet
1158 1066 1198 1103 in
1225 1067 1302 1103 hoc
1319 1074 1494 1116 tempore

428 1120 645 1158 secundum
682 1119 790 1168 quod
826 1118 1007 1156 convenit
1041 1131 1167 1156 novae
1201 1119 1284 1167 legi.
1327 1120 1495 1157 Pertinet

428 1181 554 1211 autem
576 1173 626 1210 ad
644 1171 920 1221 poenitentiam
935 1179 977 1208 ut
991 1171 1197 1209 detestetur
1214 1180 1371 1221 peccata
1384 1185 1493 1222 prae-

427 1226 554 1271 terita,
584 1237 675 1262 cum
702 1224 902 1274 proposito
930 1224 1162 1262 immutandi
1190 1225 1310 1262 vitam
1344 1226 1384 1262 in
1412 1238 1492 1263 me—

427 1279 511 1326 lius,
541 1278 648 1327 quod
676 1285 731 1314 est
759 1277 869 1327 quasi
896 1277 1154 1327 poenitentiae
1182 1277 1281 1315 finis.
1326 1279 1374 1315 Et
1401 1279 1493 1328 quia

427 1331 586 1369 moralia
614 1330 802 1380 recipiunt
829 1330 998 1380 speciem
1031 1331 1249 1368 secundum
1280 1330 1422 1378 finem,
1451 1339 1493 1368 ut

427 1385 466 1422 in
495 1384 675 1422 Secunda
702 1385 813 1420 Parte
833 1383 852 1405 ²¹⁸
871 1383 1048 1421 habitum
1068 1391 1141 1430 est;
1171 1396 1414 1433 consequens
1439 1392 1494 1421 est

426 1437 533 1487 quod
569 1437 744 1473 diversae
779 1436 925 1486 species
962 1436 1218 1485 poenitentiae
1259 1437 1493 1486 accipiantur

426 1490 642 1529 secundum
665 1489 835 1527 diversas
854 1489 1141 1528 immutationes
1169 1502 1265 1539 quas
1290 1490 1493 1540 poenitens

478 1640 506 1675 α)
527 1641 562 1666 Et
579 1641 669 1674 quia...
690 1641 758 1665 ideo.
776 1655 795 1659 —
812 1640 913 1670 Tertia;
933 1641 1023 1673 quia...
1042 1644 1068 1666 et
1087 1641 1155 1666 ideo.

1142 147 1405 195 QUAESTIO
1435 145 1521 193 XC,
1551 145 1844 182 ARTICULUS
1872 146 1922 182 IV

1559 223 1730 260 intendit.
1769 224 1837 260 Est
1870 230 2001 260 autem
2028 223 2163 273 triplex
2190 225 2407 264 immutatio
2440 239 2463 264 a
2490 227 2625 276 poeni-

1558 283 1658 312 tente
1687 275 1841 312 intenta.
1871 275 2001 313 Prima
2020 276 2180 326 quidem
2206 290 2277 327 per
2295 280 2624 327 regenerationem

1557 328 1597 364 in
1626 340 1772 365 novam
1799 327 1930 365 vitam.
1961 329 2009 365 Et
2036 330 2133 366 haec
2159 330 2322 379 pertinet
2349 332 2398 369 ad
2425 333 2623 381 poeniten-

1557 380 1650 417 tiam
1678 392 1778 429 quae
1798 388 1854 417 est
1872 388 1960 418 ante
1979 381 2227 430 baptismum.
2248 405 2273 410 -
2294 384 2474 422 Secunda
2492 393 2624 423 autern

1556 432 1773 470 immutatio
1794 440 1849 470 est
1867 445 1937 482 per
1955 434 2267 472 reformationem
2281 435 2381 473 vitae
2399 437 2622 486 praeteritae

1555 485 1633 522 iam
1662 493 1876 535 corruptae.
1907 487 1955 523 Et
1983 487 2079 524 haec
2097 487 2260 536 pertinet
2279 489 2327 525 ad
2346 489 2623 538 poenitentiam

1554 538 1778 575 mortalium
1806 546 1894 588 post
1921 539 2169 588 baptismum.
2198 562 2223 567 -
2252 541 2383 578 Tertia
2401 549 2532 579 autem
2550 542 2621 580 im-

1554 591 1717 628 mutatio
1753 599 1809 628 est
1842 591 1882 628 in
1910 592 2175 641 perfectiorem
2213 593 2479 642 operationem
2506 594 2619 632 vitae.

1553 644 1601 680 Et
1621 645 1717 681 haec
1731 644 1893 693 pertinet
1908 645 1957 681 ad
1975 645 2252 694 poenitentiam
2271 646 2498 684 venialium:
2520 659 2621 696 quae

1552 697 1797 734 remittuntur
1831 709 1901 746 per
1928 697 2098 746 aliquem
2124 698 2337 735 ferventem
2370 707 2499 736 actum
2527 699 2620 737 cari-

1551 749 1648 796 tatis,
1678 757 1720 787 ut
1749 762 1865 800 supra
1884 750 1904 772 ’¹‘
1932 750 2079 787 dictum
2108 759 2174 788 est.

1604 804 1661 840 AD
1678 815 1814 841 PmMUM
1829 815 1927 840 ERGO
1942 816 2126 842 mCENDUM
2141 805 2248 853 quod
2267 804 2504 853 poenitentia
2519 817 2620 854 quae

1551 864 1606 893 est
1635 864 1722 893 ante
1751 856 2002 905 baptismum,
2032 869 2112 893 non
2141 865 2197 894 est
2225 865 2521 905 sacramentum,
2551 858 2620 895 sed

1549 915 1604 946 est
1632 916 1739 946 actus
1767 908 1917 946 virtutis
1944 909 2155 958 disponens
2181 910 2230 947 ad
2250 918 2536 948 sacramentum
2555 911 2619 948 ba-

1549 961 1692 1011 ptismi.

1602 1016 1659 1051 An
1692 1027 1883 1052 SECUNDUM
1913 1027 2095 1053 DmENDUM
2122 1016 2230 1064 quod
2256 1015 2491 1064 poenitentia
2517 1028 2618 1066 quae

1548 1067 1648 1104 delet
1676 1075 1832 1116 peccata
1859 1067 2046 1114 mortalia,
2076 1068 2175 1105 delet
2203 1068 2318 1106 etiam
2337 1069 2519 1107 venialia:
2550 1069 2619 1106 sed

1547 1132 1628 1157 non
1657 1119 1902 1157 convertitur.
1937 1121 1986 1157 Et
2012 1119 2101 1158 ideo
2130 1122 2203 1158 hae
2231 1122 2331 1158 duae
2359 1121 2618 1170 poenitentiae

1547 1185 1587 1210 se
1616 1173 1760 1210 habent
1788 1173 1885 1210 sicut
1911 1173 2124 1221 perfectum
2153 1181 2189 1210 et
2216 1173 2495 1222 imperfectum.

1600 1227 1658 1262 An
1693 1238 1852 1263 TERTIUM
1888 1238 2071 1263 DICENDUM
2106 1226 2215 1275 quod
2253 1234 2340 1264 ante
2378 1226 2617 1276 baptismum

1547 1290 1628 1315 non
1663 1286 1752 1322 sunt
1785 1285 1941 1327 peccata
1972 1278 2137 1316 venialia
2173 1279 2255 1316 sine
2287 1278 2525 1317 mortalibus,
2568 1280 2618 1317 Et

1547 1331 1640 1381 quia
1673 1331 1823 1368 veniale
1861 1331 1942 1369 sine
1983 1331 2134 1369 mortali
2177 1331 2315 1369 dimitti
2351 1344 2433 1369 non
2469 1339 2614 1382 potest,

1547 1392 1589 1421 ut
1624 1396 1741 1433 supra
1759 1384 1779 1406 '¹‘
1806 1383 1954 1421 dictum
1989 1392 2062 1431 est;
2098 1384 2186 1422 ideo
2207 1390 2224 1406 α
2252 1392 2340 1422 ante
2377 1385 2616 1435 baptismum

1546 1449 1627 1474 non
1664 1437 1907 1486 distinguitur
1946 1437 2181 1487 poenitentia
2217 1437 2440 1475 mortalium
2477 1446 2514 1475 et
2549 1451 2614 1476 ve-

1547 1490 1708 1528 nialium
1728 1489 1753 1527 β.

1547 1641 1580 1666 de
1598 1641 1783 1675 satisfactione
1802 1642 1871 1666 addit
1889 1642 1913 1673 13
1936 1642 1998 1667 item
2016 1641 2226 1673 Ambrosianus,
2247 1642 2386 1668 Brixiensis
2411 1640 2474 1676 (qui
2492 1643 2615 1669 omittunt

479 1676 504 1710 β)
523 1676 676 1702 venialium.
693 1690 713 1695 -
732 1676 836 1701 Deinde
860 1676 1084 1701 considerandum
1110 1680 1150 1701 est
1174 1676 1208 1702 de
1231 1677 1346 1709 singulis
1368 1677 1493 1710 partibus
1546 1676 1676 1711 singulis)
1697 1682 1722 1702 et
1740 1677 1895 1703 Matritensis
1914 1677 1981 1703 Bibl.
1999 1678 2101 1702 Nation.
2121 1678 2152 1703 Β.
2172 1677 2213 1703 51.

422 1713 603 1744 paenitentiae
622 1715 647 1737 et
662 1712 754 1744 primo
773 1712 806 1737 de
823 1712 993 1737 contritione.
1013 1712 1137 1737 Secundo
1156 1712 1190 1737 de
1207 1713 1381 1745 consessione.
1403 1712 1494 1738 Tertio

2646 757 2656 767 ·
2679 756 2727 784 Qu.
2750 763 2860 784 uxxvn,

2645 786 2688 805 art.
2703 788 2724 810 2,
2737 789 2758 812 3.

2642 1394 2653 1405 ·
2666 1392 2736 1422 ibid„
2749 1397 2791 1417 m.
2803 1401 2829 1422 ⁴-
