<?xml version="1.0" encoding="UTF-8"?>
<!DOCTYPE html PUBLIC "-//W3C//DTD XHTML 1.0 Transitional//EN"
    "http://www.w3.org/TR/xhtml1/DTD/xhtml1-transitional.dtd">
<html xmlns="http://www.w3.org/1999/xhtml" xml:lang="en" lang="en">
 <head>
  <title>
</title>
<meta http-equiv="Content-Type" content="text/html;charset=utf-8" />
  <meta name='ocr-system' content='tesseract 3.04.00' />
  <meta name='ocr-capabilities' content='ocr_page ocr_carea ocr_par ocr_line ocrx_word'/>
</head>
<body>
  <div class='ocr_page' id='page_1' title='image "./operaomniaiussui12thom/operaomniaiussui12thom_0645.png"; bbox 0 0 2878 4088; ppageno 0'>
   <div class='ocr_carea' id='block_1_1' title="bbox 87 986 297 1016">
    <p class='ocr_par' dir='ltr' id='par_1_1' title="bbox 87 986 297 1016">
     <span class='ocr_line' id='line_1_1' title="bbox 87 986 297 1016; baseline -0.01 -6"><span class='ocrx_word' id='word_1_1' title='bbox 87 989 98 999; x_wconf 86' lang='lat'>&#39;</span> <span class='ocrx_word' id='word_1_2' title='bbox 103 987 140 1010; x_wconf 75' lang='lat' dir='ltr'>Cf.</span> <span class='ocrx_word' id='word_1_3' title='bbox 145 989 187 1010; x_wconf 73' lang='lat' dir='ltr'>nrt.</span> <span class='ocrx_word' id='word_1_4' title='bbox 193 986 297 1016; x_wconf 74' lang='lat' dir='ltr'>praeced.</span> 
     </span>
    </p>
   </div>
   <div class='ocr_carea' id='block_1_2' title="bbox 85 1071 298 1121">
    <p class='ocr_par' dir='ltr' id='par_1_2' title="bbox 85 1071 298 1121">
     <span class='ocr_line' id='line_1_2' title="bbox 87 1071 298 1099; baseline -0.005 -5"><span class='ocrx_word' id='word_1_5' title='bbox 87 1074 99 1085; x_wconf 83' lang='lat'>&#39;</span> <span class='ocrx_word' id='word_1_6' title='bbox 106 1072 163 1094; x_wconf 68' lang='lat' dir='ltr'>lae.</span> <span class='ocrx_word' id='word_1_7' title='bbox 171 1071 211 1094; x_wconf 81' lang='lat' dir='ltr'>eit.</span> <span class='ocrx_word' id='word_1_8' title='bbox 218 1071 242 1093; x_wconf 83' lang='lat' dir='ltr'>in</span> <span class='ocrx_word' id='word_1_9' title='bbox 250 1077 298 1099; x_wconf 73' lang='lat' dir='ltr'>arg.</span> 
     </span>
     <span class='ocr_line' id='line_1_3' title="bbox 85 1097 266 1121; baseline -0.006 0"><span class='ocrx_word' id='word_1_10' title='bbox 85 1097 136 1121; x_wconf 75' lang='lat' dir='ltr'>Sed</span> <span class='ocrx_word' id='word_1_11' title='bbox 147 1099 231 1120; x_wconf 69' lang='lat' dir='ltr'>mera</span> <span class='ocrx_word' id='word_1_12' title='bbox 247 1104 266 1120; x_wconf 81' lang='grc' dir='ltr'>ι.</span> 
     </span>
    </p>
   </div>
   <div class='ocr_carea' id='block_1_3' title="bbox 86 1426 298 1456">
    <p class='ocr_par' dir='ltr' id='par_1_3' title="bbox 86 1426 298 1456">
     <span class='ocr_line' id='line_1_4' title="bbox 86 1426 298 1456; baseline 0.005 -6"><span class='ocrx_word' id='word_1_13' title='bbox 86 1426 298 1456; x_wconf 49' lang='lat' dir='ltr'>mmmmmd-</span> 
     </span>
    </p>
   </div>
   <div class='ocr_carea' id='block_1_4' title="bbox 0 1327 10 1600">
    <p class='ocr_par' dir='ltr' id='par_1_4' title="bbox 0 1327 10 1600">
     <span class='ocr_line' id='line_1_5' title="bbox 0 1327 10 1600; textangle 90"><span class='ocrx_word' id='word_1_14' title='bbox 0 1502 5 1600; x_wconf 37' lang='lat' dir='ltr'>*-w-</span> <span class='ocrx_word' id='word_1_15' title='bbox 0 1327 10 1495; x_wconf 60' lang='grc' dir='ltr'>,,,,,,,.Ἶ,.,,..,</span> 
     </span>
    </p>
   </div>
   <div class='ocr_carea' id='block_1_5' title="bbox 0 2391 32 2430">
    <p class='ocr_par' dir='ltr' id='par_1_5' title="bbox 0 2391 32 2430">
     <span class='ocr_line' id='line_1_6' title="bbox 0 2391 32 2430; textangle 90"><span class='ocrx_word' id='word_1_16' title='bbox 0 2391 32 2430; x_wconf 59' lang='lat' dir='ltr'>&#39;J</span> 
     </span>
    </p>
   </div>
   <div class='ocr_carea' id='block_1_6' title="bbox 972 152 1864 202">
    <p class='ocr_par' dir='ltr' id='par_1_6' title="bbox 972 152 1864 202">
     <span class='ocr_line' id='line_1_7' title="bbox 972 152 1864 202; baseline -0.001 -10"><span class='ocrx_word' id='word_1_17' title='bbox 972 153 1236 202; x_wconf 92' lang='lat' dir='ltr'>QUAESTIO</span> <span class='ocrx_word' id='word_1_18' title='bbox 1264 152 1436 199; x_wconf 93' lang='lat' dir='ltr'>LXXXI,</span> <span class='ocrx_word' id='word_1_19' title='bbox 1465 152 1759 191; x_wconf 90' lang='lat' dir='ltr'>ARTICULUS</span> <span class='ocrx_word' id='word_1_20' title='bbox 1787 155 1813 200; x_wconf 92' lang='grc' dir='ltr'>Ι,</span> <span class='ocrx_word' id='word_1_21' title='bbox 1834 155 1864 191; x_wconf 92' lang='lat' dir='ltr'>II</span> 
     </span>
    </p>
   </div>
   <div class='ocr_carea' id='block_1_7' title="bbox 323 231 1392 1951">
    <p class='ocr_par' dir='ltr' id='par_1_7' title="bbox 325 231 1392 935">
     <span class='ocr_line' id='line_1_8' title="bbox 327 231 1389 274; baseline -0.003 -10"><span class='ocrx_word' id='word_1_22' title='bbox 327 233 387 264; x_wconf 86' lang='lat' dir='ltr'>alia</span> <span class='ocrx_word' id='word_1_23' title='bbox 409 241 491 273; x_wconf 87' lang='lat' dir='ltr'>pars,</span> <span class='ocrx_word' id='word_1_24' title='bbox 508 232 706 264; x_wconf 87' lang='lat' dir='ltr'>considerata</span> <span class='ocrx_word' id='word_1_25' title='bbox 728 234 882 264; x_wconf 88' lang='lat' dir='ltr'>totalitate</span> <span class='ocrx_word' id='word_1_26' title='bbox 905 234 1033 274; x_wconf 89' lang='lat' dir='ltr'>speciei,</span> <span class='ocrx_word' id='word_1_27' title='bbox 1053 234 1128 274; x_wconf 89' lang='lat' dir='ltr'>quia</span> <span class='ocrx_word' id='word_1_28' title='bbox 1152 233 1275 263; x_wconf 91' lang='lat' dir='ltr'>obtinet</span> <span class='ocrx_word' id='word_1_29' title='bbox 1290 231 1389 261; x_wconf 91' lang='lat' dir='ltr'>alium</span> 
     </span>
     <span class='ocr_line' id='line_1_9' title="bbox 326 274 1389 318; baseline -0.004 -10"><span class='ocrx_word' id='word_1_30' title='bbox 326 277 437 308; x_wconf 91' lang='lat' dir='ltr'>locum</span> <span class='ocrx_word' id='word_1_31' title='bbox 461 282 492 307; x_wconf 90' lang='lat' dir='ltr'>et</span> <span class='ocrx_word' id='word_1_32' title='bbox 515 277 612 307; x_wconf 90' lang='lat' dir='ltr'>situm</span> <span class='ocrx_word' id='word_1_33' title='bbox 634 278 668 308; x_wconf 92' lang='lat' dir='ltr'>in</span> <span class='ocrx_word' id='word_1_34' title='bbox 692 287 846 318; x_wconf 91' lang='lat' dir='ltr'>corpore,</span> <span class='ocrx_word' id='word_1_35' title='bbox 871 283 902 308; x_wconf 90' lang='lat' dir='ltr'>et</span> <span class='ocrx_word' id='word_1_36' title='bbox 925 278 1045 309; x_wconf 88' lang='lat' dir='ltr'><strong>substat</strong></span> <span class='ocrx_word' id='word_1_37' title='bbox 1075 277 1142 308; x_wconf 89' lang='lat' dir='ltr'>aliis</span> <span class='ocrx_word' id='word_1_38' title='bbox 1173 276 1315 316; x_wconf 88' lang='lat' dir='ltr'>partibus</span> <span class='ocrx_word' id='word_1_39' title='bbox 1342 274 1389 304; x_wconf 89' lang='lat' dir='ltr'>di-</span> 
     </span>
     <span class='ocr_line' id='line_1_10' title="bbox 326 320 1389 362; baseline -0.003 -10"><span class='ocrx_word' id='word_1_40' title='bbox 326 321 511 352; x_wconf 86' lang='lat' dir='ltr'>mensionis.</span> <span class='ocrx_word' id='word_1_41' title='bbox 535 321 668 361; x_wconf 87' lang='lat' dir='ltr'>Aliquid</span> <span class='ocrx_word' id='word_1_42' title='bbox 691 327 800 353; x_wconf 91' lang='lat' dir='ltr'>autem</span> <span class='ocrx_word' id='word_1_43' title='bbox 815 322 943 353; x_wconf 87' lang='lat' dir='ltr'>advenit</span> <span class='ocrx_word' id='word_1_44' title='bbox 957 321 1047 362; x_wconf 92' lang='lat' dir='ltr'>quod</span> <span class='ocrx_word' id='word_1_45' title='bbox 1061 331 1129 352; x_wconf 91' lang='lat' dir='ltr'>non</span> <span class='ocrx_word' id='word_1_46' title='bbox 1145 320 1220 351; x_wconf 77' lang='lat' dir='ltr'>facit</span> <span class='ocrx_word' id='word_1_47' title='bbox 1236 328 1389 359; x_wconf 87' lang='lat' dir='ltr'>augmen-</span> 
     </span>
     <span class='ocr_line' id='line_1_11' title="bbox 326 363 1390 406; baseline -0.003 -11"><span class='ocrx_word' id='word_1_48' title='bbox 326 370 407 400; x_wconf 89' lang='lat' dir='ltr'>tum,</span> <span class='ocrx_word' id='word_1_49' title='bbox 432 364 488 395; x_wconf 93' lang='lat' dir='ltr'>sed</span> <span class='ocrx_word' id='word_1_50' title='bbox 511 364 595 396; x_wconf 87' lang='lat' dir='ltr'>cedit</span> <span class='ocrx_word' id='word_1_51' title='bbox 617 366 651 396; x_wconf 89' lang='lat' dir='ltr'>in</span> <span class='ocrx_word' id='word_1_52' title='bbox 674 367 938 398; x_wconf 84' lang='lat' dir='ltr'>restaurationem</span> <span class='ocrx_word' id='word_1_53' title='bbox 968 365 1124 406; x_wconf 86' lang='lat' dir='ltr'>deperditi</span> <span class='ocrx_word' id='word_1_54' title='bbox 1146 363 1333 395; x_wconf 91' lang='lat' dir='ltr'>nutriendo:</span> <span class='ocrx_word' id='word_1_55' title='bbox 1359 367 1390 392; x_wconf 89' lang='lat' dir='ltr'>et</span> 
     </span>
     <span class='ocr_line' id='line_1_12' title="bbox 326 407 1390 450; baseline -0.003 -10"><span class='ocrx_word' id='word_1_56' title='bbox 326 418 394 440; x_wconf 89' lang='lat' dir='ltr'>non</span> <span class='ocrx_word' id='word_1_57' title='bbox 419 414 624 449; x_wconf 87' lang='lat' dir='ltr'>computatur</span> <span class='ocrx_word' id='word_1_58' title='bbox 647 416 683 440; x_wconf 91' lang='lat' dir='ltr'>ut</span> <span class='ocrx_word' id='word_1_59' title='bbox 706 410 766 441; x_wconf 92' lang='lat' dir='ltr'>alia</span> <span class='ocrx_word' id='word_1_60' title='bbox 788 420 860 450; x_wconf 89' lang='lat' dir='ltr'>pars</span> <span class='ocrx_word' id='word_1_61' title='bbox 883 410 982 441; x_wconf 89' lang='lat' dir='ltr'>totius</span> <span class='ocrx_word' id='word_1_62' title='bbox 1005 409 1196 441; x_wconf 89' lang='lat' dir='ltr'>considerati</span> <span class='ocrx_word' id='word_1_63' title='bbox 1211 407 1390 438; x_wconf 89' lang='lat' dir='ltr'>secundum</span> 
     </span>
     <span class='ocr_line' id='line_1_13' title="bbox 327 451 1391 493; baseline -0.002 -10"><span class='ocrx_word' id='word_1_64' title='bbox 327 453 486 493; x_wconf 86' lang='lat' dir='ltr'>speciem,</span> <span class='ocrx_word' id='word_1_65' title='bbox 511 463 586 484; x_wconf 92' lang='lat' dir='ltr'>cum</span> <span class='ocrx_word' id='word_1_66' title='bbox 609 463 678 485; x_wconf 91' lang='lat' dir='ltr'>non</span> <span class='ocrx_word' id='word_1_67' title='bbox 708 455 850 486; x_wconf 86' lang='lat' dir='ltr'>obtineat</span> <span class='ocrx_word' id='word_1_68' title='bbox 880 454 978 485; x_wconf 88' lang='lat' dir='ltr'>alium</span> <span class='ocrx_word' id='word_1_69' title='bbox 1010 454 1120 485; x_wconf 90' lang='lat' dir='ltr'>locum</span> <span class='ocrx_word' id='word_1_70' title='bbox 1150 453 1201 483; x_wconf 88' lang='lat' dir='ltr'>vel</span> <span class='ocrx_word' id='word_1_71' title='bbox 1231 453 1327 482; x_wconf 90' lang='lat' dir='ltr'>situm</span> <span class='ocrx_word' id='word_1_72' title='bbox 1357 451 1391 481; x_wconf 83' lang='lat' dir='ltr'>‘m</span> 
     </span>
     <span class='ocr_line' id='line_1_14' title="bbox 327 495 1392 539; baseline -0.003 -11"><span class='ocrx_word' id='word_1_73' title='bbox 327 506 464 537; x_wconf 88' lang='lat' dir='ltr'>corpore</span> <span class='ocrx_word' id='word_1_74' title='bbox 487 507 586 538; x_wconf 91' lang='lat' dir='ltr'>quam</span> <span class='ocrx_word' id='word_1_75' title='bbox 608 507 681 538; x_wconf 88' lang='lat' dir='ltr'>pars</span> <span class='ocrx_word' id='word_1_76' title='bbox 704 508 787 539; x_wconf 90' lang='lat' dir='ltr'>quae</span> <span class='ocrx_word' id='word_1_77' title='bbox 811 497 942 533; x_wconf 84' lang='lat' dir='ltr'>defluxit</span> <span class='ocrx_word' id='word_1_78' title='bbox 957 498 1104 534; x_wconf 88' lang='lat' dir='ltr'>tenebat;</span> <span class='ocrx_word' id='word_1_79' title='bbox 1129 497 1274 538; x_wconf 86' lang='lat' dir='ltr'>quamvis</span> <span class='ocrx_word' id='word_1_80' title='bbox 1289 495 1392 535; x_wconf 83' lang='lat' dir='ltr'>possit</span> 
     </span>
     <span class='ocr_line' id='line_1_15' title="bbox 327 539 1391 582; baseline -0.004 -10"><span class='ocrx_word' id='word_1_81' title='bbox 327 541 388 572; x_wconf 89' lang='lat' dir='ltr'>alia</span> <span class='ocrx_word' id='word_1_82' title='bbox 409 551 483 581; x_wconf 91' lang='lat' dir='ltr'>pars</span> <span class='ocrx_word' id='word_1_83' title='bbox 506 543 688 582; x_wconf 89' lang='lat' dir='ltr'>computari</span> <span class='ocrx_word' id='word_1_84' title='bbox 712 542 911 573; x_wconf 84' lang='lat' dir='ltr'>considerata</span> <span class='ocrx_word' id='word_1_85' title='bbox 933 542 1088 573; x_wconf 87' lang='lat' dir='ltr'>totalitate</span> <span class='ocrx_word' id='word_1_86' title='bbox 1110 541 1270 572; x_wconf 87' lang='lat' dir='ltr'>materiae.</span> <span class='ocrx_word' id='word_1_87' title='bbox 1294 539 1335 570; x_wconf 91' lang='lat' dir='ltr'>Et</span> <span class='ocrx_word' id='word_1_88' title='bbox 1350 539 1391 568; x_wconf 84' lang='lat' dir='ltr'>si-</span> 
     </span>
     <span class='ocr_line' id='line_1_16' title="bbox 326 583 1390 626; baseline -0.003 -11"><span class='ocrx_word' id='word_1_89' title='bbox 326 586 443 616; x_wconf 90' lang='lat' dir='ltr'>militer</span> <span class='ocrx_word' id='word_1_90' title='bbox 466 591 513 616; x_wconf 90' lang='lat' dir='ltr'>est</span> <span class='ocrx_word' id='word_1_91' title='bbox 536 585 576 616; x_wconf 91' lang='lat' dir='ltr'>de</span> <span class='ocrx_word' id='word_1_92' title='bbox 600 587 731 626; x_wconf 85' lang='lat' dir='ltr'>capillis.</span> <span class='ocrx_word' id='word_1_93' title='bbox 755 587 955 626; x_wconf 89' lang='lat' dir='ltr'>Augustinus</span> <span class='ocrx_word' id='word_1_94' title='bbox 979 595 1054 626; x_wconf 90' lang='lat' dir='ltr'>ergo</span> <span class='ocrx_word' id='word_1_95' title='bbox 1077 586 1221 625; x_wconf 87' lang='lat' dir='ltr'>loquitur</span> <span class='ocrx_word' id='word_1_96' title='bbox 1244 583 1284 614; x_wconf 95' lang='lat' dir='ltr'>de</span> <span class='ocrx_word' id='word_1_97' title='bbox 1311 583 1390 613; x_wconf 89' lang='lat' dir='ltr'>inci-</span> 
     </span>
     <span class='ocr_line' id='line_1_17' title="bbox 326 629 1391 671; baseline -0.004 -11"><span class='ocrx_word' id='word_1_98' title='bbox 326 630 471 661; x_wconf 89' lang='lat' dir='ltr'>sionibus</span> <span class='ocrx_word' id='word_1_99' title='bbox 494 630 684 670; x_wconf 90' lang='lat' dir='ltr'>capillorum</span> <span class='ocrx_word' id='word_1_100' title='bbox 714 640 797 671; x_wconf 90' lang='lat' dir='ltr'>quae</span> <span class='ocrx_word' id='word_1_101' title='bbox 825 635 913 661; x_wconf 89' lang='lat' dir='ltr'>erant</span> <span class='ocrx_word' id='word_1_102' title='bbox 935 635 1040 670; x_wconf 90' lang='lat' dir='ltr'>partes</span> <span class='ocrx_word' id='word_1_103' title='bbox 1063 629 1215 660; x_wconf 82' lang='lat' dir='ltr'>facientes</span> <span class='ocrx_word' id='word_1_104' title='bbox 1238 636 1391 667; x_wconf 86' lang='lat' dir='ltr'>augmen-</span> 
     </span>
     <span class='ocr_line' id='line_1_18' title="bbox 327 672 1391 715; baseline -0.005 -10"><span class='ocrx_word' id='word_1_105' title='bbox 327 679 407 705; x_wconf 86' lang='lat' dir='ltr'>tum.</span> <span class='ocrx_word' id='word_1_106' title='bbox 432 674 473 705; x_wconf 88' lang='lat' dir='ltr'>Et</span> <span class='ocrx_word' id='word_1_107' title='bbox 488 673 563 705; x_wconf 91' lang='lat' dir='ltr'>ideo</span> <span class='ocrx_word' id='word_1_108' title='bbox 580 680 710 715; x_wconf 80' lang='lat' dir='ltr'>oportet</span> <span class='ocrx_word' id='word_1_109' title='bbox 724 673 814 714; x_wconf 92' lang='lat' dir='ltr'>quod</span> <span class='ocrx_word' id='word_1_110' title='bbox 832 679 1012 714; x_wconf 85' lang='lat' dir='ltr'>resurgant:</span> <span class='ocrx_word' id='word_1_111' title='bbox 1033 683 1102 704; x_wconf 91' lang='lat' dir='ltr'>non</span> <span class='ocrx_word' id='word_1_112' title='bbox 1117 678 1225 703; x_wconf 89' lang='lat' dir='ltr'>tamen</span> <span class='ocrx_word' id='word_1_113' title='bbox 1241 672 1273 701; x_wconf 90' lang='lat' dir='ltr'>in</span> <span class='ocrx_word' id='word_1_114' title='bbox 1290 680 1391 711; x_wconf 92' lang='lat' dir='ltr'>quan-</span> 
     </span>
     <span class='ocr_line' id='line_1_19' title="bbox 326 714 1392 765; baseline -0.006 -16"><span class='ocrx_word' id='word_1_115' title='bbox 326 719 414 749; x_wconf 91' lang='lat' dir='ltr'>titate</span> <span class='ocrx_word' id='word_1_116' title='bbox 438 718 640 759; x_wconf 89' lang='lat' dir='ltr'>capillorum,</span> <span class='ocrx_word' id='word_1_117' title='bbox 655 728 698 750; x_wconf 92' lang='lat' dir='ltr'>ne</span> <span class='ocrx_word' id='word_1_118' title='bbox 712 719 752 749; x_wconf 90' lang='lat' dir='ltr'>sit</span> <span class='ocrx_word' id='word_1_119' title='bbox 768 719 926 758; x_wconf 87' lang='lat' dir='ltr'>quantitas</span> <span class='ocrx_word' id='word_1_120' title='bbox 948 716 1175 752; x_wconf 85' lang='lat' dir='ltr'>immoderata;</span> <span class='ocrx_word' id='word_1_121' title='bbox 1199 715 1255 746; x_wconf 91' lang='lat' dir='ltr'>sed</span> <span class='ocrx_word' id='word_1_122' title='bbox 1270 715 1313 765; x_wconf 46' lang='lat' dir='ltr'>in·</span> <span class='ocrx_word' id='word_1_123' title='bbox 1324 714 1392 744; x_wconf 87' lang='lat' dir='ltr'>aliis</span> 
     </span>
     <span class='ocr_line' id='line_1_20' title="bbox 326 759 1392 808; baseline -0.004 -16"><span class='ocrx_word' id='word_1_124' title='bbox 326 762 486 803; x_wconf 91' lang='lat' dir='ltr'>partibus,</span> <span class='ocrx_word' id='word_1_125' title='bbox 510 768 546 793; x_wconf 92' lang='lat' dir='ltr'>ut</span> <span class='ocrx_word' id='word_1_126' title='bbox 574 763 789 793; x_wconf 89' lang='lat' dir='ltr'>necessarium</span> <span class='ocrx_word' id='word_1_127' title='bbox 820 761 973 792; x_wconf 90' lang='lat' dir='ltr'>iudicabit</span> <span class='ocrx_word' id='word_1_128' title='bbox 1002 760 1108 791; x_wconf 87' lang='lat' dir='ltr'>divina</span> <span class='ocrx_word' id='word_1_129' title='bbox 1134 759 1345 808; x_wconf 57' lang='lat' dir='ltr'>providentia.</span> <span class='ocrx_word' id='word_1_130' title='bbox 1369 776 1392 781; x_wconf 86' lang='lat'>-</span> 
     </span>
     <span class='ocr_line' id='line_1_21' title="bbox 327 801 1390 846; baseline -0.005 -10"><span class='ocrx_word' id='word_1_131' title='bbox 327 806 387 837; x_wconf 89' lang='lat' dir='ltr'>Vel</span> <span class='ocrx_word' id='word_1_132' title='bbox 410 806 554 846; x_wconf 88' lang='lat' dir='ltr'>loquitur</span> <span class='ocrx_word' id='word_1_133' title='bbox 576 806 610 837; x_wconf 90' lang='lat' dir='ltr'>in</span> <span class='ocrx_word' id='word_1_134' title='bbox 634 816 710 837; x_wconf 87' lang='lat' dir='ltr'>casu</span> <span class='ocrx_word' id='word_1_135' title='bbox 739 806 795 836; x_wconf 88' lang='lat' dir='ltr'>illo</span> <span class='ocrx_word' id='word_1_136' title='bbox 827 804 958 845; x_wconf 87' lang='lat' dir='ltr'>quando</span> <span class='ocrx_word' id='word_1_137' title='bbox 988 805 1055 836; x_wconf 90' lang='lat' dir='ltr'>aliis</span> <span class='ocrx_word' id='word_1_138' title='bbox 1084 803 1226 844; x_wconf 86' lang='lat' dir='ltr'>partibus</span> <span class='ocrx_word' id='word_1_139' title='bbox 1254 801 1390 833; x_wconf 82' lang='lat' dir='ltr'>deficiet.</span> 
     </span>
     <span class='ocr_line' id='line_1_22' title="bbox 327 846 1392 889; baseline -0.007 -7"><span class='ocrx_word' id='word_1_140' title='bbox 327 850 423 882; x_wconf 85' lang='lat' dir='ltr'>Tunc</span> <span class='ocrx_word' id='word_1_141' title='bbox 447 850 532 881; x_wconf 90' lang='lat' dir='ltr'>enim</span> <span class='ocrx_word' id='word_1_142' title='bbox 556 859 670 881; x_wconf 90' lang='lat' dir='ltr'>eorum</span> <span class='ocrx_word' id='word_1_143' title='bbox 693 848 836 881; x_wconf 85' lang='lat' dir='ltr'>defectus</span> <span class='ocrx_word' id='word_1_144' title='bbox 859 849 978 889; x_wconf 86' lang='lat' dir='ltr'>poterit</span> <span class='ocrx_word' id='word_1_145' title='bbox 994 858 1032 880; x_wconf 85' lang='lat' dir='ltr'>ex</span> <span class='ocrx_word' id='word_1_146' title='bbox 1048 846 1319 889; x_wconf 86' lang='lat' dir='ltr'>superfluitatibus</span> <span class='ocrx_word' id='word_1_147' title='bbox 1340 855 1392 876; x_wconf 90' lang='lat' dir='ltr'>ca-</span> 
     </span>
     <span class='ocr_line' id='line_1_23' title="bbox 325 894 648 935; baseline -0.006 -10"><span class='ocrx_word' id='word_1_148' title='bbox 325 894 479 935; x_wconf 87' lang='lat' dir='ltr'>pillorum</span> <span class='ocrx_word' id='word_1_149' title='bbox 501 894 648 933; x_wconf 86' lang='lat' dir='ltr'>reparari.</span> 
     </span>
    </p>

    <p class='ocr_par' dir='ltr' id='par_1_8' title="bbox 324 935 1392 1410">
     <span class='ocr_line' id='line_1_24' title="bbox 380 935 1392 976; baseline -0.003 -8"><span class='ocrx_word' id='word_1_150' title='bbox 380 938 432 969; x_wconf 83' lang='lat' dir='ltr'>Ar&gt;</span> <span class='ocrx_word' id='word_1_151' title='bbox 466 947 628 969; x_wconf 68' lang='lat' dir='ltr'>succuum(</span> <span class='ocrx_word' id='word_1_152' title='bbox 657 946 818 968; x_wconf 70' lang='lat' dir='ltr'>memma</span> <span class='ocrx_word' id='word_1_153' title='bbox 850 936 939 976; x_wconf 92' lang='lat' dir='ltr'>quod</span> <span class='ocrx_word' id='word_1_154' title='bbox 962 935 1142 967; x_wconf 89' lang='lat' dir='ltr'>secundum</span> <span class='ocrx_word' id='word_1_155' title='bbox 1165 935 1290 966; x_wconf 85' lang='lat' dir='ltr'>tertiam</span> <span class='ocrx_word' id='word_1_156' title='bbox 1321 935 1392 974; x_wconf 93' lang='lat' dir='ltr'>opi-</span> 
     </span>
     <span class='ocr_line' id='line_1_25' title="bbox 325 979 1392 1021; baseline -0.003 -9"><span class='ocrx_word' id='word_1_157' title='bbox 325 982 459 1013; x_wconf 87' lang='lat' dir='ltr'>nionem</span> <span class='ocrx_word' id='word_1_158' title='bbox 474 982 492 998; x_wconf 73' lang='lat'>⁴*</span> <span class='ocrx_word' id='word_1_159' title='bbox 515 980 647 1012; x_wconf 86' lang='lat' dir='ltr'>eaedem</span> <span class='ocrx_word' id='word_1_160' title='bbox 670 986 744 1012; x_wconf 91' lang='lat' dir='ltr'>sunt</span> <span class='ocrx_word' id='word_1_161' title='bbox 766 986 871 1021; x_wconf 88' lang='lat' dir='ltr'>partes</span> <span class='ocrx_word' id='word_1_162' title='bbox 893 980 1073 1012; x_wconf 87' lang='lat' dir='ltr'>secundum</span> <span class='ocrx_word' id='word_1_163' title='bbox 1105 979 1264 1020; x_wconf 88' lang='lat' dir='ltr'>speciem,</span> <span class='ocrx_word' id='word_1_164' title='bbox 1289 984 1321 1010; x_wconf 87' lang='lat' dir='ltr'>et</span> <span class='ocrx_word' id='word_1_165' title='bbox 1343 988 1392 1009; x_wconf 90' lang='lat' dir='ltr'>se-</span> 
     </span>
     <span class='ocr_line' id='line_1_26' title="bbox 326 1023 1391 1056; baseline -0.002 -1"><span class='ocrx_word' id='word_1_166' title='bbox 326 1024 470 1056; x_wconf 90' lang='lat' dir='ltr'>cundum</span> <span class='ocrx_word' id='word_1_167' title='bbox 493 1026 668 1055; x_wconf 88' lang='lat' dir='ltr'>materiam.</span> <span class='ocrx_word' id='word_1_168' title='bbox 692 1025 768 1055; x_wconf 90' lang='lat' dir='ltr'>Non</span> <span class='ocrx_word' id='word_1_169' title='bbox 793 1025 880 1055; x_wconf 91' lang='lat' dir='ltr'>enim</span> <span class='ocrx_word' id='word_1_170' title='bbox 902 1025 956 1055; x_wconf 92' lang='lat' dir='ltr'>illa</span> <span class='ocrx_word' id='word_1_171' title='bbox 979 1025 1183 1055; x_wconf 85' lang='lat' dir='ltr'>distinctione</span> <span class='ocrx_word' id='word_1_172' title='bbox 1203 1024 1303 1055; x_wconf 92' lang='lat' dir='ltr'>utitur</span> <span class='ocrx_word' id='word_1_173' title='bbox 1318 1023 1391 1053; x_wconf 92' lang='lat' dir='ltr'>Phi-</span> 
     </span>
     <span class='ocr_line' id='line_1_27' title="bbox 324 1067 1392 1109; baseline -0.003 -9"><span class='ocrx_word' id='word_1_174' title='bbox 324 1069 498 1109; x_wconf 78' lang='lat' dir='ltr'>losophus,</span> <span class='ocrx_word' id='word_1_175' title='bbox 521 1069 555 1100; x_wconf 89' lang='lat' dir='ltr'>in</span> <span class='ocrx_word' id='word_1_176' title='bbox 579 1069 592 1100; x_wconf 93' lang='grc' dir='ltr'>Ι</span> <span class='ocrx_word' id='word_1_177' title='bbox 615 1069 655 1101; x_wconf 76' lang='lat' dir='ltr'>de</span> <span class='ocrx_word' id='word_1_178' title='bbox 679 1069 829 1101; x_wconf 82' lang='lat' dir='ltr'>Generat.</span> <span class='ocrx_word' id='word_1_179' title='bbox 846 1070 880 1106; x_wconf 65' lang='lat'>*‚</span> <span class='ocrx_word' id='word_1_180' title='bbox 905 1069 945 1100; x_wconf 91' lang='lat' dir='ltr'>ad</span> <span class='ocrx_word' id='word_1_181' title='bbox 968 1068 1230 1109; x_wconf 87' lang='lat' dir='ltr'>distinguendum</span> <span class='ocrx_word' id='word_1_182' title='bbox 1255 1067 1392 1098; x_wconf 90' lang='lat' dir='ltr'>diversas</span> 
     </span>
     <span class='ocr_line' id='line_1_28' title="bbox 324 1112 1392 1154; baseline -0.003 -9"><span class='ocrx_word' id='word_1_183' title='bbox 324 1118 446 1154; x_wconf 83' lang='lat' dir='ltr'>partes:</span> <span class='ocrx_word' id='word_1_184' title='bbox 470 1112 526 1145; x_wconf 89' lang='lat' dir='ltr'>sed</span> <span class='ocrx_word' id='word_1_185' title='bbox 545 1113 586 1144; x_wconf 90' lang='lat' dir='ltr'>ad</span> <span class='ocrx_word' id='word_1_186' title='bbox 609 1113 846 1146; x_wconf 89' lang='lat' dir='ltr'>ostendendum</span> <span class='ocrx_word' id='word_1_187' title='bbox 869 1113 959 1154; x_wconf 91' lang='lat' dir='ltr'>quod</span> <span class='ocrx_word' id='word_1_188' title='bbox 982 1113 1114 1145; x_wconf 91' lang='lat' dir='ltr'>eaedem</span> <span class='ocrx_word' id='word_1_189' title='bbox 1137 1118 1241 1153; x_wconf 87' lang='lat' dir='ltr'>partes</span> <span class='ocrx_word' id='word_1_190' title='bbox 1256 1116 1392 1152; x_wconf 88' lang='lat' dir='ltr'>possunt</span> 
     </span>
     <span class='ocr_line' id='line_1_29' title="bbox 326 1155 1392 1198; baseline -0.003 -9"><span class='ocrx_word' id='word_1_191' title='bbox 326 1156 519 1189; x_wconf 84' lang='lat' dir='ltr'>considerari</span> <span class='ocrx_word' id='word_1_192' title='bbox 542 1163 574 1188; x_wconf 89' lang='lat' dir='ltr'>et</span> <span class='ocrx_word' id='word_1_193' title='bbox 597 1157 776 1190; x_wconf 90' lang='lat' dir='ltr'>secundum</span> <span class='ocrx_word' id='word_1_194' title='bbox 800 1158 953 1198; x_wconf 88' lang='lat' dir='ltr'>speciem,</span> <span class='ocrx_word' id='word_1_195' title='bbox 977 1163 1135 1198; x_wconf 87' lang='lat' dir='ltr'>quantum</span> <span class='ocrx_word' id='word_1_196' title='bbox 1151 1156 1192 1189; x_wconf 84' lang='lat' dir='ltr'>ad</span> <span class='ocrx_word' id='word_1_197' title='bbox 1206 1156 1287 1188; x_wconf 89' lang='lat' dir='ltr'>illud</span> <span class='ocrx_word' id='word_1_198' title='bbox 1301 1155 1392 1196; x_wconf 87' lang='lat' dir='ltr'>quod</span> 
     </span>
     <span class='ocr_line' id='line_1_30' title="bbox 326 1201 1391 1243; baseline 0.002 -9"><span class='ocrx_word' id='word_1_199' title='bbox 326 1206 374 1234; x_wconf 84' lang='lat' dir='ltr'>est</span> <span class='ocrx_word' id='word_1_200' title='bbox 396 1201 519 1233; x_wconf 86' lang='lat' dir='ltr'>formae</span> <span class='ocrx_word' id='word_1_201' title='bbox 547 1207 578 1233; x_wconf 89' lang='lat' dir='ltr'>et</span> <span class='ocrx_word' id='word_1_202' title='bbox 607 1203 726 1243; x_wconf 89' lang='lat' dir='ltr'>speciei</span> <span class='ocrx_word' id='word_1_203' title='bbox 756 1203 790 1234; x_wconf 89' lang='lat' dir='ltr'>in</span> <span class='ocrx_word' id='word_1_204' title='bbox 819 1202 914 1243; x_wconf 88' lang='lat' dir='ltr'>ipsis,</span> <span class='ocrx_word' id='word_1_205' title='bbox 939 1207 970 1233; x_wconf 92' lang='lat' dir='ltr'>et</span> <span class='ocrx_word' id='word_1_206' title='bbox 1002 1201 1182 1234; x_wconf 90' lang='lat' dir='ltr'>secundum</span> <span class='ocrx_word' id='word_1_207' title='bbox 1214 1201 1391 1236; x_wconf 77' lang='lat' dir='ltr'>materiam,</span> 
     </span>
     <span class='ocr_line' id='line_1_31' title="bbox 326 1244 1392 1287; baseline -0.002 -10"><span class='ocrx_word' id='word_1_208' title='bbox 326 1251 483 1287; x_wconf 90' lang='lat' dir='ltr'>quantum</span> <span class='ocrx_word' id='word_1_209' title='bbox 507 1245 547 1276; x_wconf 93' lang='lat' dir='ltr'>ad</span> <span class='ocrx_word' id='word_1_210' title='bbox 569 1246 650 1277; x_wconf 92' lang='lat' dir='ltr'>illud</span> <span class='ocrx_word' id='word_1_211' title='bbox 673 1246 763 1287; x_wconf 93' lang='lat' dir='ltr'>quod</span> <span class='ocrx_word' id='word_1_212' title='bbox 786 1247 894 1278; x_wconf 88' lang='lat' dir='ltr'>subest</span> <span class='ocrx_word' id='word_1_213' title='bbox 917 1246 1039 1278; x_wconf 87' lang='lat' dir='ltr'>formae</span> <span class='ocrx_word' id='word_1_214' title='bbox 1056 1252 1087 1277; x_wconf 90' lang='lat' dir='ltr'>et</span> <span class='ocrx_word' id='word_1_215' title='bbox 1102 1246 1230 1286; x_wconf 90' lang='lat' dir='ltr'>speciei.</span> <span class='ocrx_word' id='word_1_216' title='bbox 1256 1244 1392 1276; x_wconf 87' lang='lat' dir='ltr'>Constat</span> 
     </span>
     <span class='ocr_line' id='line_1_32' title="bbox 325 1289 1391 1331; baseline -0.001 -11"><span class='ocrx_word' id='word_1_217' title='bbox 325 1295 434 1321; x_wconf 85' lang='lat' dir='ltr'>autem</span> <span class='ocrx_word' id='word_1_218' title='bbox 457 1290 547 1331; x_wconf 87' lang='lat' dir='ltr'>quod</span> <span class='ocrx_word' id='word_1_219' title='bbox 569 1291 701 1321; x_wconf 90' lang='lat' dir='ltr'>materia</span> <span class='ocrx_word' id='word_1_220' title='bbox 722 1291 823 1321; x_wconf 91' lang='lat' dir='ltr'>carnis</span> <span class='ocrx_word' id='word_1_221' title='bbox 838 1301 906 1321; x_wconf 92' lang='lat' dir='ltr'>non</span> <span class='ocrx_word' id='word_1_222' title='bbox 922 1291 1017 1321; x_wconf 88' lang='lat' dir='ltr'>habet</span> <span class='ocrx_word' id='word_1_223' title='bbox 1033 1290 1180 1321; x_wconf 89' lang='lat' dir='ltr'>ordinem</span> <span class='ocrx_word' id='word_1_224' title='bbox 1196 1289 1235 1320; x_wconf 94' lang='lat' dir='ltr'>ad</span> <span class='ocrx_word' id='word_1_225' title='bbox 1252 1289 1391 1319; x_wconf 91' lang='lat' dir='ltr'>animam</span> 
     </span>
     <span class='ocr_line' id='line_1_33' title="bbox 325 1333 1391 1375; baseline -0.002 -10"><span class='ocrx_word' id='word_1_226' title='bbox 325 1335 513 1365; x_wconf 85' lang='lat' dir='ltr'>rationalem</span> <span class='ocrx_word' id='word_1_227' title='bbox 536 1335 597 1365; x_wconf 90' lang='lat' dir='ltr'>nisi</span> <span class='ocrx_word' id='word_1_228' title='bbox 619 1336 811 1375; x_wconf 88' lang='lat' dir='ltr'>inquantum</span> <span class='ocrx_word' id='word_1_229' title='bbox 835 1341 882 1366; x_wconf 87' lang='lat' dir='ltr'>est</span> <span class='ocrx_word' id='word_1_230' title='bbox 904 1335 963 1366; x_wconf 91' lang='lat' dir='ltr'>sub</span> <span class='ocrx_word' id='word_1_231' title='bbox 986 1335 1041 1365; x_wconf 88' lang='lat' dir='ltr'>tali</span> <span class='ocrx_word' id='word_1_232' title='bbox 1056 1334 1169 1365; x_wconf 85' lang='lat' dir='ltr'>forma.</span> <span class='ocrx_word' id='word_1_233' title='bbox 1193 1334 1235 1364; x_wconf 88' lang='lat' dir='ltr'>Et</span> <span class='ocrx_word' id='word_1_234' title='bbox 1254 1333 1327 1364; x_wconf 91' lang='lat' dir='ltr'>ideo</span> <span class='ocrx_word' id='word_1_235' title='bbox 1343 1343 1391 1363; x_wconf 92' lang='lat' dir='ltr'>ra-</span> 
     </span>
     <span class='ocr_line' id='line_1_34' title="bbox 325 1379 1156 1410; baseline 0 -1"><span class='ocrx_word' id='word_1_236' title='bbox 325 1379 414 1409; x_wconf 90' lang='lat' dir='ltr'>tione</span> <span class='ocrx_word' id='word_1_237' title='bbox 437 1379 507 1410; x_wconf 91' lang='lat' dir='ltr'>eius</span> <span class='ocrx_word' id='word_1_238' title='bbox 529 1379 625 1410; x_wconf 89' lang='lat' dir='ltr'>habet</span> <span class='ocrx_word' id='word_1_239' title='bbox 647 1379 795 1410; x_wconf 87' lang='lat' dir='ltr'>ordinem</span> <span class='ocrx_word' id='word_1_240' title='bbox 818 1379 858 1410; x_wconf 90' lang='lat' dir='ltr'>ad</span> <span class='ocrx_word' id='word_1_241' title='bbox 880 1379 1156 1410; x_wconf 86' lang='lat' dir='ltr'>resurrectionem.</span> 
     </span>
    </p>

    <p class='ocr_par' dir='ltr' id='par_1_9' title="bbox 324 1422 1392 1684">
     <span class='ocr_line' id='line_1_35' title="bbox 380 1422 1392 1464; baseline -0.002 -11"><span class='ocrx_word' id='word_1_242' title='bbox 380 1422 443 1454; x_wconf 90' lang='lat' dir='ltr'>Sed</span> <span class='ocrx_word' id='word_1_243' title='bbox 466 1423 570 1464; x_wconf 91' lang='lat' dir='ltr'>prima</span> <span class='ocrx_word' id='word_1_244' title='bbox 592 1429 623 1454; x_wconf 92' lang='lat' dir='ltr'>et</span> <span class='ocrx_word' id='word_1_245' title='bbox 645 1423 786 1455; x_wconf 90' lang='lat' dir='ltr'>secunda</span> <span class='ocrx_word' id='word_1_246' title='bbox 809 1424 921 1464; x_wconf 90' lang='lat' dir='ltr'>opinio</span> <span class='ocrx_word' id='word_1_247' title='bbox 938 1424 965 1460; x_wconf 71' lang='lat'>*‚</span> <span class='ocrx_word' id='word_1_248' title='bbox 990 1432 1073 1464; x_wconf 91' lang='lat' dir='ltr'>quae</span> <span class='ocrx_word' id='word_1_249' title='bbox 1087 1427 1217 1464; x_wconf 91' lang='lat' dir='ltr'>ponunt</span> <span class='ocrx_word' id='word_1_250' title='bbox 1232 1422 1307 1452; x_wconf 83' lang='lat' dir='ltr'>alias</span> <span class='ocrx_word' id='word_1_251' title='bbox 1323 1430 1392 1452; x_wconf 84' lang='lat' dir='ltr'>esse</span> 
     </span>
     <span class='ocr_line' id='line_1_36' title="bbox 324 1467 1392 1508; baseline -0.001 -11"><span class='ocrx_word' id='word_1_252' title='bbox 324 1472 430 1508; x_wconf 86' lang='lat' dir='ltr'>partes</span> <span class='ocrx_word' id='word_1_253' title='bbox 453 1477 536 1508; x_wconf 92' lang='lat' dir='ltr'>quae</span> <span class='ocrx_word' id='word_1_254' title='bbox 568 1474 643 1498; x_wconf 89' lang='lat' dir='ltr'>sunt</span> <span class='ocrx_word' id='word_1_255' title='bbox 674 1467 854 1499; x_wconf 90' lang='lat' dir='ltr'>secundum</span> <span class='ocrx_word' id='word_1_256' title='bbox 885 1468 1026 1508; x_wconf 90' lang='lat' dir='ltr'>speciem</span> <span class='ocrx_word' id='word_1_257' title='bbox 1058 1472 1089 1498; x_wconf 90' lang='lat' dir='ltr'>et</span> <span class='ocrx_word' id='word_1_258' title='bbox 1112 1467 1188 1498; x_wconf 84' lang='lat' dir='ltr'>alias</span> <span class='ocrx_word' id='word_1_259' title='bbox 1211 1475 1294 1506; x_wconf 91' lang='lat' dir='ltr'>quae</span> <span class='ocrx_word' id='word_1_260' title='bbox 1318 1471 1392 1496; x_wconf 90' lang='lat' dir='ltr'>sunt</span> 
     </span>
     <span class='ocr_line' id='line_1_37' title="bbox 325 1510 1391 1553; baseline -0.003 -10"><span class='ocrx_word' id='word_1_261' title='bbox 325 1511 506 1544; x_wconf 88' lang='lat' dir='ltr'>secundum</span> <span class='ocrx_word' id='word_1_262' title='bbox 528 1513 703 1548; x_wconf 87' lang='lat' dir='ltr'>materiam,</span> <span class='ocrx_word' id='word_1_263' title='bbox 728 1511 840 1544; x_wconf 89' lang='lat' dir='ltr'>dicunt</span> <span class='ocrx_word' id='word_1_264' title='bbox 863 1511 952 1553; x_wconf 90' lang='lat' dir='ltr'>quod</span> <span class='ocrx_word' id='word_1_265' title='bbox 975 1512 1092 1547; x_wconf 89' lang='lat' dir='ltr'>anima,</span> <span class='ocrx_word' id='word_1_266' title='bbox 1116 1510 1261 1552; x_wconf 89' lang='lat' dir='ltr'>quamvis</span> <span class='ocrx_word' id='word_1_267' title='bbox 1292 1515 1391 1541; x_wconf 90' lang='lat' dir='ltr'>utras-</span> 
     </span>
     <span class='ocr_line' id='line_1_38' title="bbox 325 1553 1392 1598; baseline -0.004 -10"><span class='ocrx_word' id='word_1_268' title='bbox 325 1565 390 1597; x_wconf 87' lang='lat' dir='ltr'>que</span> <span class='ocrx_word' id='word_1_269' title='bbox 411 1561 517 1598; x_wconf 88' lang='lat' dir='ltr'>partes</span> <span class='ocrx_word' id='word_1_270' title='bbox 538 1555 692 1597; x_wconf 83' lang='lat' dir='ltr'>perficiat,</span> <span class='ocrx_word' id='word_1_271' title='bbox 716 1561 825 1588; x_wconf 87' lang='lat' dir='ltr'>tamen</span> <span class='ocrx_word' id='word_1_272' title='bbox 847 1555 972 1598; x_wconf 87' lang='lat' dir='ltr'>perficit</span> <span class='ocrx_word' id='word_1_273' title='bbox 995 1561 1099 1597; x_wconf 87' lang='lat' dir='ltr'>partes</span> <span class='ocrx_word' id='word_1_274' title='bbox 1122 1553 1302 1587; x_wconf 87' lang='lat' dir='ltr'>secundum</span> <span class='ocrx_word' id='word_1_275' title='bbox 1323 1563 1392 1585; x_wconf 82' lang='lat' dir='ltr'>ma-</span> 
     </span>
     <span class='ocr_line' id='line_1_39' title="bbox 325 1597 1390 1642; baseline -0.001 -12"><span class='ocrx_word' id='word_1_276' title='bbox 325 1600 437 1633; x_wconf 85' lang='lat' dir='ltr'>teriam</span> <span class='ocrx_word' id='word_1_277' title='bbox 459 1599 674 1633; x_wconf 85' lang='lat' dir='ltr'>mediantibus</span> <span class='ocrx_word' id='word_1_278' title='bbox 697 1601 840 1642; x_wconf 82' lang='lat' dir='ltr'>partibus</span> <span class='ocrx_word' id='word_1_279' title='bbox 863 1599 1043 1632; x_wconf 87' lang='lat' dir='ltr'>secundum</span> <span class='ocrx_word' id='word_1_280' title='bbox 1066 1600 1218 1642; x_wconf 85' lang='lat' dir='ltr'>speciem.</span> <span class='ocrx_word' id='word_1_281' title='bbox 1253 1598 1294 1631; x_wconf 89' lang='lat' dir='ltr'>Et</span> <span class='ocrx_word' id='word_1_282' title='bbox 1316 1597 1390 1630; x_wconf 90' lang='lat' dir='ltr'>ideo</span> 
     </span>
     <span class='ocr_line' id='line_1_40' title="bbox 324 1642 1264 1684; baseline -0.003 -7"><span class='ocrx_word' id='word_1_283' title='bbox 324 1653 393 1677; x_wconf 87' lang='lat' dir='ltr'>non</span> <span class='ocrx_word' id='word_1_284' title='bbox 415 1644 535 1676; x_wconf 87' lang='lat' dir='ltr'>habent</span> <span class='ocrx_word' id='word_1_285' title='bbox 557 1642 731 1684; x_wconf 85' lang='lat' dir='ltr'>aequaliter</span> <span class='ocrx_word' id='word_1_286' title='bbox 753 1643 901 1676; x_wconf 86' lang='lat' dir='ltr'>ordinem</span> <span class='ocrx_word' id='word_1_287' title='bbox 924 1643 964 1676; x_wconf 88' lang='lat' dir='ltr'>ad</span> <span class='ocrx_word' id='word_1_288' title='bbox 987 1644 1264 1675; x_wconf 88' lang='lat' dir='ltr'>resurrectionem.</span> 
     </span>
    </p>

    <p class='ocr_par' dir='ltr' id='par_1_10' title="bbox 323 1687 1392 1951">
     <span class='ocr_line' id='line_1_41' title="bbox 379 1687 1392 1728; baseline -0.004 -8"><span class='ocrx_word' id='word_1_289' title='bbox 379 1688 430 1720; x_wconf 84' lang='lat' dir='ltr'>An</span> <span class='ocrx_word' id='word_1_290' title='bbox 455 1698 590 1720; x_wconf 73' lang='lat' dir='ltr'>&#39;ram-mu</span> <span class='ocrx_word' id='word_1_291' title='bbox 613 1698 773 1720; x_wconf 66' lang='lat' dir='ltr'>mmmm</span> <span class='ocrx_word' id='word_1_292' title='bbox 797 1688 887 1728; x_wconf 89' lang='lat' dir='ltr'>quod</span> <span class='ocrx_word' id='word_1_293' title='bbox 910 1689 944 1720; x_wconf 87' lang='lat' dir='ltr'>in</span> <span class='ocrx_word' id='word_1_294' title='bbox 966 1689 1098 1720; x_wconf 88' lang='lat' dir='ltr'>materia</span> <span class='ocrx_word' id='word_1_295' title='bbox 1113 1687 1345 1728; x_wconf 87' lang='lat' dir='ltr'>generabilium</span> <span class='ocrx_word' id='word_1_296' title='bbox 1361 1691 1392 1717; x_wconf 89' lang='lat' dir='ltr'>et</span> 
     </span>
     <span class='ocr_line' id='line_1_42' title="bbox 325 1730 1391 1775; baseline -0.003 -10"><span class='ocrx_word' id='word_1_297' title='bbox 325 1732 581 1775; x_wconf 83' lang='lat' dir='ltr'>corruptibilium</span> <span class='ocrx_word' id='word_1_298' title='bbox 605 1732 822 1765; x_wconf 86' lang='lat' dir='ltr'>dimensiones</span> <span class='ocrx_word' id='word_1_299' title='bbox 837 1733 1055 1765; x_wconf 86' lang='lat' dir='ltr'>interminatas</span> <span class='ocrx_word' id='word_1_300' title='bbox 1071 1737 1200 1774; x_wconf 88' lang='lat' dir='ltr'>oportet</span> <span class='ocrx_word' id='word_1_301' title='bbox 1215 1730 1391 1772; x_wconf 87' lang='lat' dir='ltr'>intelligere</span> 
     </span>
     <span class='ocr_line' id='line_1_43' title="bbox 324 1775 1391 1817; baseline 0 -11"><span class='ocrx_word' id='word_1_302' title='bbox 324 1781 397 1807; x_wconf 88' lang='lat' dir='ltr'>ante</span> <span class='ocrx_word' id='word_1_303' title='bbox 412 1777 632 1816; x_wconf 89' lang='lat' dir='ltr'>receptionem</span> <span class='ocrx_word' id='word_1_304' title='bbox 647 1775 770 1807; x_wconf 90' lang='lat' dir='ltr'>formae</span> <span class='ocrx_word' id='word_1_305' title='bbox 786 1777 1008 1807; x_wconf 90' lang='lat' dir='ltr'>substantialis.</span> <span class='ocrx_word' id='word_1_306' title='bbox 1032 1776 1074 1807; x_wconf 92' lang='lat' dir='ltr'>Et</span> <span class='ocrx_word' id='word_1_307' title='bbox 1088 1775 1162 1807; x_wconf 91' lang='lat' dir='ltr'>ideo</span> <span class='ocrx_word' id='word_1_308' title='bbox 1180 1775 1292 1807; x_wconf 85' lang='lat' dir='ltr'>divisio</span> <span class='ocrx_word' id='word_1_309' title='bbox 1309 1783 1391 1817; x_wconf 83' lang='lat' dir='ltr'>quae</span> 
     </span>
     <span class='ocr_line' id='line_1_44' title="bbox 325 1817 1391 1863; baseline -0.005 -10"><span class='ocrx_word' id='word_1_310' title='bbox 325 1825 372 1853; x_wconf 83' lang='lat' dir='ltr'>est</span> <span class='ocrx_word' id='word_1_311' title='bbox 395 1820 575 1855; x_wconf 85' lang='lat' dir='ltr'>secundum</span> <span class='ocrx_word' id='word_1_312' title='bbox 596 1820 783 1854; x_wconf 80' lang='lat' dir='ltr'>huiusmodi</span> <span class='ocrx_word' id='word_1_313' title='bbox 805 1820 1033 1857; x_wconf 83' lang='lat' dir='ltr'>dimensiones,</span> <span class='ocrx_word' id='word_1_314' title='bbox 1048 1821 1179 1863; x_wconf 90' lang='lat' dir='ltr'>proprie</span> <span class='ocrx_word' id='word_1_315' title='bbox 1199 1820 1337 1862; x_wconf 87' lang='lat' dir='ltr'>pertinet</span> <span class='ocrx_word' id='word_1_316' title='bbox 1352 1817 1391 1848; x_wconf 86' lang='lat' dir='ltr'>ad</span> 
     </span>
     <span class='ocr_line' id='line_1_45' title="bbox 323 1863 1392 1908; baseline -0.004 -11"><span class='ocrx_word' id='word_1_317' title='bbox 323 1865 499 1898; x_wconf 84' lang='lat' dir='ltr'>materiam.</span> <span class='ocrx_word' id='word_1_318' title='bbox 531 1864 595 1898; x_wconf 89' lang='lat' dir='ltr'>Sed</span> <span class='ocrx_word' id='word_1_319' title='bbox 624 1866 783 1908; x_wconf 85' lang='lat' dir='ltr'>quantitas</span> <span class='ocrx_word' id='word_1_320' title='bbox 814 1865 976 1908; x_wconf 87' lang='lat' dir='ltr'>completa</span> <span class='ocrx_word' id='word_1_321' title='bbox 1005 1871 1037 1896; x_wconf 90' lang='lat' dir='ltr'>et</span> <span class='ocrx_word' id='word_1_322' title='bbox 1066 1865 1233 1897; x_wconf 85' lang='lat' dir='ltr'>terminata</span> <span class='ocrx_word' id='word_1_323' title='bbox 1263 1863 1392 1896; x_wconf 86' lang='lat' dir='ltr'>advenit</span> 
     </span>
     <span class='ocr_line' id='line_1_46' title="bbox 323 1908 1391 1951; baseline -0.003 -9"><span class='ocrx_word' id='word_1_324' title='bbox 323 1909 474 1943; x_wconf 82' lang='lat' dir='ltr'>materiae</span> <span class='ocrx_word' id='word_1_325' title='bbox 497 1914 572 1951; x_wconf 89' lang='lat' dir='ltr'>post</span> <span class='ocrx_word' id='word_1_326' title='bbox 594 1908 732 1943; x_wconf 84' lang='lat' dir='ltr'>formam</span> <span class='ocrx_word' id='word_1_327' title='bbox 760 1910 1010 1942; x_wconf 87' lang='lat' dir='ltr'>substantialem.</span> <span class='ocrx_word' id='word_1_328' title='bbox 1039 1909 1134 1943; x_wconf 85' lang='lat' dir='ltr'>Unde</span> <span class='ocrx_word' id='word_1_329' title='bbox 1164 1908 1277 1940; x_wconf 91' lang='lat' dir='ltr'>divisio</span> <span class='ocrx_word' id='word_1_330' title='bbox 1308 1916 1391 1947; x_wconf 88' lang='lat' dir='ltr'>quae</span> 
     </span>
    </p>
   </div>
   <div class='ocr_carea' id='block_1_8' title="bbox 2430 159 2499 195">
    <p class='ocr_par' dir='ltr' id='par_1_11' title="bbox 2430 159 2499 195">
     <span class='ocr_line' id='line_1_47' title="bbox 2430 159 2499 195; baseline 0 -1"><span class='ocrx_word' id='word_1_331' title='bbox 2430 159 2499 195; x_wconf 85' lang='lat'>185</span> 
     </span>
    </p>
   </div>
   <div class='ocr_carea' id='block_1_9' title="bbox 1499 230 2672 275">
    <p class='ocr_par' dir='ltr' id='par_1_12' title="bbox 1499 230 2672 275">
     <span class='ocr_line' id='line_1_48' title="bbox 1499 230 2672 275; baseline 0.008 -14"><span class='ocrx_word' id='word_1_332' title='bbox 1499 230 1562 262; x_wconf 72' lang='lat' dir='ltr'>San</span> <span class='ocrx_word' id='word_1_333' title='bbox 1586 241 1710 262; x_wconf 69' lang='lat' dir='ltr'>con-rm</span> <span class='ocrx_word' id='word_1_334' title='bbox 1731 241 1786 262; x_wconf 77' lang='lat' dir='ltr'>nsr</span> <span class='ocrx_word' id='word_1_335' title='bbox 1802 232 1891 271; x_wconf 90' lang='lat' dir='ltr'>quod</span> <span class='ocrx_word' id='word_1_336' title='bbox 1908 233 2022 264; x_wconf 88' lang='lat' dir='ltr'>dicitur</span> <span class='ocrx_word' id='word_1_337' title='bbox 2036 235 2151 275; x_wconf 83' lang='lat' dir='ltr'>Ephes.</span> <span class='ocrx_word' id='word_1_338' title='bbox 2165 246 2196 266; x_wconf 72' lang='grc' dir='ltr'>ιν</span> <span class='ocrx_word' id='word_1_339' title='bbox 2207 237 2240 266; x_wconf 64' lang='lat'>⁴⁶:</span> <span class='ocrx_word' id='word_1_340' title='bbox 2264 237 2378 267; x_wconf 86' lang='lat' dir='ltr'>Donec</span> <span class='ocrx_word' id='word_1_341' title='bbox 2394 247 2505 268; x_wconf 86' lang='lat' dir='ltr'>occur-</span> <span class='ocrx_word' id='word_1_342' title='bbox 2534 244 2542 252; x_wconf 87' lang='lat'><strong>·</strong></span> <span class='ocrx_word' id='word_1_343' title='bbox 2558 243 2624 265; x_wconf 76' lang='lat' dir='ltr'>Vers-</span> <span class='ocrx_word' id='word_1_344' title='bbox 2641 250 2672 270; x_wconf 79' lang='lat'>¹3-</span> 
     </span>
    </p>
   </div>
   <div class='ocr_carea' id='block_1_10' title="bbox 1437 275 2507 409">
    <p class='ocr_par' dir='ltr' id='par_1_13' title="bbox 1437 275 2507 409">
     <span class='ocr_line' id='line_1_49' title="bbox 1445 275 2507 317; baseline 0.008 -12"><span class='ocrx_word' id='word_1_345' title='bbox 1445 285 1556 306; x_wconf 83' lang='lat' dir='ltr'>ramus</span> <span class='ocrx_word' id='word_1_346' title='bbox 1580 285 1689 307; x_wconf 83' lang='lat' dir='ltr'>omnes</span> <span class='ocrx_word' id='word_1_347' title='bbox 1713 275 1745 306; x_wconf 81' lang='lat' dir='ltr'>in</span> <span class='ocrx_word' id='word_1_348' title='bbox 1770 276 1875 306; x_wconf 81' lang='lat' dir='ltr'>virum</span> <span class='ocrx_word' id='word_1_349' title='bbox 1897 278 2092 317; x_wconf 78' lang='lat' dir='ltr'>perfectum,</span> <span class='ocrx_word' id='word_1_350' title='bbox 2116 280 2149 309; x_wconf 88' lang='lat' dir='ltr'>in</span> <span class='ocrx_word' id='word_1_351' title='bbox 2180 290 2363 311; x_wconf 84' lang='lat' dir='ltr'>mensuram</span> <span class='ocrx_word' id='word_1_352' title='bbox 2393 283 2507 313; x_wconf 78' lang='lat' dir='ltr'>aetatis</span> 
     </span>
     <span class='ocr_line' id='line_1_50' title="bbox 1437 319 2504 360; baseline 0.007 -10"><span class='ocrx_word' id='word_1_353' title='bbox 1437 319 1652 360; x_wconf 81' lang='lat' dir='ltr'>plenitudinis</span> <span class='ocrx_word' id='word_1_354' title='bbox 1678 319 1807 350; x_wconf 81' lang='lat' dir='ltr'>Christi.</span> <span class='ocrx_word' id='word_1_355' title='bbox 1832 319 1895 351; x_wconf 90' lang='lat' dir='ltr'>Sed</span> <span class='ocrx_word' id='word_1_356' title='bbox 1919 320 2063 352; x_wconf 89' lang='lat' dir='ltr'>Christus</span> <span class='ocrx_word' id='word_1_357' title='bbox 2086 325 2253 354; x_wconf 86' lang='lat' dir='ltr'>resurrexit</span> <span class='ocrx_word' id='word_1_358' title='bbox 2275 325 2308 355; x_wconf 92' lang='lat' dir='ltr'>in</span> <span class='ocrx_word' id='word_1_359' title='bbox 2332 331 2432 356; x_wconf 89' lang='lat' dir='ltr'>aetate</span> <span class='ocrx_word' id='word_1_360' title='bbox 2455 327 2504 357; x_wconf 92' lang='lat' dir='ltr'>iu-</span> 
     </span>
     <span class='ocr_line' id='line_1_51' title="bbox 1444 363 2502 409; baseline 0.007 -15"><span class='ocrx_word' id='word_1_361' title='bbox 1444 363 1558 400; x_wconf 90' lang='lat' dir='ltr'>venili,</span> <span class='ocrx_word' id='word_1_362' title='bbox 1581 373 1664 404; x_wconf 85' lang='lat' dir='ltr'>quae</span> <span class='ocrx_word' id='word_1_363' title='bbox 1688 364 1770 395; x_wconf 91' lang='lat' dir='ltr'>circa</span> <span class='ocrx_word' id='word_1_364' title='bbox 1800 364 1926 403; x_wconf 82' lang='lat' dir='ltr'>triginta</span> <span class='ocrx_word' id='word_1_365' title='bbox 1956 374 2057 396; x_wconf 87' lang='lat' dir='ltr'>annos</span> <span class='ocrx_word' id='word_1_366' title='bbox 2086 367 2214 407; x_wconf 88' lang='lat' dir='ltr'>incipit,</span> <span class='ocrx_word' id='word_1_367' title='bbox 2238 374 2275 399; x_wconf 94' lang='lat' dir='ltr'>ut</span> <span class='ocrx_word' id='word_1_368' title='bbox 2304 369 2502 409; x_wconf 88' lang='lat' dir='ltr'>Augustinus</span> 
     </span>
    </p>
   </div>
   <div class='ocr_carea' id='block_1_11' title="bbox 1412 407 2337 451">
    <p class='ocr_par' dir='ltr' id='par_1_14' title="bbox 1412 407 2337 451">
     <span class='ocr_line' id='line_1_52' title="bbox 1412 407 2337 451; baseline 0.005 -13"><span class='ocrx_word' id='word_1_369' title='bbox 1412 417 1422 437; x_wconf 82' lang='lat'>5</span> <span class='ocrx_word' id='word_1_370' title='bbox 1445 407 1521 438; x_wconf 91' lang='lat' dir='ltr'>dicit</span> <span class='ocrx_word' id='word_1_371' title='bbox 1537 409 1563 438; x_wconf 42' lang='grc' dir='ltr'>ὓ.</span> <span class='ocrx_word' id='word_1_372' title='bbox 1588 408 1674 448; x_wconf 92' lang='lat' dir='ltr'>Ergo</span> <span class='ocrx_word' id='word_1_373' title='bbox 1699 413 1730 438; x_wconf 88' lang='lat' dir='ltr'>et</span> <span class='ocrx_word' id='word_1_374' title='bbox 1753 408 1805 438; x_wconf 86' lang='lat' dir='ltr'>alii</span> <span class='ocrx_word' id='word_1_375' title='bbox 1828 408 1861 438; x_wconf 92' lang='lat' dir='ltr'>in</span> <span class='ocrx_word' id='word_1_376' title='bbox 1885 413 1987 438; x_wconf 88' lang='lat' dir='ltr'>aetate</span> <span class='ocrx_word' id='word_1_377' title='bbox 2010 410 2141 440; x_wconf 90' lang='lat' dir='ltr'>iuvenili</span> <span class='ocrx_word' id='word_1_378' title='bbox 2164 419 2337 451; x_wconf 87' lang='lat' dir='ltr'>resurgent.</span> 
     </span>
    </p>
   </div>
   <div class='ocr_carea' id='block_1_12' title="bbox 1445 452 2507 628">
    <p class='ocr_par' dir='ltr' id='par_1_15' title="bbox 1445 452 2507 582">
     <span class='ocr_line' id='line_1_53' title="bbox 1502 452 2506 494; baseline 0.006 -12"><span class='ocrx_word' id='word_1_379' title='bbox 1502 461 1531 482; x_wconf 88' lang='lat'>2.</span> <span class='ocrx_word' id='word_1_380' title='bbox 1555 452 1760 488; x_wconf 69' lang='lat' dir='ltr'>Pm&#39;rmn,</span> <span class='ocrx_word' id='word_1_381' title='bbox 1784 452 1885 483; x_wconf 91' lang='lat' dir='ltr'>homo</span> <span class='ocrx_word' id='word_1_382' title='bbox 1914 453 1948 483; x_wconf 91' lang='lat' dir='ltr'>in</span> <span class='ocrx_word' id='word_1_383' title='bbox 1976 454 2116 483; x_wconf 85' lang='lat' dir='ltr'>maxima</span> <span class='ocrx_word' id='word_1_384' title='bbox 2147 455 2343 494; x_wconf 88' lang='lat' dir='ltr'>perfectione</span> <span class='ocrx_word' id='word_1_385' title='bbox 2377 464 2506 488; x_wconf 90' lang='lat' dir='ltr'>naturae</span> 
     </span>
     <span class='ocr_line' id='line_1_54' title="bbox 1445 496 2507 536; baseline 0.006 -10"><span class='ocrx_word' id='word_1_386' title='bbox 1445 502 1596 536; x_wconf 89' lang='lat' dir='ltr'>resurget.</span> <span class='ocrx_word' id='word_1_387' title='bbox 1622 496 1684 528; x_wconf 89' lang='lat' dir='ltr'>Sed</span> <span class='ocrx_word' id='word_1_388' title='bbox 1707 501 1819 527; x_wconf 89' lang='lat' dir='ltr'>natura</span> <span class='ocrx_word' id='word_1_389' title='bbox 1842 497 1982 527; x_wconf 89' lang='lat' dir='ltr'>humana</span> <span class='ocrx_word' id='word_1_390' title='bbox 1997 496 2262 536; x_wconf 85' lang='lat' dir='ltr'>perfectissimum</span> <span class='ocrx_word' id='word_1_391' title='bbox 2278 506 2393 531; x_wconf 87' lang='lat' dir='ltr'>statum</span> <span class='ocrx_word' id='word_1_392' title='bbox 2414 502 2507 532; x_wconf 90' lang='lat' dir='ltr'>habet</span> 
     </span>
     <span class='ocr_line' id='line_1_55' title="bbox 1445 540 2462 582; baseline 0.004 -11"><span class='ocrx_word' id='word_1_393' title='bbox 1445 540 1479 571; x_wconf 87' lang='lat' dir='ltr'>in</span> <span class='ocrx_word' id='word_1_394' title='bbox 1503 545 1604 570; x_wconf 91' lang='lat' dir='ltr'>aetate</span> <span class='ocrx_word' id='word_1_395' title='bbox 1627 541 1768 572; x_wconf 85' lang='lat' dir='ltr'>iuvenili.</span> <span class='ocrx_word' id='word_1_396' title='bbox 1793 540 1879 580; x_wconf 85' lang='lat' dir='ltr'>Ergo</span> <span class='ocrx_word' id='word_1_397' title='bbox 1903 541 1937 570; x_wconf 89' lang='lat' dir='ltr'>in</span> <span class='ocrx_word' id='word_1_398' title='bbox 1960 540 2014 571; x_wconf 90' lang='lat' dir='ltr'>illa</span> <span class='ocrx_word' id='word_1_399' title='bbox 2036 546 2137 571; x_wconf 89' lang='lat' dir='ltr'>aetate</span> <span class='ocrx_word' id='word_1_400' title='bbox 2161 550 2324 582; x_wconf 88' lang='lat' dir='ltr'>resurgent</span> <span class='ocrx_word' id='word_1_401' title='bbox 2340 554 2462 575; x_wconf 91' lang='lat' dir='ltr'>omnes.</span> 
     </span>
    </p>

    <p class='ocr_par' dir='ltr' id='par_1_16' title="bbox 1500 584 2507 628">
     <span class='ocr_line' id='line_1_56' title="bbox 1500 584 2507 628; baseline 0.006 -15"><span class='ocrx_word' id='word_1_402' title='bbox 1500 584 1690 614; x_wconf 55' lang='lat' dir='ltr'>Rssspormsso</span> <span class='ocrx_word' id='word_1_403' title='bbox 1714 594 1875 615; x_wconf 70' lang='lat' dir='ltr'>mmmmm</span> <span class='ocrx_word' id='word_1_404' title='bbox 1891 584 1981 624; x_wconf 92' lang='lat' dir='ltr'>quod</span> <span class='ocrx_word' id='word_1_405' title='bbox 2004 585 2105 615; x_wconf 90' lang='lat' dir='ltr'>homo</span> <span class='ocrx_word' id='word_1_406' title='bbox 2121 592 2262 626; x_wconf 90' lang='lat' dir='ltr'>resurget</span> <span class='ocrx_word' id='word_1_407' title='bbox 2278 588 2396 628; x_wconf 89' lang='lat' dir='ltr'>absque</span> <span class='ocrx_word' id='word_1_408' title='bbox 2418 591 2507 619; x_wconf 91' lang='lat' dir='ltr'>omni</span> 
     </span>
    </p>
   </div>
   <div class='ocr_carea' id='block_1_13' title="bbox 1406 627 2507 668">
    <p class='ocr_par' dir='ltr' id='par_1_17' title="bbox 1406 627 2507 668">
     <span class='ocr_line' id='line_1_57' title="bbox 1406 627 2507 668; baseline 0.005 -10"><span class='ocrx_word' id='word_1_409' title='bbox 1406 635 1432 650; x_wconf 83' lang='lat'>²⁰</span> <span class='ocrx_word' id='word_1_410' title='bbox 1446 627 1574 659; x_wconf 86' lang='lat' dir='ltr'>defectu</span> <span class='ocrx_word' id='word_1_411' title='bbox 1597 629 1756 659; x_wconf 87' lang='lat' dir='ltr'>humanae</span> <span class='ocrx_word' id='word_1_412' title='bbox 1779 634 1926 659; x_wconf 86' lang='lat' dir='ltr'>naturae:</span> <span class='ocrx_word' id='word_1_413' title='bbox 1952 629 2036 668; x_wconf 85' lang='lat' dir='ltr'>quia,</span> <span class='ocrx_word' id='word_1_414' title='bbox 2054 629 2136 659; x_wconf 91' lang='lat' dir='ltr'>sicut</span> <span class='ocrx_word' id='word_1_415' title='bbox 2155 629 2242 660; x_wconf 91' lang='lat' dir='ltr'>Deus</span> <span class='ocrx_word' id='word_1_416' title='bbox 2264 631 2436 662; x_wconf 87' lang='lat' dir='ltr'>humanam</span> <span class='ocrx_word' id='word_1_417' title='bbox 2452 643 2507 663; x_wconf 89' lang='lat' dir='ltr'>na-</span> 
     </span>
    </p>
   </div>
   <div class='ocr_carea' id='block_1_14' title="bbox 1445 671 2509 846">
    <p class='ocr_par' dir='ltr' id='par_1_18' title="bbox 1445 671 2509 846">
     <span class='ocr_line' id='line_1_58' title="bbox 1445 671 2507 715; baseline 0.004 -13"><span class='ocrx_word' id='word_1_418' title='bbox 1445 676 1551 702; x_wconf 86' lang='lat' dir='ltr'>turam</span> <span class='ocrx_word' id='word_1_419' title='bbox 1574 673 1694 712; x_wconf 90' lang='lat' dir='ltr'>absque</span> <span class='ocrx_word' id='word_1_420' title='bbox 1718 671 1846 703; x_wconf 88' lang='lat' dir='ltr'>defectu</span> <span class='ocrx_word' id='word_1_421' title='bbox 1869 673 2014 708; x_wconf 91' lang='lat' dir='ltr'>instituit,</span> <span class='ocrx_word' id='word_1_422' title='bbox 2038 673 2081 703; x_wconf 92' lang='lat' dir='ltr'>ita</span> <span class='ocrx_word' id='word_1_423' title='bbox 2104 674 2171 703; x_wconf 91' lang='lat' dir='ltr'>sine</span> <span class='ocrx_word' id='word_1_424' title='bbox 2196 674 2323 705; x_wconf 88' lang='lat' dir='ltr'>defectu</span> <span class='ocrx_word' id='word_1_425' title='bbox 2342 677 2507 715; x_wconf 90' lang='lat' dir='ltr'>reparabit.</span> 
     </span>
     <span class='ocr_line' id='line_1_59' title="bbox 1446 714 2509 760; baseline 0.005 -15"><span class='ocrx_word' id='word_1_426' title='bbox 1446 714 1563 746; x_wconf 91' lang='lat' dir='ltr'>Deficit</span> <span class='ocrx_word' id='word_1_427' title='bbox 1586 721 1694 747; x_wconf 88' lang='lat' dir='ltr'>autem</span> <span class='ocrx_word' id='word_1_428' title='bbox 1717 716 1858 747; x_wconf 88' lang='lat' dir='ltr'>humana</span> <span class='ocrx_word' id='word_1_429' title='bbox 1880 722 1992 747; x_wconf 88' lang='lat' dir='ltr'>natura</span> <span class='ocrx_word' id='word_1_430' title='bbox 2015 716 2199 757; x_wconf 85' lang='lat' dir='ltr'>dupliciter:</span> <span class='ocrx_word' id='word_1_431' title='bbox 2224 727 2290 749; x_wconf 90' lang='lat' dir='ltr'>uno</span> <span class='ocrx_word' id='word_1_432' title='bbox 2306 719 2418 755; x_wconf 92' lang='lat' dir='ltr'>modo,</span> <span class='ocrx_word' id='word_1_433' title='bbox 2435 722 2509 760; x_wconf 91' lang='lat' dir='ltr'>quia</span> 
     </span>
     <span class='ocr_line' id='line_1_60' title="bbox 1445 758 2508 799; baseline 0.005 -10"><span class='ocrx_word' id='word_1_434' title='bbox 1445 758 1593 790; x_wconf 85' lang='lat' dir='ltr'>nondum</span> <span class='ocrx_word' id='word_1_435' title='bbox 1616 760 1849 799; x_wconf 88' lang='lat' dir='ltr'>perfectionem</span> <span class='ocrx_word' id='word_1_436' title='bbox 1872 760 2019 791; x_wconf 88' lang='lat' dir='ltr'>ultimam</span> <span class='ocrx_word' id='word_1_437' title='bbox 2043 767 2089 792; x_wconf 90' lang='lat' dir='ltr'>est</span> <span class='ocrx_word' id='word_1_438' title='bbox 2105 767 2294 798; x_wconf 89' lang='lat' dir='ltr'>consecuta;</span> <span class='ocrx_word' id='word_1_439' title='bbox 2319 764 2381 793; x_wconf 89' lang='lat' dir='ltr'>alio</span> <span class='ocrx_word' id='word_1_440' title='bbox 2397 764 2508 799; x_wconf 83' lang='lat' dir='ltr'>modo,</span> 
     </span>
     <span class='ocr_line' id='line_1_61' title="bbox 1446 803 2509 846; baseline 0.005 -13"><span class='ocrx_word' id='word_1_441' title='bbox 1446 803 1522 842; x_wconf 86' lang='lat' dir='ltr'>quia</span> <span class='ocrx_word' id='word_1_442' title='bbox 1536 803 1601 834; x_wconf 85' lang='lat' dir='ltr'>iam</span> <span class='ocrx_word' id='word_1_443' title='bbox 1617 804 1655 834; x_wconf 86' lang='lat' dir='ltr'>ab</span> <span class='ocrx_word' id='word_1_444' title='bbox 1671 804 1784 834; x_wconf 83' lang='lat' dir='ltr'>ultima</span> <span class='ocrx_word' id='word_1_445' title='bbox 1799 803 1996 844; x_wconf 91' lang='lat' dir='ltr'>perfectione</span> <span class='ocrx_word' id='word_1_446' title='bbox 2011 806 2148 836; x_wconf 89' lang='lat' dir='ltr'>recessit.</span> <span class='ocrx_word' id='word_1_447' title='bbox 2166 806 2207 836; x_wconf 91' lang='lat' dir='ltr'>Et</span> <span class='ocrx_word' id='word_1_448' title='bbox 2221 807 2326 846; x_wconf 89' lang='lat' dir='ltr'>primo</span> <span class='ocrx_word' id='word_1_449' title='bbox 2342 807 2442 838; x_wconf 93' lang='lat' dir='ltr'>modo</span> <span class='ocrx_word' id='word_1_450' title='bbox 2455 808 2509 838; x_wconf 89' lang='lat' dir='ltr'>de-</span> 
     </span>
    </p>
   </div>
   <div class='ocr_carea' id='block_1_15' title="bbox 1407 846 2509 887">
    <p class='ocr_par' dir='ltr' id='par_1_19' title="bbox 1407 846 2509 887">
     <span class='ocr_line' id='line_1_62' title="bbox 1407 846 2509 887; baseline 0.005 -9"><span class='ocrx_word' id='word_1_451' title='bbox 1407 853 1430 873; x_wconf 75' lang='lat'>15</span> <span class='ocrx_word' id='word_1_452' title='bbox 1445 846 1512 879; x_wconf 87' lang='lat' dir='ltr'>ficit</span> <span class='ocrx_word' id='word_1_453' title='bbox 1527 847 1561 878; x_wconf 91' lang='lat' dir='ltr'>in</span> <span class='ocrx_word' id='word_1_454' title='bbox 1576 848 1702 887; x_wconf 89' lang='lat' dir='ltr'>pueris;</span> <span class='ocrx_word' id='word_1_455' title='bbox 1719 848 1863 879; x_wconf 92' lang='lat' dir='ltr'>secundo</span> <span class='ocrx_word' id='word_1_456' title='bbox 1879 848 1979 880; x_wconf 87' lang='lat' dir='ltr'>modo</span> <span class='ocrx_word' id='word_1_457' title='bbox 1997 848 2103 880; x_wconf 90' lang='lat' dir='ltr'>deficit</span> <span class='ocrx_word' id='word_1_458' title='bbox 2118 850 2151 880; x_wconf 92' lang='lat' dir='ltr'>in</span> <span class='ocrx_word' id='word_1_459' title='bbox 2167 851 2306 881; x_wconf 87' lang='lat' dir='ltr'>senibus.</span> <span class='ocrx_word' id='word_1_460' title='bbox 2331 851 2372 882; x_wconf 91' lang='lat' dir='ltr'>Et</span> <span class='ocrx_word' id='word_1_461' title='bbox 2386 851 2460 882; x_wconf 92' lang='lat' dir='ltr'>ideo</span> <span class='ocrx_word' id='word_1_462' title='bbox 2476 853 2509 883; x_wconf 93' lang='lat' dir='ltr'>in</span> 
     </span>
    </p>
   </div>
   <div class='ocr_carea' id='block_1_16' title="bbox 1444 891 2510 1288">
    <p class='ocr_par' dir='ltr' id='par_1_20' title="bbox 1445 891 2510 1056">
     <span class='ocr_line' id='line_1_63' title="bbox 1446 891 2510 934; baseline 0.005 -12"><span class='ocrx_word' id='word_1_463' title='bbox 1446 891 1590 931; x_wconf 75' lang='lat' dir='ltr'>unisque</span> <span class='ocrx_word' id='word_1_464' title='bbox 1612 891 1782 923; x_wconf 90' lang='lat' dir='ltr'>reducetur</span> <span class='ocrx_word' id='word_1_465' title='bbox 1805 893 1945 924; x_wconf 83' lang='lat' dir='ltr'>humana</span> <span class='ocrx_word' id='word_1_466' title='bbox 1968 899 2080 924; x_wconf 87' lang='lat' dir='ltr'>natura</span> <span class='ocrx_word' id='word_1_467' title='bbox 2103 903 2160 934; x_wconf 90' lang='lat' dir='ltr'>per</span> <span class='ocrx_word' id='word_1_468' title='bbox 2182 896 2447 927; x_wconf 89' lang='lat' dir='ltr'>resurrectionem</span> <span class='ocrx_word' id='word_1_469' title='bbox 2470 897 2510 927; x_wconf 90' lang='lat' dir='ltr'>ad</span> 
     </span>
     <span class='ocr_line' id='line_1_64' title="bbox 1445 935 2509 978; baseline 0.005 -12"><span class='ocrx_word' id='word_1_470' title='bbox 1445 940 1563 967; x_wconf 88' lang='lat' dir='ltr'>statum</span> <span class='ocrx_word' id='word_1_471' title='bbox 1587 936 1718 967; x_wconf 88' lang='lat' dir='ltr'>ultimae</span> <span class='ocrx_word' id='word_1_472' title='bbox 1741 935 1958 976; x_wconf 80' lang='lat' dir='ltr'>perfectionis,</span> <span class='ocrx_word' id='word_1_473' title='bbox 1982 938 2039 978; x_wconf 93' lang='lat' dir='ltr'>qui</span> <span class='ocrx_word' id='word_1_474' title='bbox 2062 943 2109 969; x_wconf 88' lang='lat' dir='ltr'>est</span> <span class='ocrx_word' id='word_1_475' title='bbox 2131 939 2164 970; x_wconf 92' lang='lat' dir='ltr'>in</span> <span class='ocrx_word' id='word_1_476' title='bbox 2187 939 2318 970; x_wconf 90' lang='lat' dir='ltr'>iuvenili</span> <span class='ocrx_word' id='word_1_477' title='bbox 2341 946 2453 976; x_wconf 88' lang='lat' dir='ltr'>aetate,</span> <span class='ocrx_word' id='word_1_478' title='bbox 2469 941 2509 971; x_wconf 93' lang='lat' dir='ltr'>ad</span> 
     </span>
     <span class='ocr_line' id='line_1_65' title="bbox 1446 981 2509 1024; baseline 0.006 -14"><span class='ocrx_word' id='word_1_479' title='bbox 1446 989 1544 1019; x_wconf 89' lang='lat' dir='ltr'>quem</span> <span class='ocrx_word' id='word_1_480' title='bbox 1567 981 1755 1012; x_wconf 88' lang='lat' dir='ltr'>terminatur</span> <span class='ocrx_word' id='word_1_481' title='bbox 1777 986 1885 1013; x_wconf 89' lang='lat' dir='ltr'>motus</span> <span class='ocrx_word' id='word_1_482' title='bbox 1910 983 2073 1018; x_wconf 88' lang='lat' dir='ltr'>crementi,</span> <span class='ocrx_word' id='word_1_483' title='bbox 2098 988 2129 1014; x_wconf 88' lang='lat' dir='ltr'>et</span> <span class='ocrx_word' id='word_1_484' title='bbox 2151 993 2169 1014; x_wconf 89' lang='lat' dir='ltr'>a</span> <span class='ocrx_word' id='word_1_485' title='bbox 2192 993 2258 1023; x_wconf 93' lang='lat' dir='ltr'>quo</span> <span class='ocrx_word' id='word_1_486' title='bbox 2274 984 2386 1024; x_wconf 91' lang='lat' dir='ltr'>incipit</span> <span class='ocrx_word' id='word_1_487' title='bbox 2400 990 2509 1016; x_wconf 87' lang='lat' dir='ltr'>motus</span> 
     </span>
     <span class='ocr_line' id='line_1_66' title="bbox 1445 1023 1651 1056; baseline 0 -1"><span class='ocrx_word' id='word_1_488' title='bbox 1445 1023 1651 1056; x_wconf 86' lang='lat' dir='ltr'>decrementi.</span> 
     </span>
    </p>

    <p class='ocr_par' dir='ltr' id='par_1_21' title="bbox 1444 1068 2509 1288">
     <span class='ocr_line' id='line_1_67' title="bbox 1499 1068 2509 1110; baseline 0.005 -12"><span class='ocrx_word' id='word_1_489' title='bbox 1499 1068 1552 1099; x_wconf 83' lang='lat' dir='ltr'>An</span> <span class='ocrx_word' id='word_1_490' title='bbox 1581 1079 1698 1099; x_wconf 72' lang='lat' dir='ltr'>ramim</span> <span class='ocrx_word' id='word_1_491' title='bbox 1726 1079 1809 1100; x_wconf 71' lang='lat' dir='ltr'>aneo</span> <span class='ocrx_word' id='word_1_492' title='bbox 1833 1079 1991 1100; x_wconf 69' lang='lat' dir='ltr'>memnon</span> <span class='ocrx_word' id='word_1_493' title='bbox 2015 1070 2105 1110; x_wconf 90' lang='lat' dir='ltr'>quod</span> <span class='ocrx_word' id='word_1_494' title='bbox 2128 1077 2212 1103; x_wconf 87' lang='lat' dir='ltr'>aetas</span> <span class='ocrx_word' id='word_1_495' title='bbox 2228 1073 2399 1103; x_wconf 87' lang='lat' dir='ltr'>senectutis</span> <span class='ocrx_word' id='word_1_496' title='bbox 2413 1073 2509 1104; x_wconf 92' lang='lat' dir='ltr'>habet</span> 
     </span>
     <span class='ocr_line' id='line_1_68' title="bbox 1445 1113 2508 1157; baseline 0.005 -14"><span class='ocrx_word' id='word_1_497' title='bbox 1445 1113 1666 1149; x_wconf 83' lang='lat' dir='ltr'>reverentiam,</span> <span class='ocrx_word' id='word_1_498' title='bbox 1689 1123 1757 1145; x_wconf 90' lang='lat' dir='ltr'>non</span> <span class='ocrx_word' id='word_1_499' title='bbox 1781 1119 1912 1154; x_wconf 89' lang='lat' dir='ltr'>propter</span> <span class='ocrx_word' id='word_1_500' title='bbox 1935 1114 2155 1147; x_wconf 89' lang='lat' dir='ltr'>conditionem</span> <span class='ocrx_word' id='word_1_501' title='bbox 2179 1117 2338 1156; x_wconf 87' lang='lat' dir='ltr'>corporis,</span> <span class='ocrx_word' id='word_1_502' title='bbox 2363 1117 2454 1157; x_wconf 94' lang='lat' dir='ltr'>quod</span> <span class='ocrx_word' id='word_1_503' title='bbox 2475 1118 2508 1148; x_wconf 90' lang='lat' dir='ltr'>in</span> 
     </span>
     <span class='ocr_line' id='line_1_69' title="bbox 1446 1156 2508 1201; baseline 0.004 -13"><span class='ocrx_word' id='word_1_504' title='bbox 1446 1156 1575 1188; x_wconf 84' lang='lat' dir='ltr'>defectu</span> <span class='ocrx_word' id='word_1_505' title='bbox 1598 1163 1654 1193; x_wconf 89' lang='lat' dir='ltr'>est,</span> <span class='ocrx_word' id='word_1_506' title='bbox 1679 1157 1735 1189; x_wconf 92' lang='lat' dir='ltr'>sed</span> <span class='ocrx_word' id='word_1_507' title='bbox 1757 1164 1888 1198; x_wconf 91' lang='lat' dir='ltr'>propter</span> <span class='ocrx_word' id='word_1_508' title='bbox 1911 1159 2100 1199; x_wconf 85' lang='lat' dir='ltr'>sapientiam</span> <span class='ocrx_word' id='word_1_509' title='bbox 2123 1161 2258 1197; x_wconf 81' lang='lat' dir='ltr'>animae,</span> <span class='ocrx_word' id='word_1_510' title='bbox 2279 1170 2362 1201; x_wconf 91' lang='lat' dir='ltr'>quae</span> <span class='ocrx_word' id='word_1_511' title='bbox 2380 1161 2425 1191; x_wconf 93' lang='lat' dir='ltr'>ibi</span> <span class='ocrx_word' id='word_1_512' title='bbox 2441 1171 2508 1192; x_wconf 88' lang='lat' dir='ltr'>esse</span> 
     </span>
     <span class='ocr_line' id='line_1_70' title="bbox 1444 1202 2508 1243; baseline 0.004 -11"><span class='ocrx_word' id='word_1_513' title='bbox 1444 1202 1658 1241; x_wconf 88' lang='lat' dir='ltr'>praesumitur</span> <span class='ocrx_word' id='word_1_514' title='bbox 1681 1211 1719 1233; x_wconf 82' lang='lat' dir='ltr'>ex</span> <span class='ocrx_word' id='word_1_515' title='bbox 1742 1203 1896 1242; x_wconf 91' lang='lat' dir='ltr'>temporis</span> <span class='ocrx_word' id='word_1_516' title='bbox 1919 1203 2116 1243; x_wconf 89' lang='lat' dir='ltr'>antiquitate.</span> <span class='ocrx_word' id='word_1_517' title='bbox 2141 1204 2235 1236; x_wconf 89' lang='lat' dir='ltr'>Unde</span> <span class='ocrx_word' id='word_1_518' title='bbox 2257 1205 2291 1235; x_wconf 93' lang='lat' dir='ltr'>in</span> <span class='ocrx_word' id='word_1_519' title='bbox 2315 1205 2422 1237; x_wconf 89' lang='lat' dir='ltr'>electis</span> <span class='ocrx_word' id='word_1_520' title='bbox 2441 1215 2508 1236; x_wconf 90' lang='lat' dir='ltr'>ma-</span> 
     </span>
     <span class='ocr_line' id='line_1_71' title="bbox 1444 1245 2508 1288; baseline 0.004 -12"><span class='ocrx_word' id='word_1_521' title='bbox 1444 1245 1534 1277; x_wconf 90' lang='lat' dir='ltr'>nebit</span> <span class='ocrx_word' id='word_1_522' title='bbox 1555 1247 1731 1277; x_wconf 85' lang='lat' dir='ltr'>reverentia</span> <span class='ocrx_word' id='word_1_523' title='bbox 1753 1248 1935 1283; x_wconf 86' lang='lat' dir='ltr'>senectutis,</span> <span class='ocrx_word' id='word_1_524' title='bbox 1959 1253 2091 1288; x_wconf 90' lang='lat' dir='ltr'>propter</span> <span class='ocrx_word' id='word_1_525' title='bbox 2118 1248 2353 1288; x_wconf 87' lang='lat' dir='ltr'>plenitudinem</span> <span class='ocrx_word' id='word_1_526' title='bbox 2383 1249 2508 1281; x_wconf 86' lang='lat' dir='ltr'>divinae</span> 
     </span>
    </p>
   </div>
   <div class='ocr_carea' id='block_1_17' title="bbox 1406 1291 2508 1330">
    <p class='ocr_par' dir='ltr' id='par_1_22' title="bbox 1406 1291 2508 1330">
     <span class='ocr_line' id='line_1_72' title="bbox 1406 1291 2508 1330; baseline 0.005 -11"><span class='ocrx_word' id='word_1_527' title='bbox 1406 1298 1429 1319; x_wconf 79' lang='lat'>25</span> <span class='ocrx_word' id='word_1_528' title='bbox 1445 1291 1618 1330; x_wconf 84' lang='lat' dir='ltr'>sapientiae</span> <span class='ocrx_word' id='word_1_529' title='bbox 1641 1299 1724 1330; x_wconf 87' lang='lat' dir='ltr'>quae</span> <span class='ocrx_word' id='word_1_530' title='bbox 1752 1291 1786 1323; x_wconf 88' lang='lat' dir='ltr'>in</span> <span class='ocrx_word' id='word_1_531' title='bbox 1819 1292 1864 1323; x_wconf 90' lang='lat' dir='ltr'>eis</span> <span class='ocrx_word' id='word_1_532' title='bbox 1895 1292 1968 1323; x_wconf 89' lang='lat' dir='ltr'>erit:</span> <span class='ocrx_word' id='word_1_533' title='bbox 1994 1291 2049 1324; x_wconf 87' lang='lat' dir='ltr'>sed</span> <span class='ocrx_word' id='word_1_534' title='bbox 2071 1302 2139 1324; x_wconf 89' lang='lat' dir='ltr'>non</span> <span class='ocrx_word' id='word_1_535' title='bbox 2166 1294 2308 1325; x_wconf 87' lang='lat' dir='ltr'>manebit</span> <span class='ocrx_word' id='word_1_536' title='bbox 2337 1295 2508 1325; x_wconf 80' lang='lat' dir='ltr'>senectutis</span> 
     </span>
    </p>
   </div>
   <div class='ocr_carea' id='block_1_18' title="bbox 1446 1333 2510 1510">
    <p class='ocr_par' dir='ltr' id='par_1_23' title="bbox 1446 1333 1599 1366">
     <span class='ocr_line' id='line_1_73' title="bbox 1446 1333 1599 1366; baseline 0 -2"><span class='ocrx_word' id='word_1_537' title='bbox 1446 1333 1599 1366; x_wconf 83' lang='lat' dir='ltr'>defectus.</span> 
     </span>
    </p>

    <p class='ocr_par' dir='ltr' id='par_1_24' title="bbox 1446 1378 2510 1510">
     <span class='ocr_line' id='line_1_74' title="bbox 1500 1378 2509 1421; baseline 0.004 -12"><span class='ocrx_word' id='word_1_538' title='bbox 1500 1378 1552 1410; x_wconf 83' lang='lat' dir='ltr'>An</span> <span class='ocrx_word' id='word_1_539' title='bbox 1576 1388 1739 1410; x_wconf 67' lang='lat' dir='ltr'>sneunmm</span> <span class='ocrx_word' id='word_1_540' title='bbox 1762 1389 1923 1411; x_wconf 67' lang='lat' dir='ltr'>memnon</span> <span class='ocrx_word' id='word_1_541' title='bbox 1946 1380 2035 1420; x_wconf 94' lang='lat' dir='ltr'>quod</span> <span class='ocrx_word' id='word_1_542' title='bbox 2061 1390 2128 1412; x_wconf 93' lang='lat' dir='ltr'>non</span> <span class='ocrx_word' id='word_1_543' title='bbox 2152 1381 2318 1421; x_wconf 86' lang='lat' dir='ltr'>loquimur</span> <span class='ocrx_word' id='word_1_544' title='bbox 2341 1381 2380 1412; x_wconf 93' lang='lat' dir='ltr'>de</span> <span class='ocrx_word' id='word_1_545' title='bbox 2408 1388 2509 1413; x_wconf 88' lang='lat' dir='ltr'>aetate</span> 
     </span>
     <span class='ocr_line' id='line_1_75' title="bbox 1446 1422 2509 1465; baseline 0.003 -11"><span class='ocrx_word' id='word_1_546' title='bbox 1446 1428 1605 1462; x_wconf 85' lang='lat' dir='ltr'>quantum</span> <span class='ocrx_word' id='word_1_547' title='bbox 1628 1422 1668 1454; x_wconf 89' lang='lat' dir='ltr'>ad</span> <span class='ocrx_word' id='word_1_548' title='bbox 1690 1433 1863 1455; x_wconf 89' lang='lat' dir='ltr'>numerum</span> <span class='ocrx_word' id='word_1_549' title='bbox 1887 1434 2056 1461; x_wconf 87' lang='lat' dir='ltr'>annorum,</span> <span class='ocrx_word' id='word_1_550' title='bbox 2080 1425 2136 1456; x_wconf 90' lang='lat' dir='ltr'>sed</span> <span class='ocrx_word' id='word_1_551' title='bbox 2160 1431 2316 1465; x_wconf 90' lang='lat' dir='ltr'>quantum</span> <span class='ocrx_word' id='word_1_552' title='bbox 2337 1426 2378 1457; x_wconf 92' lang='lat' dir='ltr'>ad</span> <span class='ocrx_word' id='word_1_553' title='bbox 2392 1432 2509 1457; x_wconf 87' lang='lat' dir='ltr'>statum</span> 
     </span>
     <span class='ocr_line' id='line_1_76' title="bbox 1446 1467 2510 1510; baseline 0.003 -11"><span class='ocrx_word' id='word_1_554' title='bbox 1446 1467 1503 1507; x_wconf 91' lang='lat' dir='ltr'>qui</span> <span class='ocrx_word' id='word_1_555' title='bbox 1526 1467 1559 1498; x_wconf 92' lang='lat' dir='ltr'>in</span> <span class='ocrx_word' id='word_1_556' title='bbox 1583 1476 1719 1507; x_wconf 91' lang='lat' dir='ltr'>corpore</span> <span class='ocrx_word' id='word_1_557' title='bbox 1742 1468 1886 1499; x_wconf 88' lang='lat' dir='ltr'>humano</span> <span class='ocrx_word' id='word_1_558' title='bbox 1906 1478 1944 1499; x_wconf 84' lang='lat' dir='ltr'>ex</span> <span class='ocrx_word' id='word_1_559' title='bbox 1967 1470 2058 1500; x_wconf 90' lang='lat' dir='ltr'>annis</span> <span class='ocrx_word' id='word_1_560' title='bbox 2073 1469 2271 1510; x_wconf 91' lang='lat' dir='ltr'>relinquitur.</span> <span class='ocrx_word' id='word_1_561' title='bbox 2296 1471 2390 1502; x_wconf 90' lang='lat' dir='ltr'>Unde</span> <span class='ocrx_word' id='word_1_562' title='bbox 2405 1471 2510 1502; x_wconf 88' lang='lat' dir='ltr'>Adam</span> 
     </span>
    </p>
   </div>
   <div class='ocr_carea' id='block_1_19' title="bbox 1407 1510 2510 1555">
    <p class='ocr_par' dir='ltr' id='par_1_25' title="bbox 1407 1510 2510 1555">
     <span class='ocr_line' id='line_1_77' title="bbox 1407 1510 2510 1555; baseline 0.004 -14"><span class='ocrx_word' id='word_1_563' title='bbox 1407 1518 1432 1538; x_wconf 79' lang='lat'>³⁰</span> <span class='ocrx_word' id='word_1_564' title='bbox 1446 1510 1562 1543; x_wconf 88' lang='lat' dir='ltr'>dicitur</span> <span class='ocrx_word' id='word_1_565' title='bbox 1584 1512 1618 1543; x_wconf 90' lang='lat' dir='ltr'>in</span> <span class='ocrx_word' id='word_1_566' title='bbox 1642 1517 1743 1543; x_wconf 88' lang='lat' dir='ltr'>aetate</span> <span class='ocrx_word' id='word_1_567' title='bbox 1766 1512 1897 1544; x_wconf 91' lang='lat' dir='ltr'>iuvenili</span> <span class='ocrx_word' id='word_1_568' title='bbox 1921 1512 2076 1545; x_wconf 89' lang='lat' dir='ltr'>formatus</span> <span class='ocrx_word' id='word_1_569' title='bbox 2099 1519 2231 1554; x_wconf 89' lang='lat' dir='ltr'>propter</span> <span class='ocrx_word' id='word_1_570' title='bbox 2254 1515 2350 1547; x_wconf 84' lang='lat' dir='ltr'>talem</span> <span class='ocrx_word' id='word_1_571' title='bbox 2366 1516 2510 1555; x_wconf 91' lang='lat' dir='ltr'>corporis</span> 
     </span>
    </p>
   </div>
   <div class='ocr_carea' id='block_1_20' title="bbox 1445 1555 2510 1730">
    <p class='ocr_par' dir='ltr' id='par_1_26' title="bbox 1445 1555 2508 1642">
     <span class='ocr_line' id='line_1_78' title="bbox 1445 1555 2508 1596; baseline 0.005 -11"><span class='ocrx_word' id='word_1_572' title='bbox 1445 1555 1684 1592; x_wconf 83' lang='lat' dir='ltr'>conditionem,</span> <span class='ocrx_word' id='word_1_573' title='bbox 1709 1565 1807 1596; x_wconf 86' lang='lat' dir='ltr'>quam</span> <span class='ocrx_word' id='word_1_574' title='bbox 1830 1557 1936 1596; x_wconf 91' lang='lat' dir='ltr'>primo</span> <span class='ocrx_word' id='word_1_575' title='bbox 1966 1557 2016 1588; x_wconf 88' lang='lat' dir='ltr'>die</span> <span class='ocrx_word' id='word_1_576' title='bbox 2047 1557 2248 1591; x_wconf 84' lang='lat' dir='ltr'>formationis</span> <span class='ocrx_word' id='word_1_577' title='bbox 2277 1569 2352 1591; x_wconf 80' lang='lat' dir='ltr'>suae</span> <span class='ocrx_word' id='word_1_578' title='bbox 2389 1560 2508 1590; x_wconf 85' lang='lat' dir='ltr'>habuit.</span> 
     </span>
     <span class='ocr_line' id='line_1_79' title="bbox 1445 1599 2149 1642; baseline 0 -9"><span class='ocrx_word' id='word_1_579' title='bbox 1445 1600 1486 1633; x_wconf 88' lang='lat' dir='ltr'>Et</span> <span class='ocrx_word' id='word_1_580' title='bbox 1509 1599 1584 1631; x_wconf 90' lang='lat' dir='ltr'>ideo</span> <span class='ocrx_word' id='word_1_581' title='bbox 1607 1601 1688 1631; x_wconf 85' lang='lat' dir='ltr'>ratio</span> <span class='ocrx_word' id='word_1_582' title='bbox 1711 1610 1779 1632; x_wconf 92' lang='lat' dir='ltr'>non</span> <span class='ocrx_word' id='word_1_583' title='bbox 1803 1606 1850 1632; x_wconf 90' lang='lat' dir='ltr'>est</span> <span class='ocrx_word' id='word_1_584' title='bbox 1873 1601 1912 1632; x_wconf 85' lang='lat' dir='ltr'>ad</span> <span class='ocrx_word' id='word_1_585' title='bbox 1934 1602 2149 1642; x_wconf 89' lang='lat' dir='ltr'>propositum.</span> 
     </span>
    </p>

    <p class='ocr_par' dir='ltr' id='par_1_27' title="bbox 1445 1644 2510 1730">
     <span class='ocr_line' id='line_1_80' title="bbox 1500 1644 2509 1686; baseline 0.002 -10"><span class='ocrx_word' id='word_1_586' title='bbox 1500 1644 1551 1676; x_wconf 80' lang='lat' dir='ltr'>An</span> <span class='ocrx_word' id='word_1_587' title='bbox 1579 1654 1715 1677; x_wconf 67' lang='lat' dir='ltr'>marum</span> <span class='ocrx_word' id='word_1_588' title='bbox 1737 1654 1896 1676; x_wconf 67' lang='lat' dir='ltr'>monimina</span> <span class='ocrx_word' id='word_1_589' title='bbox 1923 1645 2013 1685; x_wconf 92' lang='lat' dir='ltr'>quod</span> <span class='ocrx_word' id='word_1_590' title='bbox 2035 1647 2134 1677; x_wconf 90' lang='lat' dir='ltr'>virtus</span> <span class='ocrx_word' id='word_1_591' title='bbox 2157 1647 2275 1686; x_wconf 90' lang='lat' dir='ltr'>speciei</span> <span class='ocrx_word' id='word_1_592' title='bbox 2299 1646 2414 1679; x_wconf 90' lang='lat' dir='ltr'>dicitur</span> <span class='ocrx_word' id='word_1_593' title='bbox 2442 1657 2509 1678; x_wconf 87' lang='lat' dir='ltr'>esse</span> 
     </span>
     <span class='ocr_line' id='line_1_81' title="bbox 1445 1687 2510 1730; baseline 0.004 -11"><span class='ocrx_word' id='word_1_594' title='bbox 1445 1687 1617 1728; x_wconf 86' lang='lat' dir='ltr'>perfectior</span> <span class='ocrx_word' id='word_1_595' title='bbox 1640 1689 1672 1720; x_wconf 87' lang='lat' dir='ltr'>in</span> <span class='ocrx_word' id='word_1_596' title='bbox 1695 1698 1798 1728; x_wconf 92' lang='lat' dir='ltr'>puero</span> <span class='ocrx_word' id='word_1_597' title='bbox 1823 1698 1921 1729; x_wconf 89' lang='lat' dir='ltr'>quarn</span> <span class='ocrx_word' id='word_1_598' title='bbox 1951 1691 1985 1720; x_wconf 93' lang='lat' dir='ltr'>in</span> <span class='ocrx_word' id='word_1_599' title='bbox 2015 1690 2132 1722; x_wconf 86' lang='lat' dir='ltr'>iuvene</span> <span class='ocrx_word' id='word_1_600' title='bbox 2155 1695 2313 1730; x_wconf 87' lang='lat' dir='ltr'>quantum</span> <span class='ocrx_word' id='word_1_601' title='bbox 2343 1691 2382 1723; x_wconf 82' lang='lat' dir='ltr'>ad</span> <span class='ocrx_word' id='word_1_602' title='bbox 2406 1691 2510 1723; x_wconf 84' lang='lat' dir='ltr'>effica-</span> 
     </span>
    </p>
   </div>
   <div class='ocr_carea' id='block_1_21' title="bbox 1406 1732 2511 1774">
    <p class='ocr_par' dir='ltr' id='par_1_28' title="bbox 1406 1732 2511 1774">
     <span class='ocr_line' id='line_1_82' title="bbox 1406 1732 2511 1774; baseline 0.004 -12"><span class='ocrx_word' id='word_1_603' title='bbox 1406 1738 1429 1758; x_wconf 61' lang='grc' dir='ltr'>ἲς</span> <span class='ocrx_word' id='word_1_604' title='bbox 1446 1732 1528 1765; x_wconf 88' lang='lat' dir='ltr'>ciam</span> <span class='ocrx_word' id='word_1_605' title='bbox 1552 1732 1667 1772; x_wconf 79' lang='lat' dir='ltr'>agendi</span> <span class='ocrx_word' id='word_1_606' title='bbox 1690 1734 1935 1765; x_wconf 85' lang='lat' dir='ltr'>conversionem</span> <span class='ocrx_word' id='word_1_607' title='bbox 1966 1734 2108 1766; x_wconf 86' lang='lat' dir='ltr'>alimenti</span> <span class='ocrx_word' id='word_1_608' title='bbox 2140 1735 2248 1774; x_wconf 79' lang='lat' dir='ltr'>aliquo</span> <span class='ocrx_word' id='word_1_609' title='bbox 2276 1735 2398 1766; x_wconf 88' lang='lat' dir='ltr'>modo:</span> <span class='ocrx_word' id='word_1_610' title='bbox 2429 1737 2511 1767; x_wconf 88' lang='lat' dir='ltr'>sicut</span> 
     </span>
    </p>
   </div>
   <div class='ocr_carea' id='block_1_22' title="bbox 1445 1776 2511 1952">
    <p class='ocr_par' dir='ltr' id='par_1_29' title="bbox 1445 1776 2511 1952">
     <span class='ocr_line' id='line_1_83' title="bbox 1447 1776 2509 1819; baseline 0.001 -10"><span class='ocrx_word' id='word_1_611' title='bbox 1447 1776 1542 1809; x_wconf 82' lang='lat' dir='ltr'>etiam</span> <span class='ocrx_word' id='word_1_612' title='bbox 1566 1782 1613 1807; x_wconf 84' lang='lat' dir='ltr'>est</span> <span class='ocrx_word' id='word_1_613' title='bbox 1635 1776 1807 1816; x_wconf 82' lang='lat' dir='ltr'>perfectior</span> <span class='ocrx_word' id='word_1_614' title='bbox 1830 1778 1863 1809; x_wconf 90' lang='lat' dir='ltr'>in</span> <span class='ocrx_word' id='word_1_615' title='bbox 1886 1779 2008 1810; x_wconf 88' lang='lat' dir='ltr'>semine</span> <span class='ocrx_word' id='word_1_616' title='bbox 2024 1788 2122 1818; x_wconf 90' lang='lat' dir='ltr'>quam</span> <span class='ocrx_word' id='word_1_617' title='bbox 2138 1779 2171 1811; x_wconf 86' lang='lat' dir='ltr'>in</span> <span class='ocrx_word' id='word_1_618' title='bbox 2186 1779 2319 1811; x_wconf 88' lang='lat' dir='ltr'>homine</span> <span class='ocrx_word' id='word_1_619' title='bbox 2335 1780 2509 1819; x_wconf 88' lang='lat' dir='ltr'>completo.</span> 
     </span>
     <span class='ocr_line' id='line_1_84' title="bbox 1446 1819 2511 1863; baseline 0.004 -12"><span class='ocrx_word' id='word_1_620' title='bbox 1446 1819 1510 1854; x_wconf 87' lang='lat' dir='ltr'>Sed</span> <span class='ocrx_word' id='word_1_621' title='bbox 1524 1820 1558 1851; x_wconf 91' lang='lat' dir='ltr'>in</span> <span class='ocrx_word' id='word_1_622' title='bbox 1573 1821 1743 1852; x_wconf 85' lang='lat' dir='ltr'>iuvenibus</span> <span class='ocrx_word' id='word_1_623' title='bbox 1763 1827 1810 1852; x_wconf 90' lang='lat' dir='ltr'>est</span> <span class='ocrx_word' id='word_1_624' title='bbox 1825 1821 1996 1861; x_wconf 84' lang='lat' dir='ltr'>perfectior</span> <span class='ocrx_word' id='word_1_625' title='bbox 2012 1829 2169 1863; x_wconf 86' lang='lat' dir='ltr'>quantum</span> <span class='ocrx_word' id='word_1_626' title='bbox 2182 1823 2221 1855; x_wconf 91' lang='lat' dir='ltr'>ad</span> <span class='ocrx_word' id='word_1_627' title='bbox 2233 1825 2406 1855; x_wconf 86' lang='lat' dir='ltr'>terminum</span> <span class='ocrx_word' id='word_1_628' title='bbox 2421 1834 2511 1856; x_wconf 88' lang='lat' dir='ltr'>com-</span> 
     </span>
     <span class='ocr_line' id='line_1_85' title="bbox 1445 1864 2510 1906; baseline 0.004 -11"><span class='ocrx_word' id='word_1_629' title='bbox 1445 1864 1611 1905; x_wconf 87' lang='lat' dir='ltr'>plementi.</span> <span class='ocrx_word' id='word_1_630' title='bbox 1635 1865 1729 1896; x_wconf 91' lang='lat' dir='ltr'>Unde</span> <span class='ocrx_word' id='word_1_631' title='bbox 1752 1865 1832 1899; x_wconf 89' lang='lat' dir='ltr'>illud</span> <span class='ocrx_word' id='word_1_632' title='bbox 1856 1866 1947 1906; x_wconf 92' lang='lat' dir='ltr'>quod</span> <span class='ocrx_word' id='word_1_633' title='bbox 1967 1867 2107 1899; x_wconf 84' lang='lat' dir='ltr'>maxime</span> <span class='ocrx_word' id='word_1_634' title='bbox 2130 1867 2170 1899; x_wconf 89' lang='lat' dir='ltr'>ad</span> <span class='ocrx_word' id='word_1_635' title='bbox 2193 1868 2357 1901; x_wconf 86' lang='lat' dir='ltr'>veritatem</span> <span class='ocrx_word' id='word_1_636' title='bbox 2379 1874 2510 1899; x_wconf 89' lang='lat' dir='ltr'>naturae</span> 
     </span>
     <span class='ocr_line' id='line_1_86' title="bbox 1445 1909 2509 1952; baseline 0.002 -11"><span class='ocrx_word' id='word_1_637' title='bbox 1445 1909 1608 1949; x_wconf 81' lang='lat' dir='ltr'>pertinuit,</span> <span class='ocrx_word' id='word_1_638' title='bbox 1633 1909 1674 1941; x_wconf 90' lang='lat' dir='ltr'>ad</span> <span class='ocrx_word' id='word_1_639' title='bbox 1695 1909 1783 1940; x_wconf 90' lang='lat' dir='ltr'>illam</span> <span class='ocrx_word' id='word_1_640' title='bbox 1806 1910 2037 1951; x_wconf 86' lang='lat' dir='ltr'>perfectionem</span> <span class='ocrx_word' id='word_1_641' title='bbox 2061 1911 2230 1944; x_wconf 89' lang='lat' dir='ltr'>reducetur</span> <span class='ocrx_word' id='word_1_642' title='bbox 2254 1922 2352 1952; x_wconf 90' lang='lat' dir='ltr'>quam</span> <span class='ocrx_word' id='word_1_643' title='bbox 2367 1913 2462 1944; x_wconf 86' lang='lat' dir='ltr'>habet</span> <span class='ocrx_word' id='word_1_644' title='bbox 2477 1914 2509 1943; x_wconf 92' lang='lat' dir='ltr'>in</span> 
     </span>
    </p>
   </div>
   <div class='ocr_carea' id='block_1_23' title="bbox 324 1951 2510 1997">
    <p class='ocr_par' dir='ltr' id='par_1_30' title="bbox 324 1951 2510 1997">
     <span class='ocr_line' id='line_1_87' title="bbox 324 1951 2510 1997; baseline 0.002 -13"><span class='ocrx_word' id='word_1_645' title='bbox 324 1951 360 1986; x_wconf 88' lang='lat' dir='ltr'>fit</span> <span class='ocrx_word' id='word_1_646' title='bbox 390 1952 570 1986; x_wconf 89' lang='lat' dir='ltr'>secundum</span> <span class='ocrx_word' id='word_1_647' title='bbox 602 1953 818 1986; x_wconf 90' lang='lat' dir='ltr'>dimensiones</span> <span class='ocrx_word' id='word_1_648' title='bbox 848 1955 1047 1991; x_wconf 85' lang='lat' dir='ltr'>terminatas,</span> <span class='ocrx_word' id='word_1_649' title='bbox 1071 1954 1200 1995; x_wconf 86' lang='lat' dir='ltr'>respicit</span> <span class='ocrx_word' id='word_1_650' title='bbox 1231 1952 1389 1995; x_wconf 86' lang='lat' dir='ltr'>speciem:</span> <span class='ocrx_word' id='word_1_651' title='bbox 1404 1963 1432 1983; x_wconf 78' lang='grc' dir='ltr'>4ο</span> <span class='ocrx_word' id='word_1_652' title='bbox 1445 1959 1548 1986; x_wconf 87' lang='lat' dir='ltr'>aetate</span> <span class='ocrx_word' id='word_1_653' title='bbox 1571 1954 1719 1986; x_wconf 83' lang='lat' dir='ltr'>iuvenili:</span> <span class='ocrx_word' id='word_1_654' title='bbox 1744 1964 1812 1987; x_wconf 89' lang='lat' dir='ltr'>non</span> <span class='ocrx_word' id='word_1_655' title='bbox 1836 1954 1876 1986; x_wconf 90' lang='lat' dir='ltr'>ad</span> <span class='ocrx_word' id='word_1_656' title='bbox 1898 1955 1986 1988; x_wconf 86' lang='lat' dir='ltr'>illam</span> <span class='ocrx_word' id='word_1_657' title='bbox 2010 1965 2108 1996; x_wconf 85' lang='lat' dir='ltr'>quam</span> <span class='ocrx_word' id='word_1_658' title='bbox 2131 1956 2226 1989; x_wconf 91' lang='lat' dir='ltr'>habet</span> <span class='ocrx_word' id='word_1_659' title='bbox 2248 1957 2282 1988; x_wconf 92' lang='lat' dir='ltr'>in</span> <span class='ocrx_word' id='word_1_660' title='bbox 2306 1963 2407 1988; x_wconf 82' lang='lat' dir='ltr'>aetate</span> <span class='ocrx_word' id='word_1_661' title='bbox 2429 1967 2510 1997; x_wconf 89' lang='lat' dir='ltr'>pue-</span> 
     </span>
    </p>
   </div>
   <div class='ocr_carea' id='block_1_24' title="bbox 323 1996 1390 2086">
    <p class='ocr_par' dir='ltr' id='par_1_31' title="bbox 323 1996 1390 2086">
     <span class='ocr_line' id='line_1_88' title="bbox 324 1996 1390 2041; baseline -0.002 -13"><span class='ocrx_word' id='word_1_662' title='bbox 324 1998 496 2039; x_wconf 90' lang='lat' dir='ltr'>praecipue</span> <span class='ocrx_word' id='word_1_663' title='bbox 520 1997 651 2039; x_wconf 91' lang='lat' dir='ltr'>quando</span> <span class='ocrx_word' id='word_1_664' title='bbox 682 1998 722 2030; x_wconf 91' lang='lat' dir='ltr'>ad</span> <span class='ocrx_word' id='word_1_665' title='bbox 753 1999 911 2032; x_wconf 81' lang='lat' dir='ltr'>rationem</span> <span class='ocrx_word' id='word_1_666' title='bbox 934 1999 1053 2041; x_wconf 90' lang='lat' dir='ltr'>speciei</span> <span class='ocrx_word' id='word_1_667' title='bbox 1075 1998 1213 2038; x_wconf 87' lang='lat' dir='ltr'>pertinet</span> <span class='ocrx_word' id='word_1_668' title='bbox 1242 1996 1390 2029; x_wconf 89' lang='lat' dir='ltr'>determi-</span> 
     </span>
     <span class='ocr_line' id='line_1_89' title="bbox 323 2042 1263 2086; baseline -0.003 -11"><span class='ocrx_word' id='word_1_669' title='bbox 323 2046 417 2075; x_wconf 76' lang='lat' dir='ltr'>natus</span> <span class='ocrx_word' id='word_1_670' title='bbox 441 2043 519 2075; x_wconf 87' lang='lat' dir='ltr'>situs</span> <span class='ocrx_word' id='word_1_671' title='bbox 543 2043 693 2086; x_wconf 86' lang='lat' dir='ltr'>partium,</span> <span class='ocrx_word' id='word_1_672' title='bbox 716 2044 799 2075; x_wconf 89' lang='lat' dir='ltr'>sicut</span> <span class='ocrx_word' id='word_1_673' title='bbox 822 2048 869 2075; x_wconf 88' lang='lat' dir='ltr'>est</span> <span class='ocrx_word' id='word_1_674' title='bbox 891 2044 925 2075; x_wconf 89' lang='lat' dir='ltr'>in</span> <span class='ocrx_word' id='word_1_675' title='bbox 949 2052 1086 2086; x_wconf 89' lang='lat' dir='ltr'>corpore</span> <span class='ocrx_word' id='word_1_676' title='bbox 1108 2042 1263 2080; x_wconf 73' lang='lat' dir='ltr'>humano.</span> 
     </span>
    </p>
   </div>
   <div class='ocr_carea' id='block_1_25' title="bbox 477 2106 1238 2190">
    <p class='ocr_par' dir='ltr' id='par_1_32' title="bbox 477 2106 1238 2190">
     <span class='ocr_line' id='line_1_90' title="bbox 477 2106 1238 2150; baseline -0.003 -9"><span class='ocrx_word' id='word_1_677' title='bbox 477 2106 731 2150; x_wconf 84' lang='lat' dir='ltr'>QUAESTIO</span> <span class='ocrx_word' id='word_1_678' title='bbox 755 2106 1238 2141; x_wconf 73' lang='lat' dir='ltr'>OCTOGESIMAPRIMA</span> 
     </span>
     <span class='ocr_line' id='line_1_91' title="bbox 579 2159 1135 2190; baseline -0.002 -5"><span class='ocrx_word' id='word_1_679' title='bbox 579 2160 624 2185; x_wconf 86' lang='lat' dir='ltr'>DE</span> <span class='ocrx_word' id='word_1_680' title='bbox 645 2159 845 2190; x_wconf 66' lang='lat' dir='ltr'>Qum-run</span> <span class='ocrx_word' id='word_1_681' title='bbox 865 2159 1135 2185; x_wconf 78' lang='lat' dir='ltr'>RESURGENTHJM</span> 
     </span>
    </p>
   </div>
   <div class='ocr_carea' id='block_1_26' title="bbox 291 2216 1388 2477">
    <p class='ocr_par' dir='ltr' id='par_1_33' title="bbox 291 2216 1388 2302">
     <span class='ocr_line' id='line_1_92' title="bbox 291 2216 1388 2261; baseline -0.001 -14"><span class='ocrx_word' id='word_1_682' title='bbox 291 2236 298 2247; x_wconf 79' lang='lat'>‚</span> <span class='ocrx_word' id='word_1_683' title='bbox 388 2225 482 2250; x_wconf 69' lang='lat' dir='ltr'>amni:</span> <span class='ocrx_word' id='word_1_684' title='bbox 507 2216 778 2250; x_wconf 88' lang='lat' dir='ltr'>considerandum</span> <span class='ocrx_word' id='word_1_685' title='bbox 805 2223 852 2250; x_wconf 85' lang='lat' dir='ltr'>est</span> <span class='ocrx_word' id='word_1_686' title='bbox 875 2216 914 2248; x_wconf 91' lang='lat' dir='ltr'>de</span> <span class='ocrx_word' id='word_1_687' title='bbox 937 2217 1088 2258; x_wconf 83' lang='lat' dir='ltr'>qualitate</span> <span class='ocrx_word' id='word_1_688' title='bbox 1111 2218 1346 2261; x_wconf 84' lang='lat' dir='ltr'>resurgentium</span> <span class='ocrx_word' id='word_1_689' title='bbox 1362 2218 1388 2246; x_wconf 79' lang='lat'>*.</span> 
     </span>
     <span class='ocr_line' id='line_1_93' title="bbox 329 2229 988 2302; baseline 0.002 -11"><span class='ocrx_word' id='word_1_690' title='bbox 329 2229 483 2292; x_wconf 82' lang='lat' dir='ltr'>Dcirca</span> <span class='ocrx_word' id='word_1_691' title='bbox 506 2261 596 2302; x_wconf 93' lang='lat' dir='ltr'>quod</span> <span class='ocrx_word' id='word_1_692' title='bbox 619 2267 816 2302; x_wconf 91' lang='lat' dir='ltr'>quaeruntur</span> <span class='ocrx_word' id='word_1_693' title='bbox 839 2267 988 2302; x_wconf 88' lang='lat' dir='ltr'>quatuor.</span> 
     </span>
    </p>

    <p class='ocr_par' dir='ltr' id='par_1_34' title="bbox 381 2306 1311 2346">
     <span class='ocr_line' id='line_1_94' title="bbox 381 2306 1311 2346; baseline -0.002 -8"><span class='ocrx_word' id='word_1_694' title='bbox 381 2306 506 2338; x_wconf 90' lang='lat' dir='ltr'>Primo:</span> <span class='ocrx_word' id='word_1_695' title='bbox 531 2311 641 2338; x_wconf 90' lang='lat' dir='ltr'>utrum</span> <span class='ocrx_word' id='word_1_696' title='bbox 663 2311 829 2346; x_wconf 88' lang='lat' dir='ltr'>resurgent</span> <span class='ocrx_word' id='word_1_697' title='bbox 852 2315 966 2338; x_wconf 89' lang='lat' dir='ltr'>omnes</span> <span class='ocrx_word' id='word_1_698' title='bbox 989 2306 1022 2336; x_wconf 92' lang='lat' dir='ltr'>in</span> <span class='ocrx_word' id='word_1_699' title='bbox 1046 2311 1147 2337; x_wconf 90' lang='lat' dir='ltr'>aetate</span> <span class='ocrx_word' id='word_1_700' title='bbox 1170 2306 1311 2337; x_wconf 91' lang='lat' dir='ltr'>iuvenili.</span> 
     </span>
    </p>

    <p class='ocr_par' dir='ltr' id='par_1_35' title="bbox 382 2349 1037 2392">
     <span class='ocr_line' id='line_1_95' title="bbox 382 2349 1037 2392; baseline 0.003 -12"><span class='ocrx_word' id='word_1_701' title='bbox 382 2349 550 2383; x_wconf 79' lang='lat' dir='ltr'>Secundo:</span> <span class='ocrx_word' id='word_1_702' title='bbox 574 2355 684 2383; x_wconf 89' lang='lat' dir='ltr'>utrum</span> <span class='ocrx_word' id='word_1_703' title='bbox 706 2351 740 2383; x_wconf 88' lang='lat' dir='ltr'>in</span> <span class='ocrx_word' id='word_1_704' title='bbox 763 2350 888 2392; x_wconf 85' lang='lat' dir='ltr'>aequali</span> <span class='ocrx_word' id='word_1_705' title='bbox 910 2355 1037 2382; x_wconf 87' lang='lat' dir='ltr'>statura.</span> 
     </span>
    </p>

    <p class='ocr_par' dir='ltr' id='par_1_36' title="bbox 381 2394 1088 2428">
     <span class='ocr_line' id='line_1_96' title="bbox 381 2394 1088 2428; baseline 0.001 -4"><span class='ocrx_word' id='word_1_706' title='bbox 381 2394 510 2427; x_wconf 83' lang='lat' dir='ltr'>Tertio:</span> <span class='ocrx_word' id='word_1_707' title='bbox 535 2399 645 2427; x_wconf 86' lang='lat' dir='ltr'>utrum</span> <span class='ocrx_word' id='word_1_708' title='bbox 668 2404 781 2427; x_wconf 86' lang='lat' dir='ltr'>omnes</span> <span class='ocrx_word' id='word_1_709' title='bbox 804 2395 838 2428; x_wconf 90' lang='lat' dir='ltr'>in</span> <span class='ocrx_word' id='word_1_710' title='bbox 862 2394 978 2428; x_wconf 86' lang='lat' dir='ltr'>eodem</span> <span class='ocrx_word' id='word_1_711' title='bbox 1001 2404 1088 2427; x_wconf 81' lang='lat' dir='ltr'>sexu.</span> 
     </span>
    </p>

    <p class='ocr_par' dir='ltr' id='par_1_37' title="bbox 382 2438 961 2477">
     <span class='ocr_line' id='line_1_97' title="bbox 382 2438 961 2477; baseline -0.002 -6"><span class='ocrx_word' id='word_1_712' title='bbox 382 2438 524 2477; x_wconf 86' lang='lat' dir='ltr'>Quarto:</span> <span class='ocrx_word' id='word_1_713' title='bbox 548 2444 657 2473; x_wconf 86' lang='lat' dir='ltr'>utrum</span> <span class='ocrx_word' id='word_1_714' title='bbox 679 2439 713 2472; x_wconf 85' lang='lat' dir='ltr'>in</span> <span class='ocrx_word' id='word_1_715' title='bbox 735 2439 800 2471; x_wconf 86' lang='lat' dir='ltr'>vita</span> <span class='ocrx_word' id='word_1_716' title='bbox 822 2439 961 2472; x_wconf 86' lang='lat' dir='ltr'>animali.</span> 
     </span>
    </p>
   </div>
   <div class='ocr_carea' id='block_1_27' title="bbox 326 2521 1390 2597">
    <p class='ocr_par' dir='ltr' id='par_1_38' title="bbox 326 2521 1390 2597">
     <span class='ocr_line' id='line_1_98' title="bbox 326 2521 1390 2559; baseline 0.004 -7"><span class='ocrx_word' id='word_1_717' title='bbox 326 2521 426 2554; x_wconf 88' lang='lat' dir='ltr'>ART.</span> <span class='ocrx_word' id='word_1_718' title='bbox 444 2521 467 2552; x_wconf 94' lang='lat'>1.</span> <span class='ocrx_word' id='word_1_719' title='bbox 490 2531 596 2555; x_wconf 68' lang='lat' dir='ltr'>uranu</span> <span class='ocrx_word' id='word_1_720' title='bbox 618 2531 719 2555; x_wconf 70' lang='lat' dir='ltr'>onnus</span> <span class='ocrx_word' id='word_1_721' title='bbox 742 2532 972 2556; x_wconf 65' lang='lat' dir='ltr'>aasumuzcrmu</span> <span class='ocrx_word' id='word_1_722' title='bbox 987 2532 1054 2554; x_wconf 81' lang='lat' dir='ltr'>smr</span> <span class='ocrx_word' id='word_1_723' title='bbox 1077 2533 1109 2553; x_wconf 79' lang='lat' dir='ltr'>m</span> <span class='ocrx_word' id='word_1_724' title='bbox 1133 2533 1237 2556; x_wconf 72' lang='lat' dir='ltr'>EADEM</span> <span class='ocrx_word' id='word_1_725' title='bbox 1260 2533 1390 2559; x_wconf 66' lang='lat' dir='ltr'>Auram,</span> 
     </span>
     <span class='ocr_line' id='line_1_99' title="bbox 712 2576 1008 2597; baseline 0 0"><span class='ocrx_word' id='word_1_726' title='bbox 712 2576 848 2597; x_wconf 72' lang='lat' dir='ltr'>semem</span> <span class='ocrx_word' id='word_1_727' title='bbox 871 2576 1008 2597; x_wconf 71' lang='lat' dir='ltr'>mvssnru</span> 
     </span>
    </p>
   </div>
   <div class='ocr_carea' id='block_1_28' title="bbox 432 2616 1284 2672">
    <p class='ocr_par' dir='ltr' id='par_1_39' title="bbox 432 2616 1284 2672">
     <span class='ocr_line' id='line_1_100' title="bbox 432 2616 1284 2646; baseline 0.002 -8"><span class='ocrx_word' id='word_1_728' title='bbox 432 2616 494 2638; x_wconf 79' lang='lat' dir='ltr'>Part.</span> <span class='ocrx_word' id='word_1_729' title='bbox 510 2616 550 2644; x_wconf 86' lang='lat'>111,</span> <span class='ocrx_word' id='word_1_730' title='bbox 564 2623 602 2646; x_wconf 86' lang='lat' dir='ltr'>qu.</span> <span class='ocrx_word' id='word_1_731' title='bbox 617 2623 680 2644; x_wconf 73' lang='lat' dir='ltr'>uvi,</span> <span class='ocrx_word' id='word_1_732' title='bbox 691 2616 736 2638; x_wconf 69' lang='lat' dir='ltr'>art.</span> <span class='ocrx_word' id='word_1_733' title='bbox 768 2633 774 2642; x_wconf 85' lang='grc'>,</span> <span class='ocrx_word' id='word_1_734' title='bbox 789 2617 818 2639; x_wconf 75' lang='lat' dir='ltr'>ad</span> <span class='ocrx_word' id='word_1_735' title='bbox 831 2624 859 2644; x_wconf 85' lang='lat'>4;</span> <span class='ocrx_word' id='word_1_736' title='bbox 874 2617 907 2638; x_wconf 89' lang='lat' dir='ltr'>1v</span> <span class='ocrx_word' id='word_1_737' title='bbox 923 2617 990 2639; x_wconf 80' lang='lat' dir='ltr'>Cont.</span> <span class='ocrx_word' id='word_1_738' title='bbox 1008 2617 1086 2646; x_wconf 68' lang='lat' dir='ltr'>Gent„</span> <span class='ocrx_word' id='word_1_739' title='bbox 1101 2623 1152 2646; x_wconf 79' lang='lat' dir='ltr'>cap.</span> <span class='ocrx_word' id='word_1_740' title='bbox 1166 2624 1284 2645; x_wconf 59' lang='lat' dir='ltr'>unuin</span> 
     </span>
     <span class='ocr_line' id='line_1_101' title="bbox 671 2643 1045 2672; baseline 0.003 -7"><span class='ocrx_word' id='word_1_741' title='bbox 671 2644 708 2665; x_wconf 77' lang='lat' dir='ltr'>Aa</span> <span class='ocrx_word' id='word_1_742' title='bbox 720 2643 758 2672; x_wconf 78' lang='lat' dir='ltr'>Ep</span> <span class='ocrx_word' id='word_1_743' title='bbox 786 2650 816 2671; x_wconf 68' lang='lat'>2„</span> <span class='ocrx_word' id='word_1_744' title='bbox 832 2650 883 2672; x_wconf 72' lang='lat' dir='ltr'>etp.</span> <span class='ocrx_word' id='word_1_745' title='bbox 899 2650 930 2670; x_wconf 78' lang='lat' dir='ltr'>iv,</span> <span class='ocrx_word' id='word_1_746' title='bbox 945 2644 998 2666; x_wconf 76' lang='lat' dir='ltr'>lect.</span> <span class='ocrx_word' id='word_1_747' title='bbox 1013 2650 1045 2666; x_wconf 79' lang='lat' dir='ltr'>iv.</span> 
     </span>
    </p>
   </div>
   <div class='ocr_carea' id='block_1_29' title="bbox 1445 1998 2510 2082">
    <p class='ocr_par' dir='ltr' id='par_1_40' title="bbox 1445 1998 2510 2082">
     <span class='ocr_line' id='line_1_102' title="bbox 1445 1998 2510 2074; baseline 0.002 -44"><span class='ocrx_word' id='word_1_748' title='bbox 1445 1998 1504 2074; x_wconf 56' lang='grc' dir='ltr'>ΞΗ,</span> <span class='ocrx_word' id='word_1_749' title='bbox 1529 1998 1563 2030; x_wconf 86' lang='lat' dir='ltr'>in</span> <span class='ocrx_word' id='word_1_750' title='bbox 1587 2007 1652 2038; x_wconf 89' lang='lat' dir='ltr'>qua</span> <span class='ocrx_word' id='word_1_751' title='bbox 1674 1998 1827 2031; x_wconf 88' lang='lat' dir='ltr'>humores</span> <span class='ocrx_word' id='word_1_752' title='bbox 1850 1998 1954 2031; x_wconf 90' lang='lat' dir='ltr'>adhuc</span> <span class='ocrx_word' id='word_1_753' title='bbox 1977 2009 2045 2033; x_wconf 91' lang='lat' dir='ltr'>non</span> <span class='ocrx_word' id='word_1_754' title='bbox 2068 2006 2282 2040; x_wconf 88' lang='lat' dir='ltr'>pervenerunt</span> <span class='ocrx_word' id='word_1_755' title='bbox 2304 2001 2344 2034; x_wconf 90' lang='lat' dir='ltr'>ad</span> <span class='ocrx_word' id='word_1_756' title='bbox 2363 2002 2510 2033; x_wconf 89' lang='lat' dir='ltr'>ultimam</span> 
     </span>
     <span class='ocr_line' id='line_1_103' title="bbox 1468 2043 1667 2082; baseline 0.005 -10"><span class='ocrx_word' id='word_1_757' title='bbox 1468 2043 1667 2082; x_wconf 72' lang='lat' dir='ltr'>gestionem.</span> 
     </span>
    </p>
   </div>
   <div class='ocr_carea' id='block_1_30' title="bbox 1601 2116 2351 2241">
    <p class='ocr_par' dir='ltr' id='par_1_41' title="bbox 1601 2116 2351 2241">
     <span class='ocr_line' id='line_1_104' title="bbox 1601 2116 2351 2151; baseline 0.004 -4"><span class='ocrx_word' id='word_1_758' title='bbox 1601 2116 1701 2149; x_wconf 83' lang='lat' dir='ltr'>ART.</span> <span class='ocrx_word' id='word_1_759' title='bbox 1718 2116 1755 2147; x_wconf 92' lang='lat'>11.</span> <span class='ocrx_word' id='word_1_760' title='bbox 1780 2127 1884 2149; x_wconf 72' lang='lat' dir='ltr'>urium</span> <span class='ocrx_word' id='word_1_761' title='bbox 1908 2127 2009 2151; x_wconf 67' lang='lat' dir='ltr'>omnus</span> <span class='ocrx_word' id='word_1_762' title='bbox 2033 2128 2261 2151; x_wconf 73' lang='lat' dir='ltr'>aasumewru</span> <span class='ocrx_word' id='word_1_763' title='bbox 2284 2129 2351 2151; x_wconf 75' lang='lat' dir='ltr'>smr</span> 
     </span>
     <span class='ocr_line' id='line_1_105' title="bbox 1821 2171 2135 2195; baseline 0.013 -4"><span class='ocrx_word' id='word_1_764' title='bbox 1821 2171 1953 2194; x_wconf 73' lang='lat' dir='ltr'>nmsnrm</span> <span class='ocrx_word' id='word_1_765' title='bbox 1977 2172 2135 2195; x_wconf 59' lang='lat' dir='ltr'>sris-ruam</span> 
     </span>
     <span class='ocr_line' id='line_1_106' title="bbox 1760 2211 2191 2241; baseline 0.002 -8"><span class='ocrx_word' id='word_1_766' title='bbox 1760 2211 1792 2232; x_wconf 88' lang='lat' dir='ltr'>IV</span> <span class='ocrx_word' id='word_1_767' title='bbox 1807 2211 1881 2238; x_wconf 67' lang='lat' dir='ltr'>Sene„</span> <span class='ocrx_word' id='word_1_768' title='bbox 1898 2211 1952 2234; x_wconf 80' lang='lat' dir='ltr'>dist.</span> <span class='ocrx_word' id='word_1_769' title='bbox 1967 2218 2029 2239; x_wconf 72' lang='lat' dir='ltr'>niv,</span> <span class='ocrx_word' id='word_1_770' title='bbox 2044 2212 2131 2241; x_wconf 82' lang='lat' dir='ltr'>Expos.</span> <span class='ocrx_word' id='word_1_771' title='bbox 2147 2213 2191 2235; x_wconf 81' lang='lat' dir='ltr'>litt.</span> 
     </span>
    </p>
   </div>
   <div class='ocr_carea' id='block_1_31' title="bbox 1443 2262 2510 2391">
    <p class='ocr_par' dir='ltr' id='par_1_42' title="bbox 1443 2262 2510 2391">
     <span class='ocr_line' id='line_1_107' title="bbox 1445 2262 2509 2333; baseline 0.007 -43"><span class='ocrx_word' id='word_1_772' title='bbox 1445 2271 1530 2333; x_wconf 75' lang='lat' dir='ltr'>Ar&gt;</span> <span class='ocrx_word' id='word_1_773' title='bbox 1561 2271 1724 2293; x_wconf 66' lang='lat' dir='ltr'>secuuntur</span> <span class='ocrx_word' id='word_1_774' title='bbox 1746 2271 1792 2292; x_wconf 77' lang='lat' dir='ltr'>src</span> <span class='ocrx_word' id='word_1_775' title='bbox 1819 2271 2024 2294; x_wconf 68' lang='lat' dir='ltr'>rnocnmrua.</span> <span class='ocrx_word' id='word_1_776' title='bbox 2055 2262 2189 2294; x_wconf 89' lang='lat' dir='ltr'>Videtur</span> <span class='ocrx_word' id='word_1_777' title='bbox 2213 2264 2302 2304; x_wconf 91' lang='lat' dir='ltr'>quod</span> <span class='ocrx_word' id='word_1_778' title='bbox 2325 2274 2439 2298; x_wconf 85' lang='lat' dir='ltr'>omnes</span> <span class='ocrx_word' id='word_1_779' title='bbox 2461 2276 2509 2297; x_wconf 92' lang='lat' dir='ltr'>re-</span> 
     </span>
     <span class='ocr_line' id='line_1_108' title="bbox 1509 2306 2509 2345; baseline 0.004 -9"><span class='ocrx_word' id='word_1_780' title='bbox 1509 2311 1639 2345; x_wconf 89' lang='lat' dir='ltr'>surgent</span> <span class='ocrx_word' id='word_1_781' title='bbox 1663 2306 1807 2336; x_wconf 89' lang='lat' dir='ltr'>eiusdem</span> <span class='ocrx_word' id='word_1_782' title='bbox 1831 2312 1976 2337; x_wconf 90' lang='lat' dir='ltr'>staturae.</span> <span class='ocrx_word' id='word_1_783' title='bbox 2006 2306 2095 2338; x_wconf 89' lang='lat' dir='ltr'>Sicut</span> <span class='ocrx_word' id='word_1_784' title='bbox 2120 2308 2206 2338; x_wconf 91' lang='lat' dir='ltr'>enim</span> <span class='ocrx_word' id='word_1_785' title='bbox 2222 2309 2323 2340; x_wconf 90' lang='lat' dir='ltr'>homo</span> <span class='ocrx_word' id='word_1_786' title='bbox 2345 2319 2509 2342; x_wconf 90' lang='lat' dir='ltr'>mensura-</span> 
     </span>
     <span class='ocr_line' id='line_1_109' title="bbox 1443 2350 2510 2391; baseline 0.006 -12"><span class='ocrx_word' id='word_1_787' title='bbox 1443 2355 1495 2380; x_wconf 91' lang='lat' dir='ltr'>tur</span> <span class='ocrx_word' id='word_1_788' title='bbox 1523 2351 1699 2390; x_wconf 88' lang='lat' dir='ltr'>quantitate</span> <span class='ocrx_word' id='word_1_789' title='bbox 1732 2350 1924 2386; x_wconf 90' lang='lat' dir='ltr'>dimensiva,</span> <span class='ocrx_word' id='word_1_790' title='bbox 1948 2352 1991 2381; x_wconf 89' lang='lat' dir='ltr'>ita</span> <span class='ocrx_word' id='word_1_791' title='bbox 2022 2353 2197 2391; x_wconf 90' lang='lat' dir='ltr'>quantitate</span> <span class='ocrx_word' id='word_1_792' title='bbox 2229 2352 2413 2384; x_wconf 90' lang='lat' dir='ltr'>durationis.</span> <span class='ocrx_word' id='word_1_793' title='bbox 2447 2355 2510 2385; x_wconf 90' lang='lat' dir='ltr'>Sed</span> 
     </span>
    </p>
   </div>
   <div class='ocr_carea' id='block_1_32' title="bbox 1405 2394 2510 2434">
    <p class='ocr_par' dir='ltr' id='par_1_43' title="bbox 1405 2394 2510 2434">
     <span class='ocr_line' id='line_1_110' title="bbox 1405 2394 2510 2434; baseline 0.005 -10"><span class='ocrx_word' id='word_1_794' title='bbox 1405 2406 1430 2427; x_wconf 79' lang='grc' dir='ltr'>ςο</span> <span class='ocrx_word' id='word_1_795' title='bbox 1444 2395 1604 2434; x_wconf 89' lang='lat' dir='ltr'>quantitas</span> <span class='ocrx_word' id='word_1_796' title='bbox 1619 2394 1794 2425; x_wconf 85' lang='lat' dir='ltr'>durationis</span> <span class='ocrx_word' id='word_1_797' title='bbox 1809 2395 1843 2425; x_wconf 88' lang='lat' dir='ltr'>in</span> <span class='ocrx_word' id='word_1_798' title='bbox 1859 2396 2009 2426; x_wconf 90' lang='lat' dir='ltr'>omnibus</span> <span class='ocrx_word' id='word_1_799' title='bbox 2029 2395 2199 2427; x_wconf 87' lang='lat' dir='ltr'>reducetur</span> <span class='ocrx_word' id='word_1_800' title='bbox 2214 2396 2254 2427; x_wconf 86' lang='lat' dir='ltr'>ad</span> <span class='ocrx_word' id='word_1_801' title='bbox 2269 2398 2404 2429; x_wconf 90' lang='lat' dir='ltr'>eandem</span> <span class='ocrx_word' id='word_1_802' title='bbox 2419 2409 2510 2429; x_wconf 91' lang='lat' dir='ltr'>men-</span> 
     </span>
    </p>
   </div>
   <div class='ocr_carea' id='block_1_33' title="bbox 1444 2439 2511 2617">
    <p class='ocr_par' dir='ltr' id='par_1_44' title="bbox 1444 2439 2510 2571">
     <span class='ocr_line' id='line_1_111' title="bbox 1444 2439 2509 2484; baseline 0.005 -15"><span class='ocrx_word' id='word_1_803' title='bbox 1444 2448 1567 2469; x_wconf 88' lang='lat' dir='ltr'>suram:</span> <span class='ocrx_word' id='word_1_804' title='bbox 1602 2440 1678 2479; x_wconf 91' lang='lat' dir='ltr'>quia</span> <span class='ocrx_word' id='word_1_805' title='bbox 1707 2448 1820 2469; x_wconf 88' lang='lat' dir='ltr'>omnes</span> <span class='ocrx_word' id='word_1_806' title='bbox 1842 2439 1876 2470; x_wconf 90' lang='lat' dir='ltr'>in</span> <span class='ocrx_word' id='word_1_807' title='bbox 1904 2439 2016 2470; x_wconf 93' lang='lat' dir='ltr'>eadem</span> <span class='ocrx_word' id='word_1_808' title='bbox 2045 2446 2147 2471; x_wconf 90' lang='lat' dir='ltr'>aetate</span> <span class='ocrx_word' id='word_1_809' title='bbox 2176 2448 2340 2481; x_wconf 84' lang='lat' dir='ltr'>resurgent</span> <span class='ocrx_word' id='word_1_810' title='bbox 2362 2444 2388 2473; x_wconf 66' lang='lat'>¹¹³.</span> <span class='ocrx_word' id='word_1_811' title='bbox 2424 2444 2509 2484; x_wconf 88' lang='lat' dir='ltr'>Ergo</span> 
     </span>
     <span class='ocr_line' id='line_1_112' title="bbox 1445 2483 2510 2523; baseline 0.003 -8"><span class='ocrx_word' id='word_1_812' title='bbox 1445 2484 1604 2523; x_wconf 86' lang='lat' dir='ltr'>quantitas</span> <span class='ocrx_word' id='word_1_813' title='bbox 1634 2483 1843 2516; x_wconf 86' lang='lat' dir='ltr'>dimensionis</span> <span class='ocrx_word' id='word_1_814' title='bbox 1872 2484 1906 2517; x_wconf 88' lang='lat' dir='ltr'>in</span> <span class='ocrx_word' id='word_1_815' title='bbox 1935 2484 2086 2515; x_wconf 89' lang='lat' dir='ltr'>omnibus</span> <span class='ocrx_word' id='word_1_816' title='bbox 2116 2485 2285 2517; x_wconf 90' lang='lat' dir='ltr'>reducetur</span> <span class='ocrx_word' id='word_1_817' title='bbox 2308 2486 2348 2519; x_wconf 89' lang='lat' dir='ltr'>ad</span> <span class='ocrx_word' id='word_1_818' title='bbox 2375 2488 2510 2522; x_wconf 86' lang='lat' dir='ltr'>eandem</span> 
     </span>
     <span class='ocr_line' id='line_1_113' title="bbox 1445 2527 2363 2571; baseline 0.002 -12"><span class='ocrx_word' id='word_1_819' title='bbox 1445 2537 1639 2563; x_wconf 84' lang='lat' dir='ltr'>mensuram,</span> <span class='ocrx_word' id='word_1_820' title='bbox 1663 2533 1699 2559; x_wconf 94' lang='lat' dir='ltr'>ut</span> <span class='ocrx_word' id='word_1_821' title='bbox 1722 2528 1754 2560; x_wconf 87' lang='lat' dir='ltr'>in</span> <span class='ocrx_word' id='word_1_822' title='bbox 1779 2527 1891 2559; x_wconf 89' lang='lat' dir='ltr'>eadem</span> <span class='ocrx_word' id='word_1_823' title='bbox 1914 2533 2032 2561; x_wconf 81' lang='lat' dir='ltr'>statura</span> <span class='ocrx_word' id='word_1_824' title='bbox 2054 2539 2168 2563; x_wconf 85' lang='lat' dir='ltr'>omnes</span> <span class='ocrx_word' id='word_1_825' title='bbox 2189 2537 2363 2571; x_wconf 83' lang='lat' dir='ltr'>resurgant.</span> 
     </span>
    </p>

    <p class='ocr_par' dir='ltr' id='par_1_45' title="bbox 1502 2572 2511 2617">
     <span class='ocr_line' id='line_1_114' title="bbox 1502 2572 2511 2617; baseline 0.004 -14"><span class='ocrx_word' id='word_1_826' title='bbox 1502 2581 1532 2603; x_wconf 85' lang='lat'>2.</span> <span class='ocrx_word' id='word_1_827' title='bbox 1557 2572 1754 2608; x_wconf 48' lang='lat' dir='ltr'>Paruum,</span> <span class='ocrx_word' id='word_1_828' title='bbox 1770 2572 1997 2613; x_wconf 88' lang='lat' dir='ltr'>Philosophus,</span> <span class='ocrx_word' id='word_1_829' title='bbox 2013 2574 2047 2603; x_wconf 92' lang='lat' dir='ltr'>in</span> <span class='ocrx_word' id='word_1_830' title='bbox 2063 2573 2090 2605; x_wconf 91' lang='lat'>11</span> <span class='ocrx_word' id='word_1_831' title='bbox 2102 2574 2142 2606; x_wconf 84' lang='lat' dir='ltr'>de</span> <span class='ocrx_word' id='word_1_832' title='bbox 2156 2575 2273 2606; x_wconf 83' lang='lat' dir='ltr'>Anima</span> <span class='ocrx_word' id='word_1_833' title='bbox 2285 2576 2313 2612; x_wconf 40' lang='grc' dir='ltr'>ἱ,</span> <span class='ocrx_word' id='word_1_834' title='bbox 2330 2575 2406 2607; x_wconf 86' lang='lat' dir='ltr'>dicit</span> <span class='ocrx_word' id='word_1_835' title='bbox 2421 2576 2511 2617; x_wconf 92' lang='lat' dir='ltr'>quod</span> 
     </span>
    </p>
   </div>
   <div class='ocr_carea' id='block_1_34' title="bbox 1407 2617 2509 2662">
    <p class='ocr_par' dir='ltr' id='par_1_46' title="bbox 1407 2617 2509 2662">
     <span class='ocr_line' id='line_1_115' title="bbox 1407 2617 2509 2662; baseline 0.006 -17"><span class='ocrx_word' id='word_1_836' title='bbox 1407 2631 1430 2652; x_wconf 82' lang='lat'>55</span> <span class='ocrx_word' id='word_1_837' title='bbox 1447 2617 1591 2647; x_wconf 89' lang='lat' dir='ltr'>omnium</span> <span class='ocrx_word' id='word_1_838' title='bbox 1615 2621 1735 2647; x_wconf 84' lang='lat' dir='ltr'>natura</span> <span class='ocrx_word' id='word_1_839' title='bbox 1759 2617 1975 2647; x_wconf 81' lang='lat' dir='ltr'>constantium</span> <span class='ocrx_word' id='word_1_840' title='bbox 1999 2618 2155 2649; x_wconf 84' lang='lat' dir='ltr'>terminus</span> <span class='ocrx_word' id='word_1_841' title='bbox 2174 2624 2220 2650; x_wconf 82' lang='lat' dir='ltr'>est</span> <span class='ocrx_word' id='word_1_842' title='bbox 2234 2625 2265 2650; x_wconf 89' lang='lat' dir='ltr'>et</span> <span class='ocrx_word' id='word_1_843' title='bbox 2281 2621 2365 2650; x_wconf 89' lang='lat' dir='ltr'>ratio</span> <span class='ocrx_word' id='word_1_844' title='bbox 2382 2621 2509 2662; x_wconf 81' lang='lat' dir='ltr'>magni-</span> 
     </span>
    </p>
   </div>
   <div class='ocr_carea' id='block_1_35' title="bbox 1447 2660 2510 2702">
    <p class='ocr_par' dir='ltr' id='par_1_47' title="bbox 1447 2660 2510 2702">
     <span class='ocr_line' id='line_1_116' title="bbox 1447 2660 2510 2702; baseline 0.004 -11"><span class='ocrx_word' id='word_1_845' title='bbox 1447 2660 1568 2692; x_wconf 85' lang='lat' dir='ltr'>tudinis</span> <span class='ocrx_word' id='word_1_846' title='bbox 1591 2666 1623 2692; x_wconf 88' lang='lat' dir='ltr'>et</span> <span class='ocrx_word' id='word_1_847' title='bbox 1644 2661 1821 2702; x_wconf 81' lang='lat' dir='ltr'>augmenti.</span> <span class='ocrx_word' id='word_1_848' title='bbox 1852 2660 1916 2692; x_wconf 92' lang='lat' dir='ltr'>Sed</span> <span class='ocrx_word' id='word_1_849' title='bbox 1945 2662 2002 2695; x_wconf 86' lang='lat' dir='ltr'>iste</span> <span class='ocrx_word' id='word_1_850' title='bbox 2036 2664 2191 2695; x_wconf 88' lang='lat' dir='ltr'>terminus</span> <span class='ocrx_word' id='word_1_851' title='bbox 2220 2674 2288 2697; x_wconf 89' lang='lat' dir='ltr'>non</span> <span class='ocrx_word' id='word_1_852' title='bbox 2316 2670 2362 2696; x_wconf 90' lang='lat' dir='ltr'>est</span> <span class='ocrx_word' id='word_1_853' title='bbox 2389 2666 2450 2695; x_wconf 87' lang='lat' dir='ltr'>nisi</span> <span class='ocrx_word' id='word_1_854' title='bbox 2473 2675 2510 2695; x_wconf 87' lang='lat' dir='ltr'>ex</span> 
     </span>
    </p>
   </div>
   <div class='ocr_carea' id='block_1_36' title="bbox 2535 419 2744 473">
    <p class='ocr_par' dir='ltr' id='par_1_48' title="bbox 2535 419 2744 473">
     <span class='ocr_line' id='line_1_117' title="bbox 2535 419 2744 445; baseline 0 -5"><span class='ocrx_word' id='word_1_855' title='bbox 2535 421 2544 429; x_wconf 82' lang='grc'><em>·</em></span> <span class='ocrx_word' id='word_1_856' title='bbox 2554 419 2590 440; x_wconf 84' lang='lat' dir='ltr'>De</span> <span class='ocrx_word' id='word_1_857' title='bbox 2607 419 2675 441; x_wconf 79' lang='lat' dir='ltr'>Civic.</span> <span class='ocrx_word' id='word_1_858' title='bbox 2691 419 2744 445; x_wconf 76' lang='lat' dir='ltr'>Dei,</span> 
     </span>
     <span class='ocr_line' id='line_1_118' title="bbox 2535 445 2743 473; baseline 0 -7"><span class='ocrx_word' id='word_1_859' title='bbox 2535 445 2573 466; x_wconf 90' lang='lat' dir='ltr'>lib.</span> <span class='ocrx_word' id='word_1_860' title='bbox 2595 445 2673 472; x_wconf 80' lang='lat' dir='ltr'>xxn,</span> <span class='ocrx_word' id='word_1_861' title='bbox 2693 451 2743 473; x_wconf 83' lang='lat' dir='ltr'>cap.</span> 
     </span>
    </p>
   </div>
   <div class='ocr_carea' id='block_1_37' title="bbox 2538 2449 2734 2477">
    <p class='ocr_par' dir='ltr' id='par_1_49' title="bbox 2538 2449 2734 2477">
     <span class='ocr_line' id='line_1_119' title="bbox 2538 2449 2734 2477; baseline -0.005 -6"><span class='ocrx_word' id='word_1_862' title='bbox 2538 2451 2548 2461; x_wconf 87' lang='lat'>&#39;¹</span> <span class='ocrx_word' id='word_1_863' title='bbox 2562 2451 2613 2471; x_wconf 83' lang='lat' dir='ltr'>Art.</span> <span class='ocrx_word' id='word_1_864' title='bbox 2628 2449 2734 2477; x_wconf 76' lang='lat' dir='ltr'>praeced.</span> 
     </span>
    </p>
   </div>
   <div class='ocr_carea' id='block_1_38' title="bbox 2612 2576 2749 2625">
    <p class='ocr_par' dir='ltr' id='par_1_50' title="bbox 2612 2576 2749 2625">
     <span class='ocr_line' id='line_1_120' title="bbox 2613 2576 2749 2603; baseline -0.007 -4"><span class='ocrx_word' id='word_1_865' title='bbox 2613 2593 2619 2599; x_wconf 89' lang='lat'>.</span> <span class='ocrx_word' id='word_1_866' title='bbox 2632 2583 2662 2603; x_wconf 77' lang='lat' dir='ltr'>w,</span> <span class='ocrx_word' id='word_1_867' title='bbox 2674 2583 2696 2598; x_wconf 92' lang='lat' dir='ltr'>n.</span> <span class='ocrx_word' id='word_1_868' title='bbox 2708 2576 2729 2598; x_wconf 89' lang='lat'>8.</span> <span class='ocrx_word' id='word_1_869' title='bbox 2739 2588 2749 2592; x_wconf 94' lang='lat'>-</span> 
     </span>
     <span class='ocr_line' id='line_1_121' title="bbox 2612 2604 2749 2625; baseline 0 -1"><span class='ocrx_word' id='word_1_870' title='bbox 2612 2619 2618 2625; x_wconf 90' lang='lat'>.</span> <span class='ocrx_word' id='word_1_871' title='bbox 2634 2604 2686 2625; x_wconf 86' lang='lat' dir='ltr'>lect.</span> <span class='ocrx_word' id='word_1_872' title='bbox 2699 2609 2749 2624; x_wconf 78' lang='lat' dir='ltr'>vm.</span> 
     </span>
    </p>
   </div>
   <div class='ocr_carea' id='block_1_39' title="bbox 2538 2577 2611 2626">
    <p class='ocr_par' dir='ltr' id='par_1_51' title="bbox 2538 2577 2611 2626">
     <span class='ocr_line' id='line_1_122' title="bbox 2538 2577 2611 2626; baseline -0.014 0"><span class='ocrx_word' id='word_1_873' title='bbox 2538 2577 2611 2626; x_wconf 55' lang='lat' dir='ltr'>&#39;scil</span> 
     </span>
    </p>
   </div>
   <div class='ocr_carea' id='block_1_40' title="bbox 295 2702 2512 3544">
    <p class='ocr_par' dir='ltr' id='par_1_52' title="bbox 328 2702 2511 2882">
     <span class='ocr_line' id='line_1_123' title="bbox 393 2702 2510 2748; baseline 0.003 -15"><span class='ocrx_word' id='word_1_874' title='bbox 393 2713 414 2733; x_wconf 86' lang='lat' dir='ltr'>n</span> <span class='ocrx_word' id='word_1_875' title='bbox 436 2712 554 2733; x_wconf 68' lang='lat' dir='ltr'>rimam</span> <span class='ocrx_word' id='word_1_876' title='bbox 570 2713 615 2733; x_wconf 86' lang='lat' dir='ltr'>src</span> <span class='ocrx_word' id='word_1_877' title='bbox 630 2712 834 2736; x_wconf 73' lang='lat' dir='ltr'>Pnocnmrtm.</span> <span class='ocrx_word' id='word_1_878' title='bbox 863 2702 998 2735; x_wconf 89' lang='lat' dir='ltr'>Videtur</span> <span class='ocrx_word' id='word_1_879' title='bbox 1017 2703 1106 2744; x_wconf 88' lang='lat' dir='ltr'>quod</span> <span class='ocrx_word' id='word_1_880' title='bbox 1122 2714 1190 2736; x_wconf 92' lang='lat' dir='ltr'>non</span> <span class='ocrx_word' id='word_1_881' title='bbox 1207 2713 1321 2738; x_wconf 88' lang='lat' dir='ltr'>omnes</span> <span class='ocrx_word' id='word_1_882' title='bbox 1343 2715 1392 2738; x_wconf 85' lang='lat' dir='ltr'>re·</span> <span class='ocrx_word' id='word_1_883' title='bbox 1447 2705 1563 2738; x_wconf 78' lang='lat' dir='ltr'>virtuto</span> <span class='ocrx_word' id='word_1_884' title='bbox 1590 2704 1732 2741; x_wconf 87' lang='lat' dir='ltr'>formae,</span> <span class='ocrx_word' id='word_1_885' title='bbox 1757 2705 1809 2736; x_wconf 88' lang='lat' dir='ltr'>cui</span> <span class='ocrx_word' id='word_1_886' title='bbox 1837 2705 1931 2739; x_wconf 85' lang='lat' dir='ltr'>debet</span> <span class='ocrx_word' id='word_1_887' title='bbox 1960 2715 2137 2746; x_wconf 83' lang='lat' dir='ltr'>congruere</span> <span class='ocrx_word' id='word_1_888' title='bbox 2166 2709 2342 2748; x_wconf 78' lang='lat' dir='ltr'>quantitas,</span> <span class='ocrx_word' id='word_1_889' title='bbox 2367 2710 2450 2741; x_wconf 88' lang='lat' dir='ltr'>sicut</span> <span class='ocrx_word' id='word_1_890' title='bbox 2478 2715 2510 2741; x_wconf 92' lang='lat' dir='ltr'>et</span> 
     </span>
     <span class='ocr_line' id='line_1_124' title="bbox 329 2714 2511 2791; baseline 0.002 -12"><span class='ocrx_word' id='word_1_891' title='bbox 329 2714 523 2789; x_wconf 80' lang='lat' dir='ltr'>Asurgent</span> <span class='ocrx_word' id='word_1_892' title='bbox 545 2747 579 2779; x_wconf 87' lang='lat' dir='ltr'>in</span> <span class='ocrx_word' id='word_1_893' title='bbox 603 2746 715 2779; x_wconf 89' lang='lat' dir='ltr'>eadem</span> <span class='ocrx_word' id='word_1_894' title='bbox 743 2752 858 2784; x_wconf 86' lang='lat' dir='ltr'>aetate,</span> <span class='ocrx_word' id='word_1_895' title='bbox 883 2747 1004 2781; x_wconf 87' lang='lat' dir='ltr'>scilicet</span> <span class='ocrx_word' id='word_1_896' title='bbox 1026 2748 1168 2781; x_wconf 90' lang='lat' dir='ltr'>iuvenili.</span> <span class='ocrx_word' id='word_1_897' title='bbox 1199 2748 1285 2789; x_wconf 87' lang='lat' dir='ltr'>Quia</span> <span class='ocrx_word' id='word_1_898' title='bbox 1304 2749 1393 2780; x_wconf 92' lang='lat' dir='ltr'>Deus</span> <span class='ocrx_word' id='word_1_899' title='bbox 1447 2750 1558 2782; x_wconf 86' lang='lat' dir='ltr'>omnia</span> <span class='ocrx_word' id='word_1_900' title='bbox 1581 2749 1641 2780; x_wconf 91' lang='lat' dir='ltr'>alia</span> <span class='ocrx_word' id='word_1_901' title='bbox 1663 2748 1848 2782; x_wconf 90' lang='lat' dir='ltr'>accidentia.</span> <span class='ocrx_word' id='word_1_902' title='bbox 1873 2749 1970 2791; x_wconf 89' lang='lat' dir='ltr'>Ergo,</span> <span class='ocrx_word' id='word_1_903' title='bbox 1987 2760 2063 2784; x_wconf 86' lang='lat' dir='ltr'>cum</span> <span class='ocrx_word' id='word_1_904' title='bbox 2078 2760 2192 2784; x_wconf 88' lang='lat' dir='ltr'>omnes</span> <span class='ocrx_word' id='word_1_905' title='bbox 2207 2752 2356 2787; x_wconf 86' lang='lat' dir='ltr'>homines</span> <span class='ocrx_word' id='word_1_906' title='bbox 2375 2754 2511 2784; x_wconf 89' lang='lat' dir='ltr'>habeant</span> 
     </span>
     <span class='ocr_line' id='line_1_125' title="bbox 328 2791 2511 2834; baseline 0.002 -11"><span class='ocrx_word' id='word_1_907' title='bbox 328 2791 583 2833; x_wconf 85' lang='lat' dir='ltr'>resurgentibus,</span> <span class='ocrx_word' id='word_1_908' title='bbox 606 2791 779 2833; x_wconf 88' lang='lat' dir='ltr'>praecipue</span> <span class='ocrx_word' id='word_1_909' title='bbox 806 2791 920 2828; x_wconf 87' lang='lat' dir='ltr'>beatis,</span> <span class='ocrx_word' id='word_1_910' title='bbox 944 2792 1024 2823; x_wconf 87' lang='lat' dir='ltr'>nihil</span> <span class='ocrx_word' id='word_1_911' title='bbox 1046 2792 1209 2825; x_wconf 88' lang='lat' dir='ltr'>subtrahet</span> <span class='ocrx_word' id='word_1_912' title='bbox 1238 2793 1328 2833; x_wconf 92' lang='lat' dir='ltr'>quod</span> <span class='ocrx_word' id='word_1_913' title='bbox 1353 2793 1394 2827; x_wconf 88' lang='lat' dir='ltr'>ad</span> <span class='ocrx_word' id='word_1_914' title='bbox 1448 2792 1584 2824; x_wconf 90' lang='lat' dir='ltr'>eandem</span> <span class='ocrx_word' id='word_1_915' title='bbox 1606 2793 1745 2824; x_wconf 85' lang='lat' dir='ltr'>formam</span> <span class='ocrx_word' id='word_1_916' title='bbox 1775 2793 1974 2834; x_wconf 88' lang='lat' dir='ltr'>specificam,</span> <span class='ocrx_word' id='word_1_917' title='bbox 1998 2795 2032 2824; x_wconf 92' lang='lat' dir='ltr'>in</span> <span class='ocrx_word' id='word_1_918' title='bbox 2056 2796 2206 2826; x_wconf 91' lang='lat' dir='ltr'>omnibus</span> <span class='ocrx_word' id='word_1_919' title='bbox 2239 2796 2334 2827; x_wconf 88' lang='lat' dir='ltr'>debet</span> <span class='ocrx_word' id='word_1_920' title='bbox 2362 2807 2430 2831; x_wconf 86' lang='lat' dir='ltr'>esse</span> <span class='ocrx_word' id='word_1_921' title='bbox 2462 2807 2511 2831; x_wconf 76' lang='lat' dir='ltr'>se-</span> 
     </span>
     <span class='ocr_line' id='line_1_126' title="bbox 328 2835 2511 2882; baseline 0.002 -16"><span class='ocrx_word' id='word_1_922' title='bbox 328 2835 561 2877; x_wconf 86' lang='lat' dir='ltr'>perfectionem</span> <span class='ocrx_word' id='word_1_923' title='bbox 584 2835 724 2868; x_wconf 88' lang='lat' dir='ltr'>hominis</span> <span class='ocrx_word' id='word_1_924' title='bbox 746 2836 912 2878; x_wconf 89' lang='lat' dir='ltr'>pertineat.</span> <span class='ocrx_word' id='word_1_925' title='bbox 930 2835 992 2869; x_wconf 91' lang='lat' dir='ltr'>Sed</span> <span class='ocrx_word' id='word_1_926' title='bbox 1008 2842 1092 2868; x_wconf 89' lang='lat' dir='ltr'>aetas</span> <span class='ocrx_word' id='word_1_927' title='bbox 1106 2837 1244 2877; x_wconf 88' lang='lat' dir='ltr'>pertinet</span> <span class='ocrx_word' id='word_1_928' title='bbox 1262 2837 1302 2868; x_wconf 89' lang='lat' dir='ltr'>ad</span> <span class='ocrx_word' id='word_1_929' title='bbox 1321 2847 1393 2882; x_wconf 87' lang='lat' dir='ltr'>per·</span> <span class='ocrx_word' id='word_1_930' title='bbox 1407 2845 1434 2866; x_wconf 69' lang='lat'>250</span> <span class='ocrx_word' id='word_1_931' title='bbox 1449 2837 1593 2871; x_wconf 78' lang='lat' dir='ltr'>cundum</span> <span class='ocrx_word' id='word_1_932' title='bbox 1626 2838 1792 2871; x_wconf 85' lang='lat' dir='ltr'>materiam</span> <span class='ocrx_word' id='word_1_933' title='bbox 1823 2837 1935 2871; x_wconf 84' lang='lat' dir='ltr'>eadem</span> <span class='ocrx_word' id='word_1_934' title='bbox 1969 2839 2152 2879; x_wconf 88' lang='lat' dir='ltr'>quantitatis</span> <span class='ocrx_word' id='word_1_935' title='bbox 2184 2849 2350 2878; x_wconf 84' lang='lat' dir='ltr'>mensura,</span> <span class='ocrx_word' id='word_1_936' title='bbox 2377 2842 2438 2871; x_wconf 88' lang='lat' dir='ltr'>nisi</span> <span class='ocrx_word' id='word_1_937' title='bbox 2471 2842 2511 2872; x_wconf 87' lang='lat' dir='ltr'>sit</span> 
     </span>
    </p>

    <p class='ocr_par' dir='ltr' id='par_1_53' title="bbox 295 2879 2510 2967">
     <span class='ocr_line' id='line_1_127' title="bbox 295 2879 2510 2926; baseline 0.002 -14"><span class='ocrx_word' id='word_1_938' title='bbox 295 2901 301 2912; x_wconf 81' lang='lat'>‚</span> <span class='ocrx_word' id='word_1_939' title='bbox 329 2879 503 2914; x_wconf 81' lang='lat' dir='ltr'>sectionem</span> <span class='ocrx_word' id='word_1_940' title='bbox 525 2880 684 2912; x_wconf 89' lang='lat' dir='ltr'>hominis:</span> <span class='ocrx_word' id='word_1_941' title='bbox 710 2889 785 2913; x_wconf 89' lang='lat' dir='ltr'>cum</span> <span class='ocrx_word' id='word_1_942' title='bbox 808 2885 956 2913; x_wconf 84' lang='lat' dir='ltr'>senectus</span> <span class='ocrx_word' id='word_1_943' title='bbox 979 2881 1019 2912; x_wconf 88' lang='lat' dir='ltr'>sit</span> <span class='ocrx_word' id='word_1_944' title='bbox 1047 2881 1238 2914; x_wconf 76' lang='lat' dir='ltr'>venerabilis</span> <span class='ocrx_word' id='word_1_945' title='bbox 1261 2887 1351 2915; x_wconf 82' lang='lat' dir='ltr'>aetas</span> <span class='ocrx_word' id='word_1_946' title='bbox 1366 2883 1392 2913; x_wconf 77' lang='lat'>*.</span> <span class='ocrx_word' id='word_1_947' title='bbox 1449 2891 1545 2915; x_wconf 87' lang='lat' dir='ltr'>error.</span> <span class='ocrx_word' id='word_1_948' title='bbox 1571 2881 1634 2915; x_wconf 92' lang='lat' dir='ltr'>Sed</span> <span class='ocrx_word' id='word_1_949' title='bbox 1657 2891 1744 2915; x_wconf 87' lang='lat' dir='ltr'>error</span> <span class='ocrx_word' id='word_1_950' title='bbox 1765 2887 1897 2915; x_wconf 86' lang='lat' dir='ltr'>naturae</span> <span class='ocrx_word' id='word_1_951' title='bbox 1921 2883 2096 2923; x_wconf 85' lang='lat' dir='ltr'>corrigetur</span> <span class='ocrx_word' id='word_1_952' title='bbox 2118 2884 2151 2914; x_wconf 93' lang='lat' dir='ltr'>in</span> <span class='ocrx_word' id='word_1_953' title='bbox 2167 2886 2407 2919; x_wconf 87' lang='lat' dir='ltr'>resurrectione.</span> <span class='ocrx_word' id='word_1_954' title='bbox 2424 2886 2510 2926; x_wconf 88' lang='lat' dir='ltr'>Ergo</span> 
     </span>
     <span class='ocr_line' id='line_1_128' title="bbox 329 2924 2093 2967; baseline 0.002 -12"><span class='ocrx_word' id='word_1_955' title='bbox 329 2924 415 2965; x_wconf 85' lang='lat' dir='ltr'>Ergo</span> <span class='ocrx_word' id='word_1_956' title='bbox 439 2933 531 2957; x_wconf 86' lang='lat' dir='ltr'>senes</span> <span class='ocrx_word' id='word_1_957' title='bbox 553 2934 621 2956; x_wconf 88' lang='lat' dir='ltr'>non</span> <span class='ocrx_word' id='word_1_958' title='bbox 645 2929 810 2967; x_wconf 88' lang='lat' dir='ltr'>resurgent</span> <span class='ocrx_word' id='word_1_959' title='bbox 832 2924 866 2958; x_wconf 90' lang='lat' dir='ltr'>in</span> <span class='ocrx_word' id='word_1_960' title='bbox 890 2929 991 2956; x_wconf 85' lang='lat' dir='ltr'>aetate</span> <span class='ocrx_word' id='word_1_961' title='bbox 1013 2925 1156 2957; x_wconf 88' lang='lat' dir='ltr'>iuvenili.</span> <span class='ocrx_word' id='word_1_962' title='bbox 1449 2935 1563 2960; x_wconf 81' lang='lat' dir='ltr'>omnes</span> <span class='ocrx_word' id='word_1_963' title='bbox 1586 2931 1751 2966; x_wconf 88' lang='lat' dir='ltr'>resurgent</span> <span class='ocrx_word' id='word_1_964' title='bbox 1774 2926 1807 2960; x_wconf 87' lang='lat' dir='ltr'>in</span> <span class='ocrx_word' id='word_1_965' title='bbox 1831 2926 1943 2959; x_wconf 89' lang='lat' dir='ltr'>eadem</span> <span class='ocrx_word' id='word_1_966' title='bbox 1966 2931 2093 2960; x_wconf 80' lang='lat' dir='ltr'>statura.</span> 
     </span>
    </p>

    <p class='ocr_par' dir='ltr' id='par_1_54' title="bbox 329 2968 2512 3146">
     <span class='ocr_line' id='line_1_129' title="bbox 385 2968 2510 3013; baseline 0.003 -12"><span class='ocrx_word' id='word_1_967' title='bbox 385 2978 415 3001; x_wconf 86' lang='lat'>2.</span> <span class='ocrx_word' id='word_1_968' title='bbox 438 2968 636 3005; x_wconf 72' lang='lat' dir='ltr'>PRAETEREA,</span> <span class='ocrx_word' id='word_1_969' title='bbox 665 2973 749 3001; x_wconf 87' lang='lat' dir='ltr'>aetas</span> <span class='ocrx_word' id='word_1_970' title='bbox 773 2974 979 3012; x_wconf 87' lang='lat' dir='ltr'>computatur</span> <span class='ocrx_word' id='word_1_971' title='bbox 1002 2968 1181 3002; x_wconf 87' lang='lat' dir='ltr'>secundum</span> <span class='ocrx_word' id='word_1_972' title='bbox 1210 2979 1395 3004; x_wconf 75' lang='lat' dir='ltr'>mensuram</span> <span class='ocrx_word' id='word_1_973' title='bbox 1506 2970 1536 3003; x_wconf 85' lang='lat'>3.</span> <span class='ocrx_word' id='word_1_974' title='bbox 1559 2970 1764 3005; x_wconf 57' lang='lat' dir='ltr'>Famam,</span> <span class='ocrx_word' id='word_1_975' title='bbox 1789 2971 1948 3010; x_wconf 87' lang='lat' dir='ltr'>quantitas</span> <span class='ocrx_word' id='word_1_976' title='bbox 1971 2972 2162 3012; x_wconf 86' lang='lat' dir='ltr'>resurgentis</span> <span class='ocrx_word' id='word_1_977' title='bbox 2193 2981 2260 3006; x_wconf 89' lang='lat' dir='ltr'>non</span> <span class='ocrx_word' id='word_1_978' title='bbox 2292 2974 2411 3013; x_wconf 91' lang='lat' dir='ltr'>poterit</span> <span class='ocrx_word' id='word_1_979' title='bbox 2443 2983 2510 3007; x_wconf 80' lang='lat' dir='ltr'>esse</span> 
     </span>
     <span class='ocr_line' id='line_1_130' title="bbox 329 3012 2509 3064; baseline 0.001 -19"><span class='ocrx_word' id='word_1_980' title='bbox 329 3013 484 3056; x_wconf 84' lang='lat' dir='ltr'>temporis</span> <span class='ocrx_word' id='word_1_981' title='bbox 507 3013 677 3053; x_wconf 84' lang='lat' dir='ltr'>praeteriti.</span> <span class='ocrx_word' id='word_1_982' title='bbox 702 3012 765 3046; x_wconf 89' lang='lat' dir='ltr'>Sed</span> <span class='ocrx_word' id='word_1_983' title='bbox 787 3013 985 3053; x_wconf 82' lang='lat' dir='ltr'>impossibile</span> <span class='ocrx_word' id='word_1_984' title='bbox 1010 3018 1056 3045; x_wconf 92' lang='lat' dir='ltr'>est</span> <span class='ocrx_word' id='word_1_985' title='bbox 1078 3018 1206 3064; x_wconf 83' lang='lat' dir='ltr'>tempus</span> <span class='ocrx_word' id='word_1_986' title='bbox 1229 3013 1319 3058; x_wconf 85' lang='lat' dir='ltr'>quod</span> <span class='ocrx_word' id='word_1_987' title='bbox 1335 3013 1396 3047; x_wconf 86' lang='lat' dir='ltr'>fuit</span> <span class='ocrx_word' id='word_1_988' title='bbox 1448 3015 1692 3058; x_wconf 88' lang='lat' dir='ltr'>proportionata</span> <span class='ocrx_word' id='word_1_989' title='bbox 1714 3015 1823 3047; x_wconf 82' lang='lat' dir='ltr'>virtuti</span> <span class='ocrx_word' id='word_1_990' title='bbox 1837 3015 1973 3048; x_wconf 88' lang='lat' dir='ltr'>naturali</span> <span class='ocrx_word' id='word_1_991' title='bbox 1989 3024 2071 3055; x_wconf 90' lang='lat' dir='ltr'>quae</span> <span class='ocrx_word' id='word_1_992' title='bbox 2087 3016 2195 3056; x_wconf 84' lang='lat' dir='ltr'>primo</span> <span class='ocrx_word' id='word_1_993' title='bbox 2209 3025 2326 3057; x_wconf 89' lang='lat' dir='ltr'>corpus</span> <span class='ocrx_word' id='word_1_994' title='bbox 2342 3017 2509 3052; x_wconf 85' lang='lat' dir='ltr'>formavit:</span> 
     </span>
     <span class='ocr_line' id='line_1_131' title="bbox 329 3057 2512 3102; baseline 0.003 -14"><span class='ocrx_word' id='word_1_995' title='bbox 329 3057 546 3098; x_wconf 80' lang='lat' dir='ltr'>praeteritum.</span> <span class='ocrx_word' id='word_1_996' title='bbox 565 3066 634 3090; x_wconf 86' lang='lat' dir='ltr'>non</span> <span class='ocrx_word' id='word_1_997' title='bbox 656 3057 864 3098; x_wconf 88' lang='lat' dir='ltr'>praeteriisse.</span> <span class='ocrx_word' id='word_1_998' title='bbox 888 3057 974 3097; x_wconf 89' lang='lat' dir='ltr'>Ergo</span> <span class='ocrx_word' id='word_1_999' title='bbox 981 3057 1188 3097; x_wconf 62' lang='lat' dir='ltr'>‚impossibile</span> <span class='ocrx_word' id='word_1_1000' title='bbox 1205 3064 1252 3091; x_wconf 83' lang='lat' dir='ltr'>est</span> <span class='ocrx_word' id='word_1_1001' title='bbox 1267 3068 1323 3093; x_wconf 86' lang='lat' dir='ltr'>eos</span> <span class='ocrx_word' id='word_1_1002' title='bbox 1339 3059 1395 3102; x_wconf 79' lang='lat' dir='ltr'>qui</span> <span class='ocrx_word' id='word_1_1003' title='bbox 1408 3065 1433 3092; x_wconf 74' lang='grc' dir='ltr'>ες</span> <span class='ocrx_word' id='word_1_1004' title='bbox 1449 3058 1535 3094; x_wconf 83' lang='lat' dir='ltr'>alias,</span> <span class='ocrx_word' id='word_1_1005' title='bbox 1560 3059 1616 3102; x_wconf 88' lang='lat' dir='ltr'>qui</span> <span class='ocrx_word' id='word_1_1006' title='bbox 1639 3068 1707 3092; x_wconf 85' lang='lat' dir='ltr'>non</span> <span class='ocrx_word' id='word_1_1007' title='bbox 1729 3063 1905 3098; x_wconf 84' lang='lat' dir='ltr'>potuerunt</span> <span class='ocrx_word' id='word_1_1008' title='bbox 1920 3058 1960 3092; x_wconf 81' lang='lat' dir='ltr'>ad</span> <span class='ocrx_word' id='word_1_1009' title='bbox 1974 3060 2130 3093; x_wconf 83' lang='lat' dir='ltr'>maiorem</span> <span class='ocrx_word' id='word_1_1010' title='bbox 2154 3061 2363 3100; x_wconf 83' lang='lat' dir='ltr'>quantitatem</span> <span class='ocrx_word' id='word_1_1011' title='bbox 2378 3062 2512 3102; x_wconf 83' lang='lat' dir='ltr'>perduci</span> 
     </span>
     <span class='ocr_line' id='line_1_132' title="bbox 329 3100 2511 3146; baseline 0 -10"><span class='ocrx_word' id='word_1_1012' title='bbox 329 3101 459 3136; x_wconf 76' lang='lat' dir='ltr'>maioris</span> <span class='ocrx_word' id='word_1_1013' title='bbox 482 3101 591 3135; x_wconf 86' lang='lat' dir='ltr'>aetatis</span> <span class='ocrx_word' id='word_1_1014' title='bbox 615 3100 755 3138; x_wconf 88' lang='lat' dir='ltr'>fuerunt,</span> <span class='ocrx_word' id='word_1_1015' title='bbox 780 3101 820 3134; x_wconf 90' lang='lat' dir='ltr'>ad</span> <span class='ocrx_word' id='word_1_1016' title='bbox 843 3106 979 3134; x_wconf 87' lang='lat' dir='ltr'>aetatem</span> <span class='ocrx_word' id='word_1_1017' title='bbox 1002 3101 1176 3133; x_wconf 86' lang='lat' dir='ltr'>iuvenilem</span> <span class='ocrx_word' id='word_1_1018' title='bbox 1198 3102 1319 3135; x_wconf 86' lang='lat' dir='ltr'>reduci.</span> <span class='ocrx_word' id='word_1_1019' title='bbox 1449 3103 1565 3135; x_wconf 75' lang='lat' dir='ltr'>virtute</span> <span class='ocrx_word' id='word_1_1020' title='bbox 1580 3107 1722 3139; x_wconf 86' lang='lat' dir='ltr'>naturae,</span> <span class='ocrx_word' id='word_1_1021' title='bbox 1737 3112 1906 3145; x_wconf 87' lang='lat' dir='ltr'>nunquam</span> <span class='ocrx_word' id='word_1_1022' title='bbox 1921 3103 1954 3134; x_wconf 88' lang='lat' dir='ltr'>in</span> <span class='ocrx_word' id='word_1_1023' title='bbox 1970 3104 2084 3135; x_wconf 88' lang='lat' dir='ltr'>maiori</span> <span class='ocrx_word' id='word_1_1024' title='bbox 2100 3105 2274 3144; x_wconf 76' lang='lat' dir='ltr'>quantitate</span> <span class='ocrx_word' id='word_1_1025' title='bbox 2297 3112 2511 3146; x_wconf 87' lang='lat' dir='ltr'>resurgerent;</span> 
     </span>
    </p>

    <p class='ocr_par' dir='ltr' id='par_1_55' title="bbox 331 3144 2511 3544">
     <span class='ocr_line' id='line_1_133' title="bbox 387 3144 2511 3191; baseline 0.003 -16"><span class='ocrx_word' id='word_1_1026' title='bbox 387 3144 417 3175; x_wconf 86' lang='lat'>3.</span> <span class='ocrx_word' id='word_1_1027' title='bbox 440 3145 642 3182; x_wconf 63' lang='lat' dir='ltr'>Panum,</span> <span class='ocrx_word' id='word_1_1028' title='bbox 666 3145 746 3176; x_wconf 92' lang='lat' dir='ltr'>illud</span> <span class='ocrx_word' id='word_1_1029' title='bbox 769 3145 858 3186; x_wconf 93' lang='lat' dir='ltr'>quod</span> <span class='ocrx_word' id='word_1_1030' title='bbox 881 3146 981 3186; x_wconf 86' lang='lat' dir='ltr'>magis</span> <span class='ocrx_word' id='word_1_1031' title='bbox 1004 3145 1065 3178; x_wconf 85' lang='lat' dir='ltr'>fuit</span> <span class='ocrx_word' id='word_1_1032' title='bbox 1080 3145 1119 3180; x_wconf 92' lang='lat' dir='ltr'>de</span> <span class='ocrx_word' id='word_1_1033' title='bbox 1135 3146 1267 3180; x_wconf 80' lang='lat' dir='ltr'>veritate</span> <span class='ocrx_word' id='word_1_1034' title='bbox 1280 3147 1394 3179; x_wconf 87' lang='lat' dir='ltr'>huma-</span> <span class='ocrx_word' id='word_1_1035' title='bbox 1450 3146 1540 3187; x_wconf 93' lang='lat' dir='ltr'>quod</span> <span class='ocrx_word' id='word_1_1036' title='bbox 1563 3145 1679 3177; x_wconf 90' lang='lat' dir='ltr'>falsum</span> <span class='ocrx_word' id='word_1_1037' title='bbox 1703 3153 1760 3180; x_wconf 86' lang='lat' dir='ltr'>est.</span> <span class='ocrx_word' id='word_1_1038' title='bbox 1783 3147 1869 3190; x_wconf 85' lang='lat' dir='ltr'>Ergo</span> <span class='ocrx_word' id='word_1_1039' title='bbox 1894 3152 2022 3190; x_wconf 85' lang='lat' dir='ltr'>oportet</span> <span class='ocrx_word' id='word_1_1040' title='bbox 2045 3148 2135 3189; x_wconf 92' lang='lat' dir='ltr'>quod</span> <span class='ocrx_word' id='word_1_1041' title='bbox 2164 3150 2323 3189; x_wconf 81' lang='lat' dir='ltr'>quantitas</span> <span class='ocrx_word' id='word_1_1042' title='bbox 2354 3150 2408 3182; x_wconf 82' lang='lat' dir='ltr'>illa</span> <span class='ocrx_word' id='word_1_1043' title='bbox 2436 3160 2511 3191; x_wconf 91' lang='lat' dir='ltr'>pro-</span> 
     </span>
     <span class='ocr_line' id='line_1_134' title="bbox 331 3190 2511 3235; baseline 0.003 -13"><span class='ocrx_word' id='word_1_1044' title='bbox 331 3197 391 3222; x_wconf 82' lang='lat' dir='ltr'>nae</span> <span class='ocrx_word' id='word_1_1045' title='bbox 412 3194 544 3223; x_wconf 83' lang='lat' dir='ltr'>naturae</span> <span class='ocrx_word' id='word_1_1046' title='bbox 565 3190 600 3223; x_wconf 85' lang='lat' dir='ltr'>in</span> <span class='ocrx_word' id='word_1_1047' title='bbox 622 3199 843 3233; x_wconf 84' lang='lat' dir='ltr'>unoquoque,</span> <span class='ocrx_word' id='word_1_1048' title='bbox 866 3190 1006 3223; x_wconf 84' lang='lat' dir='ltr'>maxime</span> <span class='ocrx_word' id='word_1_1049' title='bbox 1028 3195 1170 3232; x_wconf 86' lang='lat' dir='ltr'>resurget</span> <span class='ocrx_word' id='word_1_1050' title='bbox 1191 3191 1225 3223; x_wconf 91' lang='lat' dir='ltr'>in</span> <span class='ocrx_word' id='word_1_1051' title='bbox 1249 3201 1299 3224; x_wconf 90' lang='lat' dir='ltr'>eo.</span> <span class='ocrx_word' id='word_1_1052' title='bbox 1332 3190 1395 3225; x_wconf 87' lang='lat' dir='ltr'>Sed</span> <span class='ocrx_word' id='word_1_1053' title='bbox 1449 3191 1652 3235; x_wconf 80' lang='lat' dir='ltr'>portionetur</span> <span class='ocrx_word' id='word_1_1054' title='bbox 1674 3191 1783 3225; x_wconf 88' lang='lat' dir='ltr'>virtuti</span> <span class='ocrx_word' id='word_1_1055' title='bbox 1804 3191 1963 3235; x_wconf 80' lang='lat' dir='ltr'>reparanti</span> <span class='ocrx_word' id='word_1_1056' title='bbox 1986 3201 2103 3232; x_wconf 81' lang='lat' dir='ltr'>corpus</span> <span class='ocrx_word' id='word_1_1057' title='bbox 2126 3193 2305 3228; x_wconf 80' lang='lat' dir='ltr'>humanum</span> <span class='ocrx_word' id='word_1_1058' title='bbox 2328 3203 2386 3234; x_wconf 88' lang='lat' dir='ltr'>per</span> <span class='ocrx_word' id='word_1_1059' title='bbox 2409 3205 2511 3228; x_wconf 82' lang='lat' dir='ltr'>resur-</span> 
     </span>
     <span class='ocr_line' id='line_1_135' title="bbox 332 3232 2511 3277; baseline 0.003 -15"><span class='ocrx_word' id='word_1_1060' title='bbox 332 3237 454 3272; x_wconf 84' lang='lat' dir='ltr'>quanto</span> <span class='ocrx_word' id='word_1_1061' title='bbox 477 3232 597 3276; x_wconf 85' lang='lat' dir='ltr'>aliquid</span> <span class='ocrx_word' id='word_1_1062' title='bbox 619 3234 724 3275; x_wconf 84' lang='lat' dir='ltr'>primo</span> <span class='ocrx_word' id='word_1_1063' title='bbox 748 3233 809 3267; x_wconf 85' lang='lat' dir='ltr'>fuit</span> <span class='ocrx_word' id='word_1_1064' title='bbox 832 3235 866 3266; x_wconf 89' lang='lat' dir='ltr'>in</span> <span class='ocrx_word' id='word_1_1065' title='bbox 888 3234 1032 3273; x_wconf 84' lang='lat' dir='ltr'>homine,</span> <span class='ocrx_word' id='word_1_1066' title='bbox 1049 3240 1138 3267; x_wconf 88' lang='lat' dir='ltr'>tanto</span> <span class='ocrx_word' id='word_1_1067' title='bbox 1154 3234 1279 3268; x_wconf 86' lang='lat' dir='ltr'>videtur</span> <span class='ocrx_word' id='word_1_1068' title='bbox 1294 3236 1394 3276; x_wconf 85' lang='lat' dir='ltr'>magis</span> <span class='ocrx_word' id='word_1_1069' title='bbox 1449 3236 1636 3271; x_wconf 88' lang='lat' dir='ltr'>rectionem,</span> <span class='ocrx_word' id='word_1_1070' title='bbox 1661 3240 1692 3269; x_wconf 88' lang='lat' dir='ltr'>et</span> <span class='ocrx_word' id='word_1_1071' title='bbox 1714 3236 1864 3270; x_wconf 82' lang='lat' dir='ltr'>materiae</span> <span class='ocrx_word' id='word_1_1072' title='bbox 1888 3235 1927 3266; x_wconf 92' lang='lat' dir='ltr'>de</span> <span class='ocrx_word' id='word_1_1073' title='bbox 1951 3245 2015 3276; x_wconf 90' lang='lat' dir='ltr'>qua</span> <span class='ocrx_word' id='word_1_1074' title='bbox 2038 3242 2208 3277; x_wconf 80' lang='lat' dir='ltr'>reparatur.</span> <span class='ocrx_word' id='word_1_1075' title='bbox 2243 3237 2306 3269; x_wconf 91' lang='lat' dir='ltr'>Sed</span> <span class='ocrx_word' id='word_1_1076' title='bbox 2334 3238 2434 3272; x_wconf 85' lang='lat' dir='ltr'>virtus</span> <span class='ocrx_word' id='word_1_1077' title='bbox 2462 3249 2511 3274; x_wconf 81' lang='lat' dir='ltr'>re-</span> 
     </span>
     <span class='ocr_line' id='line_1_136' title="bbox 333 3275 2511 3320; baseline 0.003 -12"><span class='ocrx_word' id='word_1_1078' title='bbox 333 3275 373 3309; x_wconf 85' lang='lat' dir='ltr'>ad</span> <span class='ocrx_word' id='word_1_1079' title='bbox 391 3276 555 3310; x_wconf 83' lang='lat' dir='ltr'>veritatem</span> <span class='ocrx_word' id='word_1_1080' title='bbox 570 3277 730 3311; x_wconf 81' lang='lat' dir='ltr'>humanae</span> <span class='ocrx_word' id='word_1_1081' title='bbox 753 3284 885 3311; x_wconf 91' lang='lat' dir='ltr'>naturae</span> <span class='ocrx_word' id='word_1_1082' title='bbox 900 3279 1090 3319; x_wconf 88' lang='lat' dir='ltr'>pertinuisse</span> <span class='ocrx_word' id='word_1_1083' title='bbox 1106 3280 1139 3310; x_wconf 63' lang='grc' dir='ltr'>ἐ</span> <span class='ocrx_word' id='word_1_1084' title='bbox 1165 3279 1239 3319; x_wconf 88' lang='lat' dir='ltr'>quia</span> <span class='ocrx_word' id='word_1_1085' title='bbox 1262 3280 1295 3310; x_wconf 90' lang='lat' dir='ltr'>in</span> <span class='ocrx_word' id='word_1_1086' title='bbox 1318 3279 1394 3316; x_wconf 89' lang='lat' dir='ltr'>fine,</span> <span class='ocrx_word' id='word_1_1087' title='bbox 1409 3291 1436 3312; x_wconf 77' lang='lat'>70</span> <span class='ocrx_word' id='word_1_1088' title='bbox 1449 3289 1564 3320; x_wconf 88' lang='lat' dir='ltr'>parans</span> <span class='ocrx_word' id='word_1_1089' title='bbox 1587 3280 1696 3310; x_wconf 88' lang='lat' dir='ltr'>omnia</span> <span class='ocrx_word' id='word_1_1090' title='bbox 1720 3289 1856 3320; x_wconf 91' lang='lat' dir='ltr'>corpora</span> <span class='ocrx_word' id='word_1_1091' title='bbox 1880 3285 1926 3310; x_wconf 88' lang='lat' dir='ltr'>est</span> <span class='ocrx_word' id='word_1_1092' title='bbox 1950 3279 2062 3314; x_wconf 89' lang='lat' dir='ltr'>eadem</span> <span class='ocrx_word' id='word_1_1093' title='bbox 2084 3291 2231 3319; x_wconf 83' lang='lat' dir='ltr'>numero,</span> <span class='ocrx_word' id='word_1_1094' title='bbox 2256 3282 2376 3315; x_wconf 85' lang='lat' dir='ltr'>scilicet</span> <span class='ocrx_word' id='word_1_1095' title='bbox 2405 3282 2511 3315; x_wconf 88' lang='lat' dir='ltr'>divina</span> 
     </span>
     <span class='ocr_line' id='line_1_137' title="bbox 332 3321 2511 3366; baseline 0.003 -14"><span class='ocrx_word' id='word_1_1096' title='bbox 332 3325 464 3363; x_wconf 85' lang='lat' dir='ltr'>propter</span> <span class='ocrx_word' id='word_1_1097' title='bbox 493 3321 658 3353; x_wconf 87' lang='lat' dir='ltr'>veritatem</span> <span class='ocrx_word' id='word_1_1098' title='bbox 690 3323 809 3363; x_wconf 87' lang='lat' dir='ltr'>speciei</span> <span class='ocrx_word' id='word_1_1099' title='bbox 839 3322 1051 3358; x_wconf 82' lang='lat' dir='ltr'>debilitatam,</span> <span class='ocrx_word' id='word_1_1100' title='bbox 1085 3329 1288 3363; x_wconf 87' lang='lat' dir='ltr'>comparatur</span> <span class='ocrx_word' id='word_1_1101' title='bbox 1318 3324 1394 3357; x_wconf 88' lang='lat' dir='ltr'>vino</span> <span class='ocrx_word' id='word_1_1102' title='bbox 1450 3324 1564 3356; x_wconf 85' lang='lat' dir='ltr'>virtus:</span> <span class='ocrx_word' id='word_1_1103' title='bbox 1589 3325 1711 3357; x_wconf 87' lang='lat' dir='ltr'>cineres</span> <span class='ocrx_word' id='word_1_1104' title='bbox 1733 3329 1841 3357; x_wconf 88' lang='lat' dir='ltr'>autem</span> <span class='ocrx_word' id='word_1_1105' title='bbox 1869 3333 2002 3361; x_wconf 74' lang='lat' dir='ltr'>ornneS,</span> <span class='ocrx_word' id='word_1_1106' title='bbox 2026 3334 2064 3356; x_wconf 86' lang='lat' dir='ltr'>ex</span> <span class='ocrx_word' id='word_1_1107' title='bbox 2093 3326 2210 3366; x_wconf 91' lang='lat' dir='ltr'>quibus</span> <span class='ocrx_word' id='word_1_1108' title='bbox 2239 3332 2424 3366; x_wconf 82' lang='lat' dir='ltr'>reparantur</span> <span class='ocrx_word' id='word_1_1109' title='bbox 2451 3328 2511 3358; x_wconf 88' lang='lat' dir='ltr'>hu-</span> 
     </span>
     <span class='ocr_line' id='line_1_138' title="bbox 333 3365 2511 3410; baseline 0.003 -15"><span class='ocrx_word' id='word_1_1110' title='bbox 333 3373 457 3407; x_wconf 85' lang='lat' dir='ltr'>aquoso</span> <span class='ocrx_word' id='word_1_1111' title='bbox 482 3373 600 3407; x_wconf 84' lang='lat' dir='ltr'>corpus</span> <span class='ocrx_word' id='word_1_1112' title='bbox 621 3365 814 3403; x_wconf 79' lang='lat' dir='ltr'>humanum,</span> <span class='ocrx_word' id='word_1_1113' title='bbox 839 3373 875 3400; x_wconf 90' lang='lat' dir='ltr'>ut</span> <span class='ocrx_word' id='word_1_1114' title='bbox 897 3373 984 3409; x_wconf 84' lang='lat' dir='ltr'>patet</span> <span class='ocrx_word' id='word_1_1115' title='bbox 1006 3377 1064 3407; x_wconf 91' lang='lat' dir='ltr'>per</span> <span class='ocrx_word' id='word_1_1116' title='bbox 1086 3367 1337 3408; x_wconf 88' lang='lat' dir='ltr'>Philosophum,</span> <span class='ocrx_word' id='word_1_1117' title='bbox 1361 3369 1396 3399; x_wconf 93' lang='lat' dir='ltr'>in</span> <span class='ocrx_word' id='word_1_1118' title='bbox 1449 3378 1544 3401; x_wconf 88' lang='lat' dir='ltr'>mana</span> <span class='ocrx_word' id='word_1_1119' title='bbox 1567 3377 1713 3408; x_wconf 87' lang='lat' dir='ltr'>corpora,</span> <span class='ocrx_word' id='word_1_1120' title='bbox 1730 3378 1763 3402; x_wconf 88' lang='lat' dir='ltr'>se</span> <span class='ocrx_word' id='word_1_1121' title='bbox 1786 3369 1903 3401; x_wconf 84' lang='lat' dir='ltr'>habent</span> <span class='ocrx_word' id='word_1_1122' title='bbox 1918 3369 2092 3409; x_wconf 89' lang='lat' dir='ltr'>aequaliter</span> <span class='ocrx_word' id='word_1_1123' title='bbox 2107 3369 2147 3403; x_wconf 90' lang='lat' dir='ltr'>ad</span> <span class='ocrx_word' id='word_1_1124' title='bbox 2162 3371 2397 3410; x_wconf 84' lang='lat' dir='ltr'>suscipiendam</span> <span class='ocrx_word' id='word_1_1125' title='bbox 2413 3373 2511 3406; x_wconf 73' lang='lat' dir='ltr'>actio-</span> 
     </span>
     <span class='ocr_line' id='line_1_139' title="bbox 333 3407 2511 3455; baseline 0.004 -16"><span class='ocrx_word' id='word_1_1126' title='bbox 333 3407 346 3437; x_wconf 86' lang='grc' dir='ltr'>Ι</span> <span class='ocrx_word' id='word_1_1127' title='bbox 367 3407 406 3441; x_wconf 86' lang='lat' dir='ltr'>de</span> <span class='ocrx_word' id='word_1_1128' title='bbox 429 3407 578 3441; x_wconf 77' lang='lat' dir='ltr'>Generat.</span> <span class='ocrx_word' id='word_1_1129' title='bbox 595 3409 612 3425; x_wconf 73' lang='lat'>⁴*</span> <span class='ocrx_word' id='word_1_1130' title='bbox 634 3409 737 3451; x_wconf 78' lang='lat' dir='ltr'>Ergo,</span> <span class='ocrx_word' id='word_1_1131' title='bbox 762 3411 788 3445; x_wconf 85' lang='lat' dir='ltr'>si</span> <span class='ocrx_word' id='word_1_1132' title='bbox 810 3421 923 3445; x_wconf 86' lang='lat' dir='ltr'>omnes</span> <span class='ocrx_word' id='word_1_1133' title='bbox 947 3411 1064 3445; x_wconf 89' lang='lat' dir='ltr'>debent</span> <span class='ocrx_word' id='word_1_1134' title='bbox 1087 3413 1120 3443; x_wconf 90' lang='lat' dir='ltr'>in</span> <span class='ocrx_word' id='word_1_1135' title='bbox 1151 3411 1263 3445; x_wconf 86' lang='lat' dir='ltr'>eadem</span> <span class='ocrx_word' id='word_1_1136' title='bbox 1294 3418 1395 3446; x_wconf 86' lang='lat' dir='ltr'>aetate</span> <span class='ocrx_word' id='word_1_1137' title='bbox 1449 3422 1526 3447; x_wconf 84' lang='lat' dir='ltr'>nem</span> <span class='ocrx_word' id='word_1_1138' title='bbox 1548 3411 1728 3452; x_wconf 82' lang='lat' dir='ltr'>praedictae</span> <span class='ocrx_word' id='word_1_1139' title='bbox 1751 3413 1884 3445; x_wconf 64' lang='lat' dir='ltr'>virtutis.</span> <span class='ocrx_word' id='word_1_1140' title='bbox 1908 3413 1994 3453; x_wconf 89' lang='lat' dir='ltr'>Ergo</span> <span class='ocrx_word' id='word_1_1141' title='bbox 2010 3413 2050 3447; x_wconf 85' lang='lat' dir='ltr'>ad</span> <span class='ocrx_word' id='word_1_1142' title='bbox 2066 3413 2201 3448; x_wconf 87' lang='lat' dir='ltr'>eandem</span> <span class='ocrx_word' id='word_1_1143' title='bbox 2225 3416 2434 3455; x_wconf 85' lang='lat' dir='ltr'>quantitatem</span> <span class='ocrx_word' id='word_1_1144' title='bbox 2449 3422 2511 3446; x_wconf 86' lang='lat' dir='ltr'>ter-</span> 
     </span>
     <span class='ocr_line' id='line_1_140' title="bbox 333 3452 2510 3501; baseline 0.003 -16"><span class='ocrx_word' id='word_1_1145' title='bbox 333 3461 515 3491; x_wconf 80' lang='lat' dir='ltr'>resurgere,</span> <span class='ocrx_word' id='word_1_1146' title='bbox 538 3452 638 3496; x_wconf 75' lang='lat' dir='ltr'>magis</span> <span class='ocrx_word' id='word_1_1147' title='bbox 662 3452 753 3488; x_wconf 87' lang='lat' dir='ltr'>decet</span> <span class='ocrx_word' id='word_1_1148' title='bbox 783 3455 872 3495; x_wconf 83' lang='lat' dir='ltr'>quod</span> <span class='ocrx_word' id='word_1_1149' title='bbox 903 3462 1068 3496; x_wconf 72' lang='lat' dir='ltr'>resurgant</span> <span class='ocrx_word' id='word_1_1150' title='bbox 1097 3457 1129 3489; x_wconf 92' lang='lat' dir='ltr'>in</span> <span class='ocrx_word' id='word_1_1151' title='bbox 1158 3462 1258 3490; x_wconf 90' lang='lat' dir='ltr'>aetate</span> <span class='ocrx_word' id='word_1_1152' title='bbox 1281 3456 1395 3501; x_wconf 83' lang='lat' dir='ltr'>puerili</span> <span class='ocrx_word' id='word_1_1153' title='bbox 1449 3456 1623 3487; x_wconf 92' lang='lat' dir='ltr'>minabitur</span> <span class='ocrx_word' id='word_1_1154' title='bbox 1652 3457 1839 3487; x_wconf 86' lang='lat' dir='ltr'>resurrectio</span> <span class='ocrx_word' id='word_1_1155' title='bbox 1875 3458 2022 3492; x_wconf 83' lang='lat' dir='ltr'>omnium</span> <span class='ocrx_word' id='word_1_1156' title='bbox 2056 3458 2237 3493; x_wconf 89' lang='lat' dir='ltr'>hominum.</span> <span class='ocrx_word' id='word_1_1157' title='bbox 2272 3459 2313 3492; x_wconf 90' lang='lat' dir='ltr'>Et</span> <span class='ocrx_word' id='word_1_1158' title='bbox 2346 3460 2390 3494; x_wconf 89' lang='lat' dir='ltr'>sic</span> <span class='ocrx_word' id='word_1_1159' title='bbox 2424 3460 2510 3495; x_wconf 89' lang='lat' dir='ltr'>idem</span> 
     </span>
     <span class='ocr_line' id='line_1_141' title="bbox 334 3496 1661 3544; baseline 0.002 -15"><span class='ocrx_word' id='word_1_1160' title='bbox 334 3505 432 3536; x_wconf 84' lang='lat' dir='ltr'>quam</span> <span class='ocrx_word' id='word_1_1161' title='bbox 455 3496 596 3530; x_wconf 82' lang='lat' dir='ltr'>iuvenili.</span> <span class='ocrx_word' id='word_1_1162' title='bbox 1409 3511 1433 3532; x_wconf 82' lang='lat'>75</span> <span class='ocrx_word' id='word_1_1163' title='bbox 1451 3500 1541 3542; x_wconf 91' lang='lat' dir='ltr'>quod</span> <span class='ocrx_word' id='word_1_1164' title='bbox 1563 3501 1661 3544; x_wconf 88' lang='lat' dir='ltr'>prius.</span> 
     </span>
    </p>
   </div>
   <div class='ocr_carea' id='block_1_41' title="bbox 475 3558 991 3586">
    <p class='ocr_par' dir='ltr' id='par_1_56' title="bbox 475 3558 991 3586">
     <span class='ocr_line' id='line_1_142' title="bbox 475 3558 991 3586; baseline 0.01 -5"><span class='ocrx_word' id='word_1_1165' title='bbox 475 3558 585 3582; x_wconf 71' lang='lat' dir='ltr'>Suumz</span> <span class='ocrx_word' id='word_1_1166' title='bbox 603 3558 705 3584; x_wconf 70' lang='lat' dir='ltr'>Tnnor..</span> <span class='ocrx_word' id='word_1_1167' title='bbox 720 3559 750 3584; x_wconf 91' lang='lat' dir='ltr'>D.</span> <span class='ocrx_word' id='word_1_1168' title='bbox 769 3559 884 3584; x_wconf 65' lang='lat' dir='ltr'>’raons</span> <span class='ocrx_word' id='word_1_1169' title='bbox 902 3560 934 3585; x_wconf 88' lang='grc' dir='ltr'>Τ.</span> <span class='ocrx_word' id='word_1_1170' title='bbox 949 3561 991 3586; x_wconf 83' lang='grc' dir='ltr'>ΙΧ.</span> 
     </span>
    </p>
   </div>
   <div class='ocr_carea' id='block_1_42' title="bbox 93 3279 307 3354">
    <p class='ocr_par' dir='ltr' id='par_1_57' title="bbox 93 3279 307 3354">
     <span class='ocr_line' id='line_1_143' title="bbox 94 3279 293 3306; baseline -0.005 -5"><span class='ocrx_word' id='word_1_1171' title='bbox 94 3281 104 3291; x_wconf 90' lang='grc'>·</span> <span class='ocrx_word' id='word_1_1172' title='bbox 118 3279 154 3302; x_wconf 75' lang='lat' dir='ltr'>cf.</span> <span class='ocrx_word' id='word_1_1173' title='bbox 175 3284 215 3306; x_wconf 83' lang='lat' dir='ltr'>qu.</span> <span class='ocrx_word' id='word_1_1174' title='bbox 231 3284 293 3300; x_wconf 73' lang='lat' dir='ltr'>uxx</span> 
     </span>
     <span class='ocr_line' id='line_1_144' title="bbox 93 3294 307 3354; baseline -0.009 0"><span class='ocrx_word' id='word_1_1175' title='bbox 93 3294 307 3354; x_wconf 49' lang='lat' dir='ltr'>asaza-’⁸⁶³</span> 
     </span>
    </p>
   </div>
   <div class='ocr_carea' id='block_1_43' title="bbox 94 3409 306 3511">
    <p class='ocr_par' dir='ltr' id='par_1_58' title="bbox 94 3409 306 3511">
     <span class='ocr_line' id='line_1_145' title="bbox 94 3409 306 3459; baseline -0.005 -1"><span class='ocrx_word' id='word_1_1176' title='bbox 94 3409 306 3459; x_wconf 45' lang='lat' dir='ltr'>&amp;afflati</span> 
     </span>
     <span class='ocr_line' id='line_1_146' title="bbox 95 3462 303 3511; baseline 0 -27"><span class='ocrx_word' id='word_1_1177' title='bbox 95 3466 166 3511; x_wconf 46' lang='lat' dir='ltr'>geva-t.</span> <span class='ocrx_word' id='word_1_1178' title='bbox 173 3462 239 3485; x_wconf 57' lang='lat' dir='ltr'>esni.</span> <span class='ocrx_word' id='word_1_1179' title='bbox 250 3462 303 3485; x_wconf 86' lang='lat' dir='ltr'>lect.</span> 
     </span>
    </p>
   </div>
   <div class='ocr_carea' id='block_1_44' title="bbox 2318 3564 2367 3596">
    <p class='ocr_par' dir='ltr' id='par_1_59' title="bbox 2318 3564 2367 3596">
     <span class='ocr_line' id='line_1_147' title="bbox 2318 3564 2367 3596; baseline 0 -7"><span class='ocrx_word' id='word_1_1180' title='bbox 2318 3564 2367 3596; x_wconf 71' lang='lat'>24*</span> 
     </span>
    </p>
   </div>
  </div>
 </body>
</html>
