2918 4088
14 730 16 734 “
44 727 59 740 ·
67 726 103 750 Cf.
109 731 173 748 num.
179 731 204 753 xx,
210 732 257 753 xxv,

46 758 103 776 mx.

24 972 144 1012 ἈΝ-ιιι.
157 993 191 1012 ιι.

32 1032 144 1057 *Num
157 1038 190 1056 xv.

56 1251 61 1258 Ἴ
69 1204 204 1257 aaa.
219 1210 261 1228 vn.

51 1469 183 1498 ·.Μὰ
193 1469 264 1496 ibid.-

39 1518 41 1523 .
137 1486 183 1520 IV
189 1486 264 1524 Μ,

119 1528 229 1552 x,.qxx.x

51 1888 267 1969 tssufflfa

5 2511 7 2517 Ι
78 2522 144 2548 &ot-
153 2522 220 2551 ibid„
231 2529 271 2552 qu.

953 193 1216 241 QUAESTIO
1245 193 1411 240 LXXV,
1434 191 1726 229 ARTICULUS
1754 193 1784 229 II

2379 195 2445 231 161

955 344 1289 377 Commentaria
1310 341 1561 375 cardinalis
1582 341 1782 374 Caietam

342 467 450 488 xmus
474 457 586 488 clarus.
609 475 632 481 -
661 458 697 488 In
725 467 860 499 corpore
883 457 950 488 duo
972 457 1065 488 facit:
1089 458 1212 498 primo,
1234 457 1344 487 recitat

285 469 533 542 Topinionem
560 501 794 538 affirmativam;
818 501 978 538 secundo,
1002 501 1150 542 reprobat
1172 510 1243 531 eam
1266 509 1344 540 qua-

283 550 358 576 tuor
380 546 565 581 rationibus,
589 555 647 585 per
668 546 732 576 hoc
755 545 979 576 concludendo
1002 545 1192 585 negativam.

338 589 380 620 Et
402 590 478 629 quia
500 590 639 620 rationes
654 589 804 620 Auctoris
820 599 838 620 a
853 589 1083 629 posterioribus
1105 587 1236 618 fuerunt
1253 586 1345 617 valde

285 632 444 664 discussae
467 642 504 663 ac
526 633 740 673 improbatae,
771 633 916 673 quamvis
945 637 1074 663 teneant
1102 632 1346 662 conclusionem

285 686 361 708 cum
383 677 542 713 Auctore;
566 676 640 707 ideo
664 676 823 708 afferenda
840 681 915 707 sunt
929 677 1051 706 motiva
1067 685 1149 716 quae
1165 681 1276 706 contra
1290 675 1347 705 has

284 722 424 752 rationes
446 720 649 751 adducuntur
666 722 693 751 *.

341 765 378 795 Π.
403 764 496 795 Circa
518 765 655 804 primam
682 764 856 799 rationem,
884 763 986 794 multa
1013 763 1208 793 obiiciuntur
1237 768 1348 793 contra

285 808 373 839 issam
394 809 565 839 maiorem:
599 809 674 838 Non
699 812 808 848 potest
832 807 956 848 aliquid
981 816 1049 838 esse
1079 807 1133 837 ubi
1155 806 1252 847 prius
1282 816 1346 837 non

285 857 366 888 erat,
382 852 446 883 nisi
467 852 518 883 vel
526 861 591 892 per
605 852 669 882 loci
683 851 903 887 mutationem,
920 852 970 882 vel
979 860 1043 892 per
1057 851 1192 881 alterius
1215 860 1348 881 conver-

285 897 408 928 sionem
431 896 464 926 in
487 896 600 936 ipsum.
628 896 782 935 Arguitur
805 896 891 925 enim
914 901 1025 925 contra
1047 895 1150 935 ipsam
1171 895 1347 935 tripliciter:

284 940 402 981 primo,
418 944 530 970 contra
551 940 654 979 ipsam
677 939 837 975 absolute;
861 939 1015 974 secundo,
1032 944 1144 969 contra
1165 939 1268 979 ipsam
1291 948 1347 979 ap-

285 983 436 1025 plicatam
451 982 491 1013 ad
505 983 588 1013 hanc
603 983 768 1013 materiam
783 984 816 1019 ’3
841 988 873 1013 et
895 983 1000 1019 tertio,
1020 988 1132 1013 contra
1147 983 1348 1023 perseitatem

286 1027 372 1059 illius
386 1028 415 1057 “.
437 1026 553 1063 Scotus
568 1027 602 1057 in
616 1027 737 1067 primis,
753 1027 787 1057 in
803 1027 846 1057 IV
861 1026 959 1063 Sent„
976 1027 1046 1058 dist.
1059 1037 1089 1063 x,
1106 1036 1160 1067 qq.
1173 1037 1194 1063 x,
1210 1037 1244 1057 111
1260 1032 1292 1057 et
1306 1037 1348 1063 xv,

288 1077 320 1103 et
342 1071 412 1102 dist.
428 1081 470 1107 xx,
494 1080 549 1111 qu.
565 1081 598 1107 xx,
621 1071 839 1111 multipliciter
862 1071 982 1102 obiicit.
1010 1071 1181 1101 Durandus
1204 1080 1348 1112 quoque,

285 1116 320 1147 in
342 1125 374 1146 xx
397 1115 634 1146 distinctione*
657 1115 780 1153 Quarti,
805 1115 925 1146 obiicit.

342 1158 601 1199 Quadrupliciter
617 1168 692 1199 ergo
717 1165 828 1190 contra
842 1160 998 1190 maiorem
1019 1159 1238 1190 universaliter
1256 1159 1353 1190 intel-

287 1203 404 1235 lectam
419 1204 561 1244 arguitur
575 1204 602 1233 *.
625 1203 747 1239 Primo,
763 1213 782 1234 a
799 1203 1004 1234 Durando*⁴‘

289 1257 395 1279 creare
417 1257 542 1278 novum
564 1247 690 1278 caelum
712 1257 808 1288 supra
829 1247 976 1278 ultimam
994 1257 1082 1278 nunc
1105 1248 1281 1287 sphaeram.
1309 1247 1351 1278 Et

288 1297 367 1323 tunc
392 1291 506 1322 ultima
533 1300 621 1322 nunc
651 1291 784 1331 sphaera
813 1292 968 1332 inciperet
990 1301 1058 1322 esse
1088 1292 1143 1322 ubi
1166 1292 1254 1332 prius
1283 1301 1351 1322 non

290 1340 373 1372 erat,
396 1335 518 1379 absque
535 1335 603 1366 hoc
625 1334 716 1386 quod
738 1341 935 1371 moveretur,
959 1341 990 1366 et
1019 1337 1139 1376 absque
1165 1336 1228 1366 hoc
1262 1335 1351 1376 quod

289 1378 412 1420 ahquid
434 1380 671 1410 converteretur
693 1379 727 1410 in
747 1380 862 1420 ipsam.
897 1379 988 1410 Falsa
1011 1385 1058 1410 est
1079 1389 1155 1420 ergo
1178 1380 1281 1410 maior
1304 1389 1352 1410 as-

291 1428 429 1464 sumpta.

346 1467 505 1504 Secundo,
521 1468 561 1497 ab
577 1472 716 1508 utroque
731 1469 758 1498 *.
782 1467 868 1505 Quia
883 1467 971 1498 Deus
986 1473 1095 1507 posset
1114 1467 1216 1498 facere
1235 1477 1352 1508 corpus

291 1521 388 1543 suum
417 1520 486 1542 esse
514 1520 664 1551 praesens
693 1517 892 1542 sacramento
915 1511 1031 1542 Altaris
1061 1512 1156 1542 simul
1179 1521 1255 1542 cum
1278 1512 1352 1542 sub-

263 1593 265 1595 ·
291 1556 406 1586 stantia
426 1556 528 1595 panis,
552 1564 628 1585 cum
650 1556 713 1586 hoc
735 1565 803 1585 non
825 1555 969 1595 implicet
992 1555 1294 1586 contradictionem:
1322 1561 1353 1586 et

291 1605 369 1630 tunc
393 1608 510 1639 corpus
534 1598 652 1629 Christi
674 1599 828 1639 inciperet
851 1608 918 1629 esse
941 1599 1000 1629 sub
1016 1604 1214 1629 sacramento
1233 1599 1353 1639 absque

291 1647 386 1674 motu
407 1642 520 1678 locali,
548 1648 580 1672 et
602 1642 722 1682 absque
746 1643 955 1672 conversione
979 1643 1113 1673 alicuius
1135 1643 1169 1673 in
1191 1643 1307 1682 ipsum.
1331 1661 1354 1665 -

245 1703 252 1711 ·
291 1686 504 1728 Assumptum
518 1686 672 1726 probatur
687 1697 705 1716 a
721 1685 819 1716 Scoto
835 1687 863 1716 θ.
887 1686 973 1724 Quia
992 1695 1061 1716 non
1077 1691 1123 1716 est
1138 1687 1241 1717 maior
1259 1696 1354 1727 repu-

291 1731 422 1771 gnantia
451 1739 568 1770 corpus
592 1729 710 1761 Christi
740 1738 808 1760 esse
831 1730 926 1760 simul
957 1739 1033 1760 cum
1056 1731 1230 1760 substantia
1251 1731 1353 1770 panis,

293 1783 393 1815 quam
415 1774 474 1805 sub
498 1774 674 1814 quantitate
696 1774 781 1804 eius:
806 1774 882 1814 quia
904 1783 972 1804 non
987 1775 1087 1814 magis
1102 1780 1259 1814 repugnat
1281 1775 1355 1805 sub-

293 1819 407 1850 stantia
423 1818 616 1849 substantiae
639 1827 738 1858 quam
752 1818 926 1848 substantia
941 1818 1118 1858 quantitati,
1135 1818 1244 1859 quoad
1259 1818 1355 1849 talem

293 1861 497 1894 simultatem.

353 1906 478 1942 Tertio,
507 1915 525 1936 a
547 1905 646 1936 Scoto
662 1907 689 1936 ³.
724 1906 809 1944 Quia
837 1905 876 1936 de
906 1905 990 1936 facto
1021 1907 1180 1947 quantitas
1212 1907 1355 1947 corporis

295 1949 414 1982 Christi
435 1955 468 1981 et
489 1950 595 1980 anima
618 1950 686 1980 eius
717 1951 877 1990 incipiunt
906 1959 974 1981 esse
1005 1950 1039 1981 in
1065 1951 1128 1981 hoc
1158 1956 1356 1981 sacramento

294 1994 416 2035 absque
437 1995 502 2025 hoc
525 1994 615 2034 quod
638 1994 759 2034 aliquid
782 2000 984 2025 convertatur
1005 1995 1040 2025 in
1061 1995 1155 2035 ipsas.

349 2038 392 2071 Et
406 2038 433 2069 si
447 2039 604 2079 glossetur
625 2038 738 2074 maior,
755 2038 906 2069 arctando
924 2039 1027 2078 ipsam
1043 2039 1082 2069 ad
1097 2039 1130 2069 id
1146 2038 1236 2079 quod
1250 2039 1356 2079 primo

294 2082 408 2124 incipit
430 2092 499 2114 esse
521 2082 648 2118 alicubi,
665 2087 697 2113 et
712 2082 850 2113 dicendo
874 2082 964 2123 quod
983 2092 1051 2113 non
1074 2083 1168 2113 habet
1190 2083 1301 2113 locum
1323 2083 1357 2113 in

294 2127 344 2159 his
359 2135 442 2167 quae
457 2127 615 2166 incipiunt
631 2135 699 2156 esse
715 2127 831 2157 alicubi
847 2127 1116 2158 concomitanter:
1139 2132 1248 2157 contra
1262 2127 1358 2157 instat

295 2170 412 2203 Scotus
434 2170 613 2211 dupliciter.
636 2170 755 2207 Prim0‚
773 2171 849 2211 quia
864 2180 903 2201 ex
917 2171 981 2201 hoc
996 2171 1099 2201 habeo
1124 2170 1214 2211 quod
1227 2180 1296 2201 non
1312 2177 1359 2201 est

295 2215 426 2256 propria
446 2215 594 2250 mutatio,
617 2223 678 2245 nec
700 2215 830 2255 propria
852 2214 994 2245 formalis
1016 2216 1107 2251 ratio,
1123 2224 1183 2245 nec
1206 2215 1356 2255 praecisa,

295 2258 337 2291 ad
351 2268 420 2291 esse
443 2259 517 2290 alibi
538 2268 607 2289 rem
625 2258 794 2289 immotam
816 2259 969 2295 localiter,
986 2259 1152 2290 conversio
1176 2259 1333 2289 alicuius
1325 2269 1358 2289 ιιι

295 2303 408 2344 ipsam.
431 2321 455 2325 -
477 2302 650 2338 Secundo,
663 2304 739 2343 quia
761 2303 822 2333 alia
841 2309 888 2334 est
910 2304 1087 2343 praesentia
1109 2303 1233 2333 animae
1248 2303 1310 2338 hic,
1328 2308 1359 2333 et

297 2346 358 2380 alia
378 2347 557 2388 praesentia
579 2347 734 2397 corporis,
758 2347 834 2387 quia
856 2346 943 2377 aliud
958 2352 990 2377 et
1005 2346 1091 2377 aliud
1107 2352 1153 2377 est
1169 2346 1359 2378 fundamen-

296 2395 386 2424 tum-z
417 2389 474 2422 sed
495 2391 673 2431 praesentia
695 2391 819 2422 animae
849 2400 917 2422 non
939 2391 1074 2421 habetur
1095 2400 1153 2431 per
1176 2392 1359 2421 conversio-

297 2443 375 2510 pem
395 2435 431 2467 in
452 2435 566 2475 ipsam,
589 2444 649 2465 nec
671 2444 730 2475 per
751 2440 879 2466 motum
901 2435 1055 2466 localem:
1088 2444 1164 2475 ergo
1187 2435 1290 2466 maior
1314 2440 1360 2466 est

356 2521 483 2559 Quarto
499 2523 526 2553 ’ἦ
550 2522 638 2553 Deus
661 2527 767 2562 potest
796 2522 899 2554 facere
925 2523 959 2553 ιιι
981 2528 1123 2554 creatura
1145 2523 1266 2564 aliquid
1292 2524 1361 2553 sine

299 2575 340 2598 eo
364 2565 454 2606 quod
475 2575 544 2597 non
567 2571 614 2597 est
636 2567 695 2596 sibi
717 2567 797 2597 ratio
822 2567 956 2603 essendi,
979 2577 1040 2598 nec
1063 2567 1172 2608 aliquo
1195 2567 1297 2598 modo
1320 2566 1360 2598 de

299 2610 435 2642 essentia
457 2611 536 2641 eius.
560 2609 624 2641 Sed
646 2619 707 2641 nec
723 2611 890 2641 conversio
906 2621 966 2642 nec
982 2617 1215 2642 sacramentum
1234 2617 1281 2642 est
1296 2611 1361 2642 for-

267 2667 270 2672 ·
298 2654 390 2686 malis
413 2654 493 2685 ratio
518 2655 646 2694 corpori
670 2653 787 2685 Christi
811 2654 935 2685 essendi
957 2655 1019 2691 hic,
1043 2665 1104 2686 nec
1127 2656 1236 2696 aliquo
1259 2654 1360 2686 modo

29 3087 31 3091 ⁴
76 3094 89 3112 ἱ·
110 3107 127 3113 --
158 3095 276 3132 ibid-,qm

71 3180 129 3208 α
143 3164 208 3207 mim.
221 3189 254 3206 vr.

150 3278 176 3285 ..μ

98 3279 384 3349 Εἴέω

300 2697 340 2730 de
363 2699 498 2729 essentia
521 2698 599 2729 eius.
626 2698 712 2738 Ergo
736 2698 824 2728 Deus
847 2703 954 2738 potest
975 2698 1079 2730 facere
1103 2709 1220 2740 corpus
1244 2699 1361 2730 Christi

300 2751 368 2774 esse
391 2743 444 2773 hic
472 2742 541 2773 sine
563 2747 702 2782 utroque
729 2743 873 2773 istorum.
896 2760 920 2765 —
941 2743 1096 2773 Probatur
1125 2744 1241 2774 minor.
1276 2743 1362 2781 Quia

300 2787 468 2818 conversio
491 2795 560 2817 non
583 2791 631 2817 est
651 2786 732 2816 ratio
755 2785 897 2817 formalis
916 2786 1055 2817 essendi:
1074 2796 1136 2817 nec
1151 2793 1188 2818 ut
1201 2796 1360 2827 praesens,

301 2831 377 2871 quia
398 2831 568 2870 praeteriit,
592 2839 728 2870 corpore
745 2829 861 2861 Christi
885 2830 1036 2861 existente
1055 2831 1121 2867 hic;
1145 2840 1206 2861 nec
1221 2836 1257 2861 ut
1271 2840 1362 2871 prae-

299 2875 402 2910 terim,
425 2875 501 2915 quia
523 2879 601 2905 tunc
625 2874 713 2905 Deus
734 2883 803 2904 non
826 2879 935 2914 posset
949 2874 1132 2905 subtrahere
1154 2875 1229 2906 hinc
1245 2884 1363 2915 corpus

301 2917 436 2955 Christi,
468 2919 550 2949 sicut
575 2928 636 2949 nec
659 2918 763 2949 facere
793 2917 882 2958 quod
907 2928 975 2948 non
1001 2919 1160 2958 praeteriit
1185 2919 1362 2949 conversio.

302 2962 452 2996 Similiter
474 2971 535 2993 nec
557 2963 799 2993 sacramentales
815 2962 953 3002 species:
978 2962 1053 3002 quia
1071 2972 1139 2992 non
1155 2968 1229 2993 sunt
1243 2963 1276 2992 in
1293 2971 1364 2992 cor-

301 3015 382 3048 pore
404 3006 532 3042 Christi,
556 3016 617 3037 nec
639 3016 697 3046 per
720 3016 772 3037 eas
795 3005 915 3046 aliquid
936 3007 1018 3037 inest
1040 3006 1213 3037 formaliter
1236 3006 1365 3046 corpori

303 3050 431 3083 Christi.

360 3094 492 3132 Quinto,
517 3095 658 3135 arguitur
677 3104 715 3125 ex
738 3094 800 3124 alio
825 3095 927 3134 capite
942 3095 969 3130 ⁹,
994 3104 1032 3124 ex
1048 3095 1112 3125 hoc
1134 3094 1253 3124 scilicet
1276 3094 1366 3134 quod

304 3147 421 3179 corpus
437 3138 555 3169 Christi
570 3139 743 3169 immotum
765 3143 872 3178 potest
891 3139 987 3169 simul
1003 3148 1070 3168 esse
1085 3139 1118 3168 ιιι
1135 3138 1264 3168 diversis
1286 3138 1365 3169 locis

303 3182 456 3215 localiter.
480 3182 543 3214 Sed
566 3182 605 3214 de
628 3183 692 3213 hoc
714 3182 790 3213 alias
805 3183 832 3213 ⁴.

359 3225 418 3258 111.
436 3226 530 3258 Circa
552 3227 802 3277 applicationem
824 3236 901 3257 vero
930 3227 1059 3257 maioris
1092 3225 1131 3256 ad
1156 3226 1239 3256 hanc
1265 3231 1366 3256 mate-

303 3271 426 3307 Μ’,
389 3270 614 3346 01ιήιιιριιιῑιιιει·
635 3271 776 3311 arguitur
791 3271 836 3300 ’ἢ
860 3271 978 3307 Ριιιιιο,
996 3280 1014 3301 a
1029 3269 1183 3302 Durando
1199 3271 1261 3300 m.
1285 3269 1366 3301 Cor-

303 3323 365 3355 pus
389 3313 507 3346 Christi
530 3324 598 3347 esse
621 3315 655 3346 in
677 3320 881 3346 sacramento
899 3324 967 3345 non
983 3319 1030 3345 est
1049 3324 1117 3345 esse
1133 3315 1266 3345 alicubi:
1291 3315 1367 3354 quia

304 3367 373 3390 non
395 3363 443 3390 est
466 3367 534 3390 esse
556 3359 591 3390 in
613 3359 698 3390 loco.
723 3359 807 3390 Male
831 3368 906 3399 ergo
929 3359 1106 3399 applicatur
1128 3358 1180 3389 illa
1201 3359 1304 3389 maior
1327 3358 1367 3388 de

305 3402 362 3433 ubi
384 3407 416 3433 et
438 3402 556 3435 alicubi
577 3402 618 3434 ad
640 3412 709 3434 esse
734 3403 769 3434 in
791 3409 1007 3434 sacramento:
1039 3408 1071 3433 et
1093 3402 1170 3433 falsa
1193 3407 1240 3433 est
1261 3403 1367 3433 minor

306 3445 415 3479 dicens
438 3445 528 3487 quod
550 3456 667 3488 corpus
684 3446 802 3478 Christi
821 3447 934 3488 incipit
950 3456 1018 3478 esse
1033 3447 1089 3477 ubi
1104 3447 1191 3487 prius
1206 3455 1274 3477 non
1291 3451 1366 3483 erat,

307 3489 442 3523 essendo
464 3490 499 3521 ιιι
521 3495 732 3522 sacramento

447 3551 558 3577 Suum
575 3551 678 3578 Τιιιιοι..
696 3552 728 3578 D.
740 3551 856 3577 Τιιοιυι
870 3551 904 3578 Τ.
922 3552 964 3578 ΙΧ.

1006 1204 1123 1242 .Quia
1139 1204 1227 1234 Deus
1241 1198 1362 1243 posset·

1452 455 1613 491 Secundo,
1637 466 1656 486 a
1679 455 1776 487 Scoto
1792 457 1819 486 *.
1845 455 1998 486 Genitum
2017 465 2084 486 esse
2107 457 2141 486 in
2163 457 2237 487 loco
2254 459 2394 498 corrupti
2410 464 2491 489 est·

1397 508 1509 530 verum
1539 504 1670 539 propter
1699 499 1862 530 materiam
1886 509 2094 530 communem
2117 501 2258 540 utrique:
2289 507 2456 541 propterea

1399 544 1485 574 enim
1508 544 1590 583 ignis
1612 544 1724 583 incipit
1748 553 1815 573 esse
1845 544 1902 573 ubi
1926 549 1991 574 erat
2014 553 2066 573 aer
2089 553 2260 574 conversus
2282 546 2315 575 in
2338 546 2455 585 ignem,

1400 588 1475 638 quia
1491 597 1528 617 ex
1543 588 1674 617 materia
1690 596 1772 627 quae
1789 586 1848 617 fuit
1864 587 1953 623 aeris,
1966 593 2149 618 remanente
2164 588 2292 624 ibidem,
2310 594 2340 618 et
2356 589 2458 619 forma

1399 632 1480 671 ignis
1510 630 1546 661 fit
1577 631 1794 671 compositum
1817 631 1946 661 ibidem.
1982 631 2017 661 In
2040 632 2205 671 proposito
2236 638 2359 668 autem,
2384 634 2458 673 quia

1400 684 1467 705 non
1491 680 1633 705 remanet
1655 675 1786 705 materia
1808 676 1913 715 panis,
1937 685 2005 705 non
2027 676 2122 705 habet
2144 676 2254 706 locum
2276 677 2388 712 maior,
2412 676 2458 707 di-

1401 728 1476 749 cens
1500 718 1590 758 quod
1615 728 1672 758 per
1696 719 1940 749 conversionem
1967 728 2083 759 corpus
2107 718 2224 749 Christi
2247 726 2294 750 est
2315 721 2371 750 ubi
2395 726 2460 751 erat

1401 763 1501 803 panis.

1456 806 1578 843 Tertio,
1595 807 1634 837 ab
1652 805 1768 837 eodem
1782 805 1800 825 *
1816 812 1847 837 et
1862 806 2016 837 Durando
2032 807 2077 837 st.
2105 806 2189 845 Quia
2205 807 2291 838 aliud
2307 813 2353 838 est
2368 808 2497 848 loqui

1402 850 1442 881 de
1465 851 1675 881 conversione
1698 850 1852 887 absolute,
1878 856 1909 881 et
1932 850 2018 881 aliud
2040 850 2080 881 de
2099 852 2307 882 conversione
2322 853 2355 882 in
2370 861 2508 892 prae-n

1402 895 1547 925 existens.
1582 894 1666 925 Nam
1689 894 1778 934 quod
1803 895 1996 925 convertitur
2019 895 2052 925 in
2075 896 2302 935 praeexistens,
2330 896 2462 927 trahitur

1402 938 1442 969 ad
1465 938 1666 969 conditiones
1696 939 1952 979 praeexistentis,
1977 944 2008 969 et
2030 948 2097 969 non
2121 948 2139 969 e
2163 945 2288 970 contra:
2318 945 2354 970 ut
2375 946 2462 981 patet

1401 984 1435 1013 in
1466 983 1618 1013 alimento
1646 987 1677 1013 et
1704 982 1790 1013 alito.
1825 983 1866 1013 Et
1896 988 2065 1023 propterea
2095 983 2170 1013 hinc
2200 985 2343 1023 sequitur
2373 984 2463 1024 quod

1401 1028 1492 1068 panis
1516 1032 1562 1057 est
1585 1027 1640 1057 ubi
1663 1032 1709 1057 est
1732 1036 1848 1067 corpus
1873 1026 1999 1063 Christi,
2024 1032 2055 1057 et
2077 1036 2145 1057 non
2169 1037 2186 1058 e
2206 1037 2371 1058 converso.

1458 1071 1510 1102 IV.
1535 1070 1657 1101 Contra
1671 1072 1871 1111 perseitatem
1887 1072 1913 1107 ⁴,
1937 1071 2000 1101 hoc
2017 1076 2072 1107 est,
2095 1070 2315 1102 necessitatem
2331 1081 2463 1103 conver-

1403 1116 1501 1146 sionis
1524 1115 1564 1145 ad
1587 1115 1785 1145 existentiam
1808 1115 1951 1155 corporis
1975 1114 2092 1145 Christi
2115 1116 2147 1145 in
2170 1116 2233 1146 hoc
2254 1122 2461 1153 sacramento,

1403 1158 1493 1200 quod
1515 1159 1635 1189 scilicet
1656 1159 1853 1199 impossibile
1876 1160 1915 1189 sit
1938 1168 2054 1199 corpus
2079 1158 2212 1196 Christi,
2243 1169 2311 1190 non
2334 1166 2462 1191 motum

1403 1204 1554 1239 localiter,
1578 1204 1718 1244 incipere
1742 1212 1810 1233 esse
1832 1204 1866 1233 in
1888 1203 1951 1233 hoc
1975 1209 2171 1233 sacramento
2196 1204 2314 1244 absque
2331 1213 2463 1235 conver-

1404 1248 1494 1278 sione
1517 1247 1660 1284 alicuius,
1684 1252 1762 1287 puta
1784 1248 1885 1287 panis,
1909 1247 2126 1287 multipliciter
2148 1248 2288 1288 arguitur
2303 1249 2329 1278 *.

1458 1291 1579 1327 Primo,
1597 1301 1615 1321 a
1631 1291 1728 1322 Scoto
1743 1292 1770 1321 ⁹.
1795 1291 1854 1321 Per
1876 1291 1998 1321 nullam
2020 1291 2232 1322 mutationem
2255 1292 2388 1322 habetur
2407 1302 2465 1333 per

1405 1345 1438 1366 se
1461 1334 1540 1366 illud
1564 1335 1653 1376 quod
1681 1340 1728 1366 est
1755 1334 1840 1365 aliud
1864 1340 1896 1365 et
1917 1336 2074 1375 posterius
2097 1345 2156 1366 suo
2180 1345 2237 1376 per
2259 1346 2293 1366 se
2315 1337 2463 1367 termino.

1406 1379 1468 1411 Sed
1498 1380 1675 1419 praesentia
1705 1380 1848 1419 corporis
1876 1378 1993 1409 Christi
2019 1379 2088 1415 hic,
2115 1379 2196 1410 idest
2218 1380 2252 1410 in
2274 1380 2337 1410 hoc
2364 1390 2465 1411 sacra-

1405 1429 1526 1459 mento,
1551 1429 1598 1454 est
1621 1422 1699 1463 quid
1722 1422 1807 1453 aliud
1831 1428 1862 1453 et
1884 1423 2042 1463 posterius
2065 1433 2200 1463 corpore
2225 1423 2352 1460 Christi,
2377 1424 2466 1464 quod

1386 1498 1388 1502 ,
1407 1473 1454 1498 est
1475 1468 1623 1508 proprius
1646 1468 1800 1497 terminus
1822 1467 2172 1497 transubstantiationis.
2199 1468 2285 1507 Ergo
2308 1477 2366 1507 per
2388 1478 2466 1499 con-

1406 1512 1586 1542 versionem
1616 1512 1706 1551 panis
1736 1511 1769 1540 in
1796 1519 1912 1550 corpus
1940 1510 2057 1541 Chn'su‘
2086 1520 2154 1541 non
2183 1512 2317 1542 habetur
2345 1522 2402 1552 per
2432 1522 2466 1542 se

1407 1554 1592 1586 huiusmodi
1614 1555 1802 1594 praesentia.

1462 1598 1609 1629 Secundo
1626 1599 1659 1628 ἣ
1692 1604 1723 1628 et
1745 1599 1938 1638 supponitur
1968 1599 2074 1629 Deum
2097 1608 2192 1638 posse
2223 1598 2326 1629 facere
2350 1609 2466 1640 corpus

1409 1642 1526 1673 Christi
1548 1651 1697 1682 praesens
1719 1642 1852 1678 hostiae,
1869 1648 2017 1672 manente
2036 1642 2208 1673 substantia
2223 1644 2314 1682 panis
2325 1644 2351 1673 *.
2369 1643 2468 1681 Quod

1408 1687 1576 1726 probatur:
1612 1686 1688 1726 quia
1714 1686 1839 1716 novitas
1865 1686 2049 1726 posterioris
2078 1696 2146 1716 non
2172 1686 2267 1717 infert
2292 1688 2468 1717 novitatem

1407 1731 1538 1770 prioris,
1562 1739 1600 1760 ex
1622 1730 1695 1760 VIII
1717 1730 1845 1770 Physic.
1865 1731 1896 1766 *‚
1927 1731 1983 1760 ubi
2010 1731 2142 1770 ponitur
2163 1736 2271 1760 motus
2294 1730 2404 1761 localis
2433 1731 2467 1761 ιιι

1409 1774 1498 1804 caelo
1527 1774 1596 1804 sine
1617 1774 1796 1804 mutatione
1826 1774 2004 1804 secundum
2027 1773 2163 1804 formam
2186 1774 2374 1805 absolutam.
2408 1775 2467 1805 Ar-

1409 1819 1516 1858 guitur
1542 1827 1618 1858 ergo
1645 1818 1700 1848 sic.
1736 1817 1810 1848 Sine
1837 1818 2015 1848 mutatione
2042 1818 2238 1848 substantiali
2268 1823 2374 1858 potest
2400 1828 2468 1849 esse

1408 1872 1494 1892 nova
1515 1862 1693 1902 praesentia
1717 1862 1858 1901 corporis
1883 1861 2000 1892 Christi
2023 1861 2063 1892 ad
2085 1871 2212 1902 panem.
2236 1862 2321 1902 Ergo
2341 1868 2469 1903 oportet

1410 1906 1483 1937 dare
1499 1906 1638 1946 aliquam
1653 1907 1865 1936 mutationem
1885 1905 1924 1936 ad
1939 1906 2124 1937 huiusmodi
2139 1907 2358 1946 praesentiam.
2382 1907 2468 1947 Ergo

1409 1950 1594 1981 huiusmodi
1620 1950 1797 1990 praesentia
1819 1960 1887 1980 non
1910 1951 2043 1980 habetur
2065 1960 2122 1990 per
2145 1951 2406 1981 conversionem:
2438 1956 2470 1981 et

1409 1995 1562 2035 probatur
1580 1994 1718 2034 sequela.
1744 1994 1829 2032 Quia
1843 1995 1997 2025 terminus
2013 1995 2108 2025 unius
2124 1995 2264 2030 rationis,
2288 1995 2469 2025 cuiusmodi

1411 2044 1458 2069 est
1479 2039 1674 2078 praesentia,
1705 2047 1773 2068 non
1795 2039 1924 2078 proprie
1947 2048 2004 2079 per
2027 2048 2060 2069 se
2084 2043 2130 2069 est
2152 2039 2306 2069 terminus
2333 2038 2468 2070 duarum

1411 2084 1627 2113 mutationum
1651 2082 1869 2113 distinctarum
1891 2082 2069 2113 secundum
2092 2092 2203 2123 genus.
2222 2108 2236 2117 .

1465 2127 1507 2157 Ει
1529 2127 1555 2156 si
1571 2126 1701 2162 dicatur,
1721 2126 1826 2166 inquit
1842 2126 1956 2157 Scotus
1972 2128 1998 2163 ⁹,
2024 2136 2140 2167 corpus
2157 2127 2274 2158 Christi
2289 2136 2384 2167 posse
2401 2136 2469 2157 esse

1411 2180 1559 2211 praesens
1591 2180 1667 2200 cum
1696 2171 1869 2200 substantia
1899 2171 1991 2211 panis
2021 2171 2088 2201 sine
2118 2171 2295 2201 mutatione
2325 2171 2470 2201 substan-

1411 2215 1486 2248 tiali,
1510 2220 1617 2245 tamen
1641 2223 1728 2245 nunc
1752 2214 1801 2244 de·
1815 2214 1898 2245 sacto
1921 2214 1958 2245 fit
1979 2224 2127 2254 praesens
2153 2224 2210 2255 per
2233 2215 2470 2245 substantialem

1411 2259 1624 2289 mutationem
1653 2259 1744 2298 panis
1766 2259 1799 2288 in
1823 2268 1940 2298 corpus
1964 2258 2097 2295 Christi,
2122 2264 2153 2289 et
2174 2268 2242 2289 non
2272 2268 2330 2299 per
2359 2259 2469 2295 aliam,

1413 2308 1540 2333 contra:
1562 2321 1587 2325 -
1609 2303 1644 2333 In
1667 2312 1784 2343 corpus
1808 2302 1926 2333 Christi
1951 2303 2039 2342 prius
2064 2302 2185 2333 factum
2214 2312 2362 2343 praesens
2384 2303 2470 2343 pani,

1412 2352 1521 2387 posset
1550 2347 1639 2377 Deus
1669 2351 1854 2377 convertere
1885 2356 2022 2387 panem:
2058 2348 2133 2387 quia
2163 2356 2230 2377 non
2261 2352 2342 2377 esset
2371 2347 2471 2387 magis

1414 2390 1622 2421 contradictio
1651 2396 1729 2421 tunc
1760 2400 1858 2431 quam
1887 2400 1985 2421 nunc.
2015 2391 2101 2431 Ergo
2132 2391 2201 2421 talis
2231 2391 2397 2421 conversio
2420 2390 2472 2420 vel

1412 2444 1480 2465 non
1503 2434 1620 2465 faceret
1651 2444 1768 2475 corpus
1791 2434 1909 2465 Christi
1938 2444 2102 2474 praesens:
2126 2435 2177 2465 vel
2206 2434 2296 2465 fieret
2324 2444 2472 2475 praesens

1413 2484 1586 2519 postquam
1618 2478 1679 2509 fuit
1708 2488 1873 2519 praesens,
1897 2483 1929 2509 et
1951 2479 1996 2509 sic
2020 2479 2131 2509 eadem
2163 2479 2339 2519 praesentia
2366 2479 2472 2509 termi-

1413 2528 1503 2554 naret
1526 2523 1604 2553 duas
1627 2522 1726 2553 dictas
1748 2523 1952 2553 mutationes.

1468 2567 1507 2597 V.
1531 2566 1656 2597 Deinde
1680 2567 1894 2598 extenduntur
1916 2567 2207 2607 argumentationes
2230 2566 2270 2597 ad
2294 2567 2358 2597 hoe
2384 2565 2474 2606 quod

1415 2611 1581 2642 conversio
1611 2611 1690 2641 nihil
1720 2610 1795 2641 facit
1824 2610 1864 2641 ad
1890 2611 2100 2651 praesentiam
2128 2611 2271 2651 corporis
2298 2610 2414 2641 Christi
2440 2611 2474 2640 in

1414 2660 1612 2686 sacramento
1628 2656 1654 2685 *.
1678 2655 1720 2695 Et
1743 2655 1883 2695 arguitur
1899 2655 2010 2695 primo
2026 2656 2060 2672 *⁴*
2083 2655 2138 2685 sic.
2162 2655 2250 2685 Deus
2273 2660 2382 2695 posset
2397 2663 2474 2684 con-

1415 2705 1535 2730 vertere
1558 2708 1676 2739 panem
1698 2700 1732 2729 in
1755 2708 1872 2739 corpus
1895 2698 2012 2729 Christi
2035 2704 2071 2729 ut
2093 2699 2213 2729 habens
2234 2708 2302 2729 esse
2317 2699 2351 2729 in
2367 2698 2473 2728 caelo.

1416 2744 1492 2784 quia
1509 2752 1578 2774 non
1597 2748 1644 2773 est
1666 2744 1710 2774 ibi
1732 2744 1834 2774 maior
1857 2742 2065 2773 contradictio
2089 2752 2186 2783 quam
2209 2743 2243 2773 in
2266 2743 2474 2772 conversione

1416 2797 1499 2828 quae
1514 2796 1602 2817 nunc
1617 2788 1757 2827 ponitur.
1783 2786 1845 2818 Sed
1867 2792 1944 2817 tunc
1959 2796 2027 2817 non
2042 2787 2210 2817 haberetur
2225 2796 2342 2826 corpus
2358 2786 2475 2816 Christi

1416 2832 1475 2862 sub
1499 2831 1605 2871 specie
1627 2831 1718 2871 panis
1742 2840 1780 2861 ex
1802 2831 1871 2871 ipsa
1894 2831 2112 2861 conversione.
2137 2831 2222 2870 Ergo
2245 2840 2305 2860 nec
2328 2839 2424 2860 nunc.

1471 2874 1619 2905 Secundo
1638 2876 1665 2905 ³.
1701 2874 1733 2905 Si
1756 2875 1847 2914 panis
1878 2879 2016 2914 quantus
2045 2879 2280 2904 converteretur
2301 2874 2334 2904 in
2358 2882 2475 2913 corpus

1417 2918 1534 2949 Christi
1557 2924 1733 2958 quantum,
1762 2919 1805 2948 ita
1834 2918 1923 2958 quod
1951 2918 2123 2948 substantia
2150 2919 2183 2947 in
2207 2918 2413 2948 substantiam
2444 2922 2475 2947 et

1417 2963 1575 3002 quantitas
1606 2963 1640 2992 in
1663 2963 1872 3002 quantitatem
1894 2967 2083 2997 verteretur,
2115 2967 2192 2991 tunc
2219 2970 2335 3001 corpus
2359 2960 2476 2991 Christi

1418 3011 1576 3046 quantum
1598 3015 1666 3036 non
1688 3006 1817 3036 haberet
1846 3006 1900 3036 ubi
1922 3005 2192 3046 circumscriptive
2222 3005 2310 3045 quod
2334 3004 2394 3035 fuit
2417 3005 2475 3035 cir-

1419 3050 1642 3090 cumscriptive
1665 3050 1756 3090 panis
1780 3050 1900 3090 quanti.
1924 3049 2008 3089 Ergo
2032 3059 2119 3079 nunc
2141 3058 2209 3079 non
2231 3049 2326 3079 habet
2349 3049 2402 3079 ubi
2422 3048 2475 3079 de-

1407 3094 1576 3136 finitivum
1599 3094 1792 3124 substantiae
1813 3094 1914 3133 panis.
1937 3111 1960 3115 -
1982 3093 2023 3123 Et
2045 3094 2198 3133 probatur
2220 3093 2359 3133 sequela.
2390 3092 2475 3130 Quia

1419 3139 1462 3168 ita
1484 3147 1518 3168 se
1540 3138 1658 3168 habent
1683 3137 1874 3168 substantiae
1907 3146 1990 3177 quae
2016 3137 2151 3167 subsunt
2180 3137 2406 3177 quantitatibus
2437 3136 2477 3167 ad

1419 3183 1491 3212 loca
1514 3181 1686 3218 definitive,
1709 3182 1792 3212 sicut
1814 3182 2006 3211 substantiae
2025 3186 2162 3221 quantae
2184 3180 2224 3211 ad
2246 3181 2318 3211 loca
2341 3181 2476 3211 circum-

1419 3226 1576 3266 scriptive.
1608 3226 1657 3256 Ac
1686 3235 1744 3266 per
1769 3226 1846 3262 hoc,
1875 3225 1965 3265 quod
1991 3224 2066 3255 facit
2092 3225 2259 3256 conversio
2285 3225 2477 3255 substantiae

1419 3271 1453 3300 in
1481 3270 1688 3300 substantiam
1717 3269 1757 3300 ad
1785 3270 1841 3300 ubi
1871 3268 2048 3305 definitive,
2079 3269 2143 3300 hoc
2170 3268 2245 3299 facit
2271 3268 2310 3299 ad
2333 3269 2388 3299 ubi
2418 3269 2477 3299 cir-

1421 3314 1644 3354 cumscriptive
1667 3315 1832 3344 conversio
1856 3313 2048 3344 substantiae
2063 3318 2200 3354 quantae
2223 3313 2257 3343 in
2272 3313 2477 3343 substantiam

1399 3373 1402 3374 ν
1421 3363 1584 3398 quantam.

1479 3402 1587 3432 Tertio
1604 3402 1630 3432 ⁴⁹.
1655 3401 1689 3432 Si
1711 3411 1768 3442 per
1791 3401 2034 3432 conversionem
2063 3400 2101 3432 fit
2128 3402 2282 3432 terminus
2312 3400 2351 3431 ad
2380 3409 2478 3441 quem

1421 3446 1477 3477 ubi
1500 3445 1560 3476 fuit
1582 3446 1736 3476 terminus
1759 3456 1776 3476 a
1800 3455 1883 3486 quo,
1916 3455 1990 3486 ergo
2021 3445 2137 3476 modus
2167 3445 2290 3476 essendi
2313 3445 2478 3485 utriusque

1422 3491 1480 3521 erit
1502 3490 1630 3520 similis:
1665 3490 1718 3520 ille
1745 3490 1856 3520 saltem
1882 3489 1999 3520 modus
2030 3490 2085 3530 qui
2108 3495 2214 3530 potest
2236 3498 2303 3520 esse
2333 3497 2478 3519 commu-

2305 3557 2334 3583 ιι

2505 464 2537 486 IV
2550 464 2614 487 Sem.
2639 465 2693 488 dist.

2481 497 2513 521 xx,
2520 497 2558 519 qu
2564 497 2587 517 xx,
2594 481 2623 512 ad
2629 497 2693 519 διας.

2482 517 2504 538 in
2520 518 2622 545 opposit.

2511 811 2544 833 lv
2557 812 2629 839 Sent„
2642 812 2696 835 dist.

2487 844 2632 892 le'slent„
2643 864 2697 887 dist.

2487 896 2518 918 xi,
2533 897 2572 919 qu.
2586 897 2602 913 x.

2490 1079 2500 1091 ⁸
2508 1078 2543 1100 Cf.
2552 1084 2615 1100 num.
2621 1083 2643 1105 ιι,
2650 1078 2700 1100 init.

2490 1252 2500 1262 ·
2515 1250 2550 1273 cf.
2564 1256 2628 1272 num.
2642 1255 2673 1272 xx.

2490 1297 2501 1307 ·
2514 1295 2547 1317 1v
2561 1295 2634 1322 Sent„
2647 1295 2701 1317 dist.

2491 1328 2514 1349 x,
2529 1327 2568 1350 qu.
2583 1328 2598 1344 x.

2493 1603 2570 1626 ‘1bid.

2493 1636 2525 1657 xx,
2541 1636 2582 1652 ιιι.

2493 1646 2650 1704 ‘sss-..rm
2673 1662 2704 1683 '¹’

2494 1733 2546 1755 Cf.
2553 1734 2649 1756 Aristot.
2654 1734 2706 1755 Me-

2494 1761 2587 1788 taphye.
2603 1761 2643 1782 lib.
2653 1760 2705 1788 VII,

2495 1787 2706 1841 SapTdvli?.V61}I‚

2495 1840 2547 1862 lect.
2562 1845 2592 1862 xv.

2577 1603 2631 1625 ·.οι
2640 1609 2703 1626 num.

2495 2127 2507 2139 ·
2520 2126 2575 2148 Loc.
2591 2132 2656 2154 prox.
2667 2126 2708 2148 cit.

2500 2652 2559 2674 ·Ει.
2580 2657 2643 2673 ιιιιιιι.
2660 2657 2711 2673 xxxi.

2500 2679 2600 2706 “.,Scot
2605 2678 2712 2705 1VSent.,

2501 2705 2554 2727 dist.
2568 2711 2592 2732 x,
2606 2711 2644 2733 qu.
2659 2711 2675 2727 x.

2501 2872 2512 2883 ⁶
2526 2871 2585 2893 xbid.

2505 3398 2515 3408 ·
2530 3396 2589 3418 lbid.
