2918 4088
1008 170 1269 217 QUAESTIO
1299 170 1489 217 LXXXII,
1518 169 1809 207 ARTICULUS
1839 172 1873 207 X
2450 171 2525 218 269

1027 291 1359 324 Commentaria
1382 291 1632 323 Car-clinans
1655 291 1854 323 Caietam

1467 381 1654 421 participare
1678 391 1752 412 cum
1776 379 2068 419 excor'nmunicatis,
2094 390 2162 419 etc„
2187 386 2246 414 nisi
2270 386 2302 415 in
2327 386 2452 416 duobus
2473 397 2523 417 ca-
2551 386 2763 433 LSAIA¹t¹i1t⁰¹¹2¹20vffi

1468 424 1564 460 sibus,
1589 425 1716 461 scilicet,
1734 426 1759 455 si
1776 425 1892 456 fuerint
1912 427 2101 456 nominatim
2121 427 2306 464 denuntiati,
2325 429 2375 459 vel
2398 432 2524 461 notorie
2552 444 2633 466 capa,
2648 439 2657 464 s
2671 444 2710 459 2.-
2726 428 2763 460 αἶ

1468 470 1680 507 percusserint
1703 469 1872 499 clericum:
1904 476 1939 499 ut
1962 469 2056 500 refert
2079 471 2346 512 Archiepiscopus
2370 472 2525 505 Florenti-
2552 470 2762 492 ⁸upm.qu.1.xw,

1545 513 1562 528 ‹u-
1597 513 1604 518 ·
1733 513 1739 520 ·
2192 515 2198 521 ,
2552 494 2595 512 ιη.
2618 490 2645 516 6,
2670 490 2763 512 Comm.

1468 521 1529 542 nus
1564 536 1571 548 ,
1596 521 1629 542 1n
1653 512 1760 543 Tema
1783 513 1872 543 Parte
1897 513 2046 544 Summae
2068 524 2153 550 suae,
2177 520 2223 545 nt.
2247 525 2342 545 xxvm
2357 517 2400 546 ἢ.
2552 521 2670 539 num-*¹¹-

382 393 402 414 N
432 383 564 413 articulo
594 392 701 419 nono,
733 382 859 412 adverte
884 381 1130 421 disputationes,
1155 381 1413 420 investigationes

354 395 414 458 Iet
435 435 575 458 canones
599 426 639 457 de
660 425 921 467 participantibus
944 425 978 455 in
1001 430 1273 454 sacramentorum
1303 433 1412 464 perce-

350 472 463 512 ptione
492 476 524 501 et
553 471 664 501 ceteris
696 470 810 501 divinis
842 478 918 500 cum
950 468 1251 504 excommunicatis,
1281 476 1414 507 suspen-

351 515 402 552 sis,
420 519 490 551 etc„
507 514 604 545 hodie
627 523 748 551 vacare,
771 511 904 554 pr'opter
925 518 1078 543 statutum
1101 512 1134 542 in
1158 511 1308 542 Concilio
1326 511 1414 541 Con-

350 559 531 595 stantiensi‚
556 568 622 599 quo
656 567 846 589 concessum
870 562 916 587 est
939 557 1089 587 omnibus
1118 555 1235 586 Christi
1268 555 1421 599 fidelibus-

1459 632 1565 641 m

990 758 997 770 Ι
1140 699 1461 744 ARTICULUS
1492 701 1743 744 DECIMUS

505 794 662 828 UTRUM
684 794 846 827 LICEAT
871 793 1119 827 SACERDort
1144 792 1318 826 OMNtNo
1341 794 1372 825 A
1395 792 1765 827 CONSECRAT1ONE
1788 796 2112 828 EUCHARISTIAE
2134 783 2375 829 Asssrmssnr:

1136 866 1170 890 IV
1189 866 1273 895 Sent„
1294 865 1352 891 dist.
1371 872 1425 896 xm,
1445 873 1491 898 qu.
1508 872 1526 896 ι,
1546 871 1592 892 art.
1613 873 1636 896 2,
1657 867 1706 899 qu*
1727 873 1750 892 ι.

361 3179 487 3212 tamur
511 3185 577 3211 vos
604 3185 651 3210 ne
678 3174 716 3209 in
744 3184 904 3210 vacuum
938 3172 1103 3221 gratiam
1131 3171 1205 3206 Dei
1230 3170 1424 3217 recipiatis.

363 3226 640 3277 Opportunitas
677 3232 808 3262 autem
851 3223 1082 3261 sacrificium
1118 3221 1305 3259 offerendi
1346 3233 1424 3259 non

415 3340 444 3375 α)
461 3347 602 3366 canonum.
614 3354 634 3359 —
651 3340 700 3365 Ed.
717 3347 749 3370 ας
768 3339 897 3365 canonica
910 3339 939 3370 Ρ,
957 3341 1044 3364 canon
1063 3338 1149 3363 ceteri.
1166 3352 1187 3357 —
1203 3337 1340 3363 sauciatus
1357 3337 1429 3362 FIsG

363 3381 389 3402 et
406 3376 547 3407 editiones;
564 3378 685 3401 sanatus.
701 3389 722 3394 —
739 3375 790 3400 Pro
808 3374 978 3403 sinceritatis,
997 3374 1122 3399 sanitatis
1140 3373 1218 3398 Fabe-

362 3446 401 3472 αι.
417 3410 443 3472 ἱ)
455 3415 547 3472 teg-za—
564 3411 646 3436 PFsG
660 3416 686 3436 et
699 3418 730 3439 a:
749 3411 820 3436 enim
839 3411 883 3439 HI.
895 3410 976 3435 etiam
996 3409 1082 3435 ceteri.
1096 3423 1116 3428 —-
1134 3409 1184 3434 Pro
1202 3408 1312 3441 aliquid,
1326 3407 1430 3440 aliquid

391 3454 444 3516 ωγ)
463 3465 662 3514 dum-peccata.
678 3496 699 3501 --
715 3481 816 3513 Tertia3
834 3489 894 3507 cum
910 3484 1020 3513 peccato
1039 3481 1068 3510 F,
1087 3480 1120 3505 de
1135 3479 1253 3512 peccatis
1271 3479 1357 3504 ceteri.

1480 3165 1682 3204 invaluerit
1721 3165 1828 3214 quod
1869 3176 1938 3213 per
1973 3163 2236 3201 corrosionem
2272 3162 2540 3199 membrorum

1481 3232 1573 3257 eum
1600 3218 1650 3256 ad
1677 3219 1753 3255 hoc
1780 3216 1985 3254 reddiderit
2011 3216 2274 3266 impotentem.

1534 3333 1548 3358 δ
1579 3334 1658 3359 licite.
1676 3348 1695 3352 -
1712 3334 1779 3358 Ante
1797 3332 1929 3358 abstinere
1947 3331 2019 3364 ponit
2035 3331 2108 3356 tertia
2127 3335 2228 3364 praetor
2246 3330 2279 3355 G.

1534 3378 1545 3394 ε
1578 3370 1615 3394 II.
1631 3383 1650 3388 -
1668 3369 1728 3393 FsG
1746 3375 1763 3393 a
1783 3373 1808 3393 et
1825 3367 1965 3398 editiones;
1985 3375 2037 3392 om.

1534 3405 1549 3434 ζ
1581 3405 1642 3430 illis.
1659 3419 1679 3423 -
1695 3404 1757 3428 aliis
1776 3404 1799 3428 H
1818 3408 1844 3428 et
1862 3403 1995 3428 editiones.

1535 3405 1563 3475 ηζ
1582 3440 1726 3473 obligatur.
1744 3454 1763 3458 —
1781 3439 1839 3464 Deo
1858 3438 1926 3463 addit
1944 3439 1972 3463 P.

1535 3475 1560 3511 θ)
1580 3476 1683 3501 ordinis
1703 3474 1821 3507 impedit.
1838 3488 1858 3492 -
1876 3474 1946 3499 tollit
1963 3473 2067 3498 ordinis
2085 3472 2165 3497 Gi-ibc
2184 3477 2209 3497 et
2227 3476 2325 3496 mutato
2343 3470 2432 3495 ordine
2450 3470 2478 3495 P.

110 951 268 1006 2232*
282 958 323 1007 333
380 963 443 1004 μή
466 975 517 993 κ
559 958 758 984 DDECIMUM
772 957 824 982 sm
839 957 1064 983 PRoOEmTUR
1077 945 1107 982 ²⁸.
1129 945 1290 982 Videtur
1309 945 1415 994 quod
1470 947 1597 983 solum
1622 947 1827 984 attenditur
1862 960 1932 996 per
1958 948 2286 997 comparationem
2319 949 2367 986 ad
2399 949 2531 986 fideles

110 1005 223 1055 m
237 994 323 1033 cim,
373 998 381 1036 1'
399 1039 418 1060 U
477 990 529 1059 ‘5⁴50
542 1050 547 1054 ,
561 999 670 1037 liceat
688 998 876 1036 sacerdoti
895 998 1057 1036 omnino
1087 1011 1109 1035 a
1128 998 1416 1035 consecratione
1472 998 1622 1045 Christi,
1643 999 1784 1048 quibus
1804 1008 1954 1049 oportet
1972 1009 2207 1038 sacramenta
2228 1001 2443 1048 ministrari,
2464 1002 2531 1039 sed

368 1054 485 1132 δ’ἐξ,
501 1057 528 1094 “6
561 1051 823 1090 Eucharistiae
860 1051 1061 1088 abstinere.
1102 1051 1208 1089 Sicut
1235 1051 1339 1088 enim
1367 1051 1416 1088 ad
1471 1051 1727 1101 principaliter
1761 1065 1830 1102 per
1857 1053 2185 1103 comparationem
2213 1055 2262 1091 ad
2290 1055 2438 1102 Deum,
2468 1054 2531 1092 cui

404 1122 415 1137 s
438 1100 502 1139 2⁴³⁶)
517 1097 736 1142 Kofficium
782 1104 988 1142 sacerdotis
1029 1104 1191 1154 pertinet
1232 1104 1414 1142 Euchari-
1471 1104 1510 1140 in
1538 1105 1823 1142 consecratione
1843 1106 1958 1143 huius
1984 1107 2210 1144 sacramenti
2229 1107 2458 1144 sacrificium
2477 1108 2530 1144 of—

351 1158 462 1196 stiam
490 1170 736 1203 consecrare,
765 1157 816 1194 ita
844 1157 955 1194 etiam
986 1157 1177 1207 baptizare
1206 1166 1242 1195 et
1269 1158 1309 1194 in
1337 1157 1417 1194 aliis
1470 1157 1597 1194 fertur.
1627 1158 1738 1196 Unde
1767 1159 1964 1204 sacerdoti,
1994 1159 2108 1196 etiam
2136 1160 2166 1196 si
2194 1172 2273 1197 non
2302 1160 2439 1197 habeat
2466 1172 2531 1197 cu-

351 1211 597 1249 sacramentis
625 1210 850 1248 ministrare.
890 1211 967 1248 Sed
996 1211 1173 1249 sacerdos
1201 1223 1282 1248 non
1314 1217 1416 1247 tene·
1472 1223 1553 1247 ram
1583 1210 1813 1256 animarum,
1839 1224 1919 1249 non
1946 1211 2031 1249 licet
2059 1212 2218 1249 omnino
2238 1225 2260 1249 a
2279 1213 2532 1250 celebratione

350 1273 413 1302 tur
440 1264 654 1302 ministrare
681 1264 722 1301 in
749 1263 830 1301 aliis
863 1263 1126 1311 sacramentis,
1156 1263 1228 1301 nisi
1260 1271 1417 1313 propter
1472 1275 1636 1300 cessare:
1674 1264 1742 1300 sed
1775 1265 1906 1302 saltem
1936 1264 2087 1302 videtur
2120 1265 2226 1314 quod
2258 1266 2447 1302 celebrare
2479 1274 2531 1302 te-

351 1330 486 1371 curam
514 1317 733 1357 animarum
760 1324 989 1366 susceptam.
1019 1317 1120 1365 Ergo
1140 1317 1292 1353 videtur
1309 1317 1418 1366 quod
1472 1324 1584 1352 netur
1611 1316 1650 1353 in
1677 1317 1892 1366 praecipuis
1911 1317 2023 1362 festis,
2045 1325 2080 1355 et
2103 1317 2271 1354 maxime
2299 1318 2338 1355 in
2366 1318 2435 1354 illis
2454 1318 2532 1355 die-

351 1372 424 1408 nec
458 1370 573 1408 etiam
600 1377 774 1407 teneatur
801 1369 1078 1407 Eucharistiam
1116 1381 1356 1418 consecrare,
1387 1369 1417 1406 si
1472 1369 1599 1406 busin
1618 1369 1759 1418 quibus
1778 1370 1910 1407 fideles
1929 1370 2216 1407 communicare
2236 1379 2531 1407 consueverunt.

352 1436 487 1462 curam
515 1435 596 1461 non
623 1423 762 1460 habeat
790 1422 1021 1459 animarum.
1473 1423 1521 1458 Et
1548 1421 1638 1458 hinc
1667 1430 1722 1459 est
1740 1423 1847 1471 quod
1867 1424 1896 1459 II
1915 1428 1927 1443 ε
1946 1425 2124 1460 Machab.
2146 1436 2180 1460 ιν
2199 1423 2219 1445 *
2237 1423 2375 1460 dicitur
2401 1431 2534 1460 contra
2560 1459 2570 1468 ,
2659 1432 2670 1448 ε

407 1487 442 1513 2.
472 1477 706 1522 PRAETEREA,
729 1476 857 1512 nullus
884 1482 1035 1512 tenetur
1060 1475 1182 1512 facere
1211 1475 1319 1524 quod
1347 1474 1419 1511 sibi
1473 1475 1665 1523 quosdam
1693 1475 1908 1512 sacerdotes
1936 1476 2043 1524 quod
2072 1477 2147 1513 iam
2176 1488 2250 1512 non
2277 1478 2378 1513 circa
2406 1477 2535 1513 altaris
2573 1457 2652 1509 ‚vem
2669 1463 2702 1483 '⁴'

351 1542 434 1573 non
461 1529 562 1567 licet:
597 1528 768 1577 alioquin
802 1535 900 1564 esset
933 1529 1148 1577 perplexus.
1187 1528 1263 1565 Sed
1297 1539 1418 1564 sacer·
1473 1528 1599 1576 officia
1628 1528 1739 1564 dediti
1765 1534 1887 1574 erant,
1917 1534 2123 1578 contempto
2155 1530 2308 1578 Templo
2337 1534 2370 1565 et
2395 1531 2534 1577 sacrifi-

108 1630 112 1637 ,
353 1582 433 1622 doti
467 1580 679 1632 peccatori,
707 1582 770 1618 vel
802 1580 917 1617 etiam
954 1580 1308 1630 excommunicato,
1337 1592 1418 1617 non
1473 1582 1538 1617 ciis
1566 1580 1750 1629 neglectis.

106 1639 195 1695 ζῶς’·
210 1644 232 1669 ⁵2
252 1638 282 1662 ⁸⁴¹
299 1646 324 1667 ¹³
351 1636 438 1674 licet
465 1633 746 1673 Eucharistiam
774 1645 1008 1679 consecrare,
1037 1641 1080 1670 ut
1108 1645 1154 1669 ex
1182 1644 1299 1682 supra
1316 1633 1336 1654 ’¹‘
1363 1632 1418 1669 di·
1526 1634 1583 1669 AD
1612 1645 1747 1670 PRIMUM
1767 1645 1864 1670 ERGO
1883 1645 2064 1670 DICENDUM
2084 1633 2191 1682 quod
2210 1633 2282 1670 alia
2301 1642 2536 1671 sacramenta

352 1689 420 1726 ctis
447 1695 561 1738 patet.
591 1687 693 1734 Ergo
720 1686 874 1723 videtur
901 1686 1008 1735 quod
1036 1686 1128 1723 tales
1156 1697 1236 1722 non
1263 1693 1418 1722 tenean-
1473 1685 1726 1735 perficiuntur
1745 1685 1784 1722 in
1802 1698 1877 1722 usu
1896 1685 2081 1722 fidelium.
2113 1687 2160 1723 Et
2179 1686 2265 1723 ideo
2285 1686 2324 1722 in
2344 1686 2413 1723 illis
2433 1686 2445 1711 t
2466 1687 2536 1723 mi·
2659 1688 2673 1717 ἵ

351 1749 415 1779 tur
432 1741 482 1779 ad
500 1739 787 1778 celebrandum.
817 1739 866 1776 Et
893 1738 944 1775 ita
971 1750 1043 1775 nec
1070 1738 1152 1775 alii:
1182 1737 1353 1787 alioquin
1373 1750 1419 1775 ex
1474 1739 1632 1775 nistrare
1667 1750 1748 1774 non
1779 1745 1930 1775 tenetur
1963 1738 2035 1775 nisi
2071 1738 2131 1775 ille
2168 1738 2234 1788 qui
2263 1751 2379 1788 super
2404 1738 2537 1776 fideles

351 1807 422 1833 sua
449 1794 563 1843 culpa
590 1792 844 1829 commodum
875 1798 1123 1840 reportarent.
1474 1791 1631 1840 suscipit
1658 1803 1803 1828 curam.
1835 1791 1910 1828 Sed
1939 1792 2014 1828 hoc
2033 1799 2316 1828 sacramentum
2343 1791 2539 1841 perficitur

408 1847 442 1884 3.
458 1848 692 1892 PRAETEREA‚
709 1844 869 1893 dignitas
888 1844 1130 1881 sacerdotalis
1149 1856 1230 1881 non
1249 1843 1422 1893 perditur
1474 1844 1514 1881 in
1542 1843 1827 1881 consecratione
1851 1843 2123 1890 Eucharistiae,
2145 1844 2184 1881 in
2212 1857 2289 1893 qua
2308 1844 2538 1882 sacrificium

351 1912 423 1952 per
449 1899 752 1948 subsequentem
779 1896 1060 1934 infirmitatem:
1096 1896 1184 1934 dicit
1212 1896 1317 1934 enim
1346 1897 1420 1934 Ge·
1475 1898 1560 1935 Deo
1595 1897 1771 1934 offertur:
1811 1897 1859 1933 ad
1887 1897 1994 1946 quod
2029 1897 2206 1934 sacerdos
2239 1897 2427 1946 obligatur
2445 1904 2463 1925 η
2491 1910 2538 1935 ex
2662 1903 2676 1926 η

108 1959 328 2013 Zme
351 1953 469 1992 Iasius
497 1953 604 2002 Papa
621 1951 652 1999 ³¹⁸,
679 1958 716 1987 et
734 1950 898 1988 habetur
912 1949 955 1990 ‚in
974 1951 1152 1997 Decretis,
1172 1949 1256 1987 dist.
1277 1950 1347 1987 LV
1360 1949 1419 1987 *²¹⁶2
1475 1950 1610 1988 ordine
1638 1950 1713 1987 iam
1743 1957 1933 1999 suscepto.

55 2011 57 2052 j
106 2012 291 2067 nfirm-
351 2008 557 2056 Praecepta
591 2016 780 2042 canonum
801 2009 818 2025 α
845 2005 936 2040 sicut
969 2016 1043 2041 non
1073 2005 1269 2053 patiuntur
1294 2005 1422 2041 venire
1528 2004 1585 2040 AD
1605 2015 1795 2040 SECUNDUM
1814 2014 1996 2040 DlCENDUM
2015 2003 2122 2052 quod
2142 2003 2320 2040 sacerdos
2347 2011 2536 2052 peccator,

353 2060 406 2098 ad
428 2058 676 2097 sacerdotium
704 2057 838 2094 debiles
865 2069 1034 2106 corpore,
1064 2058 1125 2103 ita,
1145 2058 1178 2093 si
1204 2058 1283 2106 quis
1310 2058 1348 2092 in
1377 2068 1421 2094 eo
1475 2055 1507 2093 si
1533 2068 1604 2106 per
1630 2054 1854 2092 sententiam
1885 2055 2075 2092 Ecclesiae
2108 2055 2154 2092 sit
2181 2055 2404 2092 executione
2437 2056 2537 2093 ordi-

343 2114 465 2163 suerit
483 2113 694 2150 constitutus
721 2122 767 2148 ac
794 2116 881 2147 tunc
898 2111 1014 2157 fuerit
1039 2111 1235 2155 sauciatus,
1255 2110 1423 2146 amittere
1475 2108 1535 2146 nis
1562 2108 1734 2158 privatus
1760 2109 1823 2144 vel
1840 2107 2070 2158 -simpliciter
2095 2109 2158 2145 vel
2185 2108 2234 2145 ad
2261 2116 2426 2158 tempus,
2453 2109 2537 2145 red-

354 2179 430 2204 non
454 2171 572 2216 potest
600 2164 700 2214 quod
724 2169 890 2213 tempore
915 2175 1006 2200 suae
1031 2163 1249 2200 sinceritatis
1270 2164 1420 2212 accepit.
1475 2161 1576 2199 ditus
1609 2169 1664 2198 est
1691 2161 1883 2210 impotens
1922 2161 1971 2198 ad
2007 2160 2236 2198 sacrificium
2274 2161 2535 2198 offerendum:

356 2218 550 2267 Contingit
577 2225 708 2255 autem
727 2216 964 2266 quandoque
984 2216 1091 2265 quod
1120 2214 1282 2252 ordinati
1306 2215 1346 2251 in
1365 2228 1422 2252 sa·
1476 2222 1512 2251 et
1539 2214 1627 2251 ideo
1656 2213 1834 2262 obligatio
1869 2213 2020 2250 tollitur.
2057 2214 2144 2250 Hoc
2171 2221 2301 2250 autem
2335 2213 2433 2251 cedit
2467 2214 2538 2251 sibi

355 2273 528 2310 cerdotes
556 2271 758 2308 incurrunt
785 2269 934 2319 aliquos
962 2269 1130 2307 defectus
1158 2280 1205 2305 ex
1232 2268 1374 2318 quibus
1399 2281 1422 2305 a
1475 2267 1516 2304 in
1543 2267 1819 2311 detrimentum
1845 2266 2046 2315 spiritualis
2073 2267 2232 2312 fructus,
2261 2266 2381 2314 magis
2418 2279 2538 2316 quam

214 2334 230 2369 β
355 2324 610 2363 celebratione
646 2323 930 2373 impediuntur:
967 2322 1064 2359 sicut
1090 2320 1179 2358 estiz
1205 2322 1332 2371 lepra,
1361 2323 1423 2359 vel
1475 2321 1516 2358 in
1543 2322 1864 2358 emolumenturn.
1885 2341 1911 2346 -
1940 2319 1980 2356 Si
1998 2331 2091 2356 vero
2111 2331 2190 2356 non
2219 2318 2264 2356 sit
2281 2319 2451 2368 privatus
2469 2332 2538 2369 po-

355 2378 518 2416 morbus
555 2377 745 2422 caducus,
778 2377 841 2413 vel
877 2374 1021 2425 aliquid
1057 2374 1294 2412 huiusmodi.
1330 2375 1422 2411 Non
1476 2381 1607 2411 testate
1631 2372 1858 2419 celebrandi,
1879 2384 1959 2409 non
1979 2372 2138 2409 solvitur
2165 2372 2354 2420 obligatio.
2383 2373 2467 2409 Nec
2485 2380 2538 2409 ta-

356 2443 448 2480 ergo
483 2425 637 2467 videtur
673 2429 780 2479 quod
815 2429 1030 2466 sacerdotes
1065 2428 1113 2465 ad
1148 2427 1422 2465 celebrandum
1478 2439 1569 2464 men
1597 2434 1652 2463 est
1679 2427 1898 2475 perplexus:
1929 2425 2020 2474 quia
2043 2432 2168 2474 potest
2194 2425 2242 2461 de
2270 2432 2427 2478 peccato
2446 2437 2538 2474 poe-

355 2491 570 2521 teneantur.
1477 2480 1597 2516 nitere
1625 2486 1662 2515 et
1689 2478 1890 2515 celebrare.

411 2537 486 2575 SED
506 2548 651 2574 CONTRA
678 2548 744 2573 EST
798 2535 879 2572 uod
898 2534 1127 2572 Ambrosius
1152 2533 1240 2571 dicit
1273 2534 1312 2570 in
1359 2546 1422 2571 ua·
1531 2534 1588 2569 AD
1623 2543 1782 2569 TERTIUM
1819 2542 2000 2568 DICENDUM
2060 2531 2139 2568 uod
2173 2530 2197 2567 d
2222 2530 2344 2567 bilitas
2380 2543 2406 2566 v
2525 2553 2539 2558 -

115 2599 129 2611 ·
141 2597 248 2621 amim.
260 2598 330 2621 orat-
358 2590 450 2628 dam
470 2588 654 2628 Oratione
673 2589 710 2625 ⁹⁸:
740 2547 865 2626 Gflave
883 2594 934 2625 est
952 2588 1052 2637 quod
1067 2587 1119 2624 ad
1134 2564 1302 2624 mensam
1321 2546 1423 2624 taam
1477 2585 1628 2634 gritudo
1657 2584 1933 2634 superveniens
1961 2543 2086 2620 ordiifi
2113 2543 2335 2621 sacessdotali
2364 2532 2539 2620 orcellingih

115 2630 197 2648 mm.
357 2643 498 2681 mundo
523 2642 647 2683 *corde
673 2647 707 2678 et
733 2643 905 2679 manibus
939 2642 1192 2678 innocentibus
1220 2653 1295 2677 non
1323 2642 1422 2678 veni·
1478 2651 1558 2676 non
1586 2637 1695 2683 tollit:
1725 2636 1991 2674 executionem
2018 2644 2148 2673 tamen
2176 2636 2320 2673 ordinis
2348 2636 2508 2685 impedit
2526 2635 2538 2657 θ
2666 2631 2678 2656 ⁰

213 2708 232 2737 τ
358 2709 460 2734 mus.-
485 2696 552 2733 sed
575 2697 730 2746 gravius
757 2700 808 2732 est
825 2696 867 2741 si,
888 2694 976 2731 dum
998 2700 1155 2744 peccata
1173 2698 1189 2722 Υ
1216 2694 1423 2739 metuimus,
1479 2699 1669 2741 quantum
1690 2690 1739 2727 ad
1758 2689 2087 2726 consecrationem
2106 2688 2378 2726 Eucharistiae.
2407 2689 2539 2735 Quan-

359 2751 469 2788 etiam
495 2750 722 2796 sacrificium
751 2760 824 2785 non
855 2747 1064 2784 reddamus.
1478 2745 1609 2793 doque
1647 2743 1806 2792 quidem
1840 2750 1997 2792 propter
2028 2741 2370 2791 impossibilitatem
2404 2753 2539 2778 execu-

413 2804 638 2840 REsPONDEo
679 2813 861 2838 DICENDUM
903 2800 1007 2849 quod
1051 2799 1211 2849 quidam
1248 2798 1425 2835 dixerunt
1478 2797 1609 2834 tionis:
1639 2796 1736 2833 sicut
1763 2795 1793 2832 si
1811 2795 1983 2844 privetur
2001 2795 2121 2832 oculis
2140 2801 2206 2831 aut
2224 2794 2356 2842 digitis,
2377 2801 2442 2830 aut
2465 2806 2539 2831 usu

217 2862 233 2889 ⁸
359 2856 467 2906 quod
495 2854 674 2892 sacerdos
692 2861 818 2903 potest
836 2853 998 2890 omnino
1027 2852 1123 2890 licite
1142 2850 1155 2874 δ
1184 2864 1206 2888 a
1227 2863 1424 2888 consecra·
1478 2850 1641 2897 linguae.
1661 2871 1686 2875 -
1707 2848 1954 2897 Quandoque
1974 2855 2102 2884 autern
2128 2854 2285 2896 propter
2302 2846 2537 2896 periculum:

358 2909 463 2947 tione
483 2907 684 2952 abstinere,
700 2906 772 2943 nisi
790 2914 965 2943 teneatur
984 2918 1030 2943 ex
1045 2917 1137 2943 cura
1155 2904 1225 2941 sibi
1245 2903 1424 2941 commis·
1479 2902 1576 2940 sicut
1593 2909 1696 2951 patet
1724 2901 1771 2937 de
1800 2913 1847 2937 eo
1867 2900 1934 2950 qui
1960 2900 2101 2950 patitur
2123 2899 2304 2936 morbum
2334 2899 2538 2944 caducum,

360 2974 402 3000 sa
421 2961 612 2999 celebrare
640 2972 712 3010 pro
740 2961 887 3009 populo
908 2967 944 2996 et
963 2965 1200 2996 sacramenta
1227 2957 1422 3006 praebere.
1478 2957 1541 2993 vel
1568 2954 1683 2991 etiam
1711 2965 2000 3003 quamcumque
2035 2952 2304 2990 alienationem
2336 2951 2485 2988 mentis.
2513 2973 2539 2979 -—

414 3014 492 3053 Sed
527 3015 606 3051 hoc
639 3012 943 3050 irrationabiliter
976 3011 1122 3049 dicitur.
1173 3009 1276 3058 Quia
1305 3022 1424 3047 unus-
1480 3007 1728 3056 Quandoque
1756 3013 1912 3055 propter
1939 3005 2285 3042 abominationem:
2316 3004 2412 3041 sicut
2438 3012 2540 3053 patet

361 3067 526 3118 quisque
560 3073 711 3104 tenetur
737 3065 792 3103 uti
819 3065 936 3114 gratia
968 3064 1040 3101 sibi
1075 3065 1161 3101 data
1189 3075 1281 3100 curn
1314 3062 1426 3100 fuerit
1479 3062 1527 3098 de
1546 3062 1710 3110 leproso,
1731 3058 1897 3108 quinon
1916 3058 2029 3095 debet
2046 3057 2197 3108 publice
2217 3057 2422 3094 celebrare.
2453 3058 2539 3094 Pot-

119 3128 213 3155 we..
228 3135 248 3153 ¹·
362 3127 650 3171 opportunum:
680 3118 897 3156 secundum
925 3117 1018 3154 illud
1042 3118 1072 3154 II
1095 3118 1182 3154 Cor.
1203 3128 1237 3153 VI
1255 3115 1292 3152 *:
1322 3117 1425 3153 Hor·
1480 3121 1535 3151 est
1553 3121 1683 3150 tamen
1702 3111 1827 3149 dicere
1846 3111 2004 3148 missam
2024 3111 2189 3148 occulte:
2218 3109 2291 3147 nisi
2310 3111 2415 3159 lepra
2441 3110 2539 3147 adeo
