2878 4088
1075 178 1340 226 QUAESTIO
1370 177 1462 222 VIII,
1483 175 1776 213 ARTICULUS
1804 177 1839 212 V
2489 188 2531 223 17

351 260 532 301 baptizare,
556 259 812 290 communionem
844 259 940 295 dare,
959 267 1024 298 pro
1050 257 1275 298 peccatoribus
1299 265 1415 291 orare,

346 303 580 344 poenitentiam
596 303 768 343 imponere,
781 308 877 343 atque
886 307 1022 343 peccata
1036 303 1171 333 solvere.
1189 301 1251 332 Sed
1266 300 1417 331 monachi

351 357 418 378 non
442 353 517 378 sunt
538 348 660 387 proprii
675 347 854 377 sacerdotes
877 347 1076 386 aliquorum:
1102 355 1176 376 cum
1198 355 1266 376 non
1282 345 1418 375 habeant

352 401 461 422 curam
485 392 672 422 animarum.
697 391 793 431 Ergo,
813 400 887 421 cum
911 390 1070 421 confessio
1094 390 1149 420 fiat
1171 395 1303 430 propter
1325 389 1418 418 abso-

352 437 520 472 lutionem,
537 435 653 466 sufficit
676 435 766 475 quod
788 435 843 465 fiat
866 436 1062 475 cuicumque
1085 433 1250 464 sacerdoti.

409 490 438 510 2.
462 480 658 515 Prummu,
682 480 764 510 sicut
786 479 933 509 sacerdos
966 485 1012 509 est
1034 479 1177 509 minister
1199 478 1295 508 huius
1318 485 1418 507 sacra-

352 525 462 560 menti,
477 525 520 554 ita
536 530 568 554 et
582 524 808 554 Eucharistiae.
825 523 888 554 Sed
911 523 1045 563 quilibet
1060 522 1207 553 sacerdos
1219 527 1325 561 potest
1341 530 1419 551 con-

352 568 458 599 ficere.
482 569 568 608 Ergo
592 568 726 608 quilibet
748 567 895 598 sacerdos
918 572 1024 607 potest
1047 571 1280 597 sacramentum
1307 565 1420 605 poeni-

352 613 470 643 tentiae
493 613 678 643 ministrare.
713 612 799 652 Ergo
828 621 895 642 non
929 616 1057 651 oportet
1089 609 1178 650 quod
1201 609 1256 639 fiat
1287 609 1419 649 proprio

354 656 520 687 sacerdoti.

411 701 440 731 3.
463 701 660 736 Pina-ranna,
676 699 755 730 illud
779 699 819 729 ad
842 698 932 739 quod
948 699 1156 730 determinate
1179 703 1335 732 tenemur,
1352 705 1420 726 non

354 750 401 775 est
423 746 457 775 in
479 750 588 775 nostra
603 744 760 775 electione
784 743 1004 773 constitutum.
1029 741 1092 773 Sed
1110 741 1257 772 sacerdos
1273 741 1326 771 cui
1341 749 1420 770 con-

1473 256 1586 286 cebant
1610 255 1710 295 quod,
1726 255 1789 285 hoc
1813 256 1883 295 ipso
1908 256 1997 295 quod
2020 258 2169 287 monachi
2187 264 2283 293 erant,
2300 268 2367 288 non
2391 264 2537 298 poterant

1472 300 1635 330 absolvere
1659 305 1690 329 et
1713 300 1924 339 poenitentias
1948 301 2122 340 iniungere.
2147 301 2245 339 Quod
2269 302 2383 332 falsum
2408 308 2463 332 est.

1528 344 1579 374 An
1603 353 1765 374 sectmnum
1780 353 1939 373 DICENDUM
1964 344 2052 383 quod
2068 352 2299 376 sacramentum
2322 347 2536 376 Eucharistiae

1473 397 1541 418 non
1556 389 1688 428 requirit
1710 388 1881 427 imperium
1896 388 1929 417 in
1954 388 2093 427 aliquem
2109 389 2284 419 hominem.
2309 390 2407 420 Secus
2430 397 2537 421 autem

1441 443 1449 463 ς
1474 438 1521 462 est
1544 433 1577 462 in
1600 433 1663 462 hoc
1687 437 1895 467 sacramento,
1913 437 1948 461 ut
1965 431 2085 461 dictum
2110 438 2155 462 est
2171 434 2197 462 θ’.
2222 434 2262 463 Et
2278 433 2351 464 ideo
2368 436 2447 464 ratio
2471 445 2536 465 non

1474 477 1627 516 sequitur.
1652 476 1693 506 Et
1715 481 1822 506 tamen
1846 485 1913 505 non
1937 475 2010 505 licet
2034 476 2263 506 Eucharistiam
2293 479 2331 507 ab
2355 479 2417 508 alio
2442 488 2538 518 quam

1475 531 1492 550 a
1515 521 1647 560 proprio
1672 519 1835 550 sacerdote
1859 520 2018 559 accipere:
2054 521 2198 559 quamvis
2230 531 2341 551 verum
2365 522 2403 551 sit
2439 533 2538 552 sacra-

1474 570 1621 595 mentum
1645 564 1734 604 quod
1758 565 1796 594 ab
1821 573 1861 594 eo
1884 564 2068 603 percipitur.

1529 609 1581 639 An
1605 617 1740 638 Timum
1762 617 1923 638 nxcssnmm
1954 607 2043 647 quod
2067 608 2181 638 electio
2215 608 2339 639 discreti
2370 610 2539 640 sacerdotis

1436 663 1460 678 ιο
1474 662 1542 683 non
1567 658 1614 683 est
1636 653 1729 682 nobis
1753 652 1925 682 commissa
1947 657 1983 681 ut
2006 658 2117 682 nostro
2142 653 2268 682 arbitrio
2301 653 2461 690 facienda,
2486 654 2540 684 sed

1475 697 1514 727 de
1538 697 1665 727 licentia
1687 697 1869 736 superioris,
1894 697 1919 726 si
1935 695 2016 726 forte
2039 697 2188 736 proprius
2209 696 2354 727 sacerdos
2379 704 2459 727 esset
2482 699 2540 728 rni-

1473 750 1535 771 nus
1558 740 1694 770 idoneus
1717 740 1757 770 ad
1780 739 2010 780 apponendum
2034 746 2167 780 peccato
2191 741 2324 771 salutare
2353 741 2539 772 remedium.

2566 441 2574 449 ·
2590 438 2615 459 ln
2631 444 2736 465 corpore.

354 789 435 820 fiteri
458 788 612 819 debemus
636 793 682 818 est
704 788 738 817 in
761 792 869 817 nostra
891 791 1048 826 potestate
1072 786 1281 816 constitutus:
1305 789 1342 814 ut
1364 793 1420 824 pa-

1530 785 1580 814 An
1599 794 1746 814 QUARTUM
1770 794 1930 814 memnon
1946 784 2046 824 quod,
2063 785 2138 824 quia
2162 785 2306 825 praelatis
2322 786 2478 816 incumbit
2494 796 2541 816 sa-

112 842 195 891 kffizt.
206 848 262 874 xm,
273 847 324 890 exp.
354 839 399 864 tet
414 842 472 873 per
487 833 705 872 Augustinum
727 832 760 861 in
777 831 879 861 littera
894 831 920 861 θ.
945 830 1030 860 Dicit
1046 830 1148 860 enim:
1177 829 1242 865 Qui
1260 829 1330 859 vult
1343 837 1420 858 con-
1476 834 1637 859 eramenta
1656 829 1847 868 dispensare,
1866 838 1948 868 quae
1964 838 2031 859 non
2055 830 2115 859 nisi
2138 829 2251 859 mundi
2267 835 2397 860 tractare
2414 830 2540 866 debent,

193 875 264 897 prtu-
297 884 302 889 .
317 880 327 884 -

114 895 149 918 Ex
163 895 195 917 lib
219 895 248 917 ae
283 900 326 916 em
343 877 439 918 fiteri
454 881 600 917 peccata,
618 881 654 906 ut
671 875 816 905 inveniat
828 875 982 915 gratiam,
999 878 1136 914 quaerat
1150 873 1349 904 sacerdotem
1365 873 1420 913 qui
1436 883 1458 903 ις
1475 873 1549 903 ideo
1574 882 1764 903 concessum
1788 879 1835 903 est
1854 874 1898 903 eis
1922 883 1940 903 a
1963 874 2031 903 iure
2047 874 2063 890 ⁴*
2087 873 2177 913 quod
2192 879 2327 914 possunt
2346 875 2404 904 sibi
2428 875 2541 914 eligere

115 911 209 953 “sahs-
227 921 326 970 P⁰3¹¹²v
353 921 436 952 sciat
456 921 583 951 solvere
605 924 637 950 et
657 919 774 960 ligare.
798 919 884 958 Ergo
900 918 1025 949 videtur
1048 917 1137 958 quod
1157 927 1225 948 non
1249 918 1288 947 sit
1310 926 1421 947 neces-
1475 918 1624 958 proprios
1648 917 1828 947 sacerdotes
1846 917 2055 954 confessores,
2073 918 2128 958 qui
2145 924 2301 958 quantum
2325 918 2364 948 ad
2383 919 2446 949 hoc
2469 925 2543 949 sunt

114 951 256 1002 ffui’g'fffmoe‘
285 954 325 976 [ψ’
354 965 472 995 sarium
495 963 585 1004 quod
608 963 764 994 sacerdoti
786 963 919 1002 proprio
943 963 1057 1002 aliquis
1081 961 1280 992 confiteatur.
1476 963 1521 992 eis
1544 962 1742 1002 superiores:
1767 962 1849 992 sicut
1873 962 1967 992 etiarn
1986 971 2070 992 unus
2092 963 2236 993 medicus
2259 963 2298 993 ab
2318 963 2380 993 alio
2405 969 2541 999 curatur,

409 1018 440 1047 4.
465 1009 662 1044 PRAETEREA,
679 1007 810 1048 quidam
833 1013 916 1043 sunt,
934 1008 1015 1037 sicut
1038 1006 1179 1047 praelati,
1204 1007 1260 1046 qui
1283 1015 1351 1036 non
1374 1006 1420 1036 vi·
1475 1015 1543 1037 non
1566 1007 1759 1046 inquantum
1782 1005 1936 1042 medicus,
1954 1006 2009 1036 sed
2032 1007 2223 1046 inquantum
2247 1006 2401 1037 infirmus.

354 1052 469 1083 dentur
490 1053 606 1083 habere
635 1052 804 1092 proprium
834 1051 1047 1082 sacerdotem:
1080 1060 1155 1082 cum
1186 1060 1253 1081 non
1284 1050 1421 1080 habeant
1530 1051 1581 1080 An
1607 1061 1746 1081 oumrtm
1769 1060 1929 1080 memnon
1953 1050 2042 1090 quod
2074 1051 2107 1081 in
2132 1052 2256 1082 casibus
2285 1051 2345 1081 illis
2369 1053 2401 1081 in
2426 1053 2542 1091 quibus

354 1097 562 1137 superiorem.
586 1095 650 1127 Sed
672 1096 723 1126 isti
745 1101 894 1126 tenentur
917 1095 956 1126 ad
973 1095 1219 1126 confessionem.
1243 1095 1329 1134 Ergo
1353 1104 1421 1124 non
1435 1109 1462 1122 ιο
1476 1095 1681 1135 probabiliter
1703 1095 1794 1125 timet
1823 1095 1993 1134 poenitens
2022 1095 2202 1135 periculum
2225 1096 2283 1126 sibi
2305 1096 2356 1126 vel
2387 1096 2542 1126 sacerdoti

354 1150 480 1181 semper
502 1146 628 1171 tenetur
650 1140 752 1170 homo
776 1139 922 1171 confiteri
945 1140 1077 1180 proprio
1101 1139 1267 1170 sacerdoti.
1477 1149 1514 1170 ex
1538 1139 1741 1170 confessione
1757 1140 1786 1169 ei
1810 1138 1900 1175 facta,
1918 1139 2012 1169 debet
2034 1149 2194 1170 recurrere
2214 1139 2252 1170 ad
2268 1141 2475 1180 superiorem,
2491 1141 2542 1171 vel

411 1186 440 1216 5.
464 1185 669 1220 Ρωτκηᾼ,
694 1184 776 1215 illud
798 1184 885 1225 quod
908 1190 956 1215 est
984 1184 1164 1215 institutum
1181 1193 1246 1224 pro
1270 1183 1420 1219 caritate,
1477 1185 1515 1214 ab
1540 1183 1656 1214 eodem
1680 1189 1787 1223 petere
1811 1183 1971 1214 licentiam
2004 1183 2091 1214 alteri
2116 1183 2300 1214 confitendi.
2335 1184 2435 1222 Quod
2458 1186 2483 1215 si
2505 1185 2542 1215 li-

113 1235 297 1264 meh-ocem.
305 1237 330 1257 et
355 1235 470 1261 contra
493 1229 661 1260 caritatem
685 1239 750 1259 non
781 1229 918 1259 militat:
941 1234 976 1259 ut
1005 1228 1184 1259 Bernardus
1207 1227 1283 1258 dicit
1299 1229 1326 1257 *.
1359 1227 1422 1258 Sed
1477 1229 1614 1258 centiam
1630 1229 1747 1258 habere
1769 1237 1837 1258 non
1852 1229 1963 1268 possit,
1980 1227 2066 1258 idem
2083 1234 2129 1258 est
2152 1228 2307 1259 iudicium
2326 1228 2415 1268 quod
2431 1229 2471 1259 de
2486 1230 2541 1259 illo

287 1277 294 1284 ⁸
321 1278 327 1289 ’
355 1273 526 1310 confessio,
543 1282 625 1314 quae
648 1282 708 1313 pro
732 1274 859 1303 caritate
882 1274 1024 1303 instituta
1047 1278 1103 1309 est,
1127 1278 1237 1303 contra
1261 1273 1422 1302 caritatem
1477 1273 1533 1312 qui
1556 1282 1623 1303 non
1647 1273 1742 1302 habet
1765 1273 1893 1312 copiam
1917 1272 2098 1302 sacerdotis.
2131 1272 2224 1303 Unde
2247 1274 2347 1313 magis
2371 1273 2464 1303 debet
2488 1274 2543 1304 eli-

355 1318 517 1350 militaret-
525 1318 674 1348 sir-‘homo
698 1317 738 1348 ad
760 1317 982 1348 confitendum
1005 1318 1062 1348 uni
1085 1316 1240 1347 sacerdoti
1260 1322 1342 1347 esset
1365 1317 1422 1347 ob·
1437 1329 1460 1349 ις
1476 1326 1550 1357 gere
1573 1317 1655 1347 laico
1680 1315 1835 1346 confiteri.
1859 1317 1927 1346 Nec
1942 1317 1975 1346 in
1998 1317 2062 1346 hoc
2078 1316 2302 1357 transgreditur
2317 1317 2430 1357 aliquis
2453 1327 2543 1358 prae-

2570 881 2580 891 ·
2601 879 2657 907 Cap.
2679 879 2714 900 Ne
2734 886 2780 908 pro

2569 906 2644 932 ditat„
2654 906 2683 927 de
2691 906 2779 928 Poenit.

2569 935 2591 954 et
2604 933 2701 954 Remiss.

355 1362 485 1402 ligatus:
509 1369 546 1395 ut
567 1367 646 1402 puta
668 1362 694 1392 si
710 1367 860 1401 peccator
882 1363 960 1392 sciat
982 1361 1179 1392 sacerdotem
1195 1370 1290 1391 suum
1314 1361 1422 1391 haere-

355 1407 466 1442 ticum,
491 1412 546 1436 aut
569 1406 807 1436 sollicitatorem
831 1405 870 1436 ad
893 1406 1025 1441 malum,
1049 1411 1103 1436 aut
1125 1405 1278 1445 fragilem,
1304 1406 1360 1445 qui
1383 1404 1421 1435 ad

355 1457 524 1491 peccatum
548 1450 638 1490 quod
662 1451 734 1490 quis
757 1451 787 1480 ei
809 1449 980 1481 confitetur
996 1451 1035 1480 sit
1050 1459 1189 1490 pronus;
1212 1449 1262 1479 vel
1285 1450 1311 1479 si
1334 1459 1422 1491 reve-

355 1495 437 1526 lator
460 1494 670 1525 confessionis
694 1503 762 1524 esse
785 1494 990 1534 probabiliter
1012 1495 1212 1529 aestimetur;
1235 1494 1286 1524 vel
1302 1494 1328 1524 si
1347 1503 1422 1533 pec-

356 1545 463 1570 catum
486 1544 598 1569 contra
619 1539 726 1578 ipsum
743 1539 952 1569 commissum
976 1539 1015 1568 sit
1038 1538 1078 1568 de
1093 1547 1161 1578 quo
1185 1538 1257 1577 quis
1277 1537 1423 1568 confiteri

356 1583 459 1614 debet.
483 1582 570 1622 Ergo
592 1582 718 1612 videtur
740 1583 830 1622 quod
852 1592 920 1612 non
951 1591 1077 1622 semper
1107 1587 1254 1622 oporteat
1277 1581 1423 1612 confiteri

355 1628 488 1667 proprio
511 1625 677 1656 sacerdoti.
952 1639 956 1643 «

412 1671 442 1701 6.
466 1670 662 1706 Pium-nnn,
681 1670 715 1700 in
739 1679 779 1700 eo
803 1670 892 1710 quod
917 1676 964 1700 est
986 1670 1199 1700 necessarium
1215 1669 1255 1699 ad
1278 1670 1423 1705 salutem,

355 1724 423 1745 non
447 1720 522 1745 sunt
543 1714 692 1744 homines
716 1714 872 1745 arctandi:
897 1724 938 1745 ne
961 1714 1176 1754 impediantur
1195 1723 1213 1743 a
1234 1714 1285 1744 via
1306 1714 1423 1744 salutis.

357 1758 420 1790 Sed
442 1767 558 1798 magna
581 1758 712 1789 arctatio
735 1758 860 1789 videtur
883 1759 908 1789 si
933 1763 1080 1799 oporteat
1103 1759 1161 1788 uni
1175 1758 1301 1788 homini
1325 1757 1425 1788 confi-

356 1803 415 1834 teri
437 1802 478 1833 de
500 1803 704 1833 necessitate:
729 1808 761 1833 et
775 1812 833 1843 per
850 1803 914 1834 hoc
930 1803 1023 1833 multi
1041 1808 1174 1842 possent
1189 1812 1207 1832 a
1223 1802 1426 1833 confessione

357 1847 489 1883 retrahi,
513 1847 565 1877 vel
587 1847 702 1877 timore
734 1847 784 1877 vel
807 1846 999 1878 verecundia
1022 1847 1073 1877 vel
1097 1847 1205 1887 aliquo
1229 1846 1424 1877 huiusmodi.

1477 1366 1608 1401 ceptum
1625 1361 1802 1391 Ecclesiae:
1828 1361 1903 1400 quia
1918 1366 2087 1401 praecepta
2110 1362 2185 1391 iuris
2204 1362 2331 1401 positivi
2354 1371 2422 1392 non
2441 1372 2474 1392 se
2491 1372 2543 1392 ex-

1476 1404 1613 1435 tendunt
1627 1405 1709 1435 ultra
1724 1405 1936 1435 intentionem
1952 1406 2184 1445 praecipientis,
2201 1415 2284 1445 quae
2300 1411 2347 1435 est
2366 1405 2437 1436 finis
2453 1416 2543 1447 prae-

1477 1450 1580 1489 cepti;
1600 1450 1679 1479 haec
1695 1454 1803 1479 autem
1819 1454 1866 1479 est
1881 1450 2001 1484 caritas,
2014 1449 2192 1479 secundum
2208 1450 2403 1489 Apostolum
2422 1451 2449 1480 θ’.
2475 1451 2542 1481 Nec

1476 1494 1592 1524 iterum
1608 1493 1644 1523 fit
1666 1493 1772 1533 aliqua
1794 1494 1908 1523 iniuria
1929 1493 2100 1524 sacerdoti:
2125 1494 2199 1533 quia
2216 1494 2428 1535 privilegium
2447 1505 2544 1525 mere-

1439 1549 1463 1569 30
1477 1543 1532 1568 tur
1554 1538 1709 1574 amittere,
1725 1538 1781 1578 qui
1803 1547 1955 1568 concessa
1977 1538 2037 1568 sibi
2061 1538 2204 1568 abutitur
2220 1543 2380 1578 potestate
2395 1540 2421 1569 *ἱ

1533 1582 1584 1612 An
1608 1592 1727 1612 saxa-tm
1749 1592 1909 1611 mmmmm
1933 1581 2023 1621 quod
2046 1582 2079 1611 in
2102 1583 2165 1612 hoc
2199 1582 2288 1622 quod
2320 1588 2448 1622 oportet
2470 1593 2544 1623 pro-

1478 1627 1550 1666 prio
1575 1625 1730 1656 sacerdoti
1754 1625 1910 1661 confiteri,
1926 1635 1994 1656 non
2014 1631 2150 1656 arctatur
2173 1627 2223 1656 via
2246 1627 2363 1662 salutis,
2380 1627 2435 1657 sed
2458 1627 2544 1657 suffi—

1479 1671 1567 1700 ciens
1590 1670 1631 1700 ad
1653 1670 1788 1700 salutem
1811 1670 1861 1699 via
1885 1671 2039 1700 statuitur.
2064 1670 2212 1700 Peccaret
2227 1676 2334 1700 autem
2358 1671 2504 1701 sacerdos
2520 1673 2546 1701 si

1479 1724 1548 1744 non
1567 1719 1649 1744 esset
1665 1713 1764 1744 facilis
1780 1714 1820 1744 ad
1836 1714 2054 1753 praebendum
2070 1714 2231 1744 licentiam
2247 1715 2335 1745 alteri
2354 1715 2545 1745 confitendi:

1442 1769 1463 1789 ις
1481 1759 1557 1798 quia
1579 1758 1673 1788 multi
1696 1764 1770 1788 sunt
1794 1758 1874 1788 adeo
1890 1757 2008 1788 infirmi
2032 1758 2121 1798 quod
2137 1759 2245 1798 potius
2261 1759 2328 1789 sine
2345 1759 2546 1790 confessione

1480 1807 1683 1833 morerentur
1713 1811 1811 1842 quam
1841 1802 1896 1832 tali
1920 1801 2075 1832 sacerdoti
2106 1802 2344 1833 confiterentur.
2379 1803 2472 1834 Unde
2502 1804 2547 1834 illi

1482 1847 1538 1887 qui
1554 1852 1628 1877 sunt
1651 1847 1745 1877 nimis
1761 1846 1887 1877 solliciti
1903 1852 1939 1877 ut
1954 1847 2165 1877 conscientias
2181 1847 2382 1878 subditorum
2397 1857 2454 1887 per
2470 1858 2547 1878 con-

2570 1456 2580 1465 '
2587 1455 2597 1475 1
2606 1454 2639 1475 ad
2645 1454 2702 1476 Tim.
2710 1460 2759 1482 cap.
2767 1460 2783 1481 ι,

2571 1487 2629 1503 vers.
2644 1486 2663 1508 5.

2572 1542 2783 1590 Ᾰῑξῗῃωῗέίῐῦεω’

357 1892 454 1931 Ergo,
479 1900 555 1922 cum
578 1890 739 1922 confessio
756 1892 796 1922 sit
819 1891 858 1922 de
881 1892 1067 1922 necessitate
1083 1891 1201 1927 salutis,
1218 1900 1286 1922 non
1310 1890 1427 1922 debent
1481 1891 1654 1922 fessionem
1677 1892 1793 1927 sciant,
1816 1891 1925 1921 multis
1953 1891 2165 1921 damnationis
2189 1892 2336 1932 laqueum
2369 1892 2518 1923 iniiciunt
2532 1894 2548 1909 ³*
2575 1895 2785 1922 ‘1adCor.cap.

357 1936 506 1966 homines
522 1934 562 1966 ad
584 1936 648 1966 hoc
664 1936 784 1972 arctari,
801 1941 837 1966 ut
854 1935 989 1971 videtur,
1007 1935 1096 1975 quod
1119 1937 1252 1976 proprio
1271 1935 1426 1966 sacerdoti
1482 1942 1514 1966 et
1536 1945 1594 1976 per
1617 1945 1819 1976 consequens
1843 1936 1901 1965 sibi
1924 1936 2009 1975 ipsis.
2575 1928 2611 1949 ''¹'’
2627 1928 2686 1944 vers.
2703 1927 2736 1950 35'

358 1979 580 2011 confiteantur.
1441 1991 1467 2010 ιο
1536 2002 1625 2032 ART
1653 2002 1682 2032 V

118 2027 128 2038 ·
151 2026 208 2056 0⁸1²·
236 2026 318 2050 0¹⁸¹*st
415 2024 478 2055 San
494 2033 618 2054 conm
633 2034 688 2055 κεί·
703 2024 868 2055 decretalis
883 2024 1063 2055 Innocentii
1074 2025 1101 2061 θ,
1115 2025 1172 2064 qui
1187 2024 1321 2054 instituit
1337 2023 1426 2064 quod
1628 2024 1636 2032 ⁶
1685 2025 1692 2032 '
1716 2012 1821 2032 UTRUM
1843 2011 1947 2032 Possm
1970 2012 2093 2032 amotus
2116 2012 2227 2032 ALTERI
2251 2013 2337 2032 QUAM
2360 2012 2492 2033 PROPRIO

114 2053 251 2102 w,
289 2053 320 2075 ae
359 2078 470 2099 omnes
493 2068 598 2099 utrius
620 2078 660 2099 ue
681 2078 779 2099 sexus
811 2069 909 2099 semel
932 2069 965 2098 in
988 2078 1076 2099 anno
1122 2077 1160 2098 ro
1184 2069 1234 2099 rio
1266 2068 1427 2099 sacerdoti
1482 2056 1653 2076 sacunnori
1677 2056 1841 2076 connum
1860 2056 1899 2076 nx
1922 2056 2098 2077 mmmmm
2119 2057 2176 2076 vm.
2200 2056 2349 2077 MANDATO
2373 2057 2548 2077 supnmoms

84 2104 86 2107 ’
117 2106 182 2130 dn.
201 2095 208 2102 '
229 2081 254 2103 a
272 2079 317 2102 Κε-
359 2113 585 2154 confiteantur.
598 2079 618 2109 q
1095 2078 1120 2109 P
1156 2078 1181 2109 Ρ
1259 2123 1273 2134 ,
1669 2105 1735 2126 Cone.
1750 2105 1855 2133 Impugn.
1870 2104 1955 2132 Retig„
1971 2110 2022 2132 cap.
2037 2111 2075 2131 1v;
2090 2105 2175 2132 Quodl.
2189 2105 2240 2133 ΧΠ,
2255 2112 2294 2134 qn.
2308 2112 2356 2128 xix.

416 2167 445 2188 2.
469 2157 675 2193 Puerum,
701 2158 784 2187 sicut
807 2157 978 2197 episcopus
1002 2167 1035 2187 se
1058 2157 1153 2187 habet
1183 2157 1223 2187 ad
1252 2156 1426 2188 dioecesim
1545 2166 1566 2186 n
1599 2166 1738 2186 ommim
1768 2166 1814 2186 sic
1843 2165 2046 2186 PROCRDITUR.
2074 2156 2208 2187 Videtur
2235 2157 2324 2197 quod
2353 2167 2421 2188 non
2449 2159 2550 2198 possit

360 2211 461 2238 suam,
478 2202 521 2231 ita
544 2201 691 2232 sacerdos
714 2201 754 2231 ad
777 2211 868 2231 suam
884 2202 1079 2242 parochiam.
1104 2201 1167 2232 Sed
1190 2201 1347 2232 nonlicet
1370 2202 1426 2231 uni
1441 2212 1464 2232 45
1483 2170 1660 2242 Aaliquis
1692 2200 1781 2230 alteri
1809 2209 1907 2240 quam
1934 2201 2065 2240 proprio
2095 2201 2250 2231 sacerdoti
2281 2201 2425 2232 confiteri
2454 2203 2549 2233 etiam

361 2246 516 2286 episcopo
540 2246 574 2275 in
597 2245 738 2276 dioecesi
754 2245 880 2276 alterius
904 2246 1086 2286 episcopale
1103 2245 1246 2276 officium
1270 2255 1426 2282 exercere,
1483 2255 1520 2276 ex
1544 2245 1710 2285 privilegio
1734 2245 1785 2275 vel
1808 2244 1959 2275 mandato
1976 2246 2156 2285 superioris.
2181 2245 2266 2283 Quia
2281 2256 2349 2276 non
2371 2252 2478 2286 potest
2493 2247 2549 2276 ali-

118 2293 335 2343 'CnmNulfflfri-
361 2290 540 2320 secundum
556 2295 671 2319 statuta
694 2299 856 2320 canonum
872 2291 899 2320 ².
923 2290 1008 2330 Ergo
1033 2299 1092 2320 nec
1109 2290 1182 2320 licet
1198 2291 1255 2320 uni
1271 2290 1427 2320 sacerdoti
1483 2289 1573 2330 quod
1595 2290 1797 2330 privilegium
1820 2288 1977 2329 indulgeri
2000 2290 2033 2319 in
2057 2289 2288 2329 praeiudicium
2318 2291 2455 2321 alterius.
2487 2291 2550 2322 Sed

118 2321 335 2403 ffi’„ss⁸⁸{.2'n.²f5}
361 2335 593 2374 parochianum
616 2334 743 2364 alterius
766 2334 884 2364 audire.
1482 2335 1546 2364 hoc
1570 2340 1651 2364 esset
1674 2334 1706 2363 in
1723 2333 1954 2373 praeiudicium
1978 2334 2105 2364 alterius
2124 2334 2304 2370 sacerdotis,
2321 2335 2347 2364 si
2370 2335 2448 2365 alius
2472 2345 2550 2365 con-

257 2380 318 2402 opor

416 2379 606 2408 Rmonmzo
630 2388 790 2408 mammon
812 2378 902 2418 quod
925 2378 985 2409 alia
1008 2384 1203 2409 sacramenta
1231 2388 1298 2409 non
1323 2379 1428 2409 consi-
1483 2378 1657 2408 sessionem
1680 2377 1798 2408 subditi
1814 2379 1863 2408 sui
1887 2378 2002 2408 audiat.
2026 2378 2112 2418 Ergo
2129 2387 2196 2408 non
2220 2384 2325 2418 potest
2345 2389 2402 2419 per
2424 2380 2550 2419 privile-

319 2390 334 2401 -,

119 2407 185 2424 aas.
206 2400 301 2431 ‚vl,qu.
311 2407 334 2423 v.
362 2428 450 2453 stunt
464 2418 512 2452 in*
521 2423 585 2452 hoc
608 2422 698 2462 quod
721 2422 761 2453 ad
776 2428 1009 2453 sacramentum
1033 2423 1188 2454 accedens
1204 2423 1323 2463 aliquid
1347 2429 1428 2463 agat,
1445 2433 1470 2452 50
1483 2423 1582 2463 gimn,
1600 2432 1656 2453 seu
1679 2422 1842 2452 licentiam
1865 2432 1921 2452 seu
1945 2421 2131 2452 mandatum
2154 2423 2335 2463 superioris,
2360 2424 2505 2454 obtineri.

362 2466 419 2497 sed
441 2467 548 2497 solum
571 2472 607 2497 ut
629 2467 770 2507 recipiat,
795 2467 877 2498 sicut
899 2473 986 2507 patet
1015 2468 1049 2497 in
1082 2468 1240 2508 baptismo
1265 2473 1296 2498 et
1318 2468 1429 2498 huius-

362 2510 468 2541 modi:
493 2510 550 2541 sed
565 2516 654 2541 actus
669 2511 849 2551 recipientis
865 2512 1035 2551 requiritur
1050 2511 1090 2542 ad
1105 2511 1348 2552 percipiendum
1368 2513 1429 2542 uti-

362 2555 484 2585 litatem
507 2556 704 2591 sacramenti,
728 2556 760 2585 in
785 2565 824 2586 eo
849 2556 904 2596 qui
933 2561 980 2586 est
1009 2565 1084 2587 suae
1114 2556 1286 2586 voluntatis
1315 2557 1430 2586 arbiter

364 2600 566 2635 constitutus,
584 2600 674 2639 quasi
697 2609 866 2630 removens
893 2601 1083 2640 prohibens,
1111 2601 1230 2631 scilicet
1252 2600 1428 2631 fictionem.

363 2643 427 2674 Sed
449 2644 481 2674 in
506 2644 704 2684 poenitentia
733 2650 822 2674 actus
853 2644 1032 2675 accedentis
1055 2644 1095 2675 ad
1117 2650 1351 2675 sacramentum
1383 2651 1431 2675 est

363 2687 403 2718 de
427 2688 600 2718 substantia
623 2689 826 2718 sacramenti:
851 2697 891 2719 eo
916 2688 1005 2728 quod
1029 2689 1189 2724 contritio,
1214 2688 1374 2720 confessio
1399 2695 1430 2720 et

363 2731 534 2762 satisfactio
558 2738 632 2762 sunt
655 2733 871 2772 poenitentiae
894 2738 1012 2772 partes,
1036 2742 1119 2773 quae
1143 2739 1217 2763 sunt
1239 2739 1328 2764 actus
1350 2743 1430 2774 poe-

363 2777 502 2806 nitentis.
526 2776 626 2807 Actus
650 2782 757 2807 autem
773 2777 882 2812 nostri,
901 2786 975 2807 cum
998 2778 1031 2807 in
1055 2778 1149 2807 nobis
1165 2778 1359 2818 principium
1374 2779 1430 2808 ha-

364 2821 468 2856 beant,
485 2830 554 2851 non
576 2826 713 2860 possunt
734 2822 828 2851 nobis
852 2821 890 2851 ab
914 2821 977 2851 alio
1006 2821 1179 2861 dispensari
1207 2823 1268 2852 nisi
1291 2831 1348 2862 per
1370 2823 1431 2853 im-

363 2866 499 2905 perium.
525 2864 618 2895 Unde
638 2870 766 2904 oportet
790 2865 879 2905 quod
902 2865 954 2895 ille
971 2866 1027 2905 qui
1051 2865 1250 2905 dispensator
1272 2867 1367 2897 huius
1383 2876 1431 2897 sa—

364 2909 518 2940 cramenti
541 2910 755 2945 constituitur,
772 2910 811 2939 sit
833 2909 913 2939 talis·
926 2910 983 2949 qui
1005 2910 1106 2950 possit
1127 2910 1283 2950 imperare
1311 2911 1431 2951 aliquid

364 2953 534 2993 agendum.
558 2953 733 2993 Imperium
752 2959 859 2984 autem
882 2963 950 2984 non
980 2954 1135 2994 competit
1158 2954 1252 2985 alicui
1275 2955 1309 2985 in
1333 2955 1431 2986 alium

364 2998 425 3028 nisi
448 2998 504 3037 qui
527 2998 623 3028 habet
645 3007 741 3037 super
764 3007 840 3028 eum
863 2997 1124 3028 iurisdictionem.
1151 2998 1192 3029 Et
1215 2998 1288 3029 ideo
1313 2999 1352 3030 de
1375 3009 1431 3030 ne-

365 3042 508 3072 cessitate
531 3042 627 3072 huius
650 3043 837 3072 sacramenti
861 3048 917 3078 est,
934 3051 1001 3072 non
1025 3043 1131 3073 solum
1152 3048 1188 3073 ut
1211 3044 1354 3074 minister
1376 3044 1432 3074 ha-

365 3086 439 3116 beat
461 3085 617 3122 ordinem,
643 3087 726 3117 sicut
747 3087 780 3116 in
804 3087 871 3116 aliis
895 3087 1114 3123 sacramentis,
1138 3086 1193 3117 se'd
1223 3088 1318 3118 etiarn
1342 3088 1432 3128 quod
1446 3094 1470 3119 ες

365 3130 480 3160 habeat
501 3130 764 3161 iurisdictionem.
789 3131 830 3161 Et
852 3130 936 3167 ideo,
962 3132 1044 3161 sicut
1066 3131 1119 3161 ille
1143 3132 1200 3171 qui
1223 3141 1290 3162 non
1314 3138 1361 3162 est
1384 3142 1432 3162 sa-

367 3173 480 3204 cerdos
500 3183 568 3204 non
590 3180 697 3214 potest
719 3176 782 3205 hoc
805 3181 1039 3206 sacramentum
1062 3175 1217 3212 conferre,
1237 3177 1281 3206 ita
1303 3186 1363 3207 nec
1379 3177 1432 3207 ille

367 3218 424 3257 qui
446 3227 514 3248 non
536 3218 632 3249 habet
662 3219 925 3250 iurisdictionem.
960 3220 1001 3250 Et
1027 3225 1159 3260 propter
1191 3220 1254 3250 hoc
1285 3226 1431 3261 oportet,

368 3262 450 3291 sicut
472 3262 638 3299 sacerdoti,
663 3264 706 3293 ita
736 3265 868 3304 proprio
899 3264 1055 3294 sacerdoti
1085 3263 1322 3295 confessionem
1352 3264 1431 3295 fieri.

1541 2476 1570 2497 2.
1595 2467 1791 2502 Pam-ream,
1808 2466 1888 2497 illud
1910 2476 1967 2507 per
1991 2466 2080 2506 quod
2103 2467 2275 2507 impeditur
2294 2467 2438 2498 divinum
2461 2478 2551 2498 man-

1484 2511 1605 2546 datum,
1621 2521 1690 2541 non
1713 2516 1820 2551 potest
1838 2520 1895 2550 per
1917 2511 2104 2541 mandatum
2127 2512 2176 2541 vel
2193 2512 2394 2551 privilegium
2418 2512 2551 2542 alicuius

1484 2556 1624 2585 hominis
1648 2555 1793 2586 concedi.
1818 2555 1880 2585 Sed
1903 2555 2090 2585 mandatum
2114 2555 2258 2586 divinum
2282 2562 2328 2586 est
2352 2556 2391 2586 ad
2414 2563 2552 2587 rectores

1485 2600 1690 2630 ecclesiarum
1714 2604 1749 2630 nt
1779 2599 1945 2639 diligenter
1975 2600 2097 2630 vultum
2123 2601 2255 2640 pecoris
2276 2601 2328 2630 sui
2350 2606 2549 2642 agnoscant,

1446 2654 1467 2674 55
1483 2645 1636 2675 Proverb.
1653 2654 1738 2674 xxvn
1753 2645 1789 2674 ἐ
1815 2643 1904 2683 quod
1927 2644 2099 2684 impeditur
2119 2645 2144 2674 si
2167 2645 2246 2675 alius
2270 2654 2367 2685 quam
2390 2646 2458 2685 ipse
2475 2655 2552 2676 con-

1484 2688 1657 2719 fessionem
1681 2689 1749 2719 eius
1773 2688 1888 2718 audiat.
1914 2689 1999 2728 Ergo
2023 2689 2086 2719 hoc
2114 2698 2181 2719 non
2205 2694 2311 2729 potest
2333 2699 2390 2729 per
2420 2690 2552 2720 alicuius

1483 2733 1625 2763 hominis
1648 2733 1850 2774 privilegium
1873 2733 1924 2763 vel
1947 2732 2134 2763 mandatum
2158 2733 2306 2763 ordinari.

1542 2777 1571 2808 3.
1595 2777 1792 2813 PRAETEREA‚
1808 2777 1861 2807 ille
1885 2778 1941 2817 qui
1964 2777 2052 2807 audit
2075 2777 2310 2808 confessionem
2334 2778 2481 2814 alicuius,
2506 2785 2552 2809 est

1485 2822 1634 2862 proprius
1657 2821 1752 2852 iudex
1776 2822 1860 2852 eius:
1886 2821 1962 2852 alias
1984 2831 2052 2852 non
2075 2827 2184 2862 posset
2207 2831 2282 2852 eum
2315 2822 2410 2862 ligare
2434 2828 2466 2853 et
2488 2823 2551 2853 sol-

1445 2874 1568 2896 oevere.
1594 2865 1657 2896 Sed
1680 2866 1776 2896 unius
1799 2866 1939 2896 hominis
1962 2876 2029 2896 non
2045 2872 2181 2906 possunt
2204 2876 2271 2896 esse
2302 2866 2408 2906 plures
2431 2868 2551 2907 proprii

1486 2910 1607 2940 iudices
1629 2910 1680 2940 vel
1703 2911 1824 2950 proprii
1848 2910 2042 2940 sacerdotes:
2069 2911 2143 2950 quia
2166 2916 2243 2940 tunc
2266 2916 2426 2941 teneretur
2453 2911 2551 2951 pluri-

1486 2955 1546 2985 bus
1561 2954 1702 2990 obedire,
1719 2954 1809 2994 quod
1825 2960 1872 2984 est
1894 2954 2101 2995 impossibile,
2118 2955 2143 2984 si
2160 2955 2314 2985 contraria
2334 2956 2552 2996 praeciperent

1485 2999 1537 3029 vel
1560 2999 1844 3039 incompossibilia.
1868 2999 1954 3039 Ergo
1978 3009 2045 3029 non
2069 3004 2174 3039 potest
2195 2999 2307 3039 aliquis
2332 2999 2476 3029 confiteri
2491 3000 2551 3030 nisi

1486 3044 1618 3083 proprio
1643 3043 1809 3079 sacerdoti,
1827 3044 1922 3073 etiam
1946 3053 1983 3073 ex
2008 3044 2178 3083 superioris
2201 3043 2337 3073 licentia.

1542 3096 1573 3126 4.
1598 3087 1794 3123 Pus-ranna,
1811 3088 1959 3118 iniuriam
1983 3093 2180 3118 sacramento
2204 3087 2277 3118 facit
2296 3088 2352 3127 qui
2375 3098 2552 3118 sacramen-

1486 3137 1556 3162 tum
1579 3132 1670 3161 iterat
1693 3141 1789 3172 super
1811 3131 1947 3162 eandem
1969 3133 2151 3162 materiam:
2177 3132 2226 3162 vel
2250 3131 2288 3162 ad
2305 3133 2410 3162 minus
2433 3132 2552 3162 inutili-

1487 3182 1534 3206 ter
1557 3175 1641 3206 facit.
1666 3175 1728 3206 Sed
1753 3177 1809 3216 qui
1833 3176 1997 3206 confessus
2021 3182 2068 3206 est
2091 3177 2142 3206 alii
2166 3176 2331 3212 sacerdoti,
2348 3182 2473 3207 tenetur
2495 3177 2552 3207 ite-

1487 3229 1559 3250 rum
1583 3219 1729 3250 confiteri
1745 3221 1877 3260 proprio
1901 3220 2056 3251 sacerdoti
2073 3222 2095 3250 si
2121 3225 2223 3260 petat:
2249 3221 2323 3260 quia
2346 3230 2413 3250 non
2437 3226 2483 3251 est
2499 3222 2552 3250 ab·

1487 3264 1612 3294 solutus
1635 3265 1674 3294 ab
1698 3264 1879 3295 obedientia
1910 3275 1974 3305 qua
1997 3266 2026 3295 ei
2059 3270 2184 3295 tenetur
2207 3265 2245 3294 ad
2269 3265 2341 3295 hoc.
2376 3265 2461 3304 Ergo
2485 3275 2552 3295 non

369 3304 455 3335 Cum
478 3306 564 3336 enirn
587 3307 734 3338 sacerdos
755 3317 824 3338 non
848 3308 990 3339 absolvat
1012 3309 1072 3339 nisi
1096 3308 1225 3348 ligando
1249 3308 1289 3339 ad
1312 3309 1432 3349 aliquid
1447 3320 1474 3340 ἰο
1487 3314 1594 3349 potest
1617 3308 1701 3339 licite
1723 3307 1792 3339 fieri
1825 3309 1915 3349 quod
1945 3309 1997 3340 alii
2021 3319 2118 3349 quarn
2141 3310 2272 3349 proprio
2297 3309 2451 3339 sacerdoti
2475 3319 2552 3340 con-

368 3348 561 3386 faciendum,
576 3350 630 3381 ille
651 3352 740 3382 solus
762 3358 869 3392 potest
892 3353 1056 3383 absolvere
1086 3353 1142 3393 qui
1164 3358 1272 3394 potest
1294 3362 1351 3393 per
1373 3354 1433 3384 im-

368 3393 494 3433 perium
517 3393 558 3424 ad
579 3394 700 3435 aliquid
721 3395 904 3427 fiaciendum
926 3397 1032 3437 ligare.

424 3438 475 3467 An
498 3447 615 3468 PRIMUM
638 3449 721 3470 aneo
744 3449 904 3471 monimum
923 3441 1013 3481 quod
1037 3441 1211 3482 Gregorius
1227 3442 1370 3482 loquitur
1393 3441 1433 3472 de

369 3481 430 3511 illis
445 3482 611 3512 monachis
627 3484 683 3523 qui
698 3483 949 3516 iurisdictionem
968 3486 1096 3522 habent,
1112 3491 1227 3526 utpote
1246 3487 1363 3526 quibus
1378 3486 1433 3516 ali-

1488 3352 1623 3383 fiteatur.

1545 3397 1607 3428 San
1632 3406 1765 3433 com-na,
1782 3407 1819 3427 ea
1842 3407 1925 3437 quae
1958 3404 2031 3428 sunt
2055 3397 2174 3428 ordinis
2204 3403 2338 3438 possunt
2361 3397 2490 3427 habenti
2513 3398 2553 3427 si—

1488 3442 1598 3471 milem
1623 3441 1768 3471 ordinem
1785 3442 1942 3472 committi
1967 3443 2004 3472 ab
2029 3452 2068 3472 eo
2093 3443 2149 3482 qui
2166 3452 2201 3472 ea
2226 3441 2327 3472 faeere
2351 3448 2465 3482 potest.
2491 3441 2552 3472 Sed

1490 3486 1644 3526 superior,
1662 3491 1697 3516 ut
1721 3486 1911 3526 episcopus,
1938 3492 2044 3526 potest
2067 3486 2302 3516 confessionem
2333 3486 2440 3516 audire
2470 3486 2553 3516 illius

370 3526 462 3556 cuius
484 3527 654 3566 parochiae
677 3536 757 3558 cura·
776 3534 822 3559 est
845 3530 1029 3560 commissa:
1061 3530 1100 3560 de
1125 3531 1241 3570 quibus
1265 3530 1363 3570 aliqui
1387 3530 1433 3561 di·
1449 3541 1473 3562 75
1490 3531 1544 3570 qui
1571 3535 1617 3560 est
1645 3529 1684 3560 de
1717 3531 1868 3570 parochia
1891 3531 2024 3561 alicuius
2047 3531 2237 3571 presbyteri:
2274 3531 2348 3570 quia
2381 3531 2474 3560 etiam
2499 3530 2552 3559 ali-

511 3588 622 3612 Smmu
640 3588 742 3614 Tuon..
758 3589 788 3614 D.
807 3589 923 3614 ΤιιοκΛκ
942 3590 974 3616 Τ.
990 3591 1032 3616 ΙΧ.

2378 3592 2408 3616 3*

2580 2656 2589 2666 ·
2605 2655 2670 2677 Vers.
2686 2662 2697 2677 2¹
2700 2661 2719 2683 3.
