2878 4088
393 193 466 218 222
1084 178 1348 226 QUAESTIO
1378 176 1490 222 XCII,
1512 175 1806 213 ARTICULUS
1834 176 1880 212 ΙΙΙ

392 265 548 300 quantum
572 258 610 288 ad
630 268 756 298 corpus.
781 258 867 298 Ergo
884 267 951 288 non
967 258 1074 289 solum
1097 258 1271 293 intellectu,
1288 256 1343 287 sed
1360 257 1454 286 etiam
1509 255 1591 284 sicut
1614 255 1648 284 in
1671 255 1837 285 locutione
1860 255 2035 294 percipitur
2057 255 2130 285 vita.
2155 255 2310 293 Quamvis
2327 257 2412 287 enim
2428 261 2506 287 tunc
2528 257 2575 287 in-

392 313 484 334 carne
508 304 614 333 Deum
637 302 744 333 videre
767 303 894 343 poterit.
1510 299 1656 329 tellectus
1680 304 1788 329 noster
1810 308 1878 329 non
1902 298 2008 329 videat
2031 299 2138 329 Deum
2163 309 2200 330 ex
2224 301 2383 337 creaturis,
2407 306 2515 332 tamen
2530 302 2575 331 vi-

446 358 476 387 7.
501 348 696 383 ΡΚΑΕΤΕΒΕΑ,
714 348 795 377 sicut
811 347 899 377 Deus
922 352 968 377 est
991 356 1140 387 praesens
1163 355 1220 386 per
1236 354 1326 375 suam
1351 353 1455 374 essen—
1511 342 1597 373 debit
1621 352 1696 373 eum
1726 343 1760 373 in
1792 344 1941 373 creaturis
1972 344 2181 383 corporaliter
2209 344 2293 376 visis.
2325 344 2366 374 Et
2395 345 2483 375 hunc
2505 355 2577 376 mo-

390 393 467 422 tiam
489 392 522 422 in
546 391 720 427 intellectu,
745 392 787 421 ita
811 391 906 421 etiam
931 392 988 421 erit
1011 400 1158 431 praesens
1182 391 1214 420 in
1239 399 1351 420 sensu:
1381 388 1456 428 quia
1511 387 1589 417 dum
1614 397 1680 427 quo
1697 387 1785 418 Deus
1802 388 2009 428 corporaliter
2023 389 2125 427 possit
2140 387 2249 424 videri,
2266 389 2359 428 ponit
2378 389 2577 428 Augustinus

152 443 162 452 ·
177 441 242 462 Vers-
258 440 291 462 28·
392 437 449 466 erit
473 436 582 466 omnia
606 435 638 465 in
664 435 820 471 omnibus,
844 440 880 466 ut
904 434 1018 465 dicitur
1042 435 1053 465 I
1080 435 1156 465 Cor.
1177 444 1217 464 xv
1233 435 1258 464 ὕ.
1284 432 1347 464 Sed
1369 431 1455 462 vide·
1478 440 1487 460 5
1511 432 1544 461 in
1575 430 1640 462 fine
1671 431 1710 462 de
1736 432 1874 462 Ciuitate
1896 432 1960 462 Dei
1974 433 2001 468 ἃ,
2026 437 2062 462 ut
2089 437 2176 472 patet
2206 433 2274 462 eius
2305 433 2400 463 verba
2430 433 2576 463 intuenti.
2606 438 2817 465 ·1.00.cit.inarg.

390 481 475 510 bitur
498 481 536 510 ab
560 480 724 510 intellectu
752 489 790 510 ex
818 480 881 510 hoc
910 479 999 520 quod
1027 489 1083 509 sua
1110 479 1244 509 essentia
1268 478 1297 507 ei
1321 477 1453 507 coniun-
1512 475 1598 506 Dicit
1621 477 1708 506 enirn
1732 477 1793 506 sic:
1823 476 1921 506 Valde
1944 476 2095 507 credibile
2118 482 2166 507 est
2186 477 2233 507 sic
2257 486 2316 507 nos
2339 477 2467 508 visuros
2487 487 2579 508 mun·
2605 471 2625 493 3‘
2641 471 2663 486 '¹‘
2680 465 2702 487 ⁶¹

390 530 490 564 getur.
515 524 600 564 Ergo
624 525 741 564 poterit
764 524 862 554 videri
886 524 981 554 etiam
1005 533 1022 552 a
1045 532 1150 553 sensu.
1511 519 1599 550 dana
1630 525 1707 550 tunc
1735 529 1877 560 corpora
1911 533 1924 547 α
1945 521 2027 551 caeli
2057 521 2134 551 novi
2164 525 2195 551 et
2224 526 2332 551 terrae
2362 531 2466 552 novae
2484 534 2512 558 »,
2545 527 2580 552 ut

154 574 363 604 ‘Cap-1.ver‚s-¹1--
447 569 509 599 Sur>
534 578 668 605 CONTRA,
685 569 873 599 Ambrosius
891 567 975 603 dicit,
992 577 1088 606 super
1104 567 1225 596 Lucam
1242 566 1274 595 ἢ
1300 565 1368 595 Nec
1384 574 1456 595 cor·
1511 564 1617 594 Deum
1641 565 1756 605 ubique
1772 570 1977 605 praesentem
2009 570 2040 595 et
2063 565 2215 596 universa
2244 566 2432 606 corporalia
2461 565 2579 607 guber-

152 601 259 654 {xgsssm
281 600 319 621 ¹¹¹³*
342 600 363 625 ¹⁷
385 613 562 653 poralibus
581 613 684 644 oculis
698 613 788 643 Deus
806 612 983 653 quaeritur,
1002 620 1059 641 nec
1082 610 1357 640 circumscribitur
1375 609 1455 645 visu,
1513 613 1641 639 nantem
1664 609 1846 640 clarissima
1855 610 2088 650 perspicuitate
2107 609 2291 640 videamus:
2315 619 2379 640 non
2395 610 2479 640 sicut
2494 620 2580 641 nunc

392 667 450 688 nec
462 662 548 688 tactu
562 662 696 688 tenetur.
710 658 794 697 Ergo
808 656 896 686 nullo
910 655 1068 695 corporali
1080 664 1175 685 sensu
1188 655 1276 685 Deus
1287 654 1455 684 videbitur.
1472 665 1497 680 ιο
1515 666 1528 680 «
1549 653 1721 684 invisibilia
1745 654 1808 684 Dei
1829 663 1893 694 per
1916 664 1954 684 ea
1977 663 2060 695 quae
2080 654 2179 696 sacta
2207 656 2283 685 sunt
2312 654 2472 685 intellecta
2503 664 2579 685 con·

152 710 162 720 ·
187 708 310 740 ejonqment.
340 708 364 729 in
449 712 477 732 2.
502 702 698 738 Palmum,
723 702 940 740 Hieronymus
964 699 1040 730 dicit
1055 700 1085 729 *z
1111 699 1186 729 Non
1211 699 1317 730 solum
1341 698 1456 729 divini·
1509 698 1692 738 spiciuntur
1709 705 1744 735 »;
1766 698 1822 729 sed
1844 698 1929 729 sicut
1950 699 2111 735 homines,
2133 708 2214 729 mox
2237 703 2273 728 ut
2299 699 2487 739 aspicimus,
2513 709 2578 729 non

152 734 364 789 ssssff'vl'b'vg-ssssffld
391 751 487 777 tatem
502 746 619 782 Patris,
636 746 692 776 sed
713 755 770 775 nec
791 744 868 774 Filii
892 753 949 774 nec
971 743 1111 784 Spiritus
1133 743 1254 779 Sancti,
1273 743 1360 774 oculi
1383 752 1456 773 car·
1510 742 1671 773 credimus
1694 743 1810 779 vivere,
1834 743 1890 773 sed
1913 743 2065 774 videmus.

249 778 254 788 ’
391 790 441 821 nis
458 796 598 831 possunt
619 790 781 830 aspicere:
803 788 859 819 sed
881 788 968 818 oculi
991 788 1115 824 mentis,
1132 788 1171 818 de
1193 788 1307 829 quibus
1324 787 1452 823 dicitur,
1566 787 1617 817 An
1641 797 1759 818 pamma
1782 797 1865 818 eaeo
1889 797 2050 818 nrcunmm
2077 786 2168 828 quod
2190 787 2325 818 verbum
2348 787 2427 818 illud
2451 787 2507 818 Iob
2530 788 2579 818 in-

394 847 408 862 «
426 835 521 865 Beati
544 834 663 865 mundo
688 833 785 864 corde
804 846 831 863 ».
1510 831 1662 871 telligitur
1693 831 1732 862 de
1764 832 1861 862 oculo
1897 832 2069 872 spirituali:
2106 831 2145 862 de
2176 841 2243 872 quo
2278 831 2354 862 dicit
2380 832 2578 872 Apostolus,

155 884 364 932 ‘AEudAug·Ep-
449 879 478 909 3.
503 879 698 913 PRAETEREA,
723 877 808 908 idern
832 877 1052 918 Hieronymus
1076 876 1152 907 dicit
1168 878 1201 906 ἐ
1226 877 1290 907 Res
1306 877 1457 916 incorpo-
1473 876 1626 916 15Ephes.
1643 877 1699 906 1*:
1725 876 1933 907 Illuminatos
1955 877 2073 907 habere
2096 876 2208 907 oculos
2232 875 2340 906 cordis
2363 877 2469 907 vestri.
2608 882 2617 892 ·
2631 880 2698 903 Ven.
2714 881 2749 903 ιδ.

153 910 366 965 g}11y{2121'5‚,{¹2{.²1¹'
393 923 474 953 ralis
497 922 721 962 corporalibus
745 921 848 951 oculis
872 930 936 950 non
962 921 1098 951 videtur.
1124 920 1186 951 Sed
1210 921 1298 951 Deus
1322 926 1368 951 est
1390 930 1458 950 ma·
1567 921 1618 950 AD
1643 931 1806 951 SECUNDUM
1829 931 1990 951 mea-unum
2009 920 2098 961 quod
2122 921 2175 951 illa
2198 921 2369 951 auctoritas
2392 930 2459 952 non
2487 921 2579 952 intel-

392 968 476 997 xime
500 967 719 1006 incorporeus.
745 966 841 1005 Ergo,
867 970 926 995 etc.
1512 964 1619 1004 ligitur
1643 964 1733 1005 quod
1756 974 1813 1005 per
1837 966 1950 996 oculos
1975 965 2076 996 carnis
2106 965 2214 995 Deum
2245 974 2356 996 sumus
2386 966 2500 996 visuri:
2524 966 2579 997 sed

156 1017 362 1045 ‘Epist.cit.,cap.
447 1019 477 1049 4.
502 1011 698 1046 Pnanrnnm,
723 1010 933 1049 Augustinus,
957 1009 991 1039 in
1011 1009 1093 1039 libro
1116 1008 1155 1039 de
1176 1008 1317 1039 Videndo
1333 1009 1404 1039 Deo
1422 1009 1455 1038 ⁴¹⁸:
1513 1009 1589 1048 quia
1612 1009 1646 1039 in
1669 1018 1764 1039 carne
1787 1010 1956 1040 existentes
1979 1010 2087 1040 Deum
2109 1009 2299 1040 videbimus.

153 1050 184 1066 ¹¹·
395 1068 408 1082 «
427 1055 532 1085 Deum
557 1064 649 1085 nemo
674 1054 754 1084 vidit
776 1063 917 1094 unquam
937 1061 968 1083 »ε
991 1053 1041 1084 vel
1057 1053 1089 1083 in
1106 1053 1167 1083 hac
1187 1053 1253 1083 uita
1272 1053 1368 1084 sicuti
1391 1053 1458 1093 ipse
1568 1053 1619 1083 An
1635 1063 1770 1083 marum
1790 1063 1950 1084 mmmmm
1973 1053 2062 1093 quod
2084 1054 2284 1093 Augustinus
2306 1054 2450 1095 loquitur
2473 1055 2580 1095 inqui-

392 1104 438 1130 est
444 1106 456 1135 ;
480 1099 529 1130 vel
553 1099 585 1128 in
609 1099 804 1140 angelorum
828 1098 893 1128 vita
916 1098 1000 1128 sicut
1022 1097 1160 1128 visibilia
1189 1097 1250 1128 ista
1281 1106 1364 1138 quae
1386 1107 1458 1127 cor·
1474 1107 1499 1121 2⁰
1513 1096 1613 1127 rendo
1637 1097 1670 1127 in
1693 1097 1797 1127 verbis
1812 1097 1883 1133 illis,
1901 1103 1932 1128 et
1947 1098 2006 1128 sub
2024 1097 2219 1128 conditione.
2244 1098 2345 1136 Quod
2359 1104 2447 1140 patet
2463 1108 2500 1129 ex
2516 1100 2579 1129 hoc

386 1144 499 1184 porali
522 1143 646 1174 visione
668 1147 856 1173 cernuntur.
887 1143 960 1172 Vita
991 1148 1100 1173 autem
1131 1142 1320 1182 angelorum
1344 1142 1459 1172 dicitur
1514 1140 1604 1181 quod
1626 1142 1854 1181 praemittitur:
1881 1142 1996 1183 Longe
2019 1142 2126 1183 itaque
2149 1143 2286 1173 alterius
2303 1143 2470 1183 potentiae
2486 1149 2582 1174 erunt

391 1189 455 1218 vita
478 1188 579 1224 beata,
604 1188 637 1218 in
661 1197 726 1228 qua
748 1192 947 1227 resurgentes
971 1187 1088 1217 vivent.
1113 1186 1209 1227 Ergo,
1236 1192 1295 1217 etc.
1512 1185 1541 1216 si
1564 1195 1628 1226 per
1657 1195 1712 1216 eos
1743 1185 1902 1216 videbitur
1931 1186 2126 1227 incorporea
2157 1187 2214 1216 illa
2246 1191 2386 1217 natura:
2415 1193 2447 1218 et
2469 1192 2582 1227 postea

450 1232 478 1262 5.
503 1232 699 1268 Paaaraaaa,
716 1231 890 1262 secundum
914 1232 975 1262 hoc
997 1231 1093 1261 homo
1118 1231 1238 1261 dicitur
1251 1231 1368 1273 factus
1387 1243 1400 1257 «
1417 1230 1460 1261 ad
1514 1229 1637 1266 subdit,
1667 1230 1719 1260 Vis
1743 1230 1851 1271 itaque
1870 1235 1947 1267 etc.;
1973 1236 2004 1261 et
2027 1230 2238 1272 postmodum
2262 1230 2452 1262 determinat
2473 1237 2510 1262 ut
2533 1231 2579 1263 di-

394 1276 568 1318 imaginem
598 1276 661 1307 Dei
680 1290 694 1303 »
721 1276 807 1316 quod
837 1276 942 1306 Deum
973 1276 1158 1316 conspicere
1182 1280 1304 1316 potest,
1329 1281 1364 1306 ut
1391 1275 1458 1305 Au·
1514 1280 1603 1305 ctum
1627 1279 1675 1305 est
1690 1276 1717 1305 *.
1847 1289 1850 1292 ⁴
2610 1269 2781 1298 qia-,eorpore

155 1330 164 1340 ·
179 1329 215 1350 De
237 1328 302 1349 Trin.
325 1327 364 1348 lib.
393 1322 538 1361 gustinus
563 1320 639 1351 dicit
654 1322 680 1350 ἥ.
706 1320 768 1351 Sed
792 1321 893 1351 homo
918 1325 965 1351 est
989 1320 1028 1351 ad
1050 1321 1224 1360 imaginem
1255 1320 1316 1350 Dei
1345 1329 1459 1350 secun·
1474 1331 1497 1351 ος
1569 1319 1619 1349 AD
1645 1329 1793 1349 euARTtJM
1816 1329 1977 1350 mmmmm
1996 1318 2086 1359 quod
2110 1321 2216 1350 omnis
2240 1321 2382 1360 cognitio
2401 1319 2438 1351 fit
2452 1330 2510 1361 per
2525 1320 2580 1351 ali—

155 1355 216 1382 xw,
233 1361 282 1382 ⁶³⁹·
299 1360 328 1376 ’ν’
394 1365 472 1396 dum
487 1371 640 1401 mentem,
656 1375 725 1395 non
741 1365 919 1395 secundum
937 1374 1075 1395 carnem.
1100 1365 1186 1405 Ergo
1202 1370 1321 1401 mente,
1339 1370 1370 1395 et
1391 1373 1459 1394 non
1515 1373 1613 1404 quam
1641 1364 1887 1394 abstractionem
1918 1373 1936 1394 a
1965 1364 2106 1394 materia.
2138 1364 2180 1395 Et
2208 1364 2300 1401 ideo,
2325 1370 2447 1405 quanto
2477 1364 2582 1396 forma

394 1419 486 1440 carne
511 1410 617 1440 Deum
640 1409 769 1440 videbit.
1515 1408 1689 1448 corporalis
1712 1409 1813 1448 magis
1841 1408 2029 1439 abstrahitur
2052 1418 2070 1438 a
2093 1409 2240 1445 materia,
2263 1410 2364 1449 magis
2395 1414 2442 1440 est
2470 1410 2582 1450 cogni-

448 1455 637 1485 Raspomo
654 1463 813 1484 mcmmmvr
830 1454 920 1493 quod
943 1463 1038 1484 sensu
1063 1454 1222 1494 corporali
1244 1453 1365 1494 aliquid
1388 1463 1459 1484 sen-
1514 1453 1610 1483 tionis
1633 1453 1838 1493 principium.
1863 1453 1905 1483 Et
1927 1452 2003 1483 inde
2026 1458 2073 1483 est
2097 1452 2187 1494 quod
2202 1452 2306 1484 forma
2320 1454 2355 1484 in
2369 1454 2502 1484 materia
2517 1454 2581 1485 exi-

155 1505 164 1514 ·
175 1503 272 1535 aristot·
291 1502 320 1524 de
335 1502 367 1524 Α·
393 1499 469 1529 titur
485 1498 654 1539 dupliciter
669 1499 701 1528 ἦε;
726 1508 794 1529 uno
808 1498 920 1534 modo,
937 1508 995 1538 per
1011 1508 1060 1535 se;
1086 1498 1148 1528 alio
1172 1498 1283 1534 modo,
1300 1508 1358 1538 per
1378 1499 1459 1528 acci·
1515 1503 1600 1527 stens
1623 1497 1714 1527 nullo
1737 1497 1839 1528 modo
1857 1502 1903 1528 est
1919 1498 2113 1538 cognitionis
2128 1498 2339 1538 principium;
2363 1499 2397 1529 in
2413 1507 2510 1529 sensu
2525 1508 2582 1530 au-

156 1529 366 1578 Zssfnffshbi-iff’feag',
394 1543 481 1574 dens.
505 1543 564 1573 Per
587 1553 620 1573 se
645 1542 776 1583 quidem
800 1543 933 1573 sentitur
948 1542 1028 1573 illud
1044 1542 1134 1583 quod
1149 1552 1206 1583 per
1221 1552 1255 1573 se
1276 1543 1459 1583 passionem
1476 1547 1501 1568 ³0
1514 1547 1581 1572 tem
1605 1542 1713 1582 aliquo
1738 1542 1849 1578 modo,
1873 1547 1971 1582 prout
1991 1552 2009 1572 a
2031 1543 2163 1572 materia
2186 1548 2364 1583 separatur;
2389 1548 2420 1573 et
2440 1543 2474 1573 in
2489 1543 2582 1574 intel-

156 1589 204 1605 ΧΨ·
394 1588 500 1618 sensui
525 1587 683 1628 corporali
706 1587 822 1617 inferre
846 1592 961 1627 potest.
992 1587 1052 1618 Per
1075 1597 1108 1617 se
1132 1593 1239 1617 autem
1267 1593 1375 1627 potest
1404 1587 1459 1617 ali-
1514 1586 1600 1617 lectu
1612 1591 1723 1617 nostro
1740 1586 1844 1617 adhuc
1860 1586 1985 1617 melius.
2006 1586 2047 1617 Et
2062 1586 2136 1617 ideo
2154 1587 2269 1618 oculus
2285 1587 2465 1627 spiritualis,
2478 1597 2497 1618 a
2513 1597 2580 1628 quo

396 1632 474 1672 quid
496 1633 679 1672 passionem
702 1631 817 1662 inferre
842 1637 896 1662 aut
919 1633 1026 1662 sensui
1049 1632 1242 1672 inquantum
1267 1637 1313 1662 est
1329 1641 1458 1668 sensus;
1514 1636 1698 1661 removetur
1721 1631 1990 1671 impedimentum
2015 1632 2227 1672 cognitionis,
2245 1630 2357 1672 'potest
2381 1631 2487 1662 videre
2513 1641 2582 1663 rem

395 1682 450 1706 aut
472 1677 548 1707 huic
571 1677 679 1707 sensui
703 1677 895 1716 inquantum
920 1682 966 1706 est
988 1677 1041 1706 hic
1069 1686 1190 1706 sensus.
1222 1676 1323 1714 Quod
1352 1681 1460 1707 autem
1515 1675 1724 1715 corporalem.
1749 1676 1825 1706 Non
1841 1681 1949 1706 autem
1970 1677 2114 1716 sequitur
2138 1675 2228 1716 quod
2251 1676 2366 1707 oculus
2389 1676 2582 1717 corporalis,

396 1720 538 1751 secundo
562 1720 662 1751 modo
678 1720 774 1750 infert
788 1730 845 1760 per
860 1730 893 1750 se
909 1721 1091 1760 passionem
1115 1721 1231 1757 sensui,
1257 1720 1371 1751 dicitur
1389 1730 1460 1751 sen-
1513 1720 1547 1750 in
1572 1729 1638 1759 quo
1663 1719 1770 1750 deficit
1793 1721 1840 1750 vis
1868 1720 2028 1760 cognitiva
2051 1720 2230 1751 secundum
2254 1720 2344 1760 quod
2359 1721 2527 1761 participat
2541 1720 2582 1752 de

396 1762 486 1795 sibile
503 1765 694 1805 proprium:
717 1765 799 1795 sicut
823 1765 913 1795 color
936 1770 1083 1804 respectu
1106 1765 1202 1801 visus,
1227 1770 1258 1795 et
1281 1774 1380 1795 sonus
1412 1774 1461 1795 re-
1476 1774 1498 1794 ³5
1514 1764 1656 1799 materia,
1671 1765 1773 1804 possit
1789 1773 1984 1804 cognoscere
1999 1764 2140 1805 perfecte
2156 1765 2386 1804 cognoscibilia
2401 1774 2485 1805 quae
2507 1770 2583 1796 sunt

397 1815 509 1849 spectu
525 1809 661 1839 auditus.
674 1828 695 1831 -
708 1808 793 1846 Quia
809 1814 916 1839 autem
933 1818 1054 1845 sensus,
1067 1810 1260 1849 inquantum
1277 1814 1323 1839 est
1338 1819 1459 1845 sensus,
1515 1808 1738 1848 incorporalia.

397 1855 496 1884 utitur
519 1863 639 1893 organo
665 1853 839 1893 corporali,
864 1863 931 1883 non
954 1858 1061 1893 potest
1083 1854 1116 1883 in
1142 1863 1180 1883 eo
1212 1853 1332 1893 aliquid
1362 1854 1461 1894 recipi
1571 1853 1622 1882 At>
1647 1862 1787 1883 nummu
1810 1862 1970 1883 mesanum
1994 1852 2100 1893 quod,
2125 1854 2271 1893 quamvis
2294 1863 2386 1884 mens
2409 1852 2492 1884 facta
2515 1863 2582 1884 car-

397 1898 457 1928 nisi
481 1898 702 1938 corporaliter:
728 1907 803 1928 cum
827 1907 921 1928 omne
943 1897 1030 1938 quod
1053 1897 1207 1938 recipitur
1230 1898 1262 1927 in
1284 1898 1404 1938 aliquo,
1421 1898 1463 1928 sit
1515 1897 1595 1927 nalis
1618 1906 1686 1927 non
1710 1898 1811 1937 possit
1834 1894 1974 1937 cogitare
1996 1898 2057 1927 nisi
2081 1903 2211 1938 accepta
2240 1908 2258 1928 a
2288 1898 2449 1934 sensibus,
2473 1903 2582 1929 tamen

157 1947 167 1956 ·
192 1945 227 1967 De
257 1944 355 1972 Cumis,
398 1942 430 1972 in
455 1951 492 1972 eo
511 1951 575 1982 per
597 1942 727 1972 modum
751 1942 932 1982 recipientis
947 1942 974 1971 ⁴⁸.
1006 1942 1047 1971 Et
1069 1941 1143 1972 ideo
1168 1942 1277 1972 omnia
1303 1942 1462 1972 sensibilia
1517 1950 1554 1971 ea
1579 1942 1698 1981 cogitat
1721 1941 1979 1972 immaterialiter.
2003 1942 2044 1972 Et
2068 1942 2211 1973 similiter
2233 1947 2362 1982 oportet
2385 1942 2476 1982 quod
2497 1943 2583 1974 visus

157 1972 356 2026 {³02⁰possss¹,‘'A¹?52
396 1986 537 2016 inferunt
559 1986 742 2025 passionem
767 1987 883 2021 sensui,
907 1986 1100 2025 inquantum
1125 1991 1171 2016 est
1199 1995 1319 2021 sensus,
1347 1995 1461 2016 secun·
1476 1994 1502 2015 ⁴0
1515 1984 1595 2015 illud
1619 1985 1709 2025 quod
1732 1985 1952 2025 apprehendit,
1977 1995 2103 2026 semper
2127 1986 2345 2027 apprehendat
2365 1987 2581 2027 corporaliter.

156 2028 212 2047 ⁵¹⁰¹*
397 2030 474 2060 dum
498 2029 588 2069 quod
611 2030 729 2060 habent
752 2029 1016 2069 magnitudinem.
1049 2030 1090 2060 Et
1112 2029 1186 2060 ideo
1210 2029 1399 2070 magnitudo
1431 2035 1462 2060 et
1516 2028 1610 2059 Unde
1633 2039 1701 2059 non
1724 2034 1831 2069 potest
1854 2039 2050 2069 cognoscere
2066 2030 2119 2060 illa
2135 2040 2218 2071 quae
2239 2031 2446 2071 corporaliter
2469 2041 2582 2072 appre-

395 2075 505 2104 omnia
528 2074 769 2114 consequentia,
787 2079 823 2104 ut
840 2079 959 2110 motus,
978 2074 1069 2113 quies
1085 2079 1116 2104 et
1131 2083 1286 2104 numerus
1303 2079 1334 2104 et
1349 2074 1460 2104 huius·
1515 2073 1612 2103 hendi
1636 2083 1703 2103 non
1726 2079 1872 2114 possunt.

394 2118 494 2154 modi,
520 2117 670 2148 dicuntur
691 2118 854 2148 sensibilia
880 2118 1074 2154 communia,
1085 2127 1149 2158 per
1170 2128 1204 2148 se
1227 2123 1345 2148 tamen.
1361 2137 1383 2141 -
1399 2119 1463 2149 Per
1571 2118 1622 2148 AD
1647 2127 1766 2148 sexa-tm
1789 2128 1949 2149 mmmmm
1973 2118 2063 2158 quod
2085 2119 2251 2150 beatitudo
2275 2124 2322 2150 est
2345 2119 2499 2160 perfectio
2522 2120 2582 2151 ho—

395 2162 544 2194 accidens
567 2167 674 2193 autem
698 2163 831 2192 sentitur
854 2162 933 2193 illud
957 2162 1047 2202 quod
1070 2172 1136 2192 non
1160 2161 1255 2193 infert
1278 2163 1462 2203 passionem
1516 2162 1611 2192 minis
1627 2162 1821 2203 inquantum
1837 2167 1884 2193 est
1898 2163 2011 2193 homo.
2032 2163 2073 2193 Et
2089 2163 2165 2203 quia
2180 2163 2282 2194 homo
2298 2173 2366 2194 non
2381 2164 2478 2194 habet
2493 2164 2584 2204 quod

394 2207 501 2238 sensui
524 2216 631 2247 neque
654 2207 847 2247 inquantum
872 2212 918 2237 est
941 2216 1052 2237 sensus
1075 2216 1183 2247 neque
1206 2208 1400 2247 inquantum
1416 2213 1462 2238 est
1477 2221 1500 2241 45
1516 2207 1555 2236 sit
1578 2207 1680 2237 homo
1705 2217 1743 2237 ex
1767 2216 1914 2247 corpore,
1938 2207 1994 2238 sed
2017 2208 2118 2247 magis
2141 2217 2179 2238 ex
2201 2209 2317 2245 anima,
2334 2217 2452 2249 corpus
2475 2213 2584 2240 autem

394 2252 446 2282 hic
470 2260 591 2287 sensus,
615 2250 671 2281 sed
695 2252 900 2292 coniungitur
924 2252 971 2281 his
996 2261 1079 2291 quae
1102 2261 1159 2292 per
1182 2261 1216 2282 se
1244 2252 1351 2282 sensui
1381 2251 1461 2282 infe-
1517 2256 1564 2281 est
1587 2250 1627 2282 de
1652 2251 1786 2282 essentia
1809 2252 1950 2282 hominis
1972 2252 2166 2292 inquantum
2187 2258 2234 2283 est
2248 2251 2428 2293 perfectum
2443 2262 2501 2293 per
2515 2254 2583 2284 ani-

394 2302 468 2327 runt
491 2296 690 2336 passionem:
716 2296 798 2326 sicut
817 2296 968 2326 Socrates
991 2301 1022 2326 et
1034 2295 1132 2337 filius
1147 2296 1262 2326 Diaris
1278 2301 1309 2326 et
1328 2296 1461 2332 amicus,
1516 2302 1621 2332 mam;
1645 2295 1720 2326 ideo
1744 2295 1909 2327 beatitudo
1932 2296 2073 2327 hominis
2096 2306 2164 2327 non
2195 2297 2339 2328 consistit
2367 2297 2584 2338 principaliter

394 2346 425 2371 et
448 2340 508 2371 alia
530 2339 727 2376 huiusmodi,
752 2350 835 2380 quae
858 2350 916 2381 per
931 2350 964 2370 se
981 2345 1222 2380 cognoscuntur
1237 2341 1271 2371 in
1291 2341 1462 2371 universali
1516 2340 1577 2370 nisi
1607 2341 1640 2370 in
1672 2346 1745 2371 actu
1775 2341 1918 2376 animae,
1943 2346 1974 2371 et
1997 2350 2035 2371 ex
2060 2351 2097 2372 ea
2120 2340 2279 2372 derivatur
2309 2341 2348 2372 ad
2379 2351 2497 2382 corpus
2525 2351 2584 2383 per

393 2385 575 2420 intellectu,
599 2385 632 2414 in
657 2385 838 2424 particulari
862 2390 970 2415 autem
993 2385 1109 2415 virtute
1139 2385 1309 2425 cogitativa
1340 2386 1373 2415 in
1403 2386 1463 2415 ho·
1518 2384 1680 2424 quandam
1696 2384 1950 2421 redundantiam,
1964 2386 2046 2416 sicut
2061 2391 2148 2426 patet
2164 2395 2202 2416 ex
2218 2386 2266 2416 his
2279 2395 2362 2427 quae
2374 2386 2458 2417 dieta
2473 2387 2581 2417 sunt‘.
2610 2382 2688 2432 :¹32¹-
2709 2389 2796 2411 ψη

394 2430 492 2466 mine,
518 2428 714 2459 aestimativa
736 2434 844 2460 autem
874 2430 907 2459 in
938 2429 1006 2459 aliis
1037 2429 1235 2460 animalibus.
1265 2429 1462 2460 Huiusmodi
1478 2442 1503 2462 ςο
1517 2428 1684 2467 Quaedam
1709 2434 1817 2460 tamen
1840 2429 2005 2460 beatitudo
2029 2430 2173 2470 corporis
2188 2431 2290 2461 nostri
2313 2431 2371 2461 erit
2390 2431 2584 2471 inquantum
2681 2425 2688 2432 ⁶

395 2479 503 2504 autem
528 2478 605 2504 tunc
629 2482 740 2504 sensus
764 2474 900 2504 exterior
928 2473 1042 2504 dicitur
1072 2474 1205 2510 sentire,
1231 2474 1376 2514 quamvis
1406 2483 1463 2514 per
1517 2473 1624 2504 Deum
1648 2473 1769 2504 videbit
1798 2474 1831 2504 in
1863 2474 2064 2505 sensibilibus
2095 2475 2262 2511 creaturis,
2287 2480 2319 2506 et
2348 2476 2520 2516 praecipue
2549 2475 2583 2506 in

395 2517 553 2554 accidens,
578 2517 709 2558 quando
734 2527 772 2548 ex
796 2527 835 2548 eo
860 2517 950 2558 quod
973 2527 1030 2558 per
1053 2527 1086 2548 se
1110 2518 1253 2554 sentitur,
1278 2519 1324 2548 vis
1341 2514 1461 2559 'appre-
1518 2527 1654 2558 corpore
1679 2517 1807 2548 Christi.

395 2562 526 2593 hensiva
550 2562 641 2592 cuius
665 2567 711 2592 est
734 2561 813 2592 illud
830 2563 997 2602 cognitum
1012 2571 1069 2602 per
1085 2571 1119 2592 se
1135 2571 1340 2603 cognoscere,
1357 2563 1463 2593 statim
1572 2562 1623 2592 An
1640 2572 1792 2593 SEPTIMUM
1807 2572 1968 2594 mcrmmm
1996 2563 2086 2603 quod
2108 2563 2288 2594 intellectus
2311 2569 2359 2594 est
2381 2564 2584 2604 perceptivus

395 2607 463 2636 sine
495 2605 693 2636 dubitatione
717 2611 749 2636 et
772 2605 916 2636 discursu
946 2606 1172 2646 apprehendit:
1205 2607 1286 2637 sicut
1316 2606 1462 2638 videmus
1517 2607 1739 2647 spiritualium,
1763 2617 1832 2638 non
1855 2613 1962 2638 autern
1986 2608 2072 2639 visus
2096 2608 2280 2649 corporalis.
2305 2608 2347 2639 Et
2369 2607 2443 2639 ideo
2461 2608 2585 2639 intelle-

396 2651 537 2691 aliquem
567 2650 673 2680 vivere
704 2659 742 2680 ex
772 2651 835 2680 hoc
866 2650 956 2691 quod
989 2651 1142 2691 loquitur.
1178 2650 1319 2689 Quando
1354 2657 1462 2682 autem
1478 2664 1500 2684 55
1517 2656 1587 2681 ctus
1615 2652 1733 2692 poterit
1764 2661 1959 2692 cognoscere
1989 2652 2131 2683 divinam
2161 2653 2330 2684 essentiam
2359 2653 2419 2684 sibi
2449 2653 2584 2684 coniun-

396 2695 485 2725 aliter
508 2704 541 2725 se
565 2694 669 2731 habet,
694 2704 762 2725 non
786 2694 901 2725 dicitur
922 2694 1002 2725 illud
1025 2704 1135 2726 sensus
1158 2695 1266 2726 videre
1290 2696 1385 2726 etiam
1406 2705 1463 2736 per
1517 2700 1611 2732 ctam,
1636 2705 1704 2726 non
1728 2702 1838 2727 autem
1862 2697 1948 2728 visus
1972 2697 2156 2737 corporalis.

396 2738 552 2770 accidens.

451 2784 534 2814 Dico
559 2792 634 2823 ergo
659 2782 749 2823 quod
772 2783 860 2814 Deus
883 2783 974 2814 nullo
998 2783 1099 2814 modo
1126 2789 1233 2824 potest
1263 2784 1362 2815 videri
1392 2785 1462 2816 visu

397 2828 565 2868 corporali,
590 2833 644 2858 aut
667 2827 776 2868 aliquo
801 2828 863 2859 alio
887 2837 983 2858 sensu
1006 2828 1123 2864 sentiri,
1148 2829 1230 2859 sicut
1252 2838 1309 2869 per
1332 2838 1366 2859 se
1388 2830 1462 2860 visi-

1561 2761 1660 2792 ART.
1678 2762 1729 2792 111.
1754 2772 1859 2792 uranu
1883 2772 1991 2793 SANCTI
2013 2772 2163 2793 vmnmns
2186 2772 2272 2794 natm
2294 2773 2353 2794 Pan
2373 2773 2540 2794 sssznmu

1665 2816 1764 2837 omnm
1786 2817 1922 2838 vinnam
1947 2817 2030 2837 eum:
2053 2817 2131 2838 nnus
2155 2817 2186 2838 m
2210 2817 2312 2838 ssn’so
2336 2817 2438 2839 vmu‘r.

396 2872 459 2903 bile
493 2881 554 2902 nec
576 2872 628 2902 hic
651 2881 712 2902 nec
734 2873 768 2902 in
791 2873 891 2912 patria
933 2872 1018 2911 Quia
1041 2873 1067 2903 si
1090 2883 1108 2903 a
1135 2883 1230 2903 sensu
1260 2878 1462 2904 removeatur
1475 2880 1502 2900 6ο
1584 2857 1643 2879 pm
1659 2857 1788 2905 ¹1'11‘⁴¹¹ifl¹‹¹¹'
1804 2861 1847 2879 ‘m'
1862 2857 1888 2906 ᾗ
1904 2863 1943 2885 ‘¹⁰'
1959 2863 2002 2897 αἶ’
2018 2858 2141 2907 ansvaga
2158 2866 2176 2885 ¹³
2192 2858 2213 2881 Π
2226 2858 2301 2886 Sem„
2316 2858 2371 2881 (Μ’
2385 2863 2477 2898 “””-““’
2491 2865 2515 2886 ²³

376 2915 429 2947 ‘id
453 2896 542 2956 quod
566 2917 717 2947 convenit
740 2918 847 2947 sensui
870 2896 1063 2957 inquantum
1087 2922 1133 2948 est
1156 2927 1284 2954 sensuS,
1307 2927 1375 2948 non
1404 2918 1462 2948 erit
1547 2910 1578 2932 ¹¹¹
1595 2910 1661 2932 σθω·
1679 2890 2097 2938 ozni}32'33'231,'23;;q¹1³>2²1>er113,
2112 2889 2484 2940 Jss‘ffit'fflffss'hssshxssgm,
2497 2919 2521 2939 4ν
2534 2917 2555 2940 5·

397 2970 524 2991 sensus:
549 2965 580 2990 et
603 2961 747 2991 similiter
769 2961 795 2991 si
818 2971 836 2991 a
858 2962 928 2992 visu
956 2966 1158 2992 removeatur
1186 2961 1265 2992 illud
1296 2961 1387 3002 quod
1415 2968 1462 2993 est
1580 2972 1601 2991 n
1618 2971 1753 2992 ram-nm
1769 2972 1814 2993 src
1830 2972 2035 2993 pnocamwn.
2056 2962 2191 2994 Videtur
2209 2962 2300 3003 quod
2319 2963 2419 2994 sancti
2439 2961 2583 2993 videntes

396 3005 482 3035 visus
505 3005 698 3045 inquantum
722 3010 769 3036 est
791 3006 887 3042 visus,
904 3015 972 3036 non
996 3006 1054 3036 erit
1073 3006 1169 3036 visus.
1194 3005 1281 3037 Cum
1297 3016 1372 3046 ergo
1390 3016 1460 3038 sen·
1517 2974 1689 3037 ADeum
1711 3016 1768 3047 per
1796 3008 1965 3038 essentiam
1989 3002 2099 3038 'omnia
2121 3006 2250 3038 videant
2269 3016 2352 3047 quae
2371 3007 2460 3037 Deus
2479 3006 2514 3037 in
2534 3015 2582 3037 se-

397 3059 467 3085 sus,
491 3050 684 3089 inquantum
715 3055 762 3080 est
791 3059 919 3086 sensus,
951 3051 1106 3091 percipiat
1135 3050 1405 3091 magnitudinem;
1431 3056 1462 3081 et
1515 3051 1586 3091 ipso
1611 3050 1706 3081 videt.
1738 3051 1840 3089 Quia,
1865 3057 1901 3082 ut
1925 3051 2000 3082 dicit
2031 3050 2188 3087 Isidorus,
2212 3051 2246 3082 in
2275 3051 2357 3081 libro
2387 3050 2427 3081 de
2449 3050 2581 3082 Summo

396 3094 492 3129 visus,
520 3094 712 3134 inquantum
737 3098 783 3124 est
806 3094 876 3124 talis
899 3104 1020 3131 sensus,
1037 3095 1191 3135 percipiat
1214 3095 1375 3126 colorem:
1400 3096 1460 3126 im-
1474 3101 1499 3127 65
1514 3095 1610 3125 Bono
1627 3096 1654 3131 *‚
1678 3095 1790 3137 angeli
1806 3096 1838 3126 in
1857 3095 1956 3126 Verbo
1973 3095 2036 3126 Dei
2052 3095 2162 3126 omnia
2176 3095 2284 3126 sciunt
2297 3099 2470 3135 antequam
2479 3095 2580 3136 fiant.
2611 3104 2624 3134 ·,
2640 3103 2679 3125 ΑΙ.
2702 3102 2822 3132 Senum,

397 3137 548 3177 possibile
577 3143 623 3168 est
651 3137 740 3178 quod
769 3138 855 3168 visus
886 3139 1021 3179 accipiat
1050 3139 1171 3179 aliquid
1200 3139 1290 3179 quod
1318 3149 1387 3170 non
1415 3145 1463 3170 est
1516 3139 1579 3170 Sed
1603 3140 1702 3170 sancti
1725 3139 1854 3181 angelis
1876 3140 2028 3181 aequales
2045 3144 2161 3170 erunt:
2182 3143 2219 3170 ut
2240 3144 2327 3180 patet
2351 3139 2462 3170 Matth.
2479 3141 2581 3170 xxn'.
2610 3129 2741 3186 Ρῗὶξὶῖξό.
2762 3135 2823 3181 “·“7;

399 3181 489 3211 color
503 3191 563 3212 nec
579 3181 778 3222 magnitudo,
792 3183 852 3213 nisi
868 3192 979 3213 sensus
995 3183 1153 3214 diceretur
1169 3184 1356 3224 aequivoce.
1375 3183 1462 3215 Cum
1516 3184 1602 3224 Ergo
1627 3189 1658 3215 et
1681 3184 1790 3220 sancti,
1814 3183 1954 3215 videndo
1978 3184 2095 3220 Deum,
2119 3183 2229 3223 omnia
2250 3182 2414 3214 videbunt.
2610 3172 2822 3213 ammaim-³3³

399 3234 474 3265 ergo
498 3226 583 3256 visus
608 3231 638 3256 et
661 3235 772 3256 sensus
801 3227 840 3257 sit
868 3226 993 3258 futurus
1020 3227 1106 3258 idem
1134 3228 1241 3268 specie
1268 3229 1302 3258 in
1326 3238 1462 3269 corpore
1573 3237 1602 3259 2.
1627 3228 1824 3264 Parianus,
1849 3227 2033 3269 Gregorius,
2056 3227 2091 3258 in
2113 3226 2157 3257 IV
2171 3226 2307 3269 Dialog.
2324 3228 2351 3263 ’ἃ
2376 3227 2467 3259 dicit:
2496 3228 2583 3265 Quia
2610 3209 2669 3275 {ii-⁶⁸2
2683 3215 2743 3266 ἦρ’
2763 3215 2822 3237 ⁸⁸¹¹

398 3269 550 3309 glorioso,
570 3279 638 3300 non
661 3271 779 3310 poterit
802 3280 870 3302 esse
894 3271 984 3312 quod
1007 3271 1148 3302 divinam
1172 3273 1341 3303 essentiam
1356 3272 1462 3303 videat
1517 3272 1585 3303 illic
1608 3282 1718 3303 omnes
1740 3272 1903 3303 communi
1925 3271 2075 3302 claritate
2089 3270 2195 3301 Deum
2211 3272 2421 3312 conspiciunt,
2438 3272 2516 3314 quid
2538 3278 2585 3304 est
2635 3262 2692 3291 αρ’
2705 3268 2790 3287 '‘¹¹¹¹''

399 3314 481 3344 sicut
504 3314 626 3344 visibile
650 3324 706 3354 per
730 3324 772 3345 se.
1476 3327 1503 3348 70
1516 3316 1604 3357 quod
1627 3316 1670 3347 ibi
1693 3316 1852 3352 nesciant,
1878 3316 1932 3347 ubi
1953 3315 2103 3346 scientem
2128 3315 2237 3346 omnia
2260 3316 2393 3347 sciunt?
2422 3317 2583 3358 Loquitur

454 3356 582 3388 Videbit
605 3363 712 3389 autem
736 3368 807 3389 eam
837 3359 919 3389 sicut
947 3359 1070 3390 visibile
1100 3369 1157 3400 per
1185 3359 1348 3391 accidens:
1384 3359 1462 3391 dum
1517 3366 1626 3391 autem
1650 3360 1689 3391 de
1712 3361 1828 3396 beatis,
1853 3360 1910 3400 qui
1932 3359 2040 3390 Deum
2061 3359 2171 3390 vident
2197 3369 2255 3400 per
2285 3361 2464 3392 essentiam.
2495 3361 2581 3402 Ergo

401 3409 439 3430 ex
461 3406 549 3440 parte
571 3402 657 3432 visus
681 3402 855 3442 corporalis
878 3408 999 3434 tantam
1021 3404 1156 3443 gloriam
1179 3404 1239 3434 Dei
1263 3404 1410 3444 inspiciet
1429 3405 1462 3436 in
1517 3405 1574 3444 qui
1596 3404 1683 3435 videt
1706 3404 1814 3434 Deum
1837 3413 1894 3444 per
1918 3404 2097 3440 essentiam,
2123 3405 2232 3434 omnia
2256 3406 2432 3445 cognoscit.

402 3445 599 3484 corporibus,
625 3451 655 3476 et
678 3447 849 3486 praecipue
873 3446 1029 3486 gloriosis,
1055 3452 1085 3477 et
1107 3448 1246 3478 maxime
1268 3449 1302 3478 in
1326 3457 1463 3488 corpore
1573 3448 1603 3478 3.
1627 3448 1824 3483 Puni-anns,
1848 3448 1931 3478 sicut
1954 3446 2068 3478 dicitur
2090 3449 2124 3478 in
2148 3448 2189 3478 111
2213 3448 2252 3479 de
2274 3450 2392 3480 Anima
2407 3451 2434 3486 *,
2460 3450 2583 3481 intelle—
2611 3453 2822 3503 (CR-mms-

402 3487 536 3524 Christi;
568 3494 599 3519 et
622 3499 660 3519 ex
683 3495 771 3529 parte
796 3490 855 3520 alia
878 3490 1056 3521 intellectus
1084 3496 1150 3522 tam
1177 3491 1259 3522 clare
1286 3492 1394 3523 Deum
1416 3493 1462 3522 vi-
1517 3497 1596 3527 ctus,
1621 3501 1693 3522 cum
1717 3491 1870 3532 intelligit
1892 3492 2045 3528 maxima,
2069 3492 2176 3534 magis
2193 3497 2301 3534 potest
2323 3494 2506 3536 intelligere
2524 3494 2583 3524 mi·
2610 3480 2635 3502 δ’
2688 3480 2765 3503 ‘'⁰⁰‘'
2779 3486 2823 3503 '¹¹‘

401 3530 488 3562 debit
511 3531 600 3571 quod
627 3533 659 3563 in
688 3533 782 3564 rebus
809 3534 1015 3574 corporaliter
1038 3535 1111 3566 visis
1141 3535 1229 3566 Deus
1259 3536 1462 3576 percipietur,
1477 3547 1501 3567 75
1518 3535 1615 3566 m'ma.
1641 3535 1703 3566 Sed
1726 3535 1903 3566 maximum
1925 3536 2122 3577 intelligibile
2146 3542 2193 3567 est
2216 3537 2314 3569 Deus.
2338 3538 2424 3579 Ergo
2445 3539 2582 3569 maxime
