2878 4088
175 2661 186 2672 '
201 2660 266 2682 Vers.
283 2666 312 2688 15.

177 2925 187 2936 “
202 2923 268 2945 Vers.
285 2930 316 2952 ¹3-

411 196 457 232 58
646 195 909 242 QUAESTIO
939 195 1059 242 XXX,
1080 192 1371 232 ARTICULUS
1399 192 1441 238 ΙΙ,
1462 191 1507 227 III
1527 212 1551 216 —
1572 190 1835 236 QUAESTIO
1864 190 2000 239 XXXI,
2021 190 2314 230 ARTICULUS
2342 193 2356 229 I

407 275 517 314 agitur,
530 273 670 314 perfecte
687 274 802 310 curari;
816 279 847 304 et
863 273 937 304 ideo
954 279 1188 304 sacramentum
1205 272 1390 303 exeuntium
1403 279 1474 309 spe·
1529 269 1601 298 ralis
1624 269 1746 299 ablutio
1763 278 1801 299 ex
1823 269 1893 309 ipsa
1907 269 2042 300 naturali
2058 271 2251 310 proprietate
2267 271 2417 303 elementi
2433 272 2508 304 facit
2527 281 2597 303 cor-

407 319 526 348 cialiter
549 323 660 348 contra
682 318 805 348 veniale
836 317 1009 348 ordinatur.
1033 335 1055 339 —
1078 317 1141 348 Sed
1170 318 1233 347 hoc
1256 325 1324 346 non
1349 313 1474 343 videtur
1528 312 1674 351 poralem
1696 312 1958 343 mundationem:
1984 318 2015 344 et
2030 313 2104 344 ideo
2129 323 2255 354 semper
2271 324 2342 346 eam
2357 316 2441 347 facit.
2466 317 2528 348 Sed
2544 325 2597 347 ex-

407 372 529 392 verum.
554 362 639 400 Quia
661 363 860 403 poenitentia
883 361 1085 397 sufficienter,
1110 362 1206 391 etiam
1229 361 1262 390 in
1284 360 1363 393 vita,
1390 356 1474 386 delet
1528 361 1629 385 trema
1644 357 1755 387 unctio
1771 366 1839 387 non
1863 356 1938 388 facit
1962 358 2162 398 corporalem
2177 359 2376 391 sanationem
2392 370 2430 391 ex
2452 361 2596 402 proprie-

406 407 542 437 venialia
565 406 674 447 quoad
697 407 835 447 culpam.
870 406 969 444 Quod
1002 411 1110 435 autem
1132 414 1200 434 non
1230 407 1335 443 potest
1365 400 1473 430 evitari
1528 405 1592 430 tate
1607 401 1742 431 naturali
1757 402 1917 438 materiae,
1934 401 1990 432 sed
2005 402 2120 432 virtute
2140 402 2255 439 divina,
2273 412 2356 443 quae
2370 406 2597 436 rationabiliter

407 457 481 491 post
496 456 657 491 peractam
671 451 914 491 poenitentiam,
931 459 999 480 non
1016 449 1117 479 aufert
1135 445 1337 488 praecedenti
1360 444 1473 484 poeni·
1495 453 1504 473 1
1529 450 1688 484 operatur.
1713 445 1755 475 Et
1779 446 1854 485 quia
1876 446 1956 476 ratio
1981 455 2117 486 operans
2140 456 2308 488 nunquam
2338 448 2460 480 inducit
2482 459 2596 480 secun-

407 495 524 526 tentiae
547 504 643 525 suum
666 494 825 526 effectum.
841 513 864 517 -
887 495 927 524 Et
943 495 1057 524 iterum
1076 493 1139 522 hoc
1154 491 1291 531 pertinet
1307 487 1346 518 ad
1362 487 1473 518 debili-
1529 487 1654 518 darium
1678 488 1827 520 effectum
1850 490 1911 520 nisi
1934 490 2114 521 secundum
2146 491 2237 531 quod
2260 493 2387 532 expedit
2410 493 2450 524 ad
2478 494 2596 534 princi-

408 544 507 570 tatem
529 539 733 579 praedictam,
1527 533 1645 572 palem,
1667 532 1741 563 ideo
1767 543 1805 564 ex
1827 534 1891 564 hoc
1919 540 2118 565 sacramento
2149 545 2218 566 non
2247 537 2392 576 sequitur
2421 538 2596 578 corporalis

464 583 557 614 Unde
581 583 753 614 dicendum
777 581 866 622 quod
888 580 1069 621 principalis
1093 577 1223 608 effectus
1247 577 1342 606 huius
1372 584 1473 605 sacra·
1527 578 1650 607 sanatio
1674 587 1810 618 semper,
1827 577 1883 608 sed
1907 578 2037 618 quando
2067 579 2194 619 expedit
2217 580 2257 610 ad
2286 581 2483 621 spiritualem
2507 591 2596 612 sana—

407 628 509 658 menti
532 633 578 658 est
606 628 750 658 remissio
774 630 980 666 peccatorum
1015 621 1123 662 quoad
1152 621 1301 661 reliquias
1332 620 1472 659 peccati;
1527 621 1660 651 tionem.
1685 622 1726 652 Et
1749 627 1827 652 tune
1850 631 1976 662 semper
2001 632 2072 653 eam
2094 623 2233 654 inducit:
2263 624 2443 656 dummodo
2466 635 2534 656 non
2557 626 2596 656 sit

409 677 440 702 et
463 682 501 703 ex
524 672 734 712 consequenti
758 671 852 700 etiam
877 667 984 707 quoad
1007 666 1152 705 culpam,
1179 665 1204 694 si
1228 674 1299 695 eam
1322 664 1472 694 inveniat.
1488 672 1514 687 10
1527 665 1796 706 impedimentum
1821 676 1859 697 ex
1881 672 1970 707 parte
1993 667 2184 708 recipientis.

463 717 514 746 AD
538 726 654 746 PmMUM
677 724 759 745 nuno
783 722 941 743 DICENDUM
961 709 1059 750 quod,
1077 709 1223 749 quamvis
1240 708 1371 739 effectus
1387 709 1473 748 prin·
1581 710 1632 740 AD
1656 720 1774 740 PRIMUM
1797 720 1880 741 ERoo
1911 721 2071 742 D1c13NDUM
2104 711 2194 752 quod
2227 713 2367 744 obiectio
2399 713 2452 744 illa
2481 714 2597 754 probat

409 760 518 800 cipalis
542 760 674 790 alicuius
698 757 884 788 sacramenti
907 755 1008 794 possit
1030 754 1139 783 haberi
1162 753 1230 783 sine
1263 753 1378 783 actuali
1401 762 1473 793 per-
1528 754 1618 794 quod
1642 755 1815 795 corporalis
1839 756 1954 785 sanitas
1977 765 2045 786 non
2069 756 2109 786 sit
2132 755 2263 787 effectus
2293 758 2477 798 principalis
2500 758 2596 789 huius

409 805 557 844 ceptione
573 804 656 834 illius
672 801 867 835 sacramenti,
880 799 930 828 vel
945 799 1012 828 sine
1029 803 1239 833 sacramento,
1251 797 1302 827 vel
1313 806 1371 837 per
1387 796 1474 827 aliud
1528 799 1725 829 sacramenti.
1750 800 1790 830 Et
1813 800 1877 830 hoc
1900 809 2013 831 verum
2037 806 2092 831 est.

408 853 640 878 sacramentum
657 856 694 876 ex
711 843 937 883 consequenti;
961 851 1130 882 nunquam
1145 847 1253 872 tamen
1273 842 1382 872 haberi
1400 846 1473 881 pot-
1581 843 1632 873 AD
1657 853 1820 874 SECUNDUM
1842 849 1930 884 patet
1952 845 2071 875 solutio
2097 855 2135 876 ex
2159 845 2249 876 dictis
2265 847 2291 877 ἦ

410 898 456 923 est
478 893 545 922 sine
567 890 733 931 proposito
757 888 840 918 illius
864 887 1060 916 sacramenti.
1085 886 1126 916 Et
1149 885 1233 922 ideo,
1262 886 1337 926 quia
1360 886 1473 925 poeni·
1488 900 1511 920 ις
1582 887 1633 917 AD
1657 898 1792 918 TERTIUM
1814 898 1975 919 mcENDUM
1998 889 2088 929 quod
2103 890 2204 920 oratio
2229 890 2283 921 illa
2306 895 2352 921 est
2374 890 2477 921 forma
2500 890 2596 921 huius

409 937 506 966 tentia
530 940 575 965 est
598 933 811 974 principaliter
834 931 976 961 instituta
999 936 1110 961 contra
1134 930 1292 961 actualem
1324 930 1471 970 culpam,
1527 932 1725 967 sacramenti,
1742 937 1778 963 ut
1802 932 1924 963 dicetur
1939 934 1965 963 *ἃ
1994 933 2035 964 Et
2050 933 2124 964 ideo
2141 935 2205 965 hoc
2224 941 2468 972 sacramentum,
2486 940 2518 966 et
2539 944 2597 965 sua

409 979 638 1020 quodcumque
662 976 747 1006 aliud
770 981 1004 1005 sacramentum
1027 975 1185 1005 actualem
1217 975 1346 1014 culpam
1370 974 1473 1004 deleat
1526 974 1640 1012 forma,
1656 976 1751 1007 habet
1767 976 1951 1013 efficaciam,
1969 984 2126 1018 quantum
2143 984 2189 1009 est
2212 978 2251 1010 de
2275 989 2319 1016 se,
2336 979 2376 1010 ad
2396 980 2596 1010 sanationem

409 1034 446 1054 ex
469 1021 687 1062 consequenti,
703 1029 771 1050 non
795 1018 933 1049 excludit
955 1020 1178 1049 necessitatem
1200 1019 1426 1059 poenitentiae.
1528 1020 1739 1060 corporalem.

461 1067 511 1097 AD
535 1074 696 1096 SECUNDUM
728 1073 888 1093 DmENDUM
922 1063 1012 1103 quod
1045 1069 1185 1094 extrema
1218 1064 1330 1093 unctio
1361 1063 1470 1102 aliquo

406 1111 505 1141 modo
529 1115 685 1149 quantum
709 1107 748 1138 ad
776 1107 830 1138 illa
853 1108 911 1137 tria
941 1108 1072 1138 remittit
1101 1112 1280 1148 peccatum.
1316 1107 1472 1144 Quamvis
1487 1120 1513 1135 πο
1548 1091 1648 1122 ART·
1666 1091 1717 1122 ΠΙ·
1742 1102 1847 1122 UTRUM
1862 1102 1926 1123 Ποῦ
1942 1103 2169 1125 SACRAMENTUM
2184 1105 2333 1126 fflPRfflAT
2349 1106 2575 1127 CHARACTEREM

407 1156 492 1186 enim
516 1154 609 1194 culpa
633 1151 741 1192 quoad
762 1152 922 1182 maculam
938 1153 1006 1182 sine
1030 1152 1223 1182 contritione
1242 1161 1311 1182 non
1334 1151 1472 1181 dimitta-
1739 1146 1773 1168 W
1786 1146 1863 1174 Sent„
1879 1147 1933 1170 ‘15⁸1-
1948 1154 2016 1175 ¹¹¹¹¹›
2031 1154 2070 1176 ⁴1²¹·
2086 1154 2112 1175 ¹¹·
2127 1152 2169 1171 ἠ·
2186 1156 2210 1176 ¹.
2225 1151 2269 1178 qu·
2283 1156 2304 1179 3,
2319 1151 2348 1172 ud
2364 1158 2383 1173 ¹·

407 1205 467 1235 tur,
483 1204 590 1228 tamen
613 1198 676 1227 hoc
700 1201 934 1227 sacramentum
957 1206 1014 1236 per
1037 1197 1170 1236 gratiam
1194 1205 1292 1236 quam
1314 1194 1471 1231 infundit,
1528 1205 1613 1269 AD
1641 1206 1776 1227 TER'rmM
1806 1207 1852 1227 stc
1881 1207 2086 1229 PRoeanUR.
2121 1199 2255 1230 Videtur
2286 1200 2376 1240 quod
2402 1202 2466 1232 hoc
2495 1212 2596 1233 sacra-

406 1243 479 1273 facit
503 1242 591 1282 quod
614 1241 666 1271 ille
690 1246 798 1271 motus
821 1241 912 1271 liberi
935 1241 1053 1271 arbitrii
1075 1241 1110 1271 in
1139 1246 1309 1281 peccatum
1332 1241 1371 1270 sit
1394 1249 1472 1270 con·
1592 1246 1740 1272 mentum
1770 1242 1932 1281 imprimat
1966 1242 2190 1274 characterem.
2227 1243 2398 1275 Character
2432 1246 2519 1276 enim
2556 1247 2597 1277 si-

406 1288 506 1317 tritio:
531 1287 612 1316 sicut
636 1286 731 1316 etiam
754 1286 788 1315 in
811 1285 1009 1316 Eucharistia
1033 1290 1064 1315 et
1091 1284 1336 1315 confirmatione
1366 1289 1473 1324 potest
1526 1294 1628 1325 gnum
1652 1284 1875 1323 distinctivum,
1893 1291 1949 1316 est.
1974 1286 2053 1322 Sed,
2077 1288 2159 1317 sicut
2182 1288 2360 1328 baptizatus
2392 1288 2596 1330 distinguitur

407 1330 556 1362 accidere.
573 1349 595 1352 —
619 1329 768 1360 Similiter
801 1330 897 1360 etiam
925 1335 956 1360 et
979 1335 1103 1360 reatum
1132 1339 1258 1370 poenae
1288 1329 1473 1369 temporalis
1487 1341 1510 1362 ες
1527 1339 1545 1360 a
1567 1339 1636 1360 non
1659 1330 1830 1370 baptizato,
1847 1331 1891 1360 ita
1913 1335 2030 1361 unctus
2054 1340 2072 1361 a
2093 1341 2162 1362 non
2185 1338 2296 1363 uncto.
2319 1333 2417 1373 Ergo,
2437 1334 2520 1364 sicut
2542 1334 2598 1364 ba-

407 1375 565 1406 diminuit:
587 1373 642 1404 sed
658 1384 696 1404 ex
713 1374 934 1414 consequenti,
951 1375 1144 1415 inquantum
1164 1374 1359 1404 debilitatem
1374 1373 1471 1409 tollit,
1526 1374 1663 1414 ptismus
1685 1375 1840 1415 imprimit
1864 1375 2088 1411 characterem,
2105 1376 2148 1406 ita
2172 1381 2203 1406 et
2227 1382 2366 1408 extrema
2385 1378 2507 1408 unctio.

406 1420 480 1460 quia
508 1418 643 1449 eandem
674 1428 813 1458 poenam
837 1418 938 1449 levius
970 1424 1076 1459 portat
1099 1417 1189 1449 fortis
1219 1428 1318 1459 quam
1350 1417 1471 1448 debilis.
1583 1428 1613 1448 2.
1637 1419 1834 1455 PRAETEREA,
1858 1419 1892 1449 in
1916 1419 2036 1450 ordinis
2060 1425 2091 1450 et
2114 1420 2367 1452 confirmationis
2393 1423 2597 1454 sacramentis

406 1463 497 1494 Unde
520 1473 588 1493 non
612 1468 740 1503 oportet
763 1462 852 1503 quod
867 1468 1000 1503 propter
1022 1463 1086 1494 hoc
1108 1463 1271 1493 minuatur
1287 1462 1473 1493 satisfactio·
1527 1468 1575 1493 est
1593 1464 1715 1500 unctio,
1733 1463 1815 1493 sicut
1829 1464 1863 1493 in
1878 1463 1942 1494 hoc
1958 1470 2167 1495 sacramento.
2193 1464 2256 1496 Sed
2271 1466 2305 1496 in
2320 1466 2381 1497 illis
2404 1467 2598 1507 imprimitur

405 1509 453 1538 nis
476 1517 634 1538 mensura.
650 1525 673 1529 —
695 1507 862 1547 Reliquiae
885 1513 994 1538 autem
1016 1508 1141 1548 peccati
1163 1517 1231 1538 non
1247 1507 1397 1537 dicuntur
1419 1507 1471 1537 hic
1527 1508 1697 1538 character.
1721 1508 1807 1547 Ergo
1832 1512 1863 1538 et
1886 1508 1919 1538 in
1942 1508 2014 1538 isto.

406 1552 630 1592 dispositiones
646 1561 684 1582 ex
707 1552 829 1582 actibus
845 1552 983 1588 relictae,
1001 1561 1084 1592 quae
1103 1557 1177 1582 sunt
1193 1551 1325 1593 quidam
1347 1551 1472 1581 habitus
1488 1563 1513 1583 ιο
1583 1552 1613 1582 3.
1638 1552 1834 1588 PRAETEREA,
1851 1552 1885 1582 in
1908 1553 1998 1582 omni
2014 1558 2213 1584 sacramento
2238 1559 2285 1584 est
2299 1554 2421 1595 aliquid
2444 1554 2534 1596 quod
2551 1561 2598 1587 est

405 1596 564 1627 inchoati:
596 1595 652 1626 sed
675 1595 834 1636 quaedam
857 1596 1026 1636 spiritualis
1050 1595 1194 1627 debilitas
1217 1597 1251 1626 in
1274 1596 1342 1636 ipsa
1364 1601 1473 1626 mente
1526 1605 1575 1626 res
1598 1602 1733 1633 tantum,
1751 1602 1783 1627 et
1805 1596 1927 1637 aliquid
1950 1596 2040 1636 quod
2064 1602 2111 1627 est
2133 1604 2369 1630 sacramentum
2398 1604 2541 1637 tantum,
2565 1605 2598 1631 et

405 1641 550 1677 existens,
565 1650 629 1681 qua
644 1641 776 1678 sublata,
790 1646 821 1671 et
837 1640 957 1671 eisdem
972 1641 1131 1671 habitibus
1143 1641 1193 1671 vel
1210 1640 1473 1680 dispositionibus
1527 1640 1648 1681 aliquid
1680 1640 1770 1681 quod
1800 1646 1848 1671 est
1876 1650 1925 1671 res
1955 1646 1987 1671 et
2016 1647 2270 1673 sacramentum..
2301 1643 2364 1674 Sed
2393 1653 2462 1675 non
2490 1649 2598 1685 potest

403 1685 616 1721 manentibus,
633 1695 701 1715 non
724 1685 767 1715 ita
799 1690 906 1725 potest
934 1685 1079 1716 inclinari
1109 1694 1200 1716 mens
1223 1684 1262 1715 ad
1292 1690 1471 1725 peccatum.
1527 1685 1648 1725 aliquid
1671 1685 1821 1725 assignari
1843 1685 1876 1715 in
1899 1685 1963 1716 hoc
1979 1692 2177 1717 sacramento
2202 1686 2292 1727 quod
2315 1688 2354 1718 sit
2368 1698 2418 1719 res
2442 1693 2473 1719 et
2496 1698 2597 1720 sacra-

459 1730 509 1759 AD
533 1739 669 1759 Tum-mm
691 1739 851 1759 DICENDUM
868 1729 968 1770 quod,
986 1729 1117 1770 quando
1141 1734 1215 1760 sunt
1230 1729 1351 1760 multae
1374 1729 1472 1759 actio-
1526 1734 1674 1760 mentum
1696 1730 1758 1760 nisi
1781 1730 1951 1760 character.
1976 1730 2062 1771 Ergo
2085 1731 2118 1761 in
2141 1731 2205 1762 hoc
2225 1738 2424 1763 sacramento
2440 1733 2597 1774 imprimi-

404 1783 461 1804 nes
485 1773 648 1804 ordinatae
672 1773 712 1804 ad
735 1783 839 1804 unum
862 1773 1027 1810 effectum,
1054 1773 1167 1804 ultima
1191 1779 1237 1804 est
1260 1773 1402 1803 formalis
1424 1783 1473 1804 re—
1489 1785 1511 1806 35
1527 1779 1579 1804 tur
1602 1774 1772 1804 character.

405 1823 516 1858 spectu
540 1819 689 1848 omnium
711 1818 983 1858 praecedentium,
1012 1823 1044 1848 et
1066 1818 1130 1858 agit
1153 1819 1187 1848 in
1209 1818 1325 1848 virtute
1353 1827 1472 1848 earum.
1583 1818 1646 1849 SED
1671 1828 1805 1854 CONTRA,
1821 1818 1949 1848 nullum
1971 1824 2205 1850 sacramentum
2228 1821 2416 1861 imprimens
2437 1822 2597 1852 characte-

404 1862 445 1892 Et
468 1862 542 1892 ideo
565 1863 599 1892 in
622 1863 735 1893 ultima
765 1863 920 1893 unctione
943 1863 1043 1903 gratia
1069 1862 1266 1899 infunditur,
1292 1871 1376 1902 quae
1399 1861 1474 1892 effe·
1527 1872 1595 1893 rem
1618 1863 1757 1893 iteratur.
1782 1863 1857 1893 Hoc
1880 1868 1988 1893 autem
2010 1863 2149 1900 iteratur,
2167 1870 2204 1895 ut
2227 1865 2350 1896 dicetur
2364 1867 2390 1896 ’ἃ
2420 1866 2506 1907 Ergo
2529 1875 2598 1897 non

406 1912 493 1937 ctum
517 1913 716 1937 sacramento
739 1908 881 1947 praebet.
1527 1907 1682 1947 imprimit
1705 1907 1928 1937 characterem.-

1584 1960 1613 1981 2.
1638 1951 1834 1987 Pam-ruam,
1851 1951 2012 1982 distinctio
2029 1961 2111 1992 quae
2127 1951 2163 1983 fit
2184 1953 2364 1984 secundum
2384 1954 2598 1986 characterem

1488 2005 1515 2026 40
1528 1995 1799 2032 sacramentalem,
1816 2001 1863 2026 est
1886 1995 2047 2026 distinctio
2071 2006 2185 2027 eorum
2209 1999 2266 2038 qui
2289 2003 2364 2029 sunt
2385 1999 2419 2029 in
2439 1999 2598 2039 praesenti

1528 2039 1681 2070 Ecclesia.
1706 2039 1769 2070 Sed
1785 2045 1925 2070 extrema
1947 2041 2058 2070 unctio
2076 2040 2239 2072 confertur
2255 2043 2284 2072 ei
2300 2043 2357 2083 qui
2373 2043 2436 2073 exit
2451 2043 2492 2074 de
2506 2052 2597 2084 prae—

1529 2084 1610 2114 senti
1632 2084 1786 2114 Ecclesia.
1810 2084 1896 2124 Ergo
1912 2094 1980 2115 non
1997 2084 2089 2115 decet
2105 2085 2195 2125 quod
2218 2087 2252 2117 in
2276 2096 2315 2117 eo
2335 2087 2497 2118 character
2519 2097 2598 2118 con-

407 2138 489 2202 ΑΒ
514 2137 677 2158 SECUNDUM
705 2137 750 2158 sic
773 2137 978 2157 pnoeamrua.
1003 2126 1137 2157 Videtur
1159 2126 1249 2166 quod
1264 2127 1380 2157 sanitas
1404 2136 1474 2157 cor·
1528 2127 1656 2158 feratur.

470 2172 587 2212 poralis
610 2181 678 2202 non
702 2172 741 2202 sit
765 2171 895 2202 effectus
918 2172 1014 2201 huius
1037 2171 1234 2201 sacramenti.
1260 2171 1367 2201 Omne
1388 2172 1474 2202 enim
1583 2173 1773 2203 Rnsponnno
1802 2182 1963 2203 meerDUM
1996 2172 2085 2213 quod
2118 2174 2278 2205 character
2306 2184 2375 2206 non
2406 2176 2599 2216 imprimitur

406 2222 640 2247 sacramentum
664 2221 710 2246 est
733 2215 892 2246 medicina
916 2216 1095 2255 spiritualis.
1128 2214 1191 2246 Sed
1213 2216 1383 2255 spiritualis
1406 2225 1474 2246 me·
1489 2231 1512 2250 45
1528 2217 1589 2247 nisi
1612 2217 1645 2247 in
1668 2217 1729 2247 illis
1761 2218 1965 2247 sacramentis
1988 2218 2022 2248 in
2045 2218 2162 2258 quibus
2195 2219 2296 2250 homo
2328 2218 2368 2250 ad
2396 2219 2528 2260 aliquod
2550 2230 2600 2251 sa-

407 2261 511 2291 dicina
534 2260 574 2291 ad
590 2261 786 2300 spiritualem
809 2261 977 2290 sanitatem
1000 2259 1174 2296 ordinatur,
1199 2260 1281 2290 sicut
1301 2260 1475 2300 corporalis
1530 2271 1621 2291 crum
1645 2260 1825 2301 deputatur.
1850 2260 1914 2292 Sed
1936 2262 1999 2292 hoc
2032 2269 2267 2294 sacramentum
2291 2269 2338 2294 est
2364 2264 2471 2294 solum
2493 2265 2527 2295 in
2550 2274 2600 2295 re-

407 2305 447 2335 ad
470 2305 680 2345 corporalem.
712 2305 797 2344 Ergo
831 2305 946 2335 sanitas
970 2304 1144 2344 corporalis
1174 2314 1242 2334 non
1267 2310 1313 2334 est
1344 2303 1475 2335 effectus
1529 2305 1684 2342 medium,
1710 2310 1741 2335 et
1764 2315 1832 2335 non
1862 2305 2033 2346 deputatur
2055 2315 2113 2346 per
2134 2307 2242 2347 ipsum
2274 2308 2376 2339 homo
2405 2307 2444 2339 ad
2467 2308 2600 2349 aliquod

407 2350 502 2380 huius
526 2349 724 2380 sacramenti.
1530 2359 1655 2380 sacrum
1679 2349 1839 2389 agendum
1862 2350 1913 2380 vel
1929 2350 2179 2391 suscipiendum.
2204 2352 2245 2382 Et
2262 2352 2337 2383 ideo
2352 2362 2421 2383 non
2443 2353 2600 2393 imprimi-

464 2404 494 2424 2.
510 2394 706 2429 Pam-mm,
720 2398 954 2423 sacramentum
966 2401 1092 2433 semper
1106 2393 1202 2423 habet
1218 2392 1368 2423 effectum
1380 2402 1476 2423 suum
1529 2400 1581 2424 tur
1603 2395 1637 2424 in
1661 2403 1700 2424 eo
1726 2395 1895 2424 character.

408 2439 441 2468 in
465 2448 504 2468 eo
529 2438 585 2478 qui
608 2447 675 2468 non
699 2437 792 2468 fictus
808 2437 939 2468 accedit.
965 2436 1028 2468 Sed
1044 2436 1242 2477 quandoque
1265 2447 1333 2467 non
1349 2443 1477 2467 sanatur
1491 2451 1517 2471 ⁵0
1585 2439 1636 2468 AD
1660 2448 1777 2468 PRIMUM
1800 2448 1883 2469 ERGO
1907 2448 2067 2470 mcUNDUM
2091 2439 2181 2480 quod
2204 2441 2365 2472 character
2392 2441 2467 2472 facit
2489 2441 2599 2472 distin-

409 2483 616 2523 corporaliter
631 2482 806 2522 suscipiens
829 2483 893 2512 hoc
914 2486 1159 2517 sacramentum,
1176 2487 1476 2522 quantumcumque
1531 2483 1673 2513 ctionem
1697 2488 1838 2513 statuum
1870 2489 2028 2523 quantum
2061 2483 2100 2514 ad
2124 2494 2161 2515 ea
2184 2494 2267 2525 quae
2290 2486 2323 2516 in
2351 2485 2495 2516 Ecclesia
2525 2491 2600 2517 sunt

409 2526 543 2557 devotus
566 2527 709 2567 accipiat.
734 2526 820 2566 Ergo
843 2526 958 2557 sanitas
983 2525 1156 2566 corporalis
1179 2536 1248 2556 non
1271 2531 1318 2556 est
1345 2525 1476 2557 effectus
1531 2527 1662 2567 agenda.
1687 2527 1728 2558 Et
1750 2527 1847 2558 talem
1870 2527 2108 2559 distinctionem
2131 2529 2233 2559 homo
2256 2539 2325 2560 non
2351 2530 2447 2561 habet
2470 2530 2508 2560 ab
2532 2524 2603 2561 aliis

410 2571 487 2601 eius.
1530 2581 1588 2612 per
1610 2572 1674 2602 hoc
1697 2571 1787 2612 quod
1809 2572 1878 2612 ipse
1902 2578 1949 2602 est
1971 2573 2133 2604 inunctus.

466 2615 494 2646 3.
518 2615 716 2651 PRAETEREA,
734 2614 874 2645 efficacia
896 2615 992 2645 huius
1015 2615 1204 2645 sacramenti
1218 2615 1313 2645 nobis
1337 2614 1477 2646 ostendi·
1586 2616 1637 2646 AD
1661 2626 1823 2646 SECUNDUM
1846 2626 2006 2647 mcmmUM
2023 2617 2113 2657 quod
2135 2619 2247 2649 unctio
2272 2627 2355 2658 quae
2378 2618 2415 2649 fit
2429 2619 2463 2649 in
2487 2617 2600 2650 ordine

409 2665 460 2690 tur
484 2660 543 2690 Iac.
560 2670 580 2688 v
595 2660 622 2690 *.
646 2659 710 2690 Sed
732 2660 775 2689 ibi
798 2669 866 2690 non
895 2659 1075 2690 attribuitur
1105 2659 1227 2689 sanatio
1262 2658 1393 2690 effectus
1416 2669 1477 2690 un-
1492 2671 1515 2692 55
1532 2666 1563 2690 et
1586 2660 1841 2697 confirmatione,
1859 2666 1906 2691 est
1927 2661 2039 2692 unctio
2064 2663 2323 2699 consecrationis,
2341 2672 2405 2703 qua
2420 2663 2521 2694 homo
2545 2662 2600 2694 de-

411 2704 518 2740 ctioni,
535 2703 590 2734 sed
613 2704 766 2734 orationi:
792 2703 868 2734 dicit
883 2704 986 2734 enim:
1015 2703 1130 2734 Oratio
1143 2703 1229 2745 fidei
1243 2704 1372 2734 sanabit
1387 2704 1476 2745 infir·
1531 2710 1661 2745 putatur
1685 2705 1724 2735 ad
1747 2704 1879 2745 aliquod
1909 2715 2044 2736 sacrum.
2081 2706 2143 2737 Sed
2174 2707 2254 2738 haec
2277 2708 2388 2738 unctio
2413 2712 2460 2738 est
2487 2707 2598 2738 unctio

411 2757 505 2778 mum.
530 2748 615 2788 Ergo
640 2748 814 2788 corporalis
837 2748 960 2778 sanatio
983 2757 1052 2778 non
1076 2753 1122 2778 est
1146 2747 1278 2778 effectus
1310 2749 1406 2779 huius
1429 2758 1477 2778 sa-
1531 2749 1762 2780 medicationis.
1787 2749 1828 2779 Et
1850 2749 1924 2780 ideo
1948 2760 2016 2780 non
2040 2755 2087 2781 est
2109 2751 2222 2782 simile.

413 2793 573 2822 eramenti.
1586 2794 1638 2823 AD
1662 2803 1797 2824 Taurum
1819 2804 1981 2824 DrcaNDUM
2004 2794 2094 2834 quod
2116 2796 2150 2826 in
2180 2796 2244 2826 hoc
2274 2801 2473 2826 sacramento
2496 2805 2545 2826 res
2569 2801 2600 2826 et

463 2836 525 2866 SED
542 2846 674 2872 CONTRA,
688 2836 832 2877 operatio
844 2836 1005 2867 Ecclesiae
1021 2837 1116 2867 habet
1131 2837 1287 2867 maiorem
1304 2836 1477 2867 efficaciam
1531 2843 1766 2869 sacramentum
1788 2848 1857 2868 non
1881 2844 1927 2868 est
1951 2839 2121 2876 character,
2138 2839 2194 2870 sed
2217 2839 2376 2880 quaedam
2391 2840 2522 2870 interior
2545 2839 2600 2871 de-

412 2886 485 2919 post
508 2880 624 2911 Christi
647 2881 829 2920 passionem
847 2890 944 2921 quam
968 2886 1050 2911 ante.
1076 2880 1139 2912 Sed
1162 2886 1234 2911 ante
1255 2881 1330 2911 oleo
1353 2882 1477 2912 inuncti
1491 2887 1518 2907 ⁶0
1531 2883 1631 2919 votio,
1650 2892 1732 2923 quae
1757 2888 1804 2913 est
1826 2883 1996 2923 spiritualis
2019 2884 2141 2914 unctio.

412 2933 469 2963 per
491 2924 666 2964 Apostolos
689 2925 894 2955 sanabantur:
925 2930 961 2955 ut
991 2930 1078 2965 patet
1108 2925 1205 2955 Mare.
1229 2935 1260 2955 Vl
1276 2926 1302 2955 ἦ
1336 2926 1422 2966 Ergo
1447 2931 1478 2956 et

413 2978 499 2998 nunc
522 2969 616 2999 habet
639 2968 788 2999 effectum
811 2969 844 2999 in
868 2969 1027 3009 corporali
1051 2969 1225 3000 sanatione.
1710 2959 1964 3004 QUAESTIO
1987 2961 2420 2996 TRIGESIMAPRIMA

471 3022 499 3042 2.
515 3012 710 3049 PRAETEREA,
727 3019 922 3044 sacramenta
945 3013 1155 3054 significando
1173 3013 1324 3044 efficiunt.
1345 3013 1408 3045 Sed
1423 3014 1478 3045 ba·
1627 3027 1672 3052 DE
1691 3027 1856 3052 MlNlSTRO
1875 3027 2095 3053 SACRAMENTI
2113 3027 2303 3053 EXTREMAE
2322 3027 2505 3053 UNCTIONIS

414 3056 548 3096 ptismus
570 3067 627 3096 per
650 3058 847 3088 ablutionem
872 3058 1083 3098 corporalem,
1105 3067 1204 3098 quam
1226 3059 1362 3089 exterius
1386 3058 1476 3095 facit,

415 3099 568 3139 significat
592 3107 622 3131 et
645 3101 739 3132 efficit
755 3102 960 3142 spiritualem.
984 3102 1070 3142 Ergo
1088 3107 1119 3132 et
1135 3107 1275 3133 extrema
1294 3103 1405 3133 unctio
1421 3113 1479 3143 per
1492 3107 1516 3134 65
1597 3115 1689 3135 amne
1714 3103 1983 3135 considerandum
2006 3109 2052 3134 est
2075 3103 2116 3135 de
2137 3102 2408 3135 administratione
2431 3104 2526 3135 huius
2551 3114 2599 3135 sa-

416 3145 611 3174 sanationem
636 3146 845 3185 corporalem,
867 3156 965 3187 quam
989 3147 1124 3177 exterius
1148 3145 1253 3183 efficit,
1270 3146 1425 3187 significat
1449 3153 1480 3178 et
1537 3116 1751 3180 Dcramenti
1766 3150 1794 3179 ⁸&

491 1977 646 2008 ART.11.
671 1987 776 2008 UTRUM
799 1987 924 2008 saurus
948 1987 1139 2007 conportans
1162 1987 1208 2007 srr
1231 1986 1385 2007 urraca-us

774 2032 865 2052 HUIUS
894 2031 1087 2052 SACRAMENH

750 2076 783 2097 IV
799 2077 865 2098 Cont.
884 2076 964 2103 Gent„
979 2082 1030 2103 cap.
1045 2082 1124 2098 Luxin-

418 3193 523 3218 causat
546 3189 749 3228 spiritualem.
1534 3193 1628 3224 Circa
1651 3192 1742 3233 quod
1763 3193 1822 3223 tria
1845 3198 2051 3233 quaeruntur.

471 3232 657 3263 Rrspommo
681 3243 839 3264 DICENDUM
855 3234 954 3274 quod,
972 3235 1053 3265 sicut
1073 3235 1249 3276 baptismus
1265 3244 1322 3275 per
1342 3235 1479 3266 ablutio·
1588 3238 1713 3268 Primo:
1738 3242 1846 3268 utrum
1869 3237 1967 3268 laicus
1990 3237 2091 3277 possit
2105 3237 2169 3267 hoc
2192 3242 2426 3268 sacramentum
2442 3237 2597 3269 conferre.

417 3284 492 3305 nem
516 3277 713 3316 corporalem
735 3277 809 3308 facit
831 3279 1027 3318 spiritualem
1043 3279 1306 3310 emundationem
1329 3289 1347 3310 a
1369 3289 1479 3310 macu-
1589 3281 1757 3312 Secundo:
1781 3286 1890 3312 utrum
1913 3280 2078 3312 diaconus.

418 3318 455 3348 lis
478 3320 700 3359 spiritualibus,
724 3322 767 3351 ita
789 3323 852 3352 hoc
882 3329 1115 3354 sacramentum
1145 3334 1203 3364 per
1231 3323 1479 3355 medicationem
1493 3332 1520 3353 70
1589 3326 1716 3357 Tertio:
1740 3331 1849 3356 utrum
1872 3325 1959 3356 solus
1983 3326 2163 3366 episcopus.

419 3364 676 3394 sacramentalem
699 3366 886 3396 exteriorem
909 3366 984 3397 facit
999 3368 1198 3399 sanationem
1221 3369 1422 3399 interiorem:
1448 3374 1480 3399 et

420 3406 500 3436 sicut
523 3407 642 3437 ablutio
658 3409 805 3448 baptismi
828 3411 922 3440 habet
938 3411 1087 3442 effectum
1103 3413 1276 3453 corporalis
1297 3412 1478 3449 ablutionis,

421 3450 495 3489 quia
519 3452 612 3481 etiam
636 3453 835 3491 corporalem
864 3455 1107 3487 mundationem
1130 3457 1242 3494 habet;
1274 3457 1317 3488 ita
1341 3462 1480 3488 extrema

420 3494 530 3524 unctio
546 3495 639 3525 habet
663 3495 811 3526 effectum
828 3499 999 3538 corporalis
1020 3500 1250 3538 medicationis,
1267 3501 1387 3532 scilicet
1410 3511 1479 3532 eor·
1599 3511 1619 3532 D
1651 3511 1767 3532 PmMUM
1790 3511 1835 3532 sxc
1858 3510 2062 3532 PROCEDrrUR.
2096 3501 2230 3532 Videtur
2261 3502 2351 3542 quod
2378 3503 2474 3533 etiam
2501 3503 2600 3534 laicus

421 3537 564 3577 poralem
587 3540 793 3570 sanationem.
818 3540 880 3571 Sed
898 3542 975 3573 haec
999 3549 1045 3574 est
1062 3544 1247 3583 differentia,
1264 3546 1340 3586 quia
1363 3555 1480 3587 corpo-
1494 3561 1518 3583 75
1535 3513 1701 3586 Apossit
1715 3546 1779 3576 hoc
1797 3551 2031 3576 sacramentum
2047 3545 2202 3577 conferre.
2227 3546 2312 3585 Quia
2333 3547 2397 3578 hoc
2423 3556 2600 3578 sacramen-

1745 3391 1846 3422 ART.
1864 3391 1886 3421 I.
1911 3400 2016 3421 UTRUM
2039 3401 2133 3421 rtrum
2156 3401 2263 3422 LAICUS
2286 3401 2390 3422 rossrr

1822 3445 1886 3466 noc
1909 3442 2134 3465 sACRAMENrUM
2158 3445 2319 3466 conrnune

2623 853 2634 863 ·
2647 851 2672 873 1n
2686 857 2751 879 corp.
2762 855 2785 874 et
2794 858 2835 881 qu.

2623 884 2686 905 xxxx,
2697 882 2739 901 art.
2750 878 2772 900 8.

2623 941 2634 951 ·
2648 938 2681 960 lv
2695 938 2770 966 seut„
2781 938 2835 961 diet.

2623 972 2690 1005 xxi-n,
2697 971 2736 994 qu.
2742 971 2757 993 ι,
2763 969 2835 1014 qne?

2623 998 2752 1074 ΞΞρξῖἓ.
2768 1005 2835 1046 „123

2660 1060 2667 1068 .
2696 1061 2703 1073 ,
2733 1061 2740 1067 .

2623 1870 2634 1881 ⁸
2645 1869 2693 1897 Qu.
2701 1873 2783 1896 xxnn,
2794 1871 2837 1890 art.

2626 1902 2645 1918 ι.

2625 3149 2749 3200 iffae*-
2770 3155 2839 3177 ¹¹¹¹·
