2878 4088
83 390 94 401 ·
108 388 144 411 Cf.
166 395 185 411 s.
207 388 295 410 Bonnv.

82 415 115 438 1v
136 414 217 441 Sene„
240 414 293 436 din.

35 442 37 447 ‘
81 445 188 470 mnan.
196 449 215 468 ι,
222 447 260 469 qu.
267 446 293 463 n.

82 567 93 578 ·
143 581 148 587 .
169 571 209 594 qu.
230 571 287 592 uv,

7 571 13 592 ³³
81 595 160 621 m.3.

1068 179 1332 226 QUAESTIO
1361 179 1457 225 LVI,
1477 179 1770 220 ARTICULUS
1799 185 1828 220 ll

322 256 405 286 sicut
420 261 452 286 et
467 255 507 286 de
522 257 639 296 primo.
655 275 677 279 -
700 258 767 288 Aut
787 268 825 288 ex
841 258 1005 295 industria,
1023 265 1108 289 extra
1124 269 1234 289 casum
1256 259 1393 289 necessi-

322 300 403 330 tatis.
428 300 469 330 Et
491 306 569 330 tunc
592 301 644 331 ille
669 311 707 332 ex
730 303 821 333 cuius
845 308 917 333 actu
941 303 1112 339 inducitur,
1137 304 1251 334 amittit
1271 303 1320 332 ius
1337 312 1393 343 pe-

322 344 411 375 tendi
434 344 597 375 debitum:
623 345 679 376 sed
706 352 814 377 tamen
842 347 937 378 debet
964 347 1113 384 reddere,
1138 349 1214 387 quia
1237 357 1275 378 ex
1298 348 1394 387 culpa

323 388 391 419 eius
415 398 482 419 non
507 388 601 420 debet
624 390 756 430 aliquod
778 392 1026 422 incommodum
1041 391 1121 422 alius
1144 398 1305 432 reportare
1321 393 1348 422 *ἢ

377 433 428 462 An
445 443 562 463 muium
582 445 665 465 ERGO
687 445 846 466 mmmmm
869 436 968 476 quod,
986 437 1131 476 quamvis
1152 436 1322 476 spiritualis
1338 445 1394 466 co-

322 477 432 517 gnatio
455 487 523 507 non
539 479 694 519 impediat
716 480 848 520 aliquod
865 480 904 510 de
919 480 1147 520 principalibus
1170 481 1264 511 bonis
1287 480 1394 510 matri-

322 522 435 558 monii,
455 527 563 552 tamen
587 523 722 563 impedit
745 524 876 564 aliquod
900 524 940 555 de
963 524 1157 555 secundariis
1181 525 1285 560 bonis,
1304 523 1394 564 quod

323 571 370 595 est
393 567 550 597 amicitiae
569 568 793 608 multiplicatio
809 569 836 598 *.
872 568 957 607 Quia
979 568 1149 609 spiritualis
1174 569 1323 609 cognatio
1348 573 1395 598 est

323 609 484 641 sufficiens
513 612 593 642 ratio
618 613 775 643 amicitiae
797 622 856 653 per
878 623 922 643 se.
957 613 1051 644 Unde
1083 618 1212 652 oportet
1242 612 1332 652 quod
1355 611 1395 642 ad

323 654 403 685 alios
429 664 484 695 per
506 657 750 687 matrimonium
773 656 967 687 familiaritas
991 662 1022 687 et
1045 657 1182 687 amicitia
1213 662 1393 696 quaeratur.

378 699 429 729 An
446 710 608 730 SECUNDUM
627 711 787 731 mmmmm
803 701 893 741 quod
907 701 1150 731 matrimonium
1166 706 1213 731 est
1226 700 1394 730 vinculum

323 749 528 783 perpetuum.
562 745 603 775 Et
625 744 700 775 ideo
722 745 850 776 nullum
873 744 1142 785 impedimentum
1165 745 1394 784 superveniens

323 793 431 827 potest
452 789 561 828 ipsum
584 788 741 819 dirimere.
770 789 811 819 Et
834 790 879 819 sic
903 788 1099 828 quandoque
1123 789 1280 828 contingit
1304 787 1395 827 quod

323 832 566 863 matrimonium
590 838 622 863 et
643 833 840 863 matrimonii
871 832 1140 872 impedimentum
1171 837 1254 862 stant
1281 831 1392 861 simul:

323 885 392 907 non
415 882 524 907 autem
547 877 573 907 si
595 876 864 916 impedimentum
887 875 1066 916 praecedat.

377 919 429 950 An
453 930 588 950 ’rnxrnm
610 930 770 950 memnon
786 919 876 959 quod
898 921 932 950 in
954 919 1161 950 matrimonio
1177 929 1246 950 non
1263 925 1310 949 est
1325 924 1394 949 tan-

323 969 394 994 tum
417 964 604 994 coniunctio
629 964 820 1004 corporalis,
844 963 900 994 sed
924 964 1020 994 etiam
1043 964 1223 1004 spiritualis.
1255 963 1296 993 Et
1318 963 1393 993 ideo

322 1007 545 1048 propinquitas
569 1008 696 1047 spiritus
721 1008 750 1038 ei
773 1007 1043 1048 impedimentum
1067 1013 1215 1049 praestat,
1239 1008 1307 1038 sine
1330 1008 1394 1038 hoc

323 1050 412 1091 quod
435 1052 658 1092 propinquitas
682 1052 851 1092 spiritualis
874 1053 1005 1083 transire
1029 1052 1143 1083 debeat
1165 1053 1199 1082 in
1223 1052 1392 1082 carnalem.

377 1096 428 1126 An
453 1106 602 1126 ouAR'rrm
625 1106 785 1127 monimum
804 1096 894 1138 quod
909 1107 978 1127 non
994 1103 1041 1127 est
1055 1097 1287 1128 inconveniens
1303 1095 1394 1136 quod

322 1138 389 1170 duo
414 1141 571 1171 contraria
594 1140 634 1171 ad
657 1141 796 1172 invicem
820 1142 1052 1172 contrarientur
1075 1141 1196 1172 eidem:
1222 1142 1304 1172 sicut
1325 1150 1393 1171 ma-

321 1193 423 1226 gnum
447 1190 479 1215 et
500 1194 636 1225 parvum
659 1186 795 1226 aequali.
826 1186 867 1216 Et
889 1187 934 1217 sic
958 1186 1122 1227 disparitas
1146 1186 1251 1216 cultus
1275 1191 1306 1216 et
1329 1186 1393 1226 spi-

321 1229 442 1260 ritualis
465 1231 616 1270 cognatio
638 1231 846 1261 matrimonio
870 1236 1068 1271 repugnant:
1099 1231 1175 1271 quia
1197 1230 1231 1260 in
1254 1240 1322 1260 uno
1347 1235 1394 1260 est

321 1274 425 1304 maior
447 1273 654 1318 distantiaffip
669 1275 768 1306 altero
791 1276 895 1306 maior
917 1276 1141 1316 propinquitas
1165 1285 1262 1315 quam
1286 1275 1393 1305 matri—

321 1318 480 1357 monium>
493 1318 643 1359 requirat.
667 1319 708 1350 Et
723 1319 797 1350 ideo
822 1329 860 1350 ex
878 1325 1015 1360 utraque
1038 1325 1127 1360 parte
1149 1320 1393 1350 matrimonium

297 1364 306 1367 ²
321 1362 504 1403 impeditur.

78 2303 142 2328 'CL
163 2303 243 2327 Gla-n.
267 2305 292 2328 in

12 2332 36 2350 Ν
79 2336 131 2354 σοι.
165 2330 293 2359 Pan-tt,

80 2363 144 2380 cau..

150 2356 270 2387 xxx,qu.
277 2365 292 2381 ι.

81 2738 220 2767 'vus-¹5

26 3319 247 3351 J'OEmh
289 3336 295 3342 .

81 3346 169 3370 Sm-
182 3346 224 3370 lib.
259 3347 279 3368 V
289 3363 295 3374 ,

82 3373 119 3413 2¹⁸·
133 3380 175 3401 vn,
184 3375 236 3417 15.-

82 3426 295 3476 mon-upareffi.

31 3470 44 3490 ⁴¹
84 3470 214 3510 m,qu.'
231 3486 246 3503 ι.

404 1437 505 1469 ART.
531 1438 568 1469 11.
592 1449 698 1469 mun
720 1449 779 1469 mm
802 1449 904 1470 soum
926 1450 1100 1470 BAP'rrsmm
1123 1450 1309 1471 spmrruaus

615 1493 842 1514 PROPINQUITAS
867 1493 1096 1515 CONTRAHATUR

723 1535 808 1563 Quodl.
824 1535 875 1562 XII,
890 1542 930 1563 qu.
946 1541 985 1557 xu.

387 1595 408 1616 ι)
432 1595 596 1616 SECUNDUM
618 1595 664 1616 sle
692 1596 898 1617 Pnocssmrtm.
928 1586 1063 1617 Videtur
1087 1586 1176 1627 quod
1199 1596 1257 1627 per
1283 1587 1391 1618 solum

323 1598 583 1670 Abapfismum
605 1630 775 1671 spiritualis
805 1631 1030 1671 propinquitas
1054 1632 1268 1662 contrahatur.
1303 1631 1393 1663 Sicut

321 1675 410 1706 enim
432 1684 466 1705 se
488 1675 585 1705 habet
607 1675 783 1715 corporalis
807 1677 957 1716 cognatio
981 1675 1022 1706 ad
1044 1676 1245 1716 corporalem
1261 1686 1392 1717 genera-

320 1719 455 1755 tionem,
471 1719 515 1749 ita
530 1719 700 1759 spiritualis
723 1719 763 1750 ad
786 1720 993 1760 spiritualem.
1019 1720 1081 1751 Sed
1104 1721 1192 1751 solus
1216 1721 1393 1761 baptismus

321 1763 437 1795 dicitur
459 1763 631 1804 spiritualis
659 1765 834 1804 generatio.
865 1764 952 1805 Ergo
979 1774 1037 1805 per
1059 1765 1166 1796 solum
1197 1766 1392 1806 baptismum

321 1807 519 1839 contrahitur
541 1808 711 1848 spiritualis
735 1809 905 1849 cognatio:
930 1809 1013 1840 sicut
1036 1815 1067 1840 et
1089 1819 1147 1850 per
1169 1810 1272 1840 solam
1295 1820 1392 1851 gene-

319 1853 478 1884 rationem
502 1852 661 1883 carnalem
686 1853 818 1883 carnalis
842 1854 1003 1894 cognatio.

377 1907 408 1928 2.
431 1897 636 1933 Pm‘rnmm,
660 1898 743 1928 sicut
770 1898 804 1928 in
827 1897 1073 1929 confirmatione
1102 1899 1296 1939 imprimitur
1319 1900 1392 1930 cha-

320 1947 432 1978 racter,
455 1942 499 1972 ita
521 1942 555 1972 in
579 1941 701 1972 ordine.
731 1941 794 1972 Sed
818 1952 855 1973 ex
879 1943 1084 1983 susceptione
1109 1943 1229 1974 ordinis
1251 1954 1320 1975 non
1343 1954 1392 1974 se-

321 1987 430 2028 quitur
452 1986 623 2027 spiritualis
647 1987 808 2029 cognatiO.
832 1987 919 2028 Ergo
942 1997 1003 2018 nec
1023 1997 1061 2018 ex
1078 1987 1334 2020 confirmatione.
1352 1989 1393 2019 Et

320 2032 366 2062 sic
389 2031 497 2062 solum
520 2040 558 2061 ex
581 2031 752 2072 baptismo.

377 2075 407 2107 3.
424 2075 621 2112 pamma,
638 2081 835 2106 sacramenta
850 2081 924 2107 sunt
940 2075 1085 2117 digniora
1101 2078 1392 2109 sacramentalibus

321 2119 386 2152 Sed
408 2130 447 2151 ex
469 2119 663 2161 quibusdam
686 2121 890 2151 sacramentis
914 2122 1130 2162 spiritualibus
1154 2115 1304 2163 cognati'o
1324 2133 1393 2154 non

321 2165 483 2206 sequitur:
517 2165 599 2195 sicut
628 2170 716 2205 patet
743 2166 777 2196 in
801 2170 941 2196 extrema
970 2167 1136 2197 unctione.
1171 2167 1257 2207 Ergo
1287 2167 1392 2198 multo

320 2209 428 2240 minus
451 2219 490 2240 ex
513 2209 718 2246 catechismo,
742 2215 779 2240 ut
802 2209 933 2250 quidam
957 2210 1077 2242 dicunt.

375 2262 408 2293 4.
431 2254 635 2291 Pmrnm,
659 2255 742 2285 inter
764 2255 1003 2286 sacramentalia
1032 2256 1182 2296 baptismi
1208 2256 1309 2287 multa
1333 2256 1393 2286 alia

320 2304 446 2339 praeter
475 2299 705 2329 catechismum
734 2305 944 2330 numerantur
959 2300 986 2330 ’ἱ
1021 2300 1108 2341 Ergo
1136 2310 1174 2331 ex
1197 2302 1391 2332 catechismo

320 2352 390 2374 non
411 2344 513 2384 magis
537 2344 734 2374 contrahitur
757 2344 927 2384 spiritualis
954 2346 1104 2385 cognatio
1129 2355 1227 2385 quam
1251 2356 1289 2376 ex
1313 2346 1390 2376 aliis.

378 2387 408 2418 5.
431 2387 629 2425 Pitinum,
646 2389 748 2419 oratio
769 2399 838 2419 non
862 2394 909 2419 est
931 2389 1038 2420 minus
1062 2389 1173 2421 efficax
1196 2390 1236 2420 ad
1259 2400 1392 2431 promo-

2436 189 2505 225 113

1448 260 1511 291 Sed
1534 261 1614 291 illud
1636 271 1704 292 non
1727 262 1852 293 videtur
1875 265 2070 295 rationabile.
2099 266 2182 304 Quia
2207 268 2355 307 cognatio
2380 268 2511 298 carnalis

1448 314 1515 335 non
1541 306 1738 336 contrahitur
1761 307 1821 336 nisi
1844 317 1901 346 per
1925 314 2030 338 actum
2055 312 2266 348 generationis
2295 312 2510 352 completum:

1449 349 1535 379 unde
1552 350 1647 380 etiam
1663 349 1797 380 affinitas
1812 360 1880 381 non
1897 353 2092 382 contrahitur
2108 355 2167 384 nisi
2183 355 2263 385 facta
2283 357 2512 386 commixtione

1449 394 1608 424 seminum
1623 404 1660 424 ex
1673 404 1736 434 qua
1747 400 1853 434 potest
1866 396 1956 435 sequi
1972 398 2133 435 generatio
2146 399 2277 428 carnalis
2289 401 2315 429 ᾖ.
2337 400 2512 440 Spiritualis

1416 444 1424 464 5
1450 444 1557 468 autem
1580 440 1743 478 generatio
1759 449 1826 469 non
1843 439 2005 479 perficitur
2028 441 2088 470 nisi
2112 450 2168 480 per
2183 443 2313 482 aliquod
2336 454 2513 474 sacramen-

1449 487 1529 513 tum.
1553 483 1595 513 Et
1617 482 1691 513 ideo
1722 484 1953 514 inconveniens
1977 489 2023 513 est
2047 484 2136 523 quod
2167 486 2334 524 spiritualis
2364 490 2512 528 cognatio

1450 527 1654 557 contrahatur
1675 528 1736 557 nisi
1759 537 1817 567 per
1839 527 1971 568 aliquod
1994 534 2237 559 sacramentum.

1505 571 1547 600 Et
1569 571 1643 601 ideo
1672 571 1724 601 alii
1748 572 1859 602 dicunt
1882 571 1971 611 quod
2002 581 2059 612 per
2086 572 2144 602 tria
2168 578 2291 603 tantum
2321 582 2514 606 sacramenta

1450 615 1620 654 spiritualis
1644 617 1794 656 cognatio
1818 617 2030 652 contrahitur,
2054 616 2174 646 scilicet
2197 627 2259 656 per
2281 619 2513 655 catechismum,

1410 670 1436 685 ιο
1449 659 1639 698 baptismum
1664 665 1695 690 et
1717 661 2006 700 confirmationem.
2022 678 2045 682 —
2061 659 2122 690 Sed
2147 661 2197 690 isti
2221 662 2382 700 propriam
2400 673 2515 694 vocem

1449 702 1598 733 videntur
1613 704 1777 743 ignorare:
1802 705 1877 744 quia
1901 705 2112 734 catechismus
2127 714 2195 734 non
2212 710 2258 734 est
2273 713 2515 743 sacramentum,

1450 746 1506 776 sed
1529 747 1767 777 sacramentale.

1505 790 1547 820 Et
1569 790 1643 821 ideo
1669 791 1721 821 alii
1738 792 1754 807 ⁴*
1779 791 1890 821 dicunt
1906 791 1997 831 quod
2019 797 2144 822 tantum
2161 802 2218 832 per
2233 792 2299 823 duo
2323 801 2517 824 sacramenta

1450 835 1656 870 contrahitur,
1674 835 1794 865 scilicet
1816 844 1873 875 per
1897 834 2176 866 confirmationem
2201 842 2231 866 et
2253 837 2457 877 baptismum.
2477 839 2518 868 Et

1410 889 1432 908 ις
1449 877 1528 907 haec
1558 879 1671 918 opinio
1696 884 1742 908 est
1773 880 1989 909 communior.
2014 880 2139 910 Tamen
2164 880 2202 911 de
2226 882 2419 912 catechismo
2447 884 2517 922 qui-

1449 921 1523 952 dam
1546 922 1664 952 horum
1680 923 1696 939 ⁴*
1713 922 1824 952 dicunt
1841 923 1931 963 quod
1955 929 2001 954 est
2025 924 2126 955 debile
2150 925 2426 965 impedimentum:
2442 928 2517 966 quia

1448 965 1584 1005 impedit
1599 966 1867 1003 contrahendum,
1884 967 1939 998 sed
1960 978 2027 998 non
2044 968 2161 999 dirimit
2181 970 2422 1001 matrimonium
2439 981 2517 1002 con-

1448 1015 1586 1040 tractum
1602 1011 1628 1041 *.

1503 1054 1554 1084 An
1574 1065 1692 1085 PRIMUM
1714 1065 1797 1086 ERGO
1814 1066 1974 1086 DICENDUM
1998 1057 2086 1096 quod
2103 1057 2220 1098 duplex
2244 1064 2291 1089 est
2314 1059 2445 1090 carnalis
2461 1070 2516 1090 na-

1408 1109 1434 1123 20
1448 1099 1562 1129 tivitas.
1586 1099 1692 1130 Prima
1714 1101 1747 1130 in
1771 1106 1881 1130 utero:
1906 1101 1939 1130 in
1957 1110 2020 1140 qua
2043 1101 2146 1132 adhuc
2164 1103 2251 1142 quod
2275 1109 2385 1133 natum
2409 1110 2455 1134 est
2471 1109 2517 1135 est

1449 1142 1530 1174 adeo
1555 1143 1659 1174 debile
1682 1144 1772 1184 quod
1795 1154 1863 1175 non
1886 1145 1987 1184 possit
2016 1151 2100 1175 extra
2124 1148 2241 1186 exponi
2265 1148 2333 1177 sine
2360 1149 2515 1188 periculo.

1447 1188 1490 1218 Et
1511 1188 1588 1218 huic
1611 1189 1765 1218 nativitati
1789 1189 1943 1219 similatur
1965 1191 2161 1230 regeneratio
2184 1201 2240 1231 per
2263 1192 2466 1231 baptismum,
2482 1194 2516 1223 in

1449 1242 1516 1272 quo
1540 1238 1744 1273 regeneratur
1767 1234 1881 1274 aliquis
1911 1233 2016 1264 adhuc
2040 1235 2131 1273 quasi
2160 1234 2317 1266 fovendus
2344 1237 2424 1266 intra
2447 1243 2516 1267 ute-

1448 1286 1521 1307 rum
1544 1277 1716 1308 Ecclesiae.
1731 1296 1756 1300 —
1778 1277 1926 1308 Secunda
1950 1283 1997 1308 est
2019 1278 2163 1308 nativitas
2187 1289 2225 1309 ex
2249 1285 2356 1310 utero:
2386 1281 2516 1320 quando

1408 1330 1431 1350 2ς
1447 1322 1512 1351 iarn
1535 1321 1569 1351 id
1593 1321 1682 1362 quod
1705 1327 1816 1353 natum
1842 1328 1907 1353 erat
1930 1323 1963 1352 in
1986 1327 2090 1358 uter0,
2110 1328 2234 1353 tantum
2257 1324 2442 1355 roboratum
2471 1331 2518 1356 est

1449 1365 1539 1406 quod
1561 1371 1669 1406 potest
1691 1367 1759 1396 sine
1783 1367 1929 1407 periculo
1955 1367 2073 1407 exponi
2097 1368 2314 1404 exterioribus,
2339 1378 2420 1408 quae
2443 1375 2517 1400 nata

1448 1415 1523 1440 sunt
1539 1419 1755 1451 corrumpere.
1775 1411 1816 1442 Et
1831 1412 1907 1442 huic
1919 1411 2108 1442 assimilatur
2127 1411 2338 1449 confirmatio,
2351 1423 2408 1452 per
2419 1423 2517 1454 quam

1447 1455 1549 1485 homo
1573 1456 1742 1486 roboratus
1772 1456 1944 1496 exponitur
1966 1456 2000 1486 in
2024 1456 2191 1496 publicum
2215 1456 2254 1486 ad
2282 1457 2517 1489 confessionem

1447 1500 1589 1530 nominis
1613 1499 1741 1531 Christi.
1757 1519 1781 1522 —
1803 1500 1844 1530 Et
1868 1500 1941 1530 ideo
1962 1510 2104 1541 congrue
2122 1510 2178 1541 per
2193 1506 2367 1541 utrumque
2382 1502 2517 1533 istorum

1408 1552 1433 1573 ³⁰
1447 1550 1721 1575 sacramentorum
1745 1545 1942 1575 contrahitur
1965 1545 2134 1585 spiritualis
2158 1546 2318 1585 cognatio.

1502 1588 1554 1619 An
1579 1599 1742 1619 snctmntm
1764 1599 1925 1619 mmmmm
1949 1589 2038 1630 quod
2062 1599 2118 1629 per
2142 1590 2260 1620 ordinis
2284 1597 2517 1622 sacramentum

1447 1642 1515 1663 non
1538 1632 1575 1664 fit
1594 1634 1700 1673 aliqua
1723 1635 1931 1674 regeneratio,
1949 1633 2004 1664 sed
2026 1634 2184 1674 quaedam
2197 1636 2364 1674 promotio
2375 1641 2517 1676 potesta-

1448 1678 1488 1708 tis
1504 1678 1531 1708 ἦ
1551 1678 1592 1708 Et
1607 1683 1778 1719 propterea
1793 1679 1909 1709 mulier
1924 1688 1992 1709 non
2008 1679 2140 1719 suscipit
2157 1678 2313 1710 ordinem.
2334 1680 2374 1710 Et
2390 1681 2434 1710 sic
2450 1690 2516 1711 non

1447 1728 1555 1763 potest
1578 1732 1615 1753 ex
1639 1724 1702 1753 hoc
1726 1723 1859 1763 aliquod
1889 1723 2159 1764 impedimentum
2182 1725 2332 1764 praestari
2355 1725 2518 1756 matrimo-

1408 1776 1430 1797 35
1447 1767 1514 1798 nio.
1538 1767 1580 1797 Et
1602 1767 1677 1798 ideo
1701 1767 1771 1797 talis
1795 1768 1945 1808 cognatio
1969 1777 2038 1798 non
2062 1773 2276 1808 computatur.

1502 1812 1554 1842 An
1578 1822 1713 1842 ‘marum
1737 1822 1898 1843 mmmmm
1917 1812 2007 1852 quod
2030 1813 2063 1843 in
2082 1814 2277 1844 catechismo
2301 1813 2337 1844 fit
2361 1813 2518 1854 quaedam

1447 1856 1606 1897 professio
1637 1855 1736 1887 futuri
1766 1857 1932 1897 baptismi:
1958 1857 2040 1887 sicut
2066 1857 2100 1887 in
2129 1859 2331 1898 sponsalibus
2362 1858 2519 1898 quaedam

1448 1901 1581 1941 sponsio
1605 1900 1785 1931 futurarum
1808 1902 2004 1942 nuptiarum.
2029 1901 2133 1938 Unde,
2157 1903 2239 1933 sicut
2262 1904 2294 1933 in
2319 1904 2519 1943 sponsalibus

1449 1946 1646 1976 contrahitur
1670 1945 1802 1986 quidam
1817 1946 1934 1977 modus
1958 1946 2207 1987 propinquitatis
2223 1949 2250 1984 ὓ,
2266 1948 2309 1978 ita
2333 1949 2412 1978 etin
2437 1954 2520 1978 cate-

1407 1999 1434 2020 40
1449 1990 1584 2027 chismo,
1602 1990 1641 2020 ad
1664 1991 1770 2020 minus
1794 1990 1974 2031 impediens
1998 1991 2263 2028 contrahendum,
2289 1998 2325 2023 ut
2349 1992 2479 2033 quidam
2503 1994 2519 2009 *

1449 2034 1569 2065 dicunt.
1593 2034 1670 2065 Non
1693 2040 1801 2065 tamen
1824 2036 1858 2067 in
1881 2035 1948 2066 aliis
1973 2037 2186 2067 sacramentis.

1503 2080 1554 2110 An
1580 2089 1729 2109 QUARTUM
1752 2089 1912 2110 mem-inum
1932 2079 2022 2120 quod
2036 2080 2106 2111 talis
2129 2081 2287 2122 professio
2303 2081 2379 2112 fidei
2401 2092 2469 2112 non
2484 2081 2520 2112 fit

1447 2126 1482 2156 in
1505 2125 1572 2155 aliis
1596 2124 1875 2154 sacramentalibus
1892 2125 2041 2165 baptismi
2057 2126 2139 2156 sicut
2161 2127 2195 2156 in
2219 2127 2412 2157 catechismo
2428 2128 2455 2157 ἥ.
2479 2127 2520 2157 Et

1447 2169 1522 2200 ideo
1546 2178 1614 2199 non
1639 2174 1685 2199 est
1708 2169 1818 2199 similis
1841 2170 1932 2199 ratio.

1503 2214 1545 2244 Et
1567 2213 1712 2243 similiter
1734 2212 1908 2244 dicendum
1932 2213 1971 2244 ad
1996 2215 2157 2254 quintum,
2175 2214 2214 2245 de
2238 2216 2400 2253 oratione3
2426 2221 2457 2246 et
2480 2215 2519 2246 ad

1447 2264 1583 2294 sextum,
1601 2257 1640 2288 de
1663 2257 1911 2298 praedicatione.

1502 2303 1554 2333 An
1578 2312 1730 2333 sssp‘rnssm
1745 2304 1762 2319 θ
1784 2313 1945 2333 mmmmm
1969 2302 2059 2343 quod
2082 2304 2260 2344 Apostolus
2284 2314 2340 2335 eos
2363 2304 2402 2335 ad
2421 2304 2518 2335 fidem

1446 2348 1637 2378 instruxerat
1663 2357 1720 2387 per
1742 2347 1878 2378 modurn
1906 2348 2100 2378 catechismi.
2139 2349 2180 2379 Et
2206 2349 2251 2379 sic
2280 2349 2388 2389 aliquo
2416 2349 2516 2379 modo

1446 2392 1517 2422 talis
1551 2392 1718 2422 instructio
1753 2392 1889 2422 habebat
1916 2392 2063 2423 ordinem
2091 2393 2130 2423 ad
2164 2394 2360 2433 spiritualem
2386 2404 2517 2434 genera-

321 2431 465 2463 vendum
486 2431 527 2463 in'
544 2433 669 2464 bonum
692 2442 791 2473 quam
813 2434 981 2464 instructio
1005 2434 1056 2464 vel
1079 2435 1297 2465 catechizatio.
1329 2434 1392 2466 Sed
1407 2438 1569 2467 sotionem
1585 2438 1612 2467 ’ἢ

322 2485 361 2507 ex
383 2477 530 2507 oratione
546 2487 615 2508 non
630 2478 828 2508 contrahitur
850 2478 1020 2519 spiritualis
1043 2480 1205 2520 cognatio.
1229 2480 1315 2520 Ergo
1331 2489 1392 2510 nec

322 2529 361 2551 ex
384 2521 589 2552 catechismo.

378 2565 409 2596 6.
431 2565 629 2602 Pmrmum,
652 2566 820 2597 instructio
843 2576 927 2607 quae
949 2566 986 2598 fit
1008 2568 1174 2608 baptizatis
1195 2578 1253 2608 per
1267 2568 1392 2608 praedi—

323 2610 501 2646 cationem,
524 2619 593 2640 non
622 2611 730 2640 minus
758 2610 840 2641 valet
870 2620 969 2651 quam
997 2612 1052 2643 illa
1079 2621 1162 2652 quae
1186 2612 1222 2643 fit
1243 2612 1392 2644 nondum

1501 2482 1553 2512 An
1578 2491 1726 2512 ocravrm
1741 2482 1758 2498 ⁵
1781 2491 1942 2511 mmmmm
1962 2481 2052 2522 quod
2074 2491 2132 2522 per
2155 2488 2389 2513 sacramentum
2404 2484 2517 2523 poeni-

1446 2527 1564 2557 tentiae
1587 2536 1656 2556 non
1680 2527 1887 2562 contrahitur,
1910 2527 2041 2567 proprie
2065 2526 2246 2566 loquendo,
2270 2528 2439 2567 spiritualis
2463 2538 2518 2558 co-

1447 2571 1567 2611 gnatio.
1592 2570 1687 2601 Unde
1710 2570 1795 2601 filius
1819 2570 1991 2602 sacerdotis
2014 2576 2121 2612 potest
2152 2573 2339 2602 contrahere
2367 2582 2442 2602 cum
2466 2573 2519 2603 illa

1448 2625 1547 2656 quam
1570 2615 1718 2646 sacerdos
1741 2615 1775 2645 in
1799 2615 2003 2647 confessione
2023 2616 2126 2646 audit:
2153 2616 2228 2646 alias
2247 2616 2331 2647 filius
2347 2617 2518 2647 sacerdotis

322 2654 497 2694 baptizatis.
533 2654 597 2685 Sed
626 2664 664 2685 ex
694 2654 930 2694 praedicatione
960 2665 1028 2686 non
1059 2658 1255 2688 contrahitur
1285 2657 1392 2698 aliqua
1407 2667 1431 2688 55
1447 2670 1515 2690 non
1538 2660 1694 2690 inveniret
1723 2660 1757 2689 in
1780 2665 1847 2690 tota
1875 2670 1939 2690 una
1969 2661 2120 2700 parochia
2150 2661 2318 2691 mulierem
2349 2672 2423 2692 cum
2455 2672 2518 2702 qua

323 2700 473 2739 cognatio
498 2699 678 2739 spiritualis.
702 2699 788 2739 Ergo
811 2709 872 2730 nec
895 2709 934 2730 ex
957 2701 1161 2731 catechismo.

378 2743 441 2774 San
465 2753 599 2780 con-rim,
624 2743 636 2773 I
663 2743 740 2774 Cor.
756 2754 788 2774 rv
803 2744 836 2774 *2
862 2744 901 2774 In
921 2744 1049 2775 Christo
1070 2745 1144 2776 Iesu
1162 2755 1226 2786 per
1239 2746 1392 2788 Evange-

322 2788 402 2819 lium
426 2797 488 2829 ego
518 2798 575 2818 vos
601 2788 723 2829 genui:
757 2793 788 2818 et
817 2788 862 2818 sic
892 2789 1061 2828 spiritualis
1091 2790 1253 2830 generatio
1285 2796 1392 2821 causat

322 2832 519 2873 spiritualem
543 2833 780 2872 cognationem.
805 2832 891 2872 Ergo
911 2842 949 2863 ex
965 2833 1202 2873 praedicatione
1226 2835 1392 2875 Evangelii

1448 2705 1658 2735 contraheret.
1674 2722 1698 2726 -
1720 2704 1788 2734 Nec
1813 2704 1917 2734 obstat
1941 2705 2030 2744 quod
2054 2715 2111 2745 per
2134 2706 2366 2745 poenitentiam
2396 2707 2518 2736 tollitur

1447 2753 1617 2789 peccatum
1641 2749 1774 2778 actuale.
1799 2748 1884 2785 Quia
1907 2749 1970 2779 hoc
1993 2759 2061 2779 non
2086 2755 2132 2779 est
2155 2759 2212 2789 per
2227 2749 2363 2781 modum
2387 2761 2517 2790 regene-

1447 2793 1588 2828 rationis,
1606 2792 1661 2822 sed
1685 2793 1785 2832 magis
1808 2802 1865 2832 per
1888 2792 2024 2823 modum
2048 2794 2230 2824 sanationis.

1503 2836 1567 2867 Sed
1588 2842 1696 2867 tamen
1713 2846 1770 2876 per
1792 2837 2024 2876 poenitentiam
2041 2839 2238 2868 contrahitur
2260 2838 2424 2878 quoddam
2448 2839 2517 2870 foe—

323 2882 355 2908 et
376 2877 587 2907 instructione
614 2876 650 2907 fit
678 2877 848 2917 spiritualis
879 2878 1045 2917 cognatio:
1079 2883 1110 2908 et
1132 2888 1200 2908 non
1223 2879 1330 2909 solum
1354 2889 1392 2910 ex
1406 2884 1433 2904 6⁰
1448 2880 1507 2912 dus
1530 2882 1612 2911 inter
1634 2881 1803 2912 mulierem
1827 2886 1858 2911 et
1881 2881 2079 2912 sacerdotem
2111 2882 2338 2918 confitentem,
2363 2884 2518 2923 spirituali

322 2922 363 2953 ba
386 2922 493 2952 tismo.

363 2930 409 2997 pa.
433 2966 637 3001 Pru-mnu,
661 2966 744 2996 sicut
766 2975 824 3006 per
845 2966 1041 3006 baptismum
1071 2966 1192 2997 tollitur
1222 2974 1392 3007 peccatum

1447 2926 1632 2965 cognationi
1651 2925 1769 2956 simile:
1794 2930 1830 2955 ut
1845 2930 1970 2956 tanturn
1989 2931 2101 2966 peccet
2124 2936 2195 2957 eam
2214 2927 2379 2957 carnaliter
2395 2937 2517 2968 cogno-

1447 2979 1538 3000 scens
1568 2980 1604 3000 ac
1633 2971 1658 3000 si
1682 2975 1764 3000 esset
1794 2979 1850 3000 sua
1880 2970 2050 3010 spiritualis
2073 2970 2147 3001 filia.
2183 2972 2223 3002 Et
2251 2973 2313 3002 hoc
2343 2971 2417 3002 ideo
2442 2974 2517 3012 quia

323 3010 488 3051 originale,
504 3010 547 3040 ita
569 3019 627 3050 per
649 3010 883 3050 poenitentiam
906 3010 1039 3041 actuale.
1063 3011 1160 3051 Ergo,
1185 3012 1266 3042 sicut
1289 3013 1392 3052 bapti·
1446 3015 1586 3045 maxima
1618 3013 1810 3045 familiaritas
1834 3020 1881 3044 est
1904 3016 1986 3045 inter
2012 3015 2210 3046 sacerdotem
2235 3022 2266 3046 et
2289 3015 2515 3047 confitentem:

322 3064 411 3085 smus
435 3060 543 3085 causat
569 3054 766 3095 spiritualem
794 3055 1038 3094 cognationem,
1062 3056 1106 3085 ita
1130 3061 1161 3086 et
1183 3057 1391 3096 poenitentia.

1447 3064 1479 3089 et
1495 3059 1536 3088 ob
1560 3059 1623 3089 hoc
1647 3060 1706 3089 ista
1721 3059 1895 3099 prohibitio
1912 3065 1959 3090 est
1977 3059 2108 3090 inducta
2123 3061 2150 3096 *,
2166 3066 2203 3091 ut
2218 3061 2347 3091 tollatur
2363 3061 2518 3100 peccandi
2545 3067 2554 3075 ·

379 3099 409 3130 3.
432 3099 636 3135 Priamum,
655 3133 657 3137 ¹
662 3103 761 3139 pater
781 3108 904 3129 nomen
927 3099 1127 3139 cognationis
1151 3106 1207 3130 est.
1243 3100 1306 3131 Sed
1335 3111 1392 3142 per
1405 3103 1430 3130 ⁶5
1447 3104 1586 3134 occasio.

322 3144 556 3184 poenitentiam
579 3148 611 3174 et
633 3143 812 3174 doctrinam
836 3149 868 3174 et
891 3153 1000 3174 curam
1023 3144 1225 3184 pastoralem,
1243 3150 1274 3175 et
1291 3146 1392 3176 multa

322 3187 520 3225 huiusmodi,
544 3187 659 3228 aliquis
682 3187 797 3219 dicitur
820 3188 909 3218 alteri
932 3188 1102 3228 spiritualis
1125 3194 1224 3229 pater.
1248 3189 1335 3230 Ergo
1354 3200 1392 3220 ex

1501 3148 1553 3177 An
1577 3157 1686 3177 nonum
1701 3148 1718 3164 ⁴*
1740 3158 1901 3178 monimum
1933 3148 2023 3189 quod
2047 3155 2136 3189 pater
2155 3149 2325 3189 spiritualis
2349 3149 2462 3180 dicitur
2477 3149 2516 3179 ad

1447 3191 1689 3222 similitudinem
1712 3193 1808 3232 patris
1825 3193 1967 3223 carnalis,
1992 3193 2083 3224 Pater
2099 3199 2206 3224 autem
2231 3194 2372 3228 carnalis,
2390 3200 2425 3224 ut
2443 3194 2516 3224 Phi-

322 3231 432 3263 multis
447 3232 515 3263 aliis
530 3237 655 3272 praeter
670 3233 867 3273 baptismum
879 3238 911 3263 et
926 3232 1207 3265 confirmationem
1222 3234 1392 3274 spiritualis
1446 3225 1603 3276 Iosophus
1627 3236 1713 3272 dicit,
1729 3237 1762 3266 in
1785 3236 1858 3266 VIII
1881 3237 1985 3267 Ethic.
2003 3238 2029 3274 ἕ,
2051 3239 2109 3268 tria
2132 3237 2185 3268 dat
2207 3237 2290 3268 filio:
2316 3248 2392 3273 esse,
2413 3238 2515 3268 nutri-

323 3276 474 3316 cognatio
498 3277 704 3308 contrahitur.

1447 3285 1588 3311 mentum
1611 3285 1642 3310 et
1665 3281 1919 3311 instructionem.
1944 3282 1985 3312 Et
2007 3282 2082 3312 ideo
2106 3282 2275 3322 spiritualis
2291 3288 2380 3322 pater
2402 3283 2514 3322 aliquis

378 3321 569 3351 Rnsronnno
585 3331 746 3352 monimum
757 3322 774 3338 ⁴*
790 3321 880 3361 quod
899 3322 982 3352 circa
997 3322 1061 3352 hoc
1077 3327 1123 3352 est
1138 3322 1251 3362 triplex
1268 3323 1391 3363 opinio.
1406 3334 1434 3356 7ο
1447 3325 1582 3355 alicuius
1605 3324 1720 3355 dicitur
1742 3326 1865 3356 ratione
1889 3325 2023 3356 alicuius
2050 3327 2167 3357 horum
2190 3327 2297 3357 trium.
2329 3327 2452 3356 Tamen
2477 3336 2514 3356 ex

324 3364 466 3403 Quidam
490 3365 577 3395 enim
595 3366 612 3382 ⁹
635 3364 747 3396 dicunt
773 3365 863 3406 quod
885 3366 1056 3406 spiritualis
1079 3367 1286 3406 regeneratio,
1311 3369 1393 3399 sicut
1446 3370 1510 3400 hoc
1534 3368 1623 3409 quod
1647 3374 1693 3399 est
1716 3370 1885 3409 spiritualis
1915 3375 2004 3410 pater
2026 3380 2095 3401 non
2124 3371 2219 3401 habet
2242 3371 2435 3411 spiritualem
2459 3380 2513 3400 co-

323 3419 381 3450 per
407 3408 629 3449 septiformem
658 3409 793 3450 Spiritus
824 3410 932 3441 Sancti
961 3412 1094 3451 gratiam
1124 3410 1232 3447 datur,
1263 3412 1306 3442 ita
1336 3422 1393 3452 per

1447 3414 1643 3454 gnationem‚
1660 3414 1720 3443 nisi
1745 3414 1914 3444 conveniat
1938 3424 2014 3445 cum
2037 3421 2124 3455 patre
2141 3421 2298 3455 quantum
2322 3414 2361 3444 ad
2383 3424 2514 3454 genera-

323 3459 448 3494 septem
481 3453 633 3490 efficitur,
663 3454 849 3494 incipiendo
873 3465 894 3485 a
911 3455 1022 3495 primo
1046 3455 1170 3496 pabulo
1198 3456 1277 3487 salis
1305 3457 1393 3488 sacri
1446 3459 1586 3494 tionem,
1611 3467 1668 3498 per
1698 3467 1796 3498 quarn
1821 3464 1867 3488 est
1891 3468 1968 3489 esse.

325 3508 424 3539 usque
446 3498 490 3528 ad
512 3498 790 3539 confirmationem
813 3508 877 3539 per
898 3500 1079 3540 episcopum
1101 3501 1253 3542 factam:
1283 3506 1313 3531 et
1336 3511 1393 3542 per

324 3542 492 3583 quodlibet
506 3542 624 3573 horum
640 3548 764 3583 septem
779 3544 949 3583 spiritualis
973 3545 1123 3585 cognatio
1147 3546 1354 3576 contrahitur.
1370 3565 1393 3568 —
1406 3555 1431 3576 ἰς

464 3605 576 3634 Sumne
594 3604 697 3629 Tuam„
717 3605 748 3629 D.
761 3605 877 3630 Tamus
896 3606 928 3630 T.
949 3606 991 3631 IX.

1317 3842 1387 3989 s

1502 3502 1543 3532 Et
1566 3503 1610 3532 sic
1634 3503 1730 3532 etiam
1753 3508 1859 3542 potest
1882 3503 1962 3533 solvi
1987 3509 2147 3540 octavum,
2165 3503 2254 3543 quod
2277 3503 2456 3542 praecessit.

2320 3607 2368 3632 15*

2539 405 2549 414 “
2565 403 2600 425 Cf.
2610 409 2648 430 qu.
2659 410 2695 429 ιν,
2706 408 2748 426 art.

2539 438 2561 455 4,
2576 430 2605 451 ad
2621 435 2640 451 2.

2543 802 2552 811 '
2567 801 2591 822 Β.
2610 802 2699 823 Albert.
2720 802 2751 823 lV

2544 827 2616 854 Sent„
2629 829 2681 849 dist.
2698 835 2752 855 χιιι,

2543 857 2583 883 art.
2590 861 2626 880 4.·
2633 854 2668 876 Cf.
2675 854 2750 876 Gloss.

2543 886 2566 900 in
2578 886 2626 901 can.
2636 881 2751 908 Pervenit,

2544 912 2604 928 caus.
2613 906 2684 933 XXX,
2691 914 2729 935 qu.
2738 915 2751 929 1.

2544 934 2554 943 ¹
2568 933 2592 954 S.
2608 933 2688 961 Raym.
2708 935 2751 956 loc.

2544 960 2598 985 cit.;
2627 966 2644 981 s.
2665 960 2750 982 Bonav.

2544 986 2575 1006 lv
2594 986 2673 1012 Sent.,
2699 987 2752 1008 dist.

2544 1018 2599 1039 ιιι-ιι,
2608 1017 2648 1034 an.
2662 1020 2680 1036 ι,
2690 1020 2727 1041 qu.
2737 1020 2752 1035 1.

2545 1042 2553 1050 '
2570 1039 2628 1066 Cap.
2651 1039 2753 1061 Contra-

2544 1067 2592 1096 cta,
2607 1066 2636 1087 de
2651 1066 2752 1094 Cognat.

2543 1092 2627 1120 szrit.

2545 1688 2555 1698 ·
2570 1686 2604 1708 Cf.
2621 1693 2659 1714 qu.
2677 1694 2756 1714 xxxiv,

2544 1718 2612 1740 ar1.2,
2620 1720 2666 1741 arg.
2674 1722 2702 1740 4:
2714 1718 2755 1736 art.

2544 1747 2564 1769 3,
2578 1746 2626 1768 arg.
2644 1748 2661 1762 ι.

2547 1954 2759 1981 'Cf.qu.1.v‚art.4.

2547 1995 2555 2003 ·
2571 1992 2606 2015 Cf.
2623 1999 2688 2020 corp.
2705 1997 2745 2014 art.

2546 2132 2556 2142 ·
2567 2131 2601 2153 Cf.
2617 2137 2678 2158 resp.
2693 2131 2721 2153 ad
2735 2138 2756 2160 3.

2547 2311 2555 2320 ·
2570 2310 2625 2337 Arg.
2641 2309 2690 2331 Sed
2699 2316 2752 2332 con·

2546 2338 2584 2357 tra
2601 2343 2618 2358 ς.

2545 2440 2554 2448 ·
2565 2438 2600 2460 Cf.
2616 2445 2676 2466 resp.
2691 2439 2718 2460 ad
2734 2446 2753 2468 3.

2544 2487 2553 2495 ”
2570 2486 2624 2512 Arg.
2640 2484 2688 2505 Sed
2699 2491 2752 2506 con-

2545 2513 2584 2532 tra
2595 2517 2614 2533 2.
2624 2522 2634 2526 -
2645 2511 2682 2533 Cf.
2698 2512 2755 2533 intra

2545 2545 2604 2566 resp.
2616 2538 2644 2559 ad
2660 2544 2681 2566 9,
2698 2538 2735 2559 fin.

2582 3064 2637 3085 Can.
2667 3063 2753 3085 Omnes

2544 3097 2603 3119 ⁹¹⁴⁰³
2622 3094 2751 3138 15:¹4?qu

2543 3124 2618 3166 :ia-ug}-
2628 3133 2693 3170 Mag?
2699 3123 2750 3174 dilst.

2543 3170 2751 3224 ¹²¹les⁶⁸fi⁹hff¹⁹¹⁷''

2543 3200 2622 3250 iugrg.
2638 3222 2685 3244 Sed
2699 3228 2751 3243 con·

2542 3252 2623 3304 92:2³5.
2639 3282 2670 3299 xi.
2687 3281 2708 3296 n.
2724 3280 2750 3299 ις

2541 3307 2750 3355 §fffflsscafzfefi
