2918 4088
194 638 206 648 ¹
216 636 267 658 Vid.
275 637 407 658 Commenx.

195 663 268 685 Caiet.
277 667 330 690 post
339 667 379 684 art.
389 671 407 689 ι,

194 696 257 711 num.
274 696 320 711 vm.

196 790 205 800 ·
231 789 407 811 postcommun.

191 822 238 843 pro
252 815 314 837 Vivis
328 817 352 836 et
360 816 408 837 De-

188 842 267 870 funct.

197 1113 206 1122 ·
215 1111 262 1138 Qu.
269 1113 407 1135 Lxlx,arl.1.

195 1430 204 1439 ·
219 1429 271 1450 Art.
287 1435 305 1450 ι.

196 1535 205 1545 ·
220 1533 287 1555 Vers.
301 1538 338 1559 24.

196 1695 206 1704 ·
221 1692 287 1714 Vers.
302 1698 338 1720 29.

197 1800 207 1811 ·
221 1798 356 1820 Lombardi.

435 204 508 229 222

1087 192 1349 240 QUAESTIO
1378 189 1555 237 LXXIX,
1585 190 1877 229 ARTICULUS
1906 191 1950 227 ΙΙΙ

1234 374 1552 417 ARTICULUS
1581 373 1812 415 TERTIUS

706 470 862 501 UTRUM
886 469 1111 500 EFFECTUS
1134 467 1266 499 Hunis
1290 466 1573 498 SACRAMENTI
1597 466 1663 497 SIT
1686 465 1885 497 REM1ss1o
1910 464 2100 496 PECCATI
2124 464 2347 496 MORTALIS

1043 545 1076 569 IV
1096 545 1177 574 Sent„
1199 545 1256 570 dist.
1275 552 1309 575 ix,
1330 549 1376 570 art.
1397 544 1420 573 3,
1440 543 1490 577 qu'·
1510 551 1539 575 2;
1560 544 1618 569 dist.
1636 551 1680 574 xu,
1699 551 1743 576 qu.
1762 550 1789 574 11,
1810 548 1856 569 art.
1877 551 1901 574 2,
1921 543 1970 576 qu·
1991 550 2015 568 2.

551 656 594 678 m
645 640 668 664 n
682 639 840 664 TERTIUM
860 638 911 663 s1c
931 637 1155 662 PROCEDrrUR
1168 625 1198 661 ²¹⁸.
1215 624 1376 662 Videtur
1390 624 1497 673 quod

502 678 509 686 ⁴
560 671 625 726 Ῑῗιῆ
647 680 804 717 effectus
838 678 954 716 huius
989 677 1215 715 sacramenti
1251 677 1296 714 sit
1323 676 1497 714 remissio

497 717 791 782 ,ν”Ρεεεειῖί
819 732 999 769 mortalis.
1029 731 1176 768 Dicitur
1204 731 1309 767 enim
1337 730 1377 767 in
1405 742 1498 779 qua-

490 761 739 823 ssfflikdam
767 787 922 822 collecta
949 785 991 821 *z
1036 787 1087 821 Sit
1119 786 1189 821 hoc
1224 789 1498 821 sacramentum

435 839 571 876 ablutio
607 840 798 876 scelerum.
839 839 914 876 Sed
952 839 1093 874 scelera
1131 837 1310 874 dicuntur
1345 843 1500 886 peccata

435 891 620 928 mortalia.
664 893 766 939 Ergo
802 903 872 940 per
909 892 984 928 hoc
1021 898 1305 928 sacramentum
1345 897 1500 939 peccata

435 944 611 981 mortalia
639 945 859 981 abluuntur.

1551 631 1638 673 ptor
1665 623 1782 660 huius
1810 622 2054 660 sacramenti:
2084 630 2168 660 tum
2197 623 2288 672 quia
2315 635 2395 660 non
2422 623 2516 660 vivit
2543 623 2618 673 spi-

1554 676 1751 724 ritualiter,
1782 684 1818 713 et
1846 676 1896 713 ita
1923 688 2003 712 non
2032 676 2145 713 debet
2182 675 2374 725 spirituale
2409 676 2619 713 nutrimen-

1552 738 1637 766 tum
1665 729 1870 779 suscipere,
1901 729 2007 778 quod
2036 741 2116 766 non
2145 737 2200 766 est
2227 728 2300 766 nisi
2327 729 2507 775 viventis;
2535 737 2620 766 tum

1554 783 1646 832 quia
1673 795 1754 820 non
1781 790 1906 832 potest
1933 782 2035 819 uniri
2064 781 2226 829 Christo,
2248 783 2355 831 quod
2382 782 2426 818 fit
2452 794 2522 831 per
2545 783 2622 819 hoc

1554 843 1849 882 sacramentum,
1871 836 1967 872 dum
1996 843 2051 872 est
2079 835 2118 872 in
2146 835 2290 872 affectu·
2308 834 2494 884 peccandi
2521 846 2622 871 mor-

1554 889 1685 927 taliter.
1716 890 1764 926 Et
1782 889 1880 936 ideo,
1902 896 1944 925 ut
1962 888 2100 925 dicitur
2118 888 2157 925 in
2176 888 2273 925 libro
2297 889 2342 925 de
2359 889 2623 925 Ecclesiasticis

1525 941 1529 994 Ι
1554 944 1732 992 Dogmat.
1753 942 1784 988 ²¹⁶,
1813 944 1846 979 si
1871 954 1975 979 mens
2003 943 2040 978 in
2060 941 2194 990 affectu
2215 940 2229 971 β
2255 941 2437 991 peccandi
2453 947 2514 987 est,
2533 953 2622 991 gra-

490 1009 524 1033 2.
555 998 787 1043 PRAETEREA,
808 998 884 1033 hoc
911 1004 1195 1033 sacramentum
1215 995 1288 1044 agit
1305 995 1343 1032 in
1362 995 1500 1032 virtute
1554 1001 1664 1033 vatur
1690 997 1813 1045 magis
1840 996 2097 1032 Eucharistiae
2118 996 2357 1044 perceptione
2385 1007 2496 1044 quam
2518 995 2622 1044 puri-

433 1049 622 1099 passionis
652 1049 803 1095 Christi,
825 1049 920 1085 sicut
940 1057 975 1085 et
994 1048 1218 1097 baptismus.
1251 1049 1327 1085 Sed
1347 1060 1417 1097 per
1435 1048 1501 1084 ba-
1544 1050 1696 1096 ficetur.
1726 1049 1838 1086 Unde
1866 1049 1942 1084 hoc
1970 1055 2255 1084 sacramentum
2274 1047 2313 1084 in
2332 1059 2379 1084 eo
2399 1047 2465 1096 qui
2493 1046 2623 1096 ipsum

1555 1100 1715 1149 percipit
1751 1113 1843 1137 cum
1878 1099 2109 1137 conscientia
2145 1100 2289 1149 peceati
2323 1100 2513 1148 mortalis,
2542 1111 2623 1137 non
2649 1132 2651 1134 .

433 1102 620 1151 ptismum
639 1101 883 1138 dimittuntur
909 1109 1065 1150 peccata
1084 1100 1271 1145 mortalia,
1291 1108 1334 1137 ut
1353 1112 1470 1149 supra
1483 1100 1503 1121 ’¹‘

434 1155 580 1191 dictum
600 1162 665 1190 est.
696 1155 797 1202 Ergo
818 1162 854 1190 et
872 1166 942 1203 per
967 1155 1042 1190 hoc
1062 1161 1366 1190 sacramentum:
1395 1164 1502 1202 prae-

435 1207 564 1244 sertim
592 1219 683 1244 cum
712 1207 751 1243 in
778 1207 903 1244 forma
931 1206 1047 1243 huius
1075 1205 1302 1243 sacramenti
1336 1205 1500 1242 dicatur:

440 1262 515 1303 Qui
534 1272 608 1309 pro
636 1261 758 1297 multis
786 1259 996 1309 effundetur
1023 1261 1060 1296 in
1090 1260 1344 1296 remissionem
1367 1271 1502 1308 pecca-

434 1320 568 1351 torum.

490 1366 524 1403 3.
545 1367 778 1411 PRAETEREA,
794 1377 863 1415 per
882 1366 958 1402 hoc
977 1372 1261 1402 sacramentum
1280 1364 1397 1412 gratia
1412 1376 1502 1401 con-

434 1420 562 1466 fertur,
592 1427 634 1455 ut
661 1419 808 1456 dictum
837 1426 892 1455 est
910 1418 940 1455 *.
977 1418 1054 1455 Sed
1081 1430 1151 1467 per
1177 1417 1337 1466 gratiam
1369 1417 1503 1454 iustifi-

435 1480 542 1510 catur
580 1473 702 1509 homo
740 1484 762 1509 a
796 1471 961 1520 peccatis
998 1471 1246 1508 mortalibus:
1287 1471 1503 1508 secundum

434 1526 528 1563 illud
541 1527 652 1562 Rom.
665 1538 696 1562 111
710 1525 745 1562 *2
770 1526 963 1572 Iustificati
978 1526 1097 1574 gratis
1110 1537 1182 1574 per
1199 1526 1365 1574 gratiam
1380 1525 1501 1573 ipsius.

435 1580 537 1626 Ergo
565 1590 635 1627 per
661 1579 738 1615 hoc
765 1585 1049 1614 sacramentum
1078 1577 1322 1614 remittuntur
1348 1584 1504 1626 peccata

435 1631 622 1669 mortalia.
669 1665 675 1671 .

491 1685 564 1722 SED
594 1696 738 1722 CONTRA
766 1696 832 1721 EST
860 1684 968 1733 quod
996 1683 1134 1720 dicitur
1160 1684 1174 1720 I
1207 1685 1293 1720 Cor.
1310 1682 1395 1720 xt*:
1432 1685 1507 1726 Qui

435 1738 637 1775 manducat
655 1743 688 1774 et
706 1739 793 1775 bibit
820 1738 984 1787 indigne,
1006 1737 1181 1773 iudicium
1209 1738 1280 1774 sibi
1304 1737 1505 1773 manducat

437 1797 470 1828 et
497 1792 594 1828 bibit.
631 1790 731 1827 Dicit
762 1797 893 1827 autem
921 1790 1058 1827 Glossa
1076 1789 1096 1811 ²¹⁹
1123 1789 1268 1827 ibidem
1305 1789 1413 1838 quod
1445 1790 1505 1827 ille

435 1844 637 1881 manducat
664 1849 697 1880 et
724 1845 810 1880 bibit
838 1843 991 1893 indigne
1019 1844 1083 1892 qui
1108 1844 1145 1879 in
1174 1844 1331 1880 crimine
1358 1848 1419 1889 est,
1448 1843 1507 1881 vel

436 1899 683 1934 irreverenter
709 1902 863 1933 tractat.-
890 1902 923 1932 et
949 1896 1031 1933 talis
1059 1896 1260 1933 manducat
1281 1901 1314 1932 et
1333 1897 1420 1932 bibit
1437 1897 1508 1933 sibi

437 1950 624 1996 iudicium,
650 1949 738 1986 idest
766 1949 1055 1986 damnationem.
1085 1950 1187 1997 Ergo
1216 1948 1276 1985 ille
1305 1948 1372 1998 qui
1393 1956 1447 1985 est
1466 1948 1505 1985 in

436 2010 594 2053 peccato
622 2001 785 2049 mortali,
805 2014 875 2051 per
902 2002 978 2038 hoc
997 2002 1104 2050 quod
1133 2001 1268 2050 accipit
1289 2002 1364 2038 hoc
1383 2013 1505 2039 sacra-

437 2063 626 2102 mentum,
656 2055 777 2103 magis
805 2056 1023 2092 accumulat
1050 2054 1122 2091 sibi
1148 2061 1363 2103 peccatum,
1386 2066 1506 2104 quam

438 2108 706 2146 remissionem
734 2107 794 2144 sui
821 2107 967 2157 peccati
994 2115 1264 2156 consequatur.

490 2163 716 2199 RESPONDEO
744 2173 926 2198 DICENDUM
954 2161 1062 2210 quod
1089 2160 1210 2197 virtus
1238 2159 1354 2197 huius
1386 2172 1505 2197 sacra-

438 2214 559 2252 menti
585 2221 712 2264 potest
739 2213 972 2251 considerari
1000 2213 1210 2263 dupliciter.
1249 2214 1338 2251 Uno
1372 2213 1506 2260 modo,

438 2267 655 2305 secundum
692 2279 743 2304 se.
788 2268 836 2304 Et
868 2266 921 2303 sic
957 2268 1034 2304 hoc
1070 2274 1355 2304 sacramentum
1392 2266 1508 2303 habet

438 2321 621 2358 virtutem
649 2321 697 2357 ad
726 2319 999 2357 remittendum
1034 2332 1306 2369 quaecumque
1338 2326 1506 2369 peccata,

440 2387 487 2411 ex
513 2373 692 2423 passione
723 2372 873 2420 Christi,
903 2385 1004 2423 quae
1039 2381 1095 2410 est
1127 2373 1213 2410 fons
1242 2380 1278 2410 et
1306 2385 1422 2410 causa
1450 2384 1506 2409 re-

439 2426 633 2464 missionis
661 2434 921 2476 peccatorum.

493 2479 579 2517 Alio
607 2479 728 2516 modo
756 2486 881 2528 potest
899 2478 1132 2516 considerari
1159 2491 1229 2528 per
1256 2478 1507 2528 comparatio-

441 2544 533 2570 nem
552 2533 601 2569 ad
621 2544 713 2569 eum
732 2532 799 2581 qui
818 2531 950 2581 recipit
978 2532 1054 2569 hoc
1077 2539 1372 2579 sacramentum,
1393 2538 1509 2581 prout

441 2585 481 2623 in
509 2598 556 2622 eo
577 2585 770 2622 invenitur
788 2586 850 2622 vel
868 2597 949 2622 non
972 2584 1167 2622 invenitur
1184 2584 1509 2634 impedimentum

441 2638 678 2688 percipiendi
704 2639 780 2675 hoc
806 2645 1091 2675 sacramentum
1107 2643 1134 2674 α.
1165 2638 1415 2687 Quicumque
1442 2649 1508 2674 au-

441 2699 521 2729 tem
549 2691 664 2728 habet
691 2691 966 2729 conscientiam
999 2690 1145 2741 peccati
1177 2690 1364 2738 mortalis,
1394 2690 1510 2727 habet

443 2743 482 2781 in
511 2756 550 2781 se
579 2744 903 2794 impedimentum
922 2742 1159 2794 percipiendi
1184 2743 1365 2781 effectum
1394 2743 1510 2781 huius
1531 2769 1533 2771 -

443 2797 689 2845 sacramenti,
720 2810 766 2835 eo
795 2797 902 2847 quod
930 2809 1011 2834 non
1039 2805 1095 2834 est
1122 2796 1357 2834 conveniens
1386 2808 1510 2834 susce-

497 2910 524 2945 α)
543 2911 593 2936 hoc
610 2914 817 2936 sacramentum.
835 2925 854 2930 —
871 2911 992 2945 effectum
1008 2911 1026 2943 1,
1040 2911 1119 2937 huius
1136 2912 1299 2937 sacramenti
1316 2911 1436 2946 effectum
1451 2912 1474 2936 G
1487 2917 1513 2937 et

444 2947 584 2978 editiones;
602 2946 677 2973 hoc...
691 2947 861 2979 percipiendi
878 2955 932 2972 om.
951 2947 985 2972 H.

499 2981 524 3017 β)
543 2982 648 3016 affectu.
666 2997 686 3001 -
703 2985 765 3008 actu
785 2982 815 3008 P.

1557 1161 1738 1202 operatur
1765 1153 2034 1189 remissionem
2060 1152 2217 1202 peccati.

1610 1207 1738 1242 Potest
1756 1213 1887 1242 tamen
1914 1206 1990 1242 hoc
2018 1213 2303 1242 sacramentum
2322 1205 2473 1255 operari
2492 1204 2624 1242 remis-

1557 1258 1707 1295 sionem
1734 1257 1880 1307 peccati
1908 1257 2119 1307 dupliciter.
2149 1259 2237 1295 Uno
2265 1258 2398 1306 modo,
2427 1270 2508 1295 non
2539 1270 2625 1307 per-

1557 1319 1714 1361 ceptum
1743 1319 1848 1358 actu,
1878 1310 1946 1347 sed
1972 1318 2083 1348 voto:
2114 1310 2210 1348 sicut
2229 1323 2320 1348 cum
2349 1310 2435 1360 quis
2462 1310 2625 1360 primo*

1557 1364 1784 1401 iustificatur
1802 1376 1825 1400 a
1842 1371 2012 1413 peccato.
2033 1386 2059 1390 -
2078 1363 2164 1400 Alio
2189 1364 2321 1411 modo,
2351 1364 2467 1401 etiam
2494 1375 2624 1413 perce-

1557 1425 1669 1467 ptum
1706 1417 1754 1454 ab
1788 1429 1835 1454 eo
1872 1416 1939 1466 qui
1975 1424 2030 1453 est
2057 1416 2096 1453 in
2124 1424 2281 1466 peccato
2316 1416 2479 1463 mortali,
2516 1415 2626 1454 cuius

1557 1470 1832 1508 conscientiam
1852 1477 1888 1506 et
1907 1470 2090 1507 affectum
2113 1482 2195 1507 non
2222 1470 2348 1507 habet.
2378 1471 2493 1508 Forte
2521 1469 2626 1507 enim

1557 1523 1684 1573 primo
1705 1535 1786 1560 non
1803 1523 1873 1560 fuit
1894 1522 2126 1560 sufficienter
2144 1523 2346 1560 contritus:
2377 1524 2460 1570 sed,
2487 1523 2626 1560 devote

1558 1585 1595 1614 et
1621 1584 1841 1614 reverenter
1868 1576 2066 1623 accedens,
2087 1584 2347 1626 consequetur
2372 1588 2444 1626 per
2465 1577 2541 1613 hoc
2568 1587 2626 1613 sa-

1558 1637 1800 1667 cramentum
1827 1629 1987 1677 gratiam
2014 1629 2192 1675 caritatis,
2221 1641 2322 1679 quae
2357 1628 2627 1667 contritionem

1557 1682 1730 1733 perficiet
1757 1690 1793 1719 et
1821 1681 2090 1719 remissionem
2117 1682 2274 1732 peccati.

1612 1738 1669 1773 AD
1698 1747 1834 1773 PRIMUM
1862 1747 1960 1772 ERGO
1988 1747 2170 1773 met-:unum
2198 1735 2306 1785 quod
2328 1735 2494 1785 petimus
2520 1733 2628 1784 quod

1559 1789 1652 1826 illud
1690 1796 1975 1826 sacramentum
2011 1788 2124 1825 nobis
2168 1788 2214 1825 sit
2254 1789 2391 1826 ablutio
2427 1789 2629 1826 scelerum.-

1558 1843 1622 1879 vel
1649 1854 1788 1879 eorum
1816 1853 1983 1890 quorum
2014 1840 2288 1878 conscientiam
2315 1853 2397 1878 non
2424 1842 2626 1890 habemus,

1560 1895 1776 1932 secundum
1796 1894 1890 1932 illud
1908 1894 2050 1931 Psalmi
2068 1894 2100 1940 ³¹⁶,
2128 1895 2188 1931 Ab
2207 1894 2356 1931 occultis
2378 1896 2470 1931 meis
2487 1894 2628 1933 munda

1559 1961 1631 1994 me,
1651 1949 1831 1991 Domine,·
1857 1948 1919 1983 vel
1947 1954 1990 1983 ut
2008 1946 2185 1984 contritio
2213 1946 2253 1984 in
2277 1946 2390 1984 nobis
2407 1947 2630 1997 perficiatur

1561 2001 1609 2038 ad
1645 2002 1833 2037 scelerum
1871 1999 2158 2046 remissionem3
2186 2001 2250 2037 vel
2285 1999 2401 2037 etiam
2435 2008 2478 2037 ut
2510 2000 2630 2038 robur

1560 2053 1673 2091 nobis
1701 2054 1813 2090 detur
1840 2060 1973 2090 contra
1992 2051 2005 2074 δ
2033 2054 2175 2090 scelera
2201 2052 2369 2091 vitanda.

1613 2108 1671 2144 AD
1699 2118 1890 2144 sECUNDUM
1908 2117 2090 2143 DICENDUM
2109 2106 2217 2155 quod
2237 2106 2450 2156 baptismus
2478 2114 2534 2144 est
2555 2106 2629 2156 spi·

1561 2159 1704 2197 ritualis
1731 2158 1936 2208 generatio,
1967 2171 2068 2208 quae
2096 2167 2152 2196 est
2179 2158 2341 2196 mutatio
2370 2159 2417 2196 de
2445 2171 2527 2197 non
2546 2171 2629 2198 esse

1560 2211 1744 2262 spirituali
1768 2212 1807 2249 in
1827 2224 1909 2249 esse
1938 2211 2156 2261 spirituale3,
2173 2219 2210 2249 et
2228 2212 2340 2250 datur
2365 2224 2437 2262 per
2462 2213 2629 2250 modum

1561 2265 1777 2303 ablutionis.
1807 2266 1855 2302 Et
1882 2265 1983 2312 ideo,
2013 2272 2203 2314 quantum
2231 2265 2281 2302 ad
2303 2272 2525 2315 utrumque,
2547 2277 2628 2303 non

1560 2318 1876 2356 inconvenienter
1903 2318 2048 2355 accedit
2075 2318 2125 2355 ad
2151 2317 2390 2368 baptismum
2418 2318 2486 2368 qui
2513 2318 2630 2356 habet

1561 2371 1835 2410 conscientiam
1866 2370 2012 2420 peccati
2039 2371 2221 2408 mortalis
2261 2371 2338 2409 Sed
2365 2383 2436 2421 per
2467 2372 2544 2409 hoc
2571 2383 2629 2409 sa-

1561 2432 1802 2462 cramentum
1831 2425 1954 2461 homo
1980 2423 2097 2461 sumit
2115 2423 2155 2460 in
2180 2436 2220 2461 se
2241 2424 2438 2462 Christum
2460 2437 2531 2475 per
2548 2436 2630 2462 mo-

1562 2478 1658 2515 dum
1686 2476 1889 2527 spiritualis
1923 2476 2166 2514 nutrimenti:
2197 2477 2304 2526 quod
2332 2489 2413 2514 non
2448 2476 2632 2528 competit

1562 2538 1718 2568 mortuo
1746 2530 1786 2567 in
1805 2529 1980 2580 peccatis
2011 2531 2060 2567 Et
2078 2529 2166 2567 ideo
2186 2542 2267 2567 non
2286 2538 2342 2567 est
2361 2530 2493 2568 similis
2521 2530 2628 2568 ratio.

1615 2585 1672 2621 AD
1699 2595 1859 2621 TERTIUM
1886 2595 2069 2620 mcaNDUM
2091 2581 2199 2632 quod
2217 2583 2335 2631 gratia
2354 2591 2409 2620 est
2436 2582 2630 2621 sufficiens

1563 2649 1679 2674 causa
1715 2635 1950 2674 remissionis
1985 2635 2131 2686 peccati
2167 2636 2349 2683 mortalis,
2385 2649 2466 2674 non
2499 2644 2631 2674 tamen

1563 2698 1650 2727 actu
1678 2689 1832 2727 remittit
1859 2696 2062 2738 peccatum
2095 2690 2257 2726 mortale
2285 2689 2356 2726 nisi
2383 2702 2475 2727 cum
2502 2689 2629 2739 primo

1563 2743 1676 2780 datur
1702 2741 1903 2792 peccatori.
1935 2741 1998 2780 Sic
2019 2749 2149 2780 autem
2169 2754 2249 2779 non
2270 2742 2383 2780 datur
2410 2742 2449 2780 in
2478 2744 2554 2780 hoc
2573 2754 2630 2783 sa-

1564 2803 1760 2833 cramento
1780 2795 1811 2832 ²¹⁸.
1842 2795 1953 2833 Unde
1981 2795 2077 2833 ratio
2105 2807 2186 2833 non
2214 2795 2398 2845 sequitur.

1619 2910 1647 2944 γ)
1663 2912 1763 2944 primo.
1780 2925 1799 2930 -
1813 2912 1894 2943 prius
1913 2911 2048 2936 editiones.

1619 2946 1645 2982 ὃ)
1663 2950 1769 2973 contra.
1786 2962 1806 2966 -
1823 2947 1861 2972 ad
1879 2947 2014 2973 editiones.

1120 3059 1456 3093 Commentario.
1479 3060 1732 3093 Cardinalis
1754 3060 1956 3093 Caietani

451 3152 499 3213 lu
523 3142 656 3172 articulo
679 3142 783 3178 tertio,
807 3142 841 3172 in
863 3142 1074 3181 responsione
1097 3141 1137 3172 ad
1159 3142 1311 3182 primum,
1331 3147 1418 3177 nota,
1443 3141 1511 3172 No-

478 3186 564 3221 vine,
582 3186 680 3215 trium
696 3186 935 3225 expositionum
958 3186 1001 3215 ibi
1017 3186 1181 3216 allatarum
1197 3185 1371 3216 secundam
1387 3185 1511 3216 differre

449 3239 466 3259 a
488 3230 591 3269 prima
621 3230 655 3259 in
681 3230 759 3265 hoc,
783 3229 873 3269 quod
901 3229 1055 3269 perfectio
1084 3230 1283 3260 contritionis
1316 3229 1450 3260 refertur
1473 3229 1512 3259 ad

448 3273 567 3303 scelera
590 3274 726 3313 cognita,
750 3274 784 3303 in
807 3274 909 3312 prima
932 3278 1038 3303 autem
1062 3273 1102 3303 ad
1125 3274 1264 3304 occulta:
1298 3273 1405 3313 quoad
1427 3278 1512 3303 utra-

450 3326 514 3357 que
537 3317 623 3347 enim
645 3317 763 3356 petitur
786 3317 906 3346 ablutio
930 3326 987 3356 per
1003 3318 1229 3347 contritionem
1245 3316 1430 3357 perfectam.

505 3360 541 3390 11.
567 3360 603 3390 In
625 3361 834 3400 responsione
857 3360 897 3390 ad
920 3360 1098 3390 secundum
1122 3360 1265 3391 eiusdem
1289 3361 1430 3397 articuli,
1454 3361 1513 3391 du-

450 3405 540 3435 bium
564 3405 701 3434 occurrit
723 3403 762 3434 de
785 3405 913 3434 veritate
944 3403 1137 3434 differentiae
1167 3405 1289 3444 positae
1311 3405 1393 3434 inter
1415 3405 1513 3435 susci-

450 3449 594 3488 pientem
617 3449 811 3488 baptismum
834 3453 865 3478 et
888 3448 1115 3487 suscipientem
1139 3448 1380 3484 Eucharistiam‚
1406 3448 1514 3488 quoad

451 3493 515 3523 hoc
539 3492 628 3532 quod
656 3497 702 3522 est
732 3501 799 3522 esse
822 3492 873 3522 vel
896 3501 963 3522 non
994 3500 1061 3521 esse
1084 3491 1117 3521 in
1147 3497 1280 3531 peccato
1309 3492 1445 3522 mortali.
1474 3492 1514 3522 Et

1566 3147 1612 3172 est
1634 3142 1713 3172 ratio
1738 3141 1827 3172 dubii
1850 3142 1926 3182 quia
1948 3141 2120 3181 utrobique
2143 3140 2318 3180 suscipiens
2342 3149 2416 3170 cum
2435 3141 2630 3174 conscientia

1566 3191 1596 3216 et
1620 3185 1735 3216 affectu
1757 3186 1881 3226 peccati
1903 3185 2061 3220 mortalis,
2085 3183 2215 3224 indigne
2238 3184 2386 3224 suscipit,
2410 3194 2470 3215 nec
2497 3186 2629 3225 gratiam

1565 3235 1642 3260 tunc
1666 3230 1882 3269 consequitur.
1907 3229 2010 3259 Immo
2027 3228 2066 3259 de
2081 3237 2168 3258 novo
2189 3233 2300 3268 peccat
2315 3234 2448 3268 peccato
2465 3230 2629 3270 sacrilegii,

1565 3274 1747 3304 membrum
1772 3273 1888 3304 Christi
1911 3274 1982 3313 ipso
2007 3281 2040 3303 se
2063 3277 2260 3302 sacramento
2284 3271 2418 3312 fingens.

1621 3317 1673 3347 Ad
1695 3318 1758 3347 hoc
1789 3317 1904 3347 dicitur
1933 3316 2023 3356 quod
2053 3315 2228 3346 differentia
2259 3317 2395 3347 salvatur
2425 3322 2456 3347 et
2479 3327 2517 3349 ex
2540 3323 2629 3358 parte

1567 3362 1764 3397 sacramenti,
1789 3366 1820 3391 et
1849 3370 1886 3391 ex
1908 3365 1997 3400 parte
2025 3361 2234 3400 suscipientis.
2265 3361 2313 3391 Ex
2336 3367 2533 3393 sacramento
2558 3362 2628 3402 qui-

1567 3405 1651 3440 dem,
1668 3406 1743 3444 quia
1766 3410 1999 3434 sacramentum
2022 3404 2237 3435 Eucharistiae
2253 3414 2291 3435 ex
2307 3406 2438 3445 proprio
2457 3415 2519 3436 usu
2534 3406 2630 3437 habet

1567 3449 1724 3478 rationem
1753 3449 1954 3478 nun-lmenti:
1987 3458 2023 3478 ac
2054 3458 2111 3488 per
2140 3449 2214 3484 hoc,
2247 3450 2465 3480 convenientis
2495 3451 2574 3481 vivis
2598 3455 2629 3481 et

1564 3501 1631 3522 non
1655 3493 1799 3522 mortuis.
1830 3492 2011 3532 Baptismus
2039 3498 2145 3523 autem
2169 3502 2206 3523 ex
2230 3494 2358 3534 propria
2384 3494 2508 3524 ratione
2534 3494 2630 3525 habet

2649 947 2863 1002 situatas&

2648 1002 2709 1029 Aug.

2748 1028 2763 1062 β

2656 1906 2665 1915 “
2680 1903 2718 1926 Pa.
2733 1909 2798 1932 xvm,
2808 1909 2870 1926 vers.
2916 1897 2918 1899 ¹

2657 1935 2688 1958 ¹3·

2671 2828 2677 2839 ‚
2724 2826 2732 2834 .
