2878 4088
101 283 111 293 ‘¹
128 281 190 303 pm.
211 280 258 308 111,
276 287 315 308 qu.

102 313 164 334 unt,
179 310 220 329 nrt.
236 313 254 335 5.

100 716 169 744 '5³-

1007 150 1270 197 QUAESTIO
1299 149 1438 196 LXXI,
1458 149 1751 186 ARTICULUS
1779 151 1840 194 IV,
1861 151 1895 186 V

344 239 383 260 ex
405 230 516 269 seipsis
533 229 706 260 efficaciam
730 230 849 260 habent
864 230 985 270 absque
1008 238 1106 269 opere
1127 230 1297 269 operantis,
1315 236 1413 268 quam

344 273 517 313 aequaliter
548 273 676 314 explent
699 283 756 313 per
786 283 1011 314 quoscumque
1035 272 1112 303 fiant
1134 274 1167 309 ἕ,
1193 278 1350 313 quantum
1374 271 1413 302 ad

343 318 406 348 hoc
429 317 576 357 suffragia
598 327 656 358 per
678 318 781 348 malos
804 318 886 348 facta
909 317 1067 348 defunctis
1090 323 1234 357 prosunt.

396 361 471 392 Alio
495 361 607 398 modo,
630 367 788 402 quantum
812 361 852 392 ad
875 371 958 402 opus
988 371 1135 401 operans
1167 361 1208 392 Et
1231 362 1275 391 sic
1304 360 1412 391 distin-

2458 151 2528 188 153

1468 237 1581 258 unum.
1606 227 1639 258 Si
1663 237 1738 268 ergo
1763 228 1819 267 qui
1840 237 1898 268 per
1921 229 2067 270 suffragia
2088 230 2231 261 debitum
2253 233 2370 263 mortui
2395 233 2498 270 solvit,
2516 244 2533 263 a

1467 272 1600 312 proprio
1624 271 1732 302 debito
1754 272 1912 308 liberatur,
1929 273 2053 304 videtur
2075 274 2163 314 quod
2186 285 2353 315 nunquam
2370 276 2463 307 debet
2479 278 2533 308 ali-

1468 317 1540 356 quis
1563 325 1623 356 pro
1647 316 1753 356 seipso
1776 315 1965 353 satisfacere,
1983 317 2038 347 sed
2060 327 2186 358 semper
2208 329 2268 359 pro
2292 320 2364 350 alio.

1525 360 1555 391 3.
1579 360 1776 396 Pmrnnna,
1793 361 1819 390 si
1842 359 2012 391 satisfactio
2029 362 2161 392 alicuius
2181 372 2239 402 pro
2263 364 2326 394 alio
2343 364 2533 396 satisfacien-

341 405 508 446 guendum
532 412 588 436 est.
613 406 698 444 Quia
723 407 867 446 operatio
891 406 1068 446 peccatoris
1098 404 1246 445 suffragia
1269 404 1413 435 facientis
1435 412 1444 431 5
1467 405 1507 435 tis
1522 404 1695 445 aequaliter
1710 403 1876 445 prodesset
1896 404 1956 434 sibi
1978 410 2014 434 ut
2037 406 2066 435 ei
2081 415 2139 445 pro
2157 415 2223 446 quo
2247 407 2405 445 satisfacit,
2422 409 2532 440 eadem

341 455 448 490 potest
471 459 538 480 uno
562 450 662 481 modo
687 449 879 481 considerari
900 455 997 490 prout
1021 455 1068 480 est
1087 450 1165 480 eius.
1190 449 1230 480 Et
1253 450 1298 479 sic
1320 448 1412 479 nullo

341 493 441 524 modo
465 495 626 525 meritoria
643 504 710 525 esse
725 499 832 535 potest
850 503 911 525 nec
934 494 994 524 sibi
1009 503 1069 524 nec
1086 494 1147 524 alii.
1163 511 1186 515 -
1200 493 1275 523 Alio
1299 492 1411 528 modo,

341 539 535 578 inquantum
559 544 606 569 est
636 539 773 569 alterius.
809 538 909 576 Quod
941 537 1111 578 dupliciter
1134 537 1300 577 contingit.
1336 537 1411 567 Uno

341 581 452 618 modo,
469 583 662 623 inquantum
676 588 828 623 peccator
842 581 990 622 suffragia
1012 581 1130 612 faciens
1146 582 1225 621 gerit
1240 589 1412 621 personam

1467 449 1591 479 ratione
1606 449 1781 489 aequaliter
1802 448 1919 478 valebit
1935 454 1967 478 et
1988 450 2092 485 tertio,
2109 451 2134 479 si
2150 459 2209 490 pro
2231 451 2346 483 eodem
2367 452 2534 484 satisfaciat

1467 493 1579 529 simul;
1605 498 1636 523 et
1659 493 1802 523 similiter
1818 497 1943 532 quarto,
1961 498 1992 523 et
2007 493 2052 523 sic
2077 492 2236 534 deinceps.
2262 495 2347 535 Ergo
2363 506 2447 527 unus
2469 508 2533 528 una

1467 536 1680 611 satigfactione
1703 542 1812 577 posset
1827 546 1887 577 pro
1912 537 2063 567 omnibus
2079 537 2265 568 satisfacere.
2289 539 2388 577 Quod
2412 546 2458 571 est
2481 543 2533 572 ab-

1466 590 1520 611 sur
1542 590 1609 611 um.

341 627 440 657 totius
463 627 643 657 Ecclesiae:
667 628 750 657 sicut
765 626 912 657 sacerdos
935 625 1014 656 dum
1031 625 1107 656 dicit
1129 626 1163 655 in
1182 625 1315 655 ecclesia
1339 634 1410 655 exe·
1521 624 1585 655 San
1609 634 1733 655 coum
1755 634 1810 655 irs-r
1830 624 1920 665 quod
1935 625 2049 656 dicitur
2072 625 2106 655 in
2127 625 2254 656 Psalmo
2271 627 2303 656 *ε
2332 627 2446 658 Oratio
2464 639 2534 660 mea
2562 635 2571 645 ·
2593 634 2631 656 Ρε-
2652 641 2735 662 xxm,

342 671 432 711 quias
447 676 663 702 mortuorum.
688 671 728 702 Et
744 671 820 710 quia
835 670 889 700 ille
911 670 1097 710 intelligitur
1116 668 1220 699 facere
1244 669 1336 699 cuius
1352 678 1411 698 no·
1466 669 1498 698 in
1523 669 1596 699 sinu
1612 678 1683 699 meo
1699 674 1914 700 convertetur.
1938 669 2035 709 Ergo,
2053 669 2165 700 eadem
2187 670 2320 706 ratione,
2337 677 2368 701 et
2389 672 2534 714 suffragia
2561 667 2619 682 ω’·
2637 667 2668 688 '³'

341 716 428 746 mine
451 715 502 746 vel
524 716 594 746 vice
618 714 663 751 fit,
687 720 724 745 ut
747 720 834 755 patet
855 723 913 754 per
936 713 1144 754 Dionysium,
1167 713 1202 743 in
1229 722 1284 742 xm
1307 721 1377 752 cap.
1394 713 1411 728 ⁴*
1467 721 1550 752 quae
1573 722 1633 753 pro
1657 713 1725 743 aliis
1749 712 1840 749 fiunt,
1858 713 2123 744 satisfacientibus
2145 719 2290 753 prosunt.

343 759 431 790 Cael.
443 759 550 795 Hier„
574 758 650 790 inde
666 764 713 789 est
728 758 818 799 quod
833 757 982 798 suffragia
1004 757 1073 788 talis
1092 756 1273 792 sacerdotis,
1297 765 1410 796 quam-
1522 765 1552 786 2.
1576 757 1774 794 Puni-nana,
1791 757 2010 788 Damascenus
2027 757 2113 794 dicit,
2129 759 2163 788 in
2180 757 2335 789 Sermone
2349 760 2400 790 De
2415 760 2465 791 his
2480 762 2535 801 qui

340 804 386 834 vis
405 804 445 834 sit
467 809 627 844 peccator,
643 802 803 833 defunctis
825 807 971 842 prosunt.
992 819 1015 823 —
1036 801 1111 831 Alio
1135 799 1254 836 modo,
1279 799 1410 839 quando
1466 800 1498 830 in
1512 800 1585 841 fide
1608 801 1812 832 dormierunt
1826 802 1859 831 *x
1894 801 2171 838 Quemadmodum
2199 808 2364 843 unguento
2395 805 2445 834 vel
2467 806 2534 835 alio
2561 810 2571 820 ·
2585 808 2656 830 Num·
2673 809 2706 831 18-

340 848 404 888 agit
427 853 463 878 ut
485 848 735 877 instrumentum
758 846 896 876 alterius.
922 844 1014 886 Opus
1038 845 1124 875 enim
1144 845 1348 875 instrumenti
1364 849 1411 874 est
1426 850 1449 871 ¹5
1466 844 1538 875 oleo
1561 850 1674 875 sancto
1699 845 1920 877 circumlinire
1943 846 2054 877 volens
2075 846 2248 888 infirmum,
2259 847 2369 887 primo
2394 848 2458 885 ille,
2475 850 2535 880 sci-

339 891 439 931 magis
463 890 646 931 principalis
669 891 800 930 agentis.
830 889 934 925 Unde,
959 890 1106 929 quamvis
1133 889 1186 919 ille
1210 889 1266 929 qui
1289 888 1352 928 agit
1374 894 1410 918 ut

338 936 588 966 instrumentum
611 934 749 969 alterius,
766 943 835 964 non
858 934 898 964 sit
920 934 954 964 in
978 939 1061 964 statu
1083 932 1238 969 merendi,
1256 933 1339 963 actio
1363 938 1409 963 ta-

338 988 414 1010 men
438 979 506 1009 eius
529 984 636 1019 potest
653 988 721 1009 esse
742 978 906 1008 meritoria
929 978 1051 1008 ratione
1066 977 1250 1018 principalis
1270 977 1408 1017 agentis:

338 1024 420 1054 sicut
434 1023 461 1053 si
478 1032 588 1053 servus
603 1023 636 1053 in
653 1028 788 1063 peccato
813 1023 949 1053 existens
965 1021 1198 1062 quodcumque
1215 1031 1298 1062 opus
1313 1022 1409 1052 mise-

338 1067 492 1098 ricordiae
515 1066 591 1097 facit
615 1077 652 1097 ex
679 1072 851 1107 praecepto
881 1066 1005 1097 domini
1027 1067 1077 1097 sui
1105 1066 1267 1097 caritatem
1289 1066 1409 1096 haben-

337 1112 386 1142 tis.
419 1110 530 1147 Unde,
556 1112 582 1142 si
605 1111 720 1151 aliquis
742 1111 776 1142 in
800 1111 928 1141 caritate
961 1110 1118 1142 decedens
1146 1111 1320 1151 praecipiat
1349 1110 1409 1140 sibi

337 1155 484 1196 suffragia
507 1154 593 1192 fieri,
617 1156 668 1186 vel
692 1155 771 1186 alius
801 1156 975 1195 praecipiat
1003 1156 1165 1186 caritatem
1194 1155 1331 1190 habens,
1355 1154 1409 1185 illa

338 1199 486 1240 suffragia
508 1199 615 1230 valent
642 1199 814 1236 defuncto,
839 1200 985 1240 quamvis
1014 1199 1060 1230 illi
1083 1209 1140 1239 per
1164 1209 1246 1239 quos
1269 1198 1352 1230 fiunt
1374 1199 1408 1229 in

337 1250 471 1285 peccato
496 1244 639 1276 existant.
674 1244 775 1284 Magis
797 1249 907 1275 tamen
936 1244 1077 1275 valerent
1100 1245 1126 1274 si
1150 1248 1254 1274 essent
1276 1244 1310 1274 in
1330 1243 1408 1274 cari-

337 1338 451 1364 essent.

392 1377 444 1408 An
467 1387 585 1408 panton
609 1387 691 1408 eaeo
716 1386 876 1408 nrcmmou
892 1376 982 1417 quod
1005 1377 1107 1407 oratio
1123 1385 1181 1416 per
1204 1381 1408 1416 peccatorem

338 1421 420 1452 facta
443 1421 640 1462 quandoque
663 1431 732 1452 non
756 1427 802 1452 est
825 1421 1011 1462 peccatoris,
1028 1420 1084 1451 sed
1107 1420 1244 1451 alterius.
1269 1420 1311 1451 Et
1334 1419 1408 1451 ideo

338 1465 518 1496 secundum
540 1466 604 1496 hoc
628 1465 723 1506 digna
746 1471 793 1496 est
815 1470 852 1496 ut
874 1475 892 1495 a
916 1465 987 1496 Deo
1011 1464 1205 1495 exaudiatur.

394 1510 520 1541 Tamen
536 1511 632 1541 etiam
648 1509 845 1550 quandoque
861 1509 949 1540 Deus
964 1515 1149 1549 peccatores
1165 1508 1263 1545 audit,
1277 1507 1407 1549 quando

339 1554 458 1585 scilicet
472 1560 657 1595 peccatores
672 1559 787 1594 petunt
802 1553 923 1594 aliquid
938 1554 1010 1584 Deo
1026 1559 1205 1594 acceptum.
1229 1552 1306 1583 Non
1321 1553 1408 1583 enim

338 1598 414 1630 solis
436 1599 536 1635 iustis,
553 1598 609 1629 sed
632 1599 728 1629 etiam
751 1598 973 1638 peccatoribus
997 1597 1085 1628 Deus
1107 1598 1194 1628 bona
1221 1607 1278 1628 sua
1300 1597 1408 1637 provi-

338 1642 401 1679 det,
418 1649 455 1673 ut
469 1648 556 1683 patet
572 1643 684 1673 Matth.
701 1653 720 1672 v
735 1643 769 1672 *2
794 1652 862 1672 non
885 1648 994 1672 autem
1009 1651 1048 1672 ex
1069 1651 1182 1672 eorum
1205 1642 1335 1678 meritis,
1352 1640 1408 1671 sed

338 1696 376 1717 ex
392 1697 450 1717 sua
465 1687 647 1717 clementia.
671 1687 712 1717 Et
728 1686 801 1717 ideo
819 1686 906 1716 Ioan.
923 1696 965 1723 1x,
982 1695 1079 1726 super
1094 1685 1173 1716 illud
1189 1687 1215 1721 ’ζ
1231 1686 1322 1716 Deus
1331 1694 1408 1725 pec-

303 1754 309 1760 .
337 1735 464 1762 catores
488 1741 553 1761 non
577 1731 679 1767 audit,
701 1730 816 1761 Glossa
832 1731 848 1747 “
873 1729 949 1760 dicit
973 1729 1064 1770 quod
1085 1730 1230 1770 loquitur
1252 1735 1288 1760 ut
1313 1730 1408 1760 inun-

303 1807 308 1812 ,
336 1780 415 1812 ctus,
432 1785 500 1806 non
523 1776 606 1806 sicut
628 1775 723 1815 plene
746 1774 868 1805 videns.

390 1820 442 1850 An
465 1829 629 1850 snconnon
651 1829 811 1850 memnon
826 1817 927 1859 quod,
943 1819 1090 1859 quamvis
1105 1827 1144 1848 ex
1159 1823 1248 1858 parte
1268 1819 1336 1848 eius
1351 1818 1408 1858 qui

337 1863 482 1905 displicet
506 1864 608 1894 oratio
632 1864 810 1904 peccatoris
832 1872 902 1893 non
924 1863 963 1893 sit
986 1868 1132 1903 accepta,
1153 1868 1261 1893 tamen
1285 1863 1408 1893 ratione

336 1908 483 1945 alterius,
509 1909 601 1939 cuius
624 1909 694 1938 vice
716 1907 768 1938 vel
791 1907 927 1947 imperio
961 1908 1081 1947 agitur,
1106 1912 1213 1947 potest
1243 1917 1311 1938 esse
1335 1907 1406 1937 Deo

336 1958 476 1993 accepta.

389 1997 442 2028 An
466 2006 601 2027 raarmu
623 2006 784 2027 memnon
808 1995 898 2036 quod
920 1996 984 2026 hoc
1007 1995 1097 2036 quod
1120 2001 1270 2036 peccator
1288 1995 1408 2026 faciens

334 2040 522 2072 huiusmodi
539 2040 687 2081 suffragia
701 2040 829 2071 nullum
851 2045 991 2080 reportat
1012 2039 1234 2076 commodum,
1251 2041 1408 2080 contingit

336 2095 374 2116 ex
397 2086 461 2116 hoc
486 2085 575 2125 quod
598 2095 667 2116 non
691 2091 737 2115 est
761 2094 859 2125 capax
882 2084 952 2115 talis
975 2084 1156 2125 profectus,
1179 2080 1310 2124 prop'ter
1332 2094 1407 2125 pro-

281 2148 285 2151 ·
335 2130 438 2170 priam
456 2129 746 2170 indispositionem.
771 2129 812 2159 Et
827 2134 934 2159 tamen
959 2129 1021 2165 alii,
1038 2130 1095 2169 qui
1109 2138 1178 2160 non
1201 2134 1248 2159 est
1263 2127 1407 2169 indispo-

94 2709 105 2721 ·
119 2708 185 2731 vm.
198 2707 226 2731 ιδ
239 2713 306 2736 sqq.;

93 2740 307 2790 Ἥῆςζῗῗεέἔῑ

95 2789 135 2810 tra
150 2794 171 2810 2.

335 2174 423 2211 situs,
441 2174 550 2214 aliquo
575 2173 675 2204 modo
700 2173 805 2204 valere
826 2178 944 2213 potest,
960 2179 997 2203 ut
1019 2173 1142 2204 dictum
1165 2178 1212 2203 est
1228 2174 1254 2204 ἦ

391 2219 442 2249 An
467 2228 615 2248 nomi-ou
638 2227 799 2248 memnon
821 2217 929 2258 quod,
954 2218 1099 2257 quamvis
1123 2226 1206 2257 opus
1230 2218 1407 2258 peccatoris

335 2272 404 2294 non
419 2263 458 2293 sit
473 2263 584 2293 vivum
599 2263 793 2302 inquantum
809 2267 856 2292 est
873 2262 950 2298 eius,
963 2267 1069 2302 potest
1084 2268 1192 2292 tamen
1212 2271 1280 2292 esse
1295 2262 1406 2292 vivum

335 2308 528 2348 inquantum
552 2312 599 2338 est
622 2307 760 2343 alterius,
777 2311 813 2337 ut
836 2305 959 2337 dictum
982 2312 1029 2336 est
1045 2307 1071 2336 *.

390 2351 453 2383 San
479 2356 553 2382 eom
585 2351 723 2381 rationes
754 2360 837 2391 quae
870 2355 944 2381 sunt
975 2351 1009 2381 in
1041 2351 1229 2391 oppositum
1259 2350 1407 2381 videntur

1466 889 1540 919 licet
1555 889 1682 926 liniens,
1689 890 1869 931 participat
1884 891 2077 926 unctionem,
2091 891 2205 922 deinde
2219 891 2266 921 sic
2271 893 2431 934 perungit
2447 894 2535 924 labo-

1466 938 1611 971 rantem,·
1633 934 1680 965 sic
1702 939 1733 965 et
1755 935 1945 975 quicumque
1967 945 2033 976 pro
2058 936 2207 976 proximi
2228 936 2333 966 salute
2363 938 2532 979 agonizat,

1459 978 1604 1018 primum
1627 978 1688 1009 sibi
1705 979 1849 1019 prodest,
1866 979 1981 1010 deinde
1990 980 2157 1020 proximo.
2174 980 2216 1010 Et
2238 980 2283 1010 sic
2305 980 2439 1012 habetur
2461 991 2532 1022 pro-

1464 1023 1616 1063 positum.

1518 1067 1708 1098 Rasponnzo
1725 1077 1885 1098 memnon
1902 1067 1991 1108 quod
2008 1077 2090 1108 opus
2102 1068 2241 1109 suffragii
2257 1069 2347 1110 quod
2357 1079 2417 1110 pro
2434 1071 2532 1101 altero

1464 1110 1509 1147 fit,
1527 1116 1634 1151 potest
1657 1111 1850 1142 considerari
1868 1111 2046 1152 dupliciter.
2071 1112 2146 1143 Uno
2169 1113 2280 1151 modo,
2297 1120 2334 1144 ut
2357 1120 2403 1144 est
2426 1116 2532 1155 expia-

1463 1155 1566 1186 tivum
1599 1165 1725 1196 poenae
1754 1165 1812 1196 per
1841 1156 1977 1187 modum
2011 1156 2177 1187 cuiusdam
2207 1159 2531 1199 recompensationis,

1464 1208 1547 1239 quae
1569 1200 1603 1230 in
1626 1199 1838 1231 satisfactione
1855 1200 2035 1231 attenditur.
2059 1201 2101 1231 Et
2123 1201 2187 1232 hoc
2202 1202 2302 1233 modo
2323 1212 2406 1243 opus
2421 1203 2531 1234 suffra-

1463 1253 1516 1284 gn,
1542 1243 1631 1284 quod
1654 1250 1860 1285 computatur
1883 1246 1974 1285 quasi
1998 1245 2066 1275 eius
2090 1254 2150 1285 pro
2175 1255 2241 1286 quo
2265 1246 2310 1283 fit,
2333 1248 2376 1278 ita
2399 1247 2532 1278 absolvit
2564 1268 2565 1272 ,

336 1289 525 1328 mer-quia
554 1294 632 1319 tunc
664 1298 702 1319 ex
725 1288 849 1319 duabus
879 1289 1021 1328 partibus
1045 1297 1142 1328 opera
1164 1288 1218 1318 illa
1247 1287 1410 1318 meritoria
1423 1297 1447 1317 ²5
1463 1297 1539 1318 eum
1562 1298 1580 1319 a
1603 1288 1711 1319 debito
1735 1298 1860 1329 poenae
1884 1289 1974 1329 quod
1996 1299 2065 1320 non
2088 1289 2223 1320 absolvit
2243 1290 2413 1321 facientem
2436 1301 2454 1321 a
2477 1291 2532 1322 de—

1462 1332 1530 1363 bito
1545 1342 1671 1373 poenae
1690 1333 1849 1373 propriae.
1873 1333 1958 1371 Quia
1980 1334 2015 1364 in
2037 1334 2092 1364 tali
2113 1336 2412 1375 recompensatione
2427 1337 2532 1366 consi-

1463 1375 1589 1407 deratur
1620 1377 1793 1417 aequalitas
1820 1378 1967 1408 iustitiae.
1999 1377 2091 1418 Opus
2120 1383 2228 1409 autem
2251 1379 2330 1410 illud
2357 1379 2531 1411 satisfacto-

1462 1422 1546 1451 rium
1569 1422 1611 1451 ita
1626 1426 1733 1462 potest
1755 1420 1925 1462 adaequari
1944 1423 2002 1452 uni
2024 1423 2126 1453 reatui
2146 1422 2235 1462 quod
2251 1423 2339 1454 alteri
2354 1433 2423 1454 non
2439 1423 2531 1455 adae-

1463 1471 1595 1506 quetur:
1619 1471 1724 1496 reatus
1745 1466 1831 1496 enim
1855 1465 1995 1497 duorum
2010 1472 2218 1506 peccatorum
2233 1468 2389 1498 maiorem
2412 1467 2531 1499 satisfa-

1424 1518 1449 1538 πο
1463 1510 1605 1540 ctionem
1626 1510 1794 1550 requirunt
1818 1519 1915 1550 quam
1939 1516 2043 1541 reatus
2066 1511 2171 1541 unius.

1516 1554 1591 1584 Alio
1607 1553 1708 1584 modo
1724 1559 1831 1594 potest
1847 1554 2039 1585 considerari
2061 1555 2254 1595 inquantum
2270 1562 2316 1587 est
2331 1557 2531 1588 meritorium

1462 1599 1546 1628 vitae
1569 1603 1725 1634 aeternae,
1743 1598 1834 1638 quod
1856 1599 1951 1629 habet
1973 1600 2165 1640 inquantum
2195 1600 2341 1640 procedit
2365 1610 2403 1631 ex
2426 1601 2530 1632 radice

1463 1642 1608 1673 caritatis.
1627 1642 1669 1672 Et
1684 1642 1863 1673 secundum
1886 1644 1950 1673 hoc
1972 1653 2041 1674 non
2063 1644 2170 1674 solum
2185 1644 2316 1684 prodest
2336 1645 2365 1675 ei
2387 1654 2447 1685 pro
2464 1655 2530 1686 quo

1462 1685 1507 1722 fit,
1524 1686 1580 1717 sed
1602 1686 1731 1717 facienti
1750 1687 1860 1727 magis.

1517 1731 1559 1761 Et
1572 1739 1630 1770 per
1645 1731 1709 1761 hoc
1724 1736 1811 1771 patet
1826 1731 1945 1762 solutio
1969 1731 2009 1762 ad
2029 1732 2164 1762 obiecta.
2187 1732 2312 1763 Primae
2334 1733 2421 1763 enim
2435 1734 2530 1764 ratio-

1461 1784 1519 1805 nes
1549 1774 1766 1816 procedebant
1794 1774 1834 1805 de
1865 1784 1963 1815 opere
1991 1775 2131 1816 suffragii
2161 1776 2340 1807 secundum
2371 1776 2460 1817 quod
2484 1782 2530 1808 est

1463 1819 1725 1856 satisfactorium;
1749 1818 1805 1850 sed
1829 1820 1908 1850 aliae
1935 1820 2114 1851 secundum
2137 1820 2227 1861 quod
2250 1826 2296 1851 est
2319 1822 2528 1852 meritorium.

1461 1897 1560 1928 ART.
1578 1898 1618 1928 V.
1643 1907 1747 1928 UTRuu
1763 1907 1935 1928 surrRAom
1958 1907 2087 1927 PRosm‘r
2103 1907 2318 1928 EXISTENTIBUS
2341 1908 2372 1928 IN
2395 1908 2529 1928 INFERNO

1598 1948 1681 1979 Supra,
1697 1954 1736 1975 qu.
1750 1954 1799 1973 xrv,
1814 1951 1855 1969 nrt.
1871 1954 1895 1975 5:
1911 1947 1970 1969 Part.
1987 1947 2024 1973 111,
2057 1953 2079 1969 u.
2094 1954 2193 1979 mxxxix,
2208 1952 2250 1970 art.
2265 1948 2287 1975 6,
2302 1948 2331 1969 ad
2345 1955 2370 1977 3:

1514 1975 1524 1996 1
1538 1975 1614 2000 Seni„
1631 1975 1686 1997 dm.
1701 1980 1764 1999 xun,
1781 1980 1818 2002 qu.
1834 1980 1859 2000 u,
1874 1977 1916 1996 art.
1931 1980 1952 2000 2.
1967 1974 1995 1995 ad
2009 1980 2033 2002 5:
2070 1974 2088 2001 1,
2100 1974 2153 2005 dist.
2167 1981 2220 2001 nv,
2235 1981 2274 2002 qu.
2289 1981 2304 2001 ι,
2319 1979 2361 1997 art.
2372 1981 2392 2004 3,
2407 1975 2435 1997 ad
2450 1976 2476 2001 6;

1620 2001 1661 2027 lv,
1676 2001 1730 2023 dist.
1743 2007 1785 2029 xv,
1801 2001 2070 2055 qubhzggtrtjngxzz
2084 2001 2137 2050 3123.
2152 2007 2203 2049 ἓν,
2218 2001 2306 2029 Expos.
2323 2002 2379 2028 ¹itt.;

1484 2098 1499 2139 Δ
1528 2096 1548 2116 n
1574 2094 1713 2116 oomrou
1733 2095 1779 2116 s1c
1798 2094 2003 2116 PROCBDITUR.
2028 2084 2163 2116 Videtur
2182 2085 2271 2126 quod
2295 2085 2441 2127 suffragia
2455 2096 2530 2128 pro-

1526 2131 1589 2161 sint
1618 2129 1823 2161 existentibus
1851 2130 1884 2160 in
1914 2129 2061 2166 inferno,
2095 2138 2152 2170 per
2181 2130 2246 2160 hoc
2276 2130 2365 2170 quod
2398 2131 2531 2162 habetur

1462 2220 1707 2261 interfectorum
1723 2218 1762 2249 de
1777 2218 1925 2249 donariis
1941 2217 2114 2254 idolorum,
2131 2227 2151 2248 a
2175 2219 2288 2259 quibus
2311 2219 2365 2249 lex
2383 2220 2531 2260 prohibet

1461 2264 1602 2294 Iudaeos
1608 2270 1621 2300 ‚⁰
1645 2269 1675 2293 et
1698 2268 1806 2293 tamen
1828 2267 1903 2302 post
1917 2263 1935 2279 ⁴*
1957 2262 2103 2293 subditur
2126 2262 2216 2303 quod
2239 2263 2339 2294 Iudas
2362 2263 2529 2295 duodecim

1461 2308 1564 2339 millia
1587 2307 1759 2338 drachmas
1788 2307 1919 2348 argenti
1949 2307 2036 2337 misit
2065 2306 2303 2348 Ierosogrmam
2327 2308 2441 2349 offerri
2463 2319 2529 2349 pro

1454 2352 1598 2393 peccatis
1621 2361 1744 2383 eorum.
1773 2351 1909 2382 Constat
1933 2357 2040 2382 autem
2069 2351 2141 2381 illos
2170 2361 2318 2392 peccasse
2345 2353 2528 2389 mortaliter,

335 2395 529 2426 concludere
553 2395 643 2436 quod
665 2404 732 2426 non
755 2394 878 2425 differat
899 2400 1008 2425 utrum
1032 2396 1104 2435 quis
1119 2394 1267 2435 suffragia
1289 2404 1407 2435 procu·
1422 2405 1447 2425 5⁰
1461 2402 1573 2428 contra
1588 2397 1692 2436 legem
1715 2401 1860 2436 agentes;
1885 2401 1916 2426 et
1938 2396 1982 2426 ita
1996 2396 2029 2426 in
2044 2401 2178 2436 peccato
2202 2396 2328 2426 mortali
2344 2395 2529 2434 decessisse3

334 2445 382 2470 ret
403 2449 461 2480 per
477 2440 582 2470 bonos
600 2439 650 2470 vel
670 2448 727 2479 per
742 2439 855 2475 malos,
872 2438 946 2470 ideo
964 2439 1060 2470 etiam
1075 2439 1115 2470 ad
1140 2449 1192 2470 eas
1211 2445 1258 2470 est
1273 2448 1406 2480 respon-

335 2483 487 2515 dendum.

381 2528 433 2559 An
457 2538 598 2559 eom-rou
613 2529 630 2545 ⁴
654 2537 737 2558 aneo
754 2537 915 2558 memnon
935 2527 1034 2568 quod,
1052 2529 1199 2568 quamvis
1215 2528 1330 2568 aliquis
1345 2537 1406 2568 pro

335 2578 423 2604 certo
446 2574 526 2604 scire
550 2582 618 2603 non
648 2573 748 2613 possit
779 2571 819 2603 de
849 2572 949 2603 altero
979 2582 1019 2605 an
1042 2574 1082 2603 sit
1105 2573 1138 2603 in
1165 2578 1249 2603 statu
1279 2573 1405 2609 salutis,

1462 2447 1493 2472 et
1515 2442 1560 2471 sic
1584 2440 1623 2471 ad
1645 2439 1765 2470 inferos
1789 2448 1857 2470 esse
1879 2439 2056 2470 translatos.
2088 2440 2173 2480 Ergo
2198 2441 2402 2471 existentibus
2425 2442 2458 2472 in
2481 2442 2530 2472 in-

1461 2485 1553 2516 ferno
1577 2483 1724 2524 suffragia
1747 2489 1892 2524 prosunt.

1518 2539 1548 2560 2.
1565 2530 1762 2565 Plurimum,
1779 2529 1813 2559 in
1828 2528 1931 2558 littera
1946 2529 1962 2544 ⁴*
1978 2528 2113 2559 habetur
2129 2537 2167 2558 ex
2190 2529 2293 2559 verbis
2312 2529 2485 2570 Augustini
2496 2531 2530 2546 θ

1462 2573 1553 2615 quod
1575 2573 1689 2614 quibus
1719 2573 1829 2604 valent
1854 2571 2016 2613 suffragia,
2040 2572 2091 2603 vel
2113 2572 2157 2603 ad
2178 2572 2240 2603 hoc
2263 2579 2406 2613 prosunt
2432 2579 2468 2604 ut
2489 2574 2531 2605 sit

1421 2183 1444 2204 ⁴5
1462 2174 1488 2205 11
1513 2174 1661 2205 Machab.
1677 2184 1720 2204 xn
1734 2175 1762 2211 “,
1778 2174 1834 2204 ubi
1856 2173 1972 2204 dicitur
1995 2173 2085 2214 quod
2109 2174 2300 2205 invenerunt
2322 2175 2380 2205 sub
2413 2176 2531 2206 tunicis
2558 2181 2567 2191 ·
2581 2179 2648 2202 vm.
2663 2186 2703 2207 40·

2557 2271 2568 2283 ·
2580 2270 2647 2293 Vers.
2661 2277 2697 2299 43.

2556 2533 2566 2543 ·
2575 2531 2631 2558 Cap.
2639 2530 2719 2559 Neque
2726 2537 2765 2552 ne-

2554 2557 2766 2611 ffifflssssgfflstap·

334 2622 443 2658 potest
465 2623 573 2648 tamen
595 2616 801 2657 probabiliter
831 2617 996 2648 aestimare
1019 2616 1060 2648 de
1082 2617 1131 2648 his
1159 2626 1242 2657 quae
1269 2618 1406 2648 exterius
1422 2626 1444 2646 ⁵5
1454 2619 1556 2660 plena
1580 2618 1742 2652 remissio,
1768 2617 1819 2648 rel
1841 2617 1885 2647 ad
1906 2617 1967 2647 hoc
1991 2622 2027 2647 ut
2049 2617 2252 2647 tolerabilior
2273 2618 2316 2648 sit
2338 2627 2450 2648 eorum
2473 2618 2530 2649 da·
2556 2617 2592 2633 ⁶¹·

335 2660 376 2692 de
397 2662 531 2692 homine
552 2661 654 2692 videt:
680 2661 847 2703 exfructa
872 2661 958 2692 enim
981 2670 1040 2692 suo
1062 2662 1162 2692 arbor
1185 2661 1404 2703 cognoscitur,

334 2711 371 2736 ut
393 2705 509 2737 dicitur
533 2706 645 2736 Matth.
661 2715 704 2736 vn
718 2706 745 2736 “.

390 2750 442 2781 An
465 2759 584 2781 serron
600 2750 617 2767 ⁴*
639 2759 800 2780 memnon
830 2749 920 2790 quod
943 2749 983 2780 ad
1012 2750 1076 2780 hoc
1100 2750 1191 2791 quod
1219 2749 1406 2791 suffrag-ium

335 2794 424 2825 alteri
447 2794 558 2830 valeat,
575 2794 746 2834 requiritur
769 2800 801 2825 et
824 2804 862 2825 ex
884 2800 973 2835 parte
994 2795 1062 2825 eius
1085 2804 1145 2835 pro
1162 2804 1229 2835 quo
1253 2794 1289 2825 fit
1312 2804 1405 2835 capa-

1460 2663 1594 2694 mnatio.
1618 2661 1682 2693 Sed
1704 2662 1765 2692 soli
1787 2661 1833 2692 illi
1857 2662 1914 2701 qui
1936 2662 1970 2692 in
1993 2660 2118 2692 inferno
2135 2666 2219 2698 sunt,
2237 2660 2376 2692 damnati
2399 2671 2467 2693 esse
2483 2662 2529 2693 di-

1461 2713 1586 2739 cuntur.
1606 2706 1693 2746 Ergo
1706 2707 1802 2736 etiam
1817 2706 2024 2736 existentibus
2036 2706 2070 2736 in
2081 2705 2207 2736 inferno
2223 2705 2371 2746 suffragia
2382 2712 2526 2746 prosunt.

1517 2751 1547 2783 3.
1571 2751 1768 2787 Pium-unm,
1785 2750 1970 2791 Dionysius,
1987 2750 2044 2780 ult.
2062 2758 2131 2790 cap.
2145 2751 2161 2767 ⁴³
2175 2750 2297 2782 Eccles.
2310 2750 2417 2787 Hier„
2434 2750 2526 2781 dicit:

1460 2796 1496 2827 Si
1511 2796 1563 2827 hic
1586 2796 1744 2826 iustorum
1762 2794 1927 2825 orationes
1943 2799 1974 2824 et
1987 2794 2162 2824 secundum
2180 2794 2265 2824 hanc
2282 2794 2390 2830 vitam,
2406 2800 2527 2835 quanto

2556 2756 2565 2766 ·
2580 2754 2639 2776 Part.
2656 2759 2690 2781 ιη,
2705 2755 2715 2780 s
2729 2754 2751 2776 6.

335 2839 412 2869 citas
434 2839 530 2870 huius
552 2839 684 2869 valoris:
719 2845 751 2869 et
782 2839 865 2870 hanc
896 2839 998 2869 homo
1029 2840 1197 2879 acquisivit
1218 2848 1276 2880 per
1307 2848 1405 2880 opera
1419 2846 1446 2867 6ο
1459 2841 1566 2882 magis
1576 2845 1654 2881 post
1667 2844 1803 2870 mortem
1827 2838 1942 2869 inillis
1964 2838 2020 2879 qui
2039 2837 2132 2880 digni
2158 2843 2235 2869 sunt
2252 2838 2355 2869 sacris
2370 2839 2527 2869 orationi-

334 2884 463 2924 propria
487 2893 570 2923 quae
599 2884 695 2923 gessit
718 2884 752 2914 in
774 2884 859 2920 vita;
884 2889 915 2914 et
945 2884 989 2914 sic
1019 2884 1218 2924 Aug-ustinus
1250 2883 1404 2924 loquitur.
1459 2885 1517 2916 bus
1548 2888 1726 2925 operantur
1757 2882 1997 2913 tantummodo.-
2026 2891 2064 2912 ex
2088 2891 2155 2922 quo
2178 2887 2284 2922 potest
2313 2882 2414 2923 accipi
2438 2883 2527 2923 quod

334 2927 519 2968 Requiritur
532 2927 742 2958 nihilominus
754 2928 890 2968 qualitas
905 2928 1012 2968 operis
1028 2927 1119 2968 quod
1133 2927 1287 2968 prodesse
1298 2928 1403 2959 debet.
1459 2929 1606 2969 suffragia
1635 2928 1736 2968 magis
1766 2933 1902 2968 prosunt
1930 2927 2066 2957 mortuis
2095 2935 2194 2966 quam
2221 2927 2317 2957 etiam
2343 2927 2432 2957 vivis.
2464 2926 2526 2958 Sed

334 2971 376 3002 Et
398 2972 478 3003 haec
500 2981 568 3002 non
592 2971 712 3012 pendet
735 2982 773 3003 ex
797 2981 838 3003 eo
861 2981 921 3013 pro
945 2981 1013 3012 quo
1036 2971 1082 3009 fit,
1098 2972 1154 3003 sed
1177 2973 1278 3013 magis
1301 2981 1340 3003 ex
1363 2981 1404 3003 eo
1458 2974 1538 3004 vivis
1560 2978 1696 3013 prosunt
1719 2972 1815 3002 etiam
1836 2972 1871 3002 in
1893 2976 2027 3011 peccato
2053 2970 2181 3001 mortali
2204 2971 2424 3001 existentibus:
2451 2980 2525 3002 cum

335 3017 392 3056 qui
414 3015 499 3053 facit,
515 3016 566 3047 vel
589 3015 780 3056 exequendo
804 3016 854 3047 vel
877 3015 1077 3057 imperando.

335 3085 434 3117 ART.
452 3085 505 3117 IV.
529 3096 634 3116 ornum
653 3096 824 3117 sormom
842 3096 924 3117 aon
939 3097 959 3116 A
974 3096 1054 3116 vwrs
1074 3096 1133 3117 rito
1151 3096 1285 3118 non-rors
1302 3097 1404 3124 nour,

695 3140 895 3162 racmwrmos
919 3140 1049 3161 rnosmr

1459 3017 1604 3059 quotidie
1635 3021 1705 3047 oret
1727 3016 1871 3047 Ecclesia
1892 3024 1952 3055 pro
1982 3015 2205 3055 peccatoribus
2234 3020 2271 3045 ut
2300 3020 2526 3046 convertantur

1418 3068 1443 3094 65
1459 3062 1499 3093 ad
1522 3062 1639 3092 Deum.
1663 3060 1749 3100 Ergo
1772 3060 1870 3090 etiam
1899 3059 2034 3090 mortuis
2057 3059 2090 3089 in
2112 3064 2246 3099 peccato
2266 3059 2393 3090 mortali
2415 3058 2525 3090 suffra-

1459 3106 1774 3189 εωζᾶξέᾼῖὲηηᾼ,
1798 3148 1832 3178 in
1861 3147 1938 3178 Vitis
1959 3148 2094 3178 Parrum
2110 3147 2127 3163 ⁴*
2150 3146 2282 3187 legitur,
2307 3146 2396 3187 quod
2429 3147 2524 3178 etiam

2551 3151 2562 3162 ·
2575 3150 2627 3172 Lib.
2642 3150 2682 3178 111,
2698 3156 2762 3172 num.

2553 3183 2600 3204 ¹7²»
2614 3180 2674 3199 auct.
2691 3176 2762 3198 Ruffi-

337 3201 421 3265 An
437 3201 587 3224 noni-ou
606 3203 652 3224 src
671 3202 876 3224 mecam-ron.
896 3192 1030 3224 Videtur
1046 3193 1136 3234 quod
1153 3193 1302 3234 suffragia
1322 3203 1405 3234 quae
1459 3195 1678 3225 Damascenus
1700 3194 1734 3223 in
1757 3191 1913 3223 Sermone
1935 3200 1995 3222 suo
2011 3192 2028 3208 ⁴*
2051 3190 2154 3227 refert,
2171 3190 2261 3231 quod
2285 3191 2451 3228 Macarius,
2475 3193 2524 3222 in-
2551 3209 2595 3224 no·
2615 3203 2655 3225 ub.
2671 3203 2718 3229 v1‚
2734 3203 2762 3224 li-

401 3246 420 3266 a
433 3236 513 3267 vivis
527 3245 588 3277 pro
602 3238 738 3268 mortuis
757 3236 850 3274 fiunt,
867 3237 1057 3268 facientibus
1076 3246 1144 3268 non
1164 3239 1297 3278 prosint.
1319 3238 1406 3276 Quia
1459 3244 1554 3269 venta
1569 3239 1602 3268 in
1618 3238 1669 3268 via
1684 3237 1818 3267 calvaria
1833 3236 2001 3266 cuiusdam
2015 3233 2168 3272 defuncti,
2182 3236 2326 3266 oratione
2341 3236 2522 3276 praemissa,

336 3281 362 3310 si
378 3280 493 3321 aliquis
514 3289 575 3321 pro
590 3281 690 3313 altero
705 3281 850 3313 debitum
865 3282 1012 3319 solveret,
1027 3282 1208 3313 secundum
1230 3283 1405 3314 humanam
1419 3294 1446 3315 70
1460 3283 1616 3323 quaesivit
1628 3282 1720 3312 cuius
1735 3285 1833 3321 caput
1848 3279 1974 3317 fuisset3
1995 3285 2026 3310 et
2038 3284 2134 3320 caput
2145 3279 2309 3320 respondit
2321 3279 2410 3320 quod
2422 3279 2524 3311 fuerat
2551 3284 2560 3294 ·
2574 3283 2611 3304 De
2625 3283 2662 3304 'tis
2679 3283 2721 3314 qus·
2738 3282 2762 3303 in

2550 3219 2603 3252 bell.
2612 3235 2645 3261 ¹¹.¹r
2655 3235 2717 3251 num.
2728 3230 2762 3256 ιδ,

2550 3259 2611 3278 auct.
2626 3260 2722 3278 incerto.

2543 3309 2598 3337 fide
2608 3309 2761 3335 domuerunt,

336 3325 488 3355 iustitiam
503 3325 572 3365 ipse
594 3335 613 3355 a
635 3324 744 3356 debito
767 3327 900 3367 proprio
919 3335 988 3357 non
1003 3326 1229 3358 absolveretur.
1246 3327 1332 3367 Ergo
1348 3336 1405 3367 per
1459 3326 1631 3357 sacerdotis
1645 3325 1781 3366 gentilis,
1799 3325 1856 3365 qui
1870 3325 1904 3355 in
1927 3323 2053 3355 inferno
2070 3330 2135 3354 erat
2157 3323 2341 3360 damnatus;
2366 3329 2397 3354 et
2415 3329 2523 3355 tamen
2551 3342 2615 3358 num.
2629 3342 2666 3358 ιο.

336 3369 400 3399 hoc
424 3368 514 3409 quod
536 3369 651 3409 aliquis
673 3369 820 3410 suffragia
842 3369 962 3401 faciens
982 3370 1127 3402 debitum
1150 3371 1245 3401 solvit
1264 3380 1325 3411 pro
1348 3371 1404 3402 illo

336 3421 396 3453 pro
420 3421 488 3453 quo
511 3411 596 3449 facit,
613 3422 652 3444 ex
674 3414 738 3444 hoc
760 3423 780 3444 a
802 3414 910 3445 debito
926 3416 1059 3455 proprio
1082 3425 1151 3446 non
1175 3415 1359 3446 absolvitur.

394 3465 422 3487 2.
447 3457 644 3493 Prummu,
660 3459 883 3499 unusquisque
899 3458 990 3499 quod
1005 3458 1088 3496 facit,
1106 3459 1210 3490 facere
1227 3459 1322 3490 debet
1337 3468 1404 3490 me-

1460 3369 1627 3402 confessus
1642 3374 1689 3400 est
1705 3370 1850 3400 oratione
1866 3368 1996 3399 Macarii
2015 3377 2049 3399 se
2072 3373 2104 3399 et
2127 3368 2206 3398 alios
2228 3368 2338 3398 iuvari.
2355 3367 2442 3408 Ergo
2458 3367 2522 3399 suf-

1459 3415 1557 3455 fragia
1580 3414 1741 3445 Ecclesiae
1757 3413 1852 3444 etiam
1875 3413 1909 3443 in
1931 3412 2058 3444 inferno
2079 3413 2284 3443 existentibus
2299 3418 2444 3453 prosunt.

1516 3459 1545 3490 5.
1569 3458 1766 3494 Pan-rnna,
1783 3457 2010 3494 Damascenus,
2026 3457 2060 3487 in
2076 3456 2192 3487 eodem
2207 3456 2362 3487 Sermone
2374 3457 2401 3493 *,
2420 3462 2524 3487 narrat

336 3501 408 3536 liori
431 3500 532 3532 modo
549 3510 615 3541 quo
631 3506 747 3541 potest.
776 3501 839 3533 Sed
861 3503 976 3534 melius
1000 3509 1047 3534 est
1068 3505 1177 3534 iuvare
1201 3503 1283 3534 duos
1306 3512 1404 3544 quarn
1419 3515 1443 3536 75
1459 3503 1549 3544 quod
1573 3502 1756 3543 Gregorius,
1779 3511 1839 3542 pro
1863 3501 2002 3532 Traiano
2026 3501 2205 3531 orationem
2227 3500 2380 3537 fundens,
2404 3500 2523 3532 audivit

478 3562 588 3586 Somne
607 3561 710 3586 Tutior..
730 3561 762 3586 D.
781 3562 897 3587 Tnonan
916 3562 948 3587 T.
967 3563 1010 3589 lx.

2329 3562 2378 3586 20*

2551 3459 2560 3468 '
2574 3456 2645 3478 Num.
2662 3457 2695 3478 16.
