2918 4088
429 153 476 189 30
1121 157 1383 204 QUAESTIO
1412 157 1547 203 LXIII,
1578 155 1869 192 ARTICULUS
1898 156 1911 191 Ι

864 391 1273 468 QUAESTIO
1323 389 2174 446 SEXAGESIMATERTIA

587 511 670 550 DE
703 510 846 550 ALIO
882 509 1162 550 EFFECTU
1196 508 1762 556 SACRAMENTORUM,
1791 508 1895 560 QUI
1930 507 2044 549 EST
2079 508 2453 551 CHARACTER

1269 623 1302 648 IN
1332 623 1398 648 SEX
1424 623 1626 648 ARTICULOS
1653 623 1766 648 DIVISA

191 777 202 785 ⁶
223 775 258 796 Cf.
284 781 323 802 qu.
347 781 394 796 an

191 801 279 823 ,mmd-
515 780 814 818 eramentorum,
843 771 910 820 qui
939 779 994 807 est
1021 772 1216 808 character
1233 770 1264 807 ³¹⁸.

433 825 481 861 Et
508 824 608 862 circa
636 826 712 861 hoc
740 832 979 873 quaeruntur
1007 836 1083 860 sex.

485 877 636 914 Primo:
675 885 807 914 utrum
836 889 881 913 ex
910 876 1155 913 sacramentis
1192 884 1370 913 causetur
1406 877 1494 913 cha·
1534 920 1537 921 ⁷

539 938 659 967 racter
687 929 823 978 aliquis
851 929 888 965 in
919 929 1059 966 anima.

487 983 686 1020 Secundo:
718 982 812 1031 quid
841 981 885 1018 sit
914 981 973 1018 ille
1002 982 1207 1018 character.

433 729 621 811 DEINDE
650 719 976 756 considerandum
1005 726 1060 755 est
1090 719 1138 755 de
1167 718 1408 755 alio effectu
1437 730 1493 754 sa·
1518 715 1523 767 Ι

1601 716 1754 754 Tertio:
1785 717 1894 754 cuius
1923 717 1969 754 sit
1997 719 2201 755 character.

1603 783 1772 830 Quarto:
1802 783 1842 820 in
1870 797 1950 833 quo
1979 784 2024 821 sit
2052 784 2148 821 sicut
2176 784 2215 821 in
2244 785 2427 822 subiecto.

1603 849 1769 896 Quinto:
1799 857 1931 887 utrum
1959 850 2046 887 insit
2074 850 2334 888 indelebiliter.

1604 916 1740 952 Sexto:
1779 924 1911 953 utrum
1946 916 2078 954 omnia
2115 925 2353 954 sacramenta
2389 917 2612 967 imprimant

1656 983 1927 1020 characterem.

1248 1090 1566 1132 ARTICULUS
1597 1091 1802 1133 PRIMUS

741 1182 897 1213 UTRUM
922 1181 1255 1213 SACRAMENTUM
1280 1182 1494 1212 IMPRIMAT
1517 1183 1717 1221 ALIQUEM
1741 1184 2074 1215 CHARACTEREM
2097 1185 2141 1215 IN
2163 1185 2305 1215 ANIMA

958 1260 991 1284 IV
1011 1260 1094 1289 Seni„
1115 1259 1173 1284 dist.
1191 1267 1226 1290 iv,
1245 1267 1290 1292 qu.
1309 1267 1326 1290 1,
1345 1264 1391 1284 art.
1413 1266 1442 1290 1;
1461 1265 1508 1285 art.
1527 1268 1552 1291 4,
1571 1260 1621 1293 qu·
1642 1268 1665 1290 1,
1685 1262 1716 1285 ad
1737 1268 1766 1291 ις
1787 1261 1828 1287 De
1847 1261 1948 1287 Eccles.
1966 1262 2090 1287 Sacram.

469 1373 482 1394 ζ
551 1356 592 1392 [¹5.
642 1353 664 1377 D
694 1351 829 1377 PRlMUM
855 1351 907 1376 sm
936 1350 1172 1376 PROCEDITUR.
1202 1338 1364 1375 Videtur
1388 1339 1495 1388 quod

558 1393 608 1433 ’Ψ
643 1399 927 1430 sacramentum
970 1403 1051 1428 non
1090 1390 1286 1440 imprimat
1326 1391 1495 1440 aliquem

584 1458 587 1461 ·
625 1445 903 1483 characterem
924 1444 964 1480 in
983 1444 1124 1481 anima.
1158 1445 1363 1482 Character
1391 1444 1495 1481 erfim

449 1449 569 1527 '‘v-⁴5:⁷⁴
587 1453 611 1495 ‘tt

530 1501 547 1511 v«

537 1494 584 1535 εἶν’)
599 1492 632 1535 N
643 1498 853 1547 significare
869 1497 1021 1534 videtur
1035 1496 1235 1546 quoddam
1257 1497 1408 1545 signum
1423 1497 1495 1534 dis-

431 1551 644 1589 tinctivum.
681 1551 757 1588 Sed
785 1550 973 1587 distinctio
995 1550 1264 1587 membrorum
1285 1550 1423 1587 Christi
1447 1550 1495 1587 ab

433 1605 513 1642 aliis
545 1605 588 1641 fit
624 1616 694 1654 per
727 1611 919 1640 aeternam
959 1603 1365 1652 praedestinationem,
1395 1615 1494 1652 quae

433 1670 514 1695 non
541 1658 650 1707 ponit
678 1656 821 1705 aliquid
840 1655 879 1692 in
897 1656 1189 1705 praedestinato,
1211 1657 1278 1693 sed
1307 1658 1434 1693 solum
1456 1656 1494 1692 in

194 1710 405 1737 ‘Q¹¹·'‘'‘¹¹¹‘⁸“·²·
433 1712 519 1748 Deo
538 1709 854 1760 praedestinante,
876 1717 918 1745 ut
937 1709 975 1745 in
995 1709 1123 1746 Prima
1143 1710 1252 1746 Parte
1271 1709 1291 1731 '¹‘
1319 1709 1495 1746 habitum

195 1768 204 1777 ·
221 1765 285 1786 ⁸⁷⁰³·
304 1771 336 1792 ¹⁹⁴
434 1771 507 1801 est:
539 1763 676 1800 dicitur
697 1762 801 1799 enim
820 1763 849 1798 II
869 1762 920 1798 ad
941 1764 1034 1798 Tim.
1056 1774 1076 1798 11
1095 1762 1131 1798 *τ
1162 1764 1332 1799 Firmum
1350 1762 1495 1810 funda-

434 1823 598 1854 mentum
626 1817 698 1852 Dei
724 1821 803 1861 stat,
833 1816 972 1852 habens
997 1815 1233 1865 signaculum
1263 1816 1354 1852 hoc.-
1380 1815 1496 1852 Novit

433 1872 619 1907 Dominus
638 1870 701 1918 qui
717 1874 799 1905 sunt
819 1870 905 1904 eius.
937 1869 1038 1915 Ergo
1067 1875 1304 1904 sacramenta
1325 1879 1405 1904 non
1425 1867 1495 1904 im-

433 1923 606 1972 primunt
634 1922 891 1958 characterem
920 1920 958 1957 in
987 1920 1127 1957 anima.

489 1987 523 2012 2.
554 1976 791 2020 PRAETEREA,
821 1974 1015 2010 character
1042 1973 1191 2021 signum
1229 1981 1283 2010 est
1316 1973 1495 2010 distincti-

434 2040 541 2065 vum.
573 2027 735 2076 Signum
763 2035 908 2073 autem,
938 2034 980 2063 ut
1007 2026 1244 2074 Augustinus
1272 2026 1377 2073 dicit,
1407 2025 1446 2062 in
1465 2027 1495 2063 II

434 2082 479 2118 de
496 2082 602 2118 Doct.
629 2081 759 2117 Christ.
780 2080 812 2126 ³³⁸,
833 2087 887 2115 est
907 2079 1015 2128 quod,
1030 2085 1183 2129 praeter
1205 2081 1363 2129 speciem
1384 2091 1495 2128 quam

434 2136 570 2184 ingerit
603 2135 784 2178 sensibus,
803 2134 903 2181 facit
937 2133 1077 2181 aliquid
1107 2133 1211 2169 aliud
1243 2134 1279 2169 in
1316 2134 1496 2182 cognitio-

435 2200 519 2224 nem
547 2189 685 2225 venire.
715 2185 822 2223 Nihil
849 2193 979 2222 autem
1006 2193 1061 2222 est
1080 2185 1119 2222 in
1139 2185 1268 2222 anima
1296 2186 1403 2234 quod
1432 2185 1495 2222 ali-

434 2253 551 2289 quam
591 2239 757 2289 speciem
797 2238 971 2275 sensibus
1008 2238 1162 2286 ingerat.
1204 2239 1305 2286 Ergo
1343 2238 1496 2275 videtur

435 2294 542 2342 quod
570 2292 609 2329 in
638 2292 767 2329 anima
804 2303 883 2328 non
919 2291 1163 2340 imprimatur
1199 2291 1335 2340 aliquis
1364 2292 1495 2328 chara-

436 2354 513 2383 cter
540 2357 609 2394 per
637 2352 884 2382 sacramenta.

491 2398 525 2435 3.
550 2399 781 2443 PRAETEREA,
803 2396 899 2433 sicut
917 2409 987 2446 per
1005 2404 1242 2434 sacramenta
1262 2409 1387 2434 novae
1407 2397 1498 2446 legis

437 2450 679 2499 distinguitur
705 2449 827 2487 fidelis
856 2450 904 2486 ab
932 2449 1096 2493 infideli,
1126 2450 1176 2487 ita
1201 2449 1319 2487 etiam
1346 2462 1416 2499 per
1443 2460 1498 2487 sa-

437 2512 631 2541 cramenta
663 2502 799 2540 veteris
834 2502 935 2551 legis,
976 2503 1052 2540 Sed
1089 2510 1327 2540 sacramenta
1362 2502 1500 2540 veteris

295 2562 311 2578 α
438 2557 528 2605 legis
563 2569 643 2593 non
680 2555 953 2605 imprimebant
980 2555 1148 2604 aliquem
1181 2556 1440 2593 characterem
1461 2561 1498 2593 e¹:

438 2610 542 2646 unde
571 2617 607 2646 et
634 2608 814 2646 dicuntur
833 2610 987 2646 iustitiae
1005 2610 1140 2655 carnis,
1161 2609 1377 2646 secundum
1397 2610 1501 2658 Apo-

200 2671 208 2679 ·
224 2668 290 2689 νεῖ-ἣ·
308 2674 342 2689 ¹⁰-
439 2664 593 2710 stolum,
614 2662 664 2699 ad
680 2663 778 2699 Heb.
800 2674 834 2698 tx
852 2661 895 2712 *3
914 2663 1014 2710 Ergo
1039 2662 1190 2698 videtur
1214 2662 1320 2711 quod
1345 2674 1416 2698 nec
1444 2674 1501 2698 sa-

439 2722 635 2752 cramenta
663 2727 788 2752 novae
817 2714 918 2762 legis.

494 2769 568 2805 SED
587 2780 732 2805 CONTRA
747 2779 813 2804 1-:sT
828 2768 934 2816 quod
950 2769 1158 2817 Apostolus
1173 2767 1274 2814 dicit,
1291 2769 1320 2804 ΙΙ
1339 2769 1426 2805 Cor.
1443 2767 1499 2804 1³¹⁶:

446 2823 520 2864 Qui
546 2823 653 2858 unxit
681 2833 759 2865 7108,
780 2822 881 2857 Deus
909 2827 985 2857 est:
1017 2827 1053 2858 ‘et
1082 2823 1145 2870 qui
1169 2822 1332 2870 signavit
1361 2833 1438 2867 nos,
1469 2826 1502 2856 et

440 2874 535 2911 dedit
550 2876 690 2924 pignus
710 2875 865 2923 Spiritus
886 2874 923 2910 in
944 2874 1115 2911 cordibus
1135 2875 1277 2910 nostris.
1308 2874 1384 2911 Sed
1409 2873 1502 2910 nihil

441 2927 543 2964 aliud
576 2927 756 2976 importat
785 2927 978 2963 character
1006 2939 1125 2976 quam
1154 2926 1351 2976 quandam
1380 2926 1502 2974 signa-

440 2980 586 3016 tionem
608 2979 632 3016 β.
670 2981 771 3027 Ergo
800 2979 952 3016 videtur.
986 2981 1093 3028 quod
1130 2981 1236 3017 Deus
1273 2991 1343 3028 per
1380 2991 1502 3016 sacra-

441 3040 571 3069 menta
598 3032 710 3069 nobis
738 3045 854 3069 suum
883 3033 1141 3070 characterem
1170 3032 1376 3081 imprimat.

494 3086 718 3121 REsPONDEo
738 3097 919 3122 DICENDUM
938 3086 1057 3134 quod,
1078 3085 1174 3122 sicut
1199 3097 1245 3122 ex
1269 3084 1470 3135 praedictis
1484 3084 1504 3106 ’¹‘

442 3144 555 3185 patet,
586 3145 821 3174 sacramenta
856 3150 980 3174 novae
1009 3138 1098 3186 legis
1131 3139 1179 3175 ad
1208 3138 1288 3174 duo
1324 3137 1503 3174 ordinan-

199 2780 209 2789 ·
224 2778 290 2800 Vei-s.
306 2784 339 2804 αι,
355 2783 387 2799 22.

203 3093 213 3102 '¹
224 3092 270 3119 Qu.
279 3098 335 3118 an,
344 3096 385 3113 art.
394 3098 413 3120 5.

1548 1347 1629 1378 tur:
1666 1340 1842 1378 videlicet
1874 1343 1923 1379 ad
1951 1342 2169 1379 remedium
2202 1350 2335 1379 contra
2367 1351 2542 1392 peccata3
2576 1352 2615 1381 et

1549 1394 1599 1430 ad
1626 1393 1908 1443 perficiendum
1936 1395 2108 1432 animam
2134 1394 2175 1432 in
2203 1395 2262 1432 his
2290 1407 2391 1444 quae
2424 1395 2615 1445 pertinent

1549 1447 1599 1483 ad
1627 1448 1774 1484 cultum
1802 1447 1875 1484 Dei
1903 1449 2120 1485 seeundum
2148 1447 2263 1485 ritum
2293 1448 2530 1486 Christianae
2557 1449 2614 1486 vi-

1549 1506 1620 1536 tae.
1651 1500 1902 1549 Quicumque
1922 1508 2053 1538 autem
2081 1501 2130 1538 ad
2149 1500 2293 1550 aliquid
2319 1509 2464 1540 certum
2494 1502 2613 1552 depu-

1549 1559 1661 1598 tatur,
1681 1553 1882 1590 consuevit
1900 1554 1948 1590 ad
1967 1553 2061 1591 illud
2074 1559 2091 1582 7
2109 1553 2341 1602 consignari:
2363 1554 2459 1592 sicut
2477 1554 2614 1593 milites

1550 1605 1617 1654 qui
1631 1605 1945 1643 adscribebantur
1958 1606 2007 1643 ad
2025 1606 2200 1644 militiam
2219 1606 2427 1656 antiquitus
2441 1607 2615 1646 solebant

1550 1657 1741 1707 aliquibus
1769 1659 2050 1696 characteribus
2078 1659 2341 1709 corporalibus
2365 1660 2543 1709 insigniri,
2566 1673 2613 1698 eo

1550 1711 1658 1759 quod
1677 1711 1961 1760 deputabantur
1979 1713 2029 1749 ad
2047 1712 2191 1761 aliquid
2210 1714 2420 1762 corporale.
2446 1713 2494 1750 Et
2512 1713 2613 1762 ideo,

1550 1775 1642 1800 cum
1669 1763 1848 1800 homines
1875 1776 1945 1813 per
1968 1773 2204 1802 sacramenta
2223 1766 2455 1814 deputentur
2482 1766 2531 1803 ad
2550 1766 2614 1803 ali-

1551 1816 1645 1865 quid
1680 1816 1872 1866 spirituale
1904 1817 2098 1866 pertinens
2134 1819 2183 1855 ad
2218 1819 2365 1855 cultum
2403 1817 2495 1866 Dei,
2524 1830 2615 1856 con-

1550 1881 1716 1918 sequens
1736 1878 1791 1906 est
1815 1870 1923 1918 quod
1941 1882 2011 1919 per
2043 1882 2088 1907 ea
2113 1870 2246 1907 fideles
2274 1868 2404 1920 aliquo
2433 1870 2616 1920 spirituali

1550 1923 1766 1960 charactere
1794 1920 2046 1971 insigniantur
2064 1922 2088 1959 ὃ.
2119 1924 2230 1961 Unde
2249 1923 2487 1972 Augustinus
2513 1923 2614 1972 dicit,

1550 1975 1589 2012 in
1621 1977 1651 2012 II
1679 1981 1810 2012 contra
1843 1977 2138 2013 Parmenianum
2161 1976 2200 2013 *ε
2231 1978 2273 2013 Si
2297 1977 2450 2014 militiae
2483 1979 2615 2016 chara·
2642 1985 2653 1995 '

1549 2035 1685 2066 cterem
1714 2030 1750 2065 in
1780 2041 1939 2078 corpore
1971 2041 2038 2065 suo
2072 2042 2146 2066 non
2175 2030 2336 2067 militans
2363 2030 2524 2080 pavidus
2551 2043 2615 2068 ex-

1549 2083 1747 2128 horruerit,
1770 2088 1803 2118 et
1830 2082 1881 2119 ad
1906 2082 2138 2119 clementiam
2165 2084 2410 2132 Imperatoris
2436 2084 2616 2134 confuge-

1550 2137 1608 2182 rit,
1629 2147 1685 2181 ac,
1700 2147 1816 2185 prece
1829 2136 1924 2183 fusa
1943 2141 1976 2171 et
2002 2137 2111 2173 venia
2131 2137 2342 2184 impetrata,
2362 2136 2522 2174 militare
2539 2138 2616 2175 iam

1549 2190 1731 2238 coeperit:
1759 2188 1936 2237 nunquid,
1955 2189 2106 2225 homine
2123 2189 2276 2226 liberato
2302 2195 2411 2238 atque
2435 2196 2614 2236 correcto,

1550 2243 1745 2279 character
1773 2241 1832 2278 ille
1860 2242 2043 2289 repetitur,
2064 2253 2110 2278 ac
2138 2254 2212 2278 non
2235 2243 2359 2291 potius
2377 2244 2527 2292 agnitus
2553 2256 2616 2293 ap-

1546 2294 1760 2345 probatur?
1787 2294 1847 2331 An
1873 2295 1980 2342 forte
2013 2296 2136 2331 minus
2169 2296 2353 2332 haerent·
2379 2302 2616 2333 sacramenta

1556 2349 1766 2385 Christiana
1795 2359 1906 2396 quam
1934 2348 2141 2396 corporalis
2167 2348 2260 2385 haec
2287 2347 2404 2385 nota?

1605 2402 1662 2438 AD
1686 2412 1822 2438 PRtMUM
1848 2412 1946 2436 ERGO
1973 2412 2154 2438 mOENDUM
2183 2401 2290 2449 quod
2313 2400 2447 2438 fideles
2476 2401 2617 2438 Christi

1553 2454 1603 2492 ad
1629 2453 1849 2503 praemium
1883 2452 2042 2501 quidem
2077 2453 2225 2490 futurae
2253 2453 2394 2502 gloriae
2429 2454 2616 2503 deputan-

1552 2515 1615 2544 tur
1643 2506 1837 2555 signaculo
1872 2505 2227 2554 praedestinationis
2264 2506 2428 2544 divinae.
2463 2507 2540 2544 Sed
2567 2507 2617 2544 ad

1554 2568 1660 2598 actus
1678 2557 1952 2596 convenientes
1970 2559 2160 2607 praesenti
2180 2558 2191 2583 t
2219 2559 2412 2597 Ecclesiae
2431 2560 2616 2609 deputan-

1554 2621 1616 2650 tur
1635 2612 1808 2662 quodam
1823 2610 2006 2660 spirituali
2021 2611 2215 2660 signaculo
2231 2611 2284 2649 eis
2303 2612 2493 2660 insignito,
2509 2612 2617 2662 quod

1555 2667 1750 2703 character
1778 2672 2034 2713 nuncupatur.

1609 2720 1666 2755 AD
1686 2730 1875 2755 SECUNDUM
1899 2729 2080 2754 manDuM
2109 2718 2215 2767 quod
2243 2719 2438 2761 character
2465 2717 2617 2756 animae

1556 2772 1765 2821 impressus
1798 2770 1913 2807 habet
1945 2770 2134 2807 rationem
2162 2770 2257 2819 signi
2290 2770 2521 2820 inquantum
2547 2782 2618 2820 per

1557 2824 1732 2862 sensibile
1753 2831 2037 2860 sacramentum
2056 2822 2305 2872 imprimitur:
2330 2835 2400 2873 per
2418 2824 2494 2860 hoc
2513 2822 2617 2860 enim

1557 2877 1672 2915 scitur
1709 2876 1845 2926 aliquis
1865 2881 1883 2903 η
1913 2875 2127 2925 baptismali
2155 2877 2371 2913 charactere
2405 2875 2616 2925 insignitus,

1557 2930 1665 2980 quod
1693 2937 1747 2967 est
1775 2929 1927 2966 ablutus
1946 2941 2048 2978 aqua
2066 2928 2244 2966 sensibili.
2273 2927 2537 2966 Nihilominus
2563 2936 2617 2968 ta-

1557 2996 1648 3021 men
1676 2984 1889 3028 character,
1917 2983 1980 3018 vel
2007 2981 2264 3029 signaculum,
2293 2980 2368 3018 dici
2394 2989 2519 3030 potest
2547 2993 2618 3032 per

1558 3036 1756 3086 quandam
1785 3033 2069 3072 similitudinem
2091 3045 2208 3070 omne
2227 3034 2334 3083 quod
2357 3033 2495 3082 figurat
2513 3032 2526 3057 θ
2553 3033 2617 3071 ali-

1558 3089 1632 3135 cui,
1652 3089 1714 3125 vel
1742 3086 1935 3135 distinguit
1962 3086 2011 3123 ab
2039 3085 2125 3133 alio,
2150 3086 2264 3123 etiam
2292 3086 2323 3123 si
2350 3098 2431 3123 non
2460 3086 2506 3126 sit
2533 3099 2617 3124 sen-

1559 3141 1683 3179 sibile:
1722 3139 1818 3177 sicut
1853 3139 2027 3177 Christus
2059 3138 2195 3176 dicitur
2219 3141 2358 3189 figura
2390 3141 2453 3176 vel
2483 3141 2617 3177 chara-

497 3257 524 3290 α)
542 3257 732 3282 characterem.
751 3271 770 3275 -
789 3257 815 3281 in
834 3257 925 3281 anima
945 3257 1042 3282 addunt
1060 3257 1132 3281 ElsG
1151 3262 1177 3282 et
1195 3257 1330 3282 editiones.

497 3292 522 3326 β)
542 3293 726 3325 signationem.
745 3307 763 3311 -
782 3292 801 3316 Ρ
815 3291 916 3325 (ADEF
926 3291 961 3326 ?);
980 3292 1200 3325 significationem
1219 3292 1310 3317 BCabc
1329 3290 1366 3325 (et
1378 3291 1504 3326 ADEF?).

442 3328 670 3361 consignationem
690 3328 732 3357 Gl,
745 3329 827 3361 figam
846 3328 878 3351 Η.
986 3335 989 3339 ’

495 3362 522 3397 γ)
542 3364 616 3388 illud.
634 3378 653 3382 -
672 3364 707 3388 ΒΕ
725 3371 742 3387 a
762 3368 787 3387 et
810 3364 896 3392 tertia;
921 3363 1004 3387 aliud.
1023 3377 1041 3381 —
1066 3363 1116 3386 Pro
1140 3362 1303 3395 consignari,
1330 3362 1455 3394 deputari
1478 3366 1505 3387 et

443 3399 599 3432 consignari
617 3398 828 3431 (consignificari
846 3398 872 3429 b)
891 3398 979 3423 GHbc.

497 3433 522 3467 δ)
541 3434 732 3466 insigniantur.
749 3448 768 3453 -
787 3434 958 3467 insignantur
977 3433 1109 3466 CDEl-lpB
1129 3438 1154 3458 et
1173 3433 1210 3463 bc,
1230 3433 1398 3465 insignentur
1417 3432 1503 3465 stss,

443 3470 584 3502 signentur
602 3470 649 3495 sG.

1610 3254 1632 3287 ε)
1652 3255 1771 3280 haerent.
1795 3268 1814 3272 —
1838 3253 1908 3283 PsE3
1927 3234 2038 3283 habenti
2058 3253 2090 3277 cf.
2109 3258 2157 3278 art.
2177 3253 2190 3278 5
2212 3261 2237 3279 α.
2256 3259 2281 3278 et
2299 3261 2345 3286 qu.
2363 3261 2428 3279 wa.
2448 3260 2494 3280 art.
2514 3261 2538 3287 9.
2557 3262 2582 3285 η.
2599 3267 2619 3272 -

1557 3297 1636 3359 wag
1649 3290 1795 3366 ῑὶαἳέειῗζῒ
1811 3323 1995 3365 —praesentis
2013 3323 2082 3348 BCa.
2102 3324 2153 3349 Pro
2172 3324 2344 3356 deputantur,
2359 3324 2505 3356 deputatur
2523 3324 2619 3357 ACpB.

1558 3361 1870 3429 Pronguglzqut-tezsssae.
1888 3394 1984 3419 addunt
2004 3395 2042 3419 ΡΙ.

1611 3430 1636 3465 θ)
1649 3432 1763 3464 figurat.
1780 3444 1800 3450 -
1817 3430 1969 3463 configurat
1988 3430 2078 3460 PFGb,
2097 3430 2273 3464 consignatur
2291 3431 2324 3456 Η.
