2918 4088
180 390 190 400 ⁶
199 388 342 415 Qu-uxxxrv,
350 389 391 407 art.

184 415 253 439 i.ad2
261 421 266 439 ;
275 417 342 441 art.3;
351 418 390 439 qu.

181 446 270 466 cxxxvi,
288 443 328 461 art.
344 444 363 461 2.

283 476 292 492 ε

278 540 291 569 ζ

183 1250 191 1259 ·
207 1248 241 1270 Cf.
256 1254 318 1270 num.
329 1253 378 1276 seq.

182 1338 191 1348 '¹
203 1336 249 1363 Qu.
259 1341 338 1362 Lxxlx,
348 1339 390 1357 art.

183 1370 204 1387 ι,
220 1362 312 1384 Comm.
326 1367 391 1384 num.

180 1395 247 1411 ιιι-ιιι.

422 192 495 230 318

418 279 620 322 peccatum
649 271 729 309 sine
748 270 1003 321 poenitentiae
1023 277 1272 314 sacramento,
1303 267 1409 316 quod
1437 265 1477 302 in

419 325 657 362 absolutione
699 324 904 362 sacerdotis
941 323 1147 362 formaliter
1182 320 1397 371 perficitur,
1436 325 1478 355 ut

420 390 536 428 supra
553 378 574 400 ’¹‘
601 378 747 415 dictum
775 385 840 414 est.
874 378 923 415 Et
950 376 1037 413 ideo
1066 387 1146 413 non
1175 373 1346 423 sequitur
1371 370 1478 430 quod

418 431 468 468 ad
496 430 764 468 remissionem
791 429 949 467 venialis
969 435 979 451 ε
1009 428 1222 477 requiratur
1255 425 1394 474 gratiae
1423 436 1478 460 m-

417 484 528 531 fusio,
557 496 657 534 quae
686 483 770 521 licet
798 483 843 520 sit
870 483 910 520 in
938 481 1108 532 quolibet
1127 485 1378 525 sacramento,
1398 488 1479 513 non

418 537 580 574 tamenz
608 537 647 574 in
676 536 848 586 quolibet
876 543 962 573 actu
989 533 1148 571 virtutis.

471 591 529 627 AD
561 602 720 627 TERTlUM
752 601 932 626 DICENDUM
965 587 1089 636 quod,
1128 585 1223 622 sicut
1250 584 1290 620 in
1317 593 1479 631 corpore

419 642 601 692 contingit
628 655 710 680 esse
729 643 922 679 maculam
941 639 1150 689 dupliciter,
1171 649 1251 674 uno
1271 636 1391 674 modo
1412 646 1482 684 per

418 695 674 745 privationem
702 695 783 732 eius
818 694 924 743 quod
957 691 1162 741 requiritur
1194 690 1243 727 ad
1276 689 1455 726 decorem
1471 715 1480 733 ,

418 757 512 798 puta
537 748 653 786 debiti
672 747 809 785 coloris
829 754 893 784 aut
912 745 1060 782 debitae
1080 742 1340 793 proportionis
1358 753 1482 778 mem—

418 802 590 848 brorum,
607 801 680 838 alio
695 801 814 838 modo
834 812 903 849 per
922 796 1302 847 superinductionem
1322 794 1483 832 alicuius

473 952 496 984 ε)
516 952 634 977 vem'alis.
651 965 671 969 -
685 950 790 982 peccati
808 949 904 974 addunt
922 948 996 972 tertia
1015 952 1040 971 et
1058 953 1084 971 a.

473 988 498 1022 ζ)
518 991 616 1013 tamen.
633 1001 652 1005 -
670 989 710 1011 est
728 985 797 1010 addit
815 984 896 1009 tertia.

1058 189 1321 238 QUAESTIO
1350 187 1579 232 LXXXVII,
1608 184 1902 222 ARTICULUS
1930 184 1959 220 ΙΙ

1531 264 1774 314 impedientis
1803 264 1997 310 decorem,
2018 271 2112 312 puta
2139 263 2207 301 luti
2235 271 2301 302 aut
2328 263 2518 314 pulveris;
2548 262 2599 300 ita

1532 317 1646 355 etiam
1681 317 1721 354 in
1749 316 1880 353 anima
1904 322 1922 343 η
1956 315 2151 353 inducitur
2177 319 2331 354 macula
2366 329 2447 354 uno
2477 316 2598 353 modo

1531 383 1601 420 per
1634 369 1888 419 privationem
1925 368 2074 406 decoris
2111 369 2251 417 gratiae
2291 382 2361 419 per
2396 376 2600 420 peccatum

1532 424 1712 468 mortale,
1742 422 1816 459 alio
1845 421 1966 459 modo
1993 434 2064 471 per
2090 421 2378 461 inclinationem
2406 421 2600 460 inordina-

1532 484 1612 513 tam
1640 476 1800 513 affectus
1828 474 1876 512 ad
1896 474 2041 524 aliquid
2059 476 2292 524 temporale;
2321 483 2358 512 et
2376 476 2453 512 hoc
2469 475 2514 512 fit
2531 487 2602 524 per

1532 536 1736 578 peccatum
1763 527 1925 565 veniale.
1960 528 2008 565 Et
2036 527 2124 565 ideo
2153 528 2202 565 ad
2229 528 2441 566 tollendam
2467 539 2600 566 macu-

1533 583 1611 619 lam
1649 580 1820 618 mortalis
1854 580 2000 630 peccati
2037 580 2244 630 requiritur
2270 581 2411 618 infusio
2438 580 2598 630 gratiae:

1535 635 1602 672 sed
1630 635 1679 672 ad
1707 634 1917 671 tollendam
1945 635 2140 672 maculam
2167 634 2313 684 peccati
2339 633 2515 682 venialis,
2544 645 2601 671 re·

1535 687 1698 738 quiritur
1738 686 1876 736 aliquis
1917 694 2025 724 actus
2065 687 2280 737 procedens
2317 699 2340 724 a
2375 685 2494 735 gratia
2533 698 2603 736 per

1535 753 1655 790 quem
1674 739 1687 762 ⁹
1716 747 1965 778 removeatur
1992 740 2209 778 inordinata
2229 739 2413 778 adhaesio
2441 740 2491 777 ad
2519 751 2603 777 rem

1535 795 1804 844 temporalem.

1587 942 1614 976 η)
1635 944 1661 968 in
1680 944 1781 970 anima.
1799 958 1818 963 —
1835 944 1944 970 animae
1962 945 2044 969 tertia.

1588 978 1614 1013 θ)
1633 986 1719 1012 quem.
1737 994 1757 999 -
1773 987 1853 1012 quam
1874 980 1918 1005 ΡΗ
1939 985 1964 1005 et
1982 980 2119 1006 editiones.

1091 1086 1427 1120 Commentaria
1451 1085 1704 1118 Cardinalis
1726 1086 1930 1119 Gaietani

449 1210 469 1230 N
492 1199 625 1230 articulo
649 1196 791 1228 secundo
816 1194 959 1226 eiusdem
978 1194 1174 1234 quaestionis
1197 1192 1318 1233 aliquid
1342 1193 1480 1223 occurrit

422 1212 636 1278 Inotandum‚
655 1247 685 1272 et
701 1239 821 1281 aliquid
844 1238 1055 1270 dubitandum
1070 1239 1097 1268 ³⁶.
1121 1238 1297 1278 Diligenter
1320 1236 1480 1278 siquidem

417 1287 596 1319 notandum
620 1291 666 1317 est
689 1286 727 1316 ab
746 1286 888 1315 Auctore
910 1284 963 1314 hic
979 1292 1125 1324 expresse
1140 1282 1249 1312 haberi
1273 1281 1362 1322 quod
1385 1290 1480 1321 supe-

418 1333 482 1363 rius
497 1333 514 1349 ὓ
537 1331 673 1362 diximus
697 1329 736 1360 de
760 1328 875 1359 effectu
898 1327 1131 1363 Eucharistiae,
1155 1326 1275 1357 scilicet
1299 1325 1389 1366 quod
1411 1335 1480 1356 non

417 1375 594 1407 infunditur
623 1384 707 1405 nova
736 1374 834 1413 gratia
862 1381 923 1402 nec
950 1377 1084 1412 augetur
1111 1380 1168 1411 per
1190 1370 1278 1400 illam
1309 1371 1376 1400 sine
1407 1375 1480 1400 actu

417 1421 507 1451 liberi
530 1419 647 1450 arbitrii
670 1418 859 1458 disponente
875 1415 915 1447 ad
930 1416 1170 1456 susceptionem
1185 1424 1243 1445 seu
1258 1419 1479 1454 augmentum.

380 1469 382 1471 ’
417 1465 541 1495 Dicitur
563 1464 649 1494 enim
664 1463 716 1493 hic
736 1461 826 1502 quod
849 1470 913 1491 non
930 1460 1091 1502 contingit
1106 1469 1173 1490 esse
1189 1459 1385 1500 infusionem
1400 1467 1481 1500 gra-

182 2132 193 2142 ·
207 2131 241 2153 Cf.
256 2136 320 2152 num.
330 2136 379 2158 seq.

418 1509 481 1539 tiae
504 1509 537 1539 in
561 1507 680 1539 adultis
702 1507 772 1537 sine
794 1505 915 1536 actuali
938 1510 1027 1535 motu
1050 1504 1143 1535 liberi
1166 1503 1295 1534 arbitrii
1318 1504 1350 1533 in
1374 1503 1480 1534 Deum

418 1558 449 1584 et
472 1553 504 1583 in
522 1557 710 1593 peccatum:
743 1556 774 1581 et
796 1549 1078 1590 proportionaliter
1104 1547 1348 1588 intelligendum
1373 1553 1419 1577 est
1442 1547 1481 1578 de

419 1602 592 1637 augmento
615 1596 742 1636 gratiae.

473 1641 510 1671 11.
534 1639 755 1671 Dubitandum
785 1643 893 1669 autem
925 1637 1063 1668 occurrit
1086 1636 1125 1667 de
1148 1636 1233 1667 illata
1257 1646 1294 1666 ex
1321 1635 1482 1676 praedicta

418 1686 574 1716 sententia
603 1683 827 1725 conclusione,
852 1682 988 1712 scilicet:
1022 1681 1117 1717 Ideo,
1148 1680 1414 1721 quandocumque
1443 1680 1483 1710 de

420 1739 503 1760 novo
523 1729 635 1771 gratia
658 1727 852 1769 infunditur,
871 1730 1006 1766 peccata
1030 1725 1171 1756 venialia
1195 1725 1412 1755 remittuntur.
1441 1724 1483 1754 Et

420 1779 467 1804 est
481 1774 561 1804 ratio
578 1773 676 1807 dubii,
692 1778 763 1802 tum
779 1772 854 1811 quia
869 1780 937 1800 non
953 1769 1058 1800 omnis
1081 1775 1169 1800 actus
1194 1769 1328 1799 caritatis
1351 1769 1483 1799 remittit

418 1823 550 1858 peccata
572 1816 716 1847 venialia.
741 1815 829 1846 Tum
852 1815 927 1855 quia
950 1823 1017 1844 non
1041 1814 1146 1844 omnis
1170 1813 1336 1844 detestatio
1359 1813 1483 1853 peccati

419 1863 550 1893 remittit
571 1866 703 1901 peccata
725 1860 869 1890 venialia.
904 1859 1086 1898 Utrumque
1112 1863 1220 1888 tamen
1242 1857 1367 1888 videtur
1390 1857 1482 1897 sequi

421 1916 458 1937 ex
480 1907 540 1936 hac
562 1906 713 1941 illatione,
738 1905 764 1934 si
786 1904 871 1934 bona
895 1908 958 1933 est:
984 1903 1139 1942 quoniam
1163 1911 1200 1932 ex
1216 1911 1377 1932 concursu
1392 1907 1482 1932 actus

419 1951 510 1981 liberi
533 1950 649 1980 arbitrii
671 1949 705 1978 in
729 1949 836 1978 Deum
859 1952 890 1978 et
912 1947 945 1977 in
968 1951 1137 1986 peccatum
1164 1945 1298 1976 infertur
1321 1945 1410 1986 quod
1433 1946 1482 1976 in-

420 1994 504 2025 fusio
528 1994 644 2034 gratiae
667 1993 798 2023 remittit
819 1991 964 2022 venialia.

474 2038 526 2068 111.
542 2037 594 2068 Ad
608 2038 726 2067 horum
742 2035 943 2071 evidentiam,
960 2033 1127 2065 sciendum
1143 2039 1190 2065 est
1205 2032 1245 2064 ad
1259 2035 1482 2065 remissionem

419 2082 593 2113 venialium
609 2086 746 2121 quatuor
762 2088 962 2115 concurrere,
987 2078 1052 2109 duo
1070 2088 1108 2109 ex
1122 2083 1211 2118 parte
1227 2087 1351 2114 causae,
1369 2083 1400 2109 et
1415 2078 1481 2109 duo

420 2137 458 2158 ex
473 2131 561 2167 parte
577 2125 707 2156 effectus
719 2125 745 2155 ’ἃ
757 2124 900 2164 Exigitur
916 2123 1002 2153 enim
1018 2121 1057 2153 ad
1072 2122 1294 2153 remissionem
1308 2122 1482 2153 venialium

420 2181 458 2202 ex
481 2175 569 2211 parte
585 2178 709 2205 causae,
726 2173 757 2199 et
772 2167 861 2208 quod
876 2168 976 2198 homo
993 2168 1033 2197 sit
1048 2167 1081 2197 in
1096 2167 1204 2207 gratia,
1222 2171 1253 2197 et
1269 2166 1359 2207 quod
1374 2172 1482 2198 actua-

419 2215 489 2245 liter
511 2219 617 2245 utatur
640 2213 702 2243 illa.
726 2213 768 2243 Et
790 2213 931 2253 primum
954 2210 1086 2252 quidem
1108 2211 1205 2241 habes
1225 2211 1263 2241 ab
1282 2211 1425 2242 Auctore
1448 2212 1482 2242 in

420 2259 552 2290 articulo
576 2258 690 2289 ultimo
713 2257 808 2288 huius
825 2256 1038 2296 quaestionis:
1063 2256 1139 2296 quia
1155 2255 1223 2286 sola
1240 2256 1339 2296 gratia
1354 2256 1414 2286 Dei
1436 2261 1483 2286 est

419 2303 582 2334 remissiva
603 2302 735 2342 peccati.
771 2300 957 2332 Secundum
987 2305 1095 2330 autem
1124 2300 1259 2330 habetur
1291 2300 1324 2330 in
1347 2300 1482 2330 articulo

420 2346 632 2388 praecedenti,
652 2351 683 2376 et
697 2345 816 2386 pluries
831 2345 983 2385 repetitur
997 2345 1031 2375 in
1046 2344 1105 2374 hae
1121 2344 1319 2385 quaestione.
1344 2344 1385 2374 Et
1400 2353 1482 2384 quo-

420 2392 507 2422 niam
529 2391 671 2431 primum
693 2394 799 2430 potest
822 2398 890 2419 esse
913 2389 980 2419 sine
1004 2387 1157 2424 secundo,
1182 2388 1255 2419 ideo
1279 2389 1377 2428 gratia
1393 2398 1483 2419 com-

421 2436 539 2476 patitur
561 2443 671 2465 secum
694 2438 825 2474 peccata
847 2433 991 2463 venialia.
1027 2432 1213 2463 Secundum
1241 2438 1365 2468 autem,
1393 2432 1483 2473 quod

421 2489 489 2510 non
511 2484 618 2519 potest
641 2487 709 2509 esse
731 2478 799 2508 sine
814 2478 930 2517 primo,
946 2486 1014 2507 non
1030 2477 1074 2507 sic
1090 2476 1314 2517 accipiendum
1330 2482 1377 2507 est
1392 2477 1485 2517 quasi

422 2523 556 2563 quilibet
578 2527 667 2553 actus
690 2521 825 2552 caritatis
847 2520 950 2552 deleat
973 2521 1124 2551 venialia:
1148 2521 1305 2561 quoniam
1327 2521 1391 2551 hoc
1415 2530 1483 2551 esse

421 2567 537 2598 falsum
567 2576 605 2597 ex
629 2576 668 2596 eo
691 2566 844 2606 probatur
874 2564 964 2606 quod
986 2570 1172 2605 sequeretur
1195 2570 1326 2605 peccata
1348 2565 1484 2596 venialia

421 2611 605 2651 regulariter
628 2610 726 2641 deleri
754 2610 822 2640 sine
845 2608 1043 2649 displicentia
1072 2614 1137 2639 tam
1161 2609 1276 2639 actuali
1300 2618 1398 2649 quam
1421 2610 1483 2639 vir-

421 2655 517 2692 tuali3
549 2654 643 2685 multi
666 2654 752 2684 enim
775 2658 849 2684 sunt
871 2658 960 2684 actus
983 2653 1117 2684 caritatis
1144 2658 1291 2684 neutram
1314 2652 1483 2694 displicen-

421 2700 499 2730 tiam
522 2708 678 2729 annexam
700 2698 862 2734 habentes,
887 2697 997 2738 quales
1020 2703 1094 2727 sunt
1117 2703 1205 2728 actus
1230 2707 1298 2728 non
1327 2697 1484 2729 ferventes

421 2743 593 2784 religionis,
611 2748 681 2778 etc.‚
706 2742 744 2772 ab
767 2742 905 2772 habente
928 2742 1089 2772 caritatem
1109 2742 1214 2772 eliciti.
1239 2741 1483 2782 Intelligendum

422 2793 469 2818 est
498 2797 574 2827 ergo
605 2786 695 2827 quod
725 2785 765 2817 ad
791 2785 985 2817 deletionem
1007 2786 1198 2822 venialium,
1229 2786 1310 2816 ultra
1339 2787 1484 2817 habitum

421 2832 555 2871 gratiae,
579 2831 749 2871 requiritur
772 2836 860 2861 actus
883 2830 1017 2860 caritatis
1041 2830 1214 2861 virtualiter
1236 2830 1287 2860 vel
1310 2829 1484 2861 formaliter

421 2875 559 2906 inferens
575 2874 806 2915 displicentiam
822 2875 1007 2905 venialium:
1025 2879 1061 2906 ut
1073 2884 1111 2905 ex
1122 2875 1227 2915 primo
1240 2874 1372 2905 articulo
1386 2884 1483 2915 quae-

422 2920 533 2950 stionis
555 2920 650 2950 huius
673 2919 789 2949 habere
812 2924 914 2959 potes.
931 2919 972 2949 Et
994 2923 1163 2959 propterea
1186 2927 1411 2960 quaecumque
1435 2929 1483 2950 re-

422 2964 549 2994 missiva
572 2963 720 2994 dicuntur
742 2968 949 3003 peccatorum
971 2963 1155 2999 venialium,
1180 2962 1219 2993 ad
1242 2962 1359 2993 dictam
1375 2963 1483 3004 displi-

424 3008 560 3038 centiam
583 3007 785 3038 conducunt:
810 3013 846 3038 ut
861 3012 948 3048 patet
964 3008 1059 3038 etiam
1082 3006 1266 3038 inducendo
1284 3016 1342 3048 per
1357 3007 1411 3038 illa
1425 3008 1484 3038 tria

424 3061 506 3091 quae
532 3052 566 3082 in
588 3053 681 3082 tertio
709 3052 841 3082 articulo
871 3057 1080 3082 numerantur
1105 3052 1267 3082 remissiva
1290 3051 1482 3089 venialium;

1533 1202 1609 1223 nam
1637 1193 1671 1223 in
1693 1193 1786 1223 tertio
1811 1192 2057 1232 subintelligitur
2087 1192 2286 1233 displicentia
2308 1193 2465 1231 virtualis;
2496 1194 2531 1225 in
2554 1204 2603 1225 se-

1533 1235 1642 1267 cundo
1666 1236 1866 1277 displicentia
1889 1236 2050 1273 formalis;
2085 1237 2118 1267 in
2141 1237 2247 1277 primo
2271 1242 2381 1268 autem
2404 1237 2604 1278 displicentia

1533 1280 1677 1311 formalis
1701 1281 1917 1312 communiter
1939 1280 2066 1312 videtur
2088 1282 2115 1312 si
2138 1281 2236 1321 gratia
2258 1281 2448 1319 infunditur,
2471 1287 2527 1314 aut
2541 1283 2603 1313 vir-

1533 1325 1626 1356 tualis
1650 1325 1677 1355 si
1699 1326 1798 1366 gratia
1821 1331 1965 1365 augetur.

1590 1370 1643 1400 IV.
1667 1369 1715 1400 Ex
1738 1374 1827 1410 parte
1850 1375 1959 1400 autem
1982 1368 2114 1400 effectus
2138 1370 2357 1401 consideratur
2371 1371 2477 1411 primo
2493 1371 2604 1402 remis-

1534 1414 1582 1444 sio
1607 1414 1738 1454 culpae;
1763 1419 1795 1444 et
1817 1413 2007 1445 secundario
2030 1414 2174 1445 remissio
2198 1424 2334 1455 poenae.
2357 1415 2399 1446 Et
2421 1415 2517 1456 culpa
2533 1416 2604 1456 qui-

1535 1458 1609 1489 dem
1632 1459 1812 1495 remittitur,
1837 1457 2016 1489 secundum
2032 1459 2219 1495 Auctorem,
2236 1459 2270 1490 in
2285 1460 2391 1496 tertio,
2407 1459 2448 1490 ad
2462 1460 2603 1497 tertium,

1535 1508 1601 1533 tum
1626 1503 1745 1533 virtute
1767 1503 1908 1534 alicuius
1929 1503 2187 1545 satisfactioni&
2213 1509 2281 1534 tum
2304 1504 2423 1535 virtute
2445 1504 2603 1541 caritatis,

1535 1547 1627 1578 cuius
1650 1552 1742 1578 actus
1766 1547 1938 1578 excitatur.
1963 1547 2063 1585 Quod
2085 1548 2131 1578 sic
2153 1548 2308 1588 intelligo.
2325 1548 2386 1579 Per
2407 1549 2606 1591 satisfactio—

1535 1601 1607 1622 nem
1631 1592 1717 1622 enim
1741 1592 1884 1632 aliquam
1907 1591 2051 1632 intelligo
2068 1592 2209 1632 aliquem
2225 1592 2355 1623 illorum
2371 1590 2510 1624 actuum'
2519 1603 2604 1634 quos

1534 1636 1752 1676 poenitentiae
1775 1637 1873 1666 virtus
1897 1636 1968 1667 Deo
1992 1635 2095 1667 reddit
2122 1646 2182 1677 pro
2205 1634 2506 1677 recompensatione
2527 1647 2604 1678 pec-

1535 1681 1596 1711 cati
1620 1680 1729 1720 quoad
1752 1680 1892 1720 culpam,
1917 1685 1995 1721 puta
2019 1679 2253 1721 displicentiam
2276 1691 2334 1712 seu
2350 1681 2508 1718 dolorem,
2525 1692 2604 1713 con-

1534 1723 1708 1755 fessionem
1731 1725 1926 1761 interiorem,
1942 1724 1993 1755 vel
2009 1725 2254 1762 subiectionem,
2278 1726 2329 1756 vel
2353 1725 2474 1767 aliquid
2491 1727 2603 1758 huius-

1535 1768 1640 1799 modi:
1665 1779 1734 1800 non
1757 1769 1843 1799 enim
1866 1774 1932 1799 tam
1955 1774 2064 1800 exacta
2086 1770 2258 1810 requiritur
2280 1771 2480 1810 poenitentia
2501 1771 2536 1802 in
2553 1780 2604 1802 re-

1535 1814 1688 1844 missione
1712 1813 1825 1854 culpae
1854 1813 1985 1844 venialis
2008 1813 2111 1854 qualis
2138 1813 2177 1844 de
2204 1815 2391 1846 remissione
2417 1815 2603 1846 mortalium

1534 1858 1681 1898 superius
1696 1858 1713 1874 ³*
1737 1857 1893 1898 descripta
1916 1862 1972 1894 est.

1580 1902 1708 1932 Poenae
1731 1911 1808 1932 vero
1831 1902 1975 1932 remissio
1998 1902 2087 1933 iuxta
2109 1903 2320 1943 quantitatem
2343 1903 2475 1934 fervoris
2498 1904 2533 1935 in
2552 1904 2603 1936 lit-

1535 1952 1601 1977 tera
1617 1945 1729 1976 eadem
1744 1947 1761 1962 ⁴*
1785 1945 2009 1986 quantificatur
2025 1947 2064 1976 ab
2080 1947 2233 1978 Auctore.
2257 1947 2299 1978 Et
2314 1948 2407 1978 bene.
2431 1948 2477 1978 Ita
2494 1954 2604 1980 tamen

1535 1996 1572 2021 ut
1594 2000 1651 2031 per
1669 1990 1829 2021 fervorem
1844 1990 2001 2030 intelligas
2016 2000 2084 2021 non
2103 1991 2210 2022 solum
2225 1991 2385 2023 fervorem
2400 1997 2490 2023 actus
2505 1993 2604 2024 eliciti

1535 2045 1554 2066 a
1577 2035 1715 2071 caritate,
1740 2034 1796 2065 sed
1819 2035 1915 2065 etiam
1938 2039 2027 2065 actus
2050 2035 2197 2075 imperati
2220 2036 2259 2066 ab
2284 2035 2415 2067 eadem:
2438 2041 2518 2077 puta
2540 2035 2603 2068 dis-

1535 2079 1705 2119 plicentiae
1729 2088 1786 2109 seu
1809 2078 2026 2109 detestationis
2049 2079 2182 2119 peccati.
2210 2079 2300 2111 quta
2322 2079 2482 2112 fervorem
2504 2081 2604 2122 siqui-

1536 2122 1610 2154 dem
1634 2123 1761 2153 alterius
1785 2132 1915 2158 eorum,
1940 2123 2139 2164 quicumque
2165 2124 2205 2154 sit
2227 2124 2296 2161 ille,
2325 2124 2399 2165 plus
2421 2125 2474 2156 vel
2495 2126 2604 2158 minus

1535 2167 1705 2198 remittitur
1727 2176 1834 2207 poena
1856 2167 2041 2198 venialium.

1591 2212 1630 2242 V.
1655 2211 1709 2252 Α<ῖ1ι
1736 2212 1953 2242 obiectionem
1982 2212 2016 2242 in
2046 2213 2235 2253 oppositum
2254 2214 2271 2230 ⁸*
2299 2212 2415 2244 dicitur
2443 2213 2535 2254 quod
2564 2223 2606 2246 ex
2629 2217 2640 2230 ·

1535 2257 1638 2287 littera
1661 2265 1728 2286 non
1752 2256 1896 2296 sequitur
1918 2255 1952 2286 id
1975 2256 2064 2296 quod
2087 2256 2270 2288 obiiciendo
2293 2256 2445 2289 infertur:
2473 2258 2530 2290 sed
2551 2268 2604 2290 so-

1536 2299 1706 2331 lummodo
1731 2299 1820 2340 quod
1844 2299 2010 2331 detestatio
2034 2301 2158 2340 peccati
2181 2306 2213 2332 et
2235 2306 2325 2332 actus
2348 2302 2483 2333 caritatis
2506 2303 2604 2335 inter-

1535 2345 1700 2375 venientes
1730 2345 1763 2374 in
1792 2343 1955 2375 infusione
1984 2345 2118 2384 gratiae,
2151 2343 2258 2376 delent
2287 2345 2432 2377 venialia.
2468 2346 2605 2379 Constat

1537 2394 1645 2419 autem
1669 2387 1758 2428 quod
1782 2387 1948 2419 detestatio
1971 2397 2053 2429 quae
2069 2390 2248 2429 assequitur
2262 2389 2460 2421 infusionem
2475 2392 2603 2431 gratiae,

1536 2443 1604 2463 non
1628 2437 1675 2463 est
1698 2432 1943 2473 qualiscumque
1967 2432 2150 2464 detestatio:
2175 2433 2231 2464 sed
2253 2434 2323 2464 talis
2347 2440 2379 2465 et
2393 2440 2480 2466 tanta
2502 2441 2539 2466 ut
2557 2435 2605 2467 di-

1536 2478 1629 2507 vinae
1651 2482 1811 2507 mereatur
1833 2477 2044 2516 praesentiam
2066 2478 2193 2517 gratiae.
2218 2478 2259 2508 Et
2282 2478 2425 2510 similiter
2448 2484 2538 2510 actus
2553 2489 2606 2511 ca·

1536 2521 1651 2557 ritatis,
1675 2530 1733 2551 seu
1760 2520 1836 2551 fidei
1863 2520 2017 2552 formatae
2041 2522 2074 2552 in
2098 2522 2219 2558 Deum,
2242 2532 2311 2553 non
2335 2528 2382 2554 est
2405 2524 2606 2565 quicumque

1537 2566 1673 2596 caritatis
1697 2570 1804 2596 actus:
1829 2565 1885 2596 sed
1908 2575 1946 2596 ex
1969 2565 2024 2596 tali
2047 2575 2083 2596 ac
2107 2571 2196 2597 tanto
2216 2572 2335 2598 conatu
2358 2569 2553 2608 proveniens
2567 2574 2606 2600 ut

1538 2609 1663 2640 divinae
1686 2609 1766 2640 adsit
1788 2608 1907 2640 infusio
1930 2611 2058 2650 gratiae.
2090 2610 2125 2641 ln
2149 2611 2336 2642 huiusmodi
2359 2612 2447 2643 enim
2469 2612 2606 2644 detesta-

1536 2654 1625 2684 tione
1649 2654 1772 2694 peccati
1795 2659 1827 2684 et
1848 2659 1941 2684 motu
1964 2654 1998 2684 in
2021 2654 2129 2685 Deum
2151 2655 2331 2692 intervenit,
2355 2656 2468 2687 saltem
2486 2657 2604 2689 virtua-

1536 2698 1616 2734 liter,
1630 2697 1796 2728 detestatio
1821 2703 1852 2728 et
1875 2698 2049 2729 venialium
2067 2699 2261 2739 graviorum,
2278 2709 2361 2740 quae
2377 2700 2607 2741 disposuerunt

1537 2741 1578 2772 ad
1600 2742 1756 2778 mortalia,
1781 2747 1813 2772 et
1834 2743 2008 2773 venialium
2032 2752 2114 2783 quae
2136 2743 2353 2784 impedierunt
2375 2754 2541 2776 accessum
2563 2745 2605 2777 ad

1536 2787 1621 2817 hanc
1643 2786 1853 2817 mutationem
1876 2786 2031 2818 dexterae
2051 2787 2184 2819 Excelsi
2199 2789 2226 2819 ἦ
2249 2788 2291 2820 Et
2314 2790 2530 2821 communiter
2554 2790 2604 2822 in-

1537 2831 1693 2861 tervenire
1717 2831 1813 2861 etiam
1835 2830 1960 2862 videtur
1984 2830 2076 2862 dolor
2092 2831 2132 2863 de
2148 2831 2270 2864 offensa
2285 2833 2346 2864 Dei
2368 2834 2403 2864 in
2418 2835 2602 2866 communi:

1537 2876 1570 2905 in
1586 2884 1653 2916 quo
1670 2874 1827 2905 clauditur
1843 2874 2009 2906 detestatio
2025 2876 2200 2908 venialium
2214 2877 2248 2908 in
2263 2886 2390 2918 genere.
2413 2878 2499 2909 Raro
2516 2878 2603 2910 enim

1538 2919 1588 2950 vel
1611 2928 1779 2959 nunquam
1802 2918 1947 2950 accidere
1969 2919 2095 2951 videtur
2112 2921 2337 2952 accedentibus
2353 2921 2393 2952 ad
2408 2928 2604 2955 sacramenta

1538 2968 1574 2994 ut
1597 2963 1727 2994 doleant
1748 2964 1890 3004 praecise
1913 2963 1952 2994 de
1968 2964 2095 3003 mortali
2110 2970 2261 3006 peccato:
2286 2967 2501 2997 communiter
2516 2967 2603 2998 enim

1537 3009 1570 3038 in
1594 3008 1761 3039 communi
1783 3013 1991 3048 peccatorum
2014 3007 2106 3040 dolor
2129 3010 2277 3040 occurrit.

2629 1866 2742 1889 'Ant

2629 1881 2763 1916 (hminem.
2775 1877 2787 1883 -
2805 1866 2848 1890 ef·

2629 1949 2816 1979 'An-&edy

2653 2216 2725 2240 Num.
2741 2223 2767 2240 ιι.

2629 2796 2686 2846 ἷιΡι.
2695 2802 2776 2824 mvi,
2782 2801 2847 2820 vm.
