2878 4088
364 173 440 210 260

355 260 415 280 ART
419 274 424 280 .

400 342 414 357 ὓ

356 508 424 528 ART.

398 552 412 566 »

447 260 486 280 ΠΙ.
529 252 632 279 Utrum
654 257 734 278 actus
756 250 974 288 matrimonialis
997 259 1110 286 semper
1131 249 1166 277 sit
1188 258 1254 285 pec-

568 297 663 319 catum
667 311 1251 318 ....................

447 339 486 359 tv.
529 332 631 359 Utrum
650 337 730 358 actus
751 329 970 358 matrimonialis
992 329 1027 357 sit
1049 329 1223 357 meritorius.
1247 350 1253 356 .

538 395 730 430 QUAESTIO
758 394 1188 429 QUADRAGESIMASECUN
1191 394 1243 420 DA

450 442 499 471 De
520 442 739 471 matrimonio
760 441 961 477 inquantum
985 442 1040 470 est
1062 440 1329 469 sacramentum.

447 508 466 528 1.
530 501 631 527 Utrum
654 499 871 527 matrimonium
902 499 937 527 sit
966 505 1189 527 sacramentum.
1213 518 1219 524 .
1244 519 1250 525 .

445 548 474 567 11.
526 541 629 568 Utrum
651 539 868 567 matrimonium
896 539 1027 568 debuerit
1054 537 1162 565 institui
1183 543 1250 565 ante

564 586 712 616 peccatum
716 597 1250 608 ...................

444 627 486 647 111.
528 620 630 648 Utrum
659 619 877 647 matrimonium
906 619 1035 647 conferat
1059 617 1189 654 gratiam.
1213 637 1219 643 .
1243 637 1249 644 .

443 667 482 688 IV.
524 661 626 688 Utrum
641 659 770 705 ‘carnalis
789 659 955 687 commixtio
974 658 1011 685 sit
1032 658 1067 684 de
1089 656 1251 693 integritate

564 707 741 728 matrimonii
745 717 1249 728 ..................

556 764 749 799 QUAESTIO
773 761 1220 797 QUADRAGESIMATERTIA

734 813 782 841 De
804 811 1040 848 sponsalibus,

443 882 462 902 1.
523 873 624 900 Utrum
646 870 792 907 sponsalia
817 869 1022 898 convenienter
1043 868 1175 897 dicantur
1195 869 1249 907 su-

563 918 695 939 turarum
718 910 883 947 nuptiarum
902 908 1060 946 promissio
1063 930 1248 937 .......

440 960 470 980 11.
522 952 624 980 Utrum
647 957 760 986 tempus
776 948 917 985 septennii
940 948 976 976 sit
991 955 1190 985 competenter
1204 957 1248 976 as-

562 991 703 1027 signatum
727 989 909 1026 sponsalibus
931 988 1145 1017 contrahendis.
1180 1009 1186 1016 .

391 1042 406 1057 )
439 1039 481 1058 111.
523 1031 625 1058 Utrum
646 1029 791 1066 sponsalia
820 1028 916 1056 dirimi
944 1029 1058 1065 possint
1060 1050 1249 1057 .......

544 1092 737 1127 QUAESTIO
761 1091 1229 1126 QUADRAGESIMAQUARTA

629 1142 678 1171 De
699 1141 907 1171 matrimonii
928 1140 1136 1171 definitione.

349 1209 418 1229 ART.
439 1209 458 1229 1.
519 1200 622 1244 Utrum
640 1198 864 1244 ¹matrimonium
886 1199 921 1227 sit
942 1198 972 1227 in
993 1208 1099 1236 genere
1127 1199 1249 1227 coniun-

558 1246 662 1268 ctionis
665 1260 1248 1268 ....................

390 1291 406 1306 2
438 1288 468 1308 11.
520 1280 622 1308 Utrum
646 1279 865 1307 matrimonium
888 1288 1016 1316 congrue
1038 1279 1215 1308 nominetur.
1240 1301 1246 1307 .

390 1330 405 1346 »
438 1328 479 1348 111.
522 1321 623 1348 Utrum
639 1319 858 1348 matrimonium
877 1319 1083 1348 convenienter
1098 1319 1251 1348 definiatur

346 1553 405 1573 ΛΚΤ
408 1566 414 1573 .

389 1636 404 1651 t

558 1360 587 1388 in
609 1359 701 1388 littera
704 1381 1248 1388 ...................

548 1432 743 1466 QUAESTIO
766 1432 1221 1467 QUADRAGESIMAQUINTA

637 1483 686 1511 De
707 1490 886 1512 consensu
907 1482 1129 1512 matrimonii.

436 1553 455 1572 1.
517 1544 801 1588 Utrum'consensus
827 1543 862 1571 sit
883 1552 971 1571 causa
999 1541 1128 1572 efficiens
1150 1543 1249 1572 matri-

436 1633 468 1653 11.
510 1592 758 1659 Utrtgrqlngborteat
769 1633 943 1651 consensum
954 1633 1005 1660 per
1016 1625 1104 1652 verba
1115 1624 1246 1661 exprimi.

692 1605 1248 1612 ...................

387 1676 403 1691 i»
434 1673 476 1693 m.
508 1664 609 1692 Utrum
641 1673 801 1692 consensus
828 1673 978 1700 expressus
1010 1674 1062 1701 per
1096 1666 1183 1692 verba
1211 1665 1248 1693 de

387 1755 402 1771 2

346 2127 414 2148 ΛΚΤ.

346 3071 415 3092 ART-

347 3399 414 3419 ΛΒΤ.

556 1704 653 1732 futuro
673 1703 891 1732 matrimonium
906 1704 990 1733 faciat
994 1726 1247 1732 .........

435 1753 474 1773 tv.
516 1744 618 1772 Utrum
633 1753 793 1772 consensus
807 1745 961 1780 expressio,
978 1745 1064 1773 etiarn
1085 1754 1135 1782 pei·
1149 1746 1246 1780 verba,

558 1784 580 1812 si
603 1783 676 1812 desit
703 1784 823 1812 interior
844 1793 1020 1819 consensus,
1042 1785 1126 1813 faciat
1146 1785 1245 1813 matri-

557 1824 689 1852 monium
694 1846 1245 1853 ...................

435 1873 463 1893 v.
515 1865 618 1892 Utrum
633 1873 792 1892 consensus
807 1863 836 1892 in
853 1865 967 1892 occulto
991 1865 1079 1893 factus
1094 1874 1146 1901 per
1160 1865 1247 1892 verba

557 1905 594 1932 de
614 1903 758 1940 praesenti
780 1903 864 1932 faciat
891 1905 1110 1933 matrimonium
1114 1926 1241 1933 .....

556 1967 751 2001 QUAESTIO
774 1968 1206 2001 QUADRAGESIMASEXTA

514 2018 564 2047 De
585 2025 762 2047 consensu
782 2017 836 2046 cui
857 2017 998 2047 advenit
1018 2018 1249 2047 iuramentum

686 2058 742 2086 vel
764 2057 887 2094 copula
913 2058 1076 2086 carnalis.

435 2127 455 2146 1.
518 2118 621 2146 Utrum
636 2116 830 2145 iuramentum
845 2115 1013 2144 adiunctum
1029 2115 1184 2144 consensui
1195 2125 1247 2152 per

556 2158 644 2185 verba
665 2157 701 2185 de
723 2156 818 2184 futuro
834 2165 978 2193 expresso,
994 2156 1079 2184 faciat
1094 2155 1243 2184 matrimo-

557 2197 637 2225 nium
642 2217 1243 2225 .....................

436 2248 466 2267 n.
509 2238 610 2266 Utrum
633 2236 756 2265 carnalis
773 2236 887 2273 copula,
902 2243 968 2272 post
988 2238 1076 2265 verba
1090 2237 1127 2265 de
1147 2236 1243 2264 futuro

557 2287 732 2306 consensum
754 2276 958 2313 exprimentia,
981 2277 1064 2306 faciat
1095 2276 1245 2305 matrimo-

557 2327 638 2346 nium
642 2338 1244 2346 .....................

536 2382 729 2417 QUAESTIO
753 2381 1224 2415 QUADRAGESIMASEPTIMA

519 2432 568 2460 De
589 2438 765 2460 consensu
786 2432 910 2461 coacto
932 2433 968 2461 et
993 2431 1240 2461 conditionate.

436 2499 456 2519 1.
508 2490 611 2518 Utrum
633 2488 737 2526 aliquis
752 2498 912 2517 consensus
933 2489 1025 2525 possit
1039 2498 1101 2517 esse
1117 2495 1242 2517 coactus.

435 2539 464 2559 11.
516 2531 620 2558 Utrum
642 2529 754 2557 coactio
784 2536 877 2557 metus
905 2531 990 2557 cadat
1010 2529 1040 2557 in
1061 2535 1243 2557 constantem

554 2579 657 2598 virum.

688 2590 1240 2598 ...................

841 2615 957 2638 coactus
985 2609 1067 2638 tollat
1095 2609 1243 2638 matrimo-

434 2620 475 2640 111.
519 2611 622 2638 Utrum
650 2618 810 2637 consensus

553 2650 633 2677 nium
638 2670 1210 2679 ....................
1244 2671 1251 2678 .

434 2699 473 2720 iv.
514 2691 616 2718 Utrum
639 2698 799 2717 consensus
826 2696 944 2718 coactus
973 2690 1073 2717 saltem
1102 2699 1135 2718 ex
1162 2696 1243 2726 parte

556 2729 685 2766 cogentis
706 2729 789 2758 faciat
804 2729 1022 2758 matrimonium
1026 2751 1241 2758 ........

434 2780 462 2800 v,
514 2771 617 2799 Utrum
648 2779 699 2806 per
726 2778 901 2798 consensum
933 2770 1166 2798 conditionatum
1194 2769 1244 2798 fiat

554 2816 781 2838 matrimonium.
812 2831 1243 2838 ...............

433 2860 471 2880 vt.
513 2851 614 2879 Utrum
637 2849 742 2887 aliquis
763 2857 918 2887 praecepto
941 2850 1029 2886 patris
1051 2850 1142 2886 possit
1163 2859 1244 2878 com·

555 2890 622 2927 pelli
637 2891 673 2918 ad
688 2890 905 2918 matrimonium
921 2890 1163 2918 contrahendum.
1180 2912 1186 2918 .
1211 2912 1217 2918 .
1241 2911 1247 2918 .

539 2955 733 2989 QUAESTIO
756 2955 1220 2989 QUADRAGESIMAOCTAVA

665 3005 714 3033 De
729 3005 866 3035 obiecto
887 3012 1094 3035 consensus.

437 3072 456 3091 1.
518 3063 621 3090 Utrum
635 3071 795 3090 consensus
817 3062 866 3099 qui
889 3062 954 3091 facit
976 3063 1193 3091 matrimonium
1209 3063 1245 3091 sit

555 3111 712 3130 consensus
734 3102 763 3130 in
784 3103 928 3130 carnalem
944 3103 1080 3139 copulam
1084 3125 1242 3132 ......

435 3151 466 3171 11.
517 3143 619 3170 Utrum
635 3142 853 3170 matrimonium
868 3142 959 3179 possit
975 3152 1036 3171 esse
1053 3153 1085 3171 ex
1101 3152 1245 3172 consensu

556 3182 675 3211 alicuius
694 3182 724 3210 in
746 3182 871 3219 aliquam
887 3190 1006 3219 propter
1026 3192 1143 3212 causam
1160 3183 1244 3212 inho-

556 3229 666 3251 nestam
671 3244 1241 3252 ....................

566 3285 759 3317 QUAESTIO
782 3284 1194 3318 QUADRAGESIMANONA

674 3335 724 3363 De
744 3334 845 3363 bonis
867 3335 1085 3363 matrimonii.

436 3400 455 3420 1.
516 3392 618 3419 Utrum
645 3391 862 3420 matrimonium
891 3393 993 3420 debeat
1015 3393 1119 3421 habere
1147 3393 1243 3430 aliqua

555 3433 632 3459 bona
653 3432 758 3468 quibus
779 3438 927 3459 excusetur
930 3453 1238 3461 ...........

436 3478 466 3498 11.
518 3472 619 3498 Utrum
651 3469 827 3499 sufficienter
858 3472 936 3498 bona
965 3471 1139 3500 matrimonii
1171 3473 1241 3501 assi—

554 3517 677 3547 gnentur
697 3520 714 3538 a
728 3510 865 3547 Magistro
887 3510 1110 3539 Sententiarum:
1134 3512 1239 3540 scilicet

556 3549 636 3584 fides,
658 3551 754 3586 proles
782 3557 810 3578 et
837 3557 1048 3578 sacramentum
1053 3573 1238 3580 .......

1309 339 1322 353 ὶ)

1306 508 1320 522 »

1304 586 1320 602 D

1303 626 1318 641 ‘b

1303 706 1318 721 D

1298 3115 1312 3130 »

1292 3444 1307 3460 2

1292 3563 1307 3578 »

1378 169 1543 206 INDEX

1480 255 1548 275 aar.

1290 297 1363 327 Pag-
1388 296 1425 323 79

1388 327 1425 354 80
1522 336 1536 351 ›

1520 456 1535 471 θ

1384 496 1424 523 ib.

1520 533 1596 553 »VL

1384 575 1417 603 81

1383 615 1421 643 ib.

1383 695 1420 723 82

1475 853 1544 874 ART-

1380 908 1419 936 ib.

1381 988 1417 1016 83

1381 1028 1420 1063 Q

1474 1093 1534 1114 Ater

1517 1176 1532 1192 2

1381 1238 1416 1266 85

1379 1278 1419 1307 ib.

1381 1359 1420 1387 86
1475 1371 1534 1391 ΑΜ·

1514 1453 1530 1470 ›

1515 1534 1530 1549 D

1379 1584 1417 1630 ᾖδ’
1514 1614 1528 1629 t

1379 1626 1417 1653 ib.

1379 1704 1416 1742 87

1378 1825 1406 1851 ὼ
1473 1826 1533 1846 aar

1379 1903 1416 1931 88
1515 1907 1530 1924 ²

1514 1987 1530 2003 D

1513 2027 1528 2042 ²

1376 2195 1414 2223 ib.

1470 2254 1530 2275 aar

1377 2316 1414 2352 89
1512 2337 1527 2353 2

1512 2417 1527 2433 )

1375 2490 1414 2518 ib.
1513 2498 1528 2513 »

1375 2579 1414 2607 90

1374 2649 1412 2678 ib.

1374 2729 1413 2757 ib.

1470 2764 1529 2784 aar

1375 2819 1409 2847 9¹
1512 2846 1527 2862 ,

1375 2889 1414 2918 ib.

1511 2926 1527 2942 2

1510 2966 1526 2982 2

1510 3046 1526 3062 Ὠ

1375 3104 1413 3133 ib.
1510 3086 1526 3142 ζ

1375 3231 1411 3261 9²
1511 3206 1526 3221 »

1509 3286 1524 3301 2

1508 3405 1523 3420 ’

1370 3433 1409 3462 ib.

1505 3524 1519 3539 »

1371 3553 1406 3588 93

1551 3521 1590 3541 XI.

1654 247 1757 274 Utrum
1789 252 2001 274 sacramentum
2028 246 2066 273 sit
2093 246 2279 282 principalius
2308 247 2380 276 inter

1691 287 1769 313 bona
1788 285 1966 314 matrimonii
1969 307 2376 316 ..............

1570 335 1608 355 tV.
1651 327 1753 353 Utrum
1776 331 1856 353 actus
1878 325 2055 354 matrimonii
2074 325 2165 362 possit
2184 326 2312 354 excusari
2332 336 2382 363 per

1689 366 1767 393 bona
1795 365 1941 402 praedicta
1962 372 1994 393 ut
2021 375 2082 394 non
2104 366 2140 394 sit
2160 366 2284 394 omnino
2312 375 2379 403 pec-

1689 412 1783 433 catum
1788 426 2379 435 ....................

1571 256 1603 276 111
1606 269 1611 274 .

1558 454 1586 474 v.
1639 446 1741 473 Utrum
1772 452 1853 474 actus
1881 445 2100 474 matrimonialis
2130 447 2259 475 excusari
2289 446 2380 483 possit

1690 485 1776 513 etiam
1792 485 1853 513 sine
1875 485 1960 514 bonis
1975 485 2152 514 matrimonii
2156 507 2377 515 ........

1639 526 1740 553 Utrum
1756 527 2001 563 quandocumque
2016 526 2119 563 aliquis
2133 536 2254 555 uxorem
2269 536 2378 563 cogno-

1687 565 1739 593 scit
1760 575 1821 593 non
1843 566 1995 594 intendens
2010 567 2130 603 aliquod
2150 568 2260 595 bonum
2277 567 2377 595 matri-

1686 605 1778 633 monii
1797 607 1848 634 sed
1863 606 1955 634 solam
1971 606 2201 642 delectationem,
2218 607 2377 636 mortaliter

1688 652 1787 682 peccet
1791 667 2375 676 ....................

1745 725 1939 759 QUAESTIO
1961 726 2279 760 QUINQUAGESIMA

1616 774 1666 804 De
1686 774 1938 811 impedimentis
1960 773 2169 806 matrimonii
2189 776 2224 805 in
2245 777 2405 812 generali.

1565 854 1683 875 UNtcus.
1706 847 1807 874 Utrum
1836 846 2024 875 matrimonio
2052 847 2258 875 convenienter
2285 847 2377 884 impe-

1739 886 1869 915 dimenta
1899 887 2089 924 assignentur.
2122 909 2374 916 .........

1678 963 1873 997 QUAESTIO
1907 963 2346 998 QUINQUAGESIMAPRIMA

1770 1012 1819 1042 De
1840 1012 2085 1048 impedimento
2111 1014 2253 1043 erroris.

1537 1107 1543 1113 .
1564 1094 1584 1113 1.
1637 1086 1741 1114 Utrum
1763 1094 1844 1114 error
1865 1087 1968 1115 debeat
1988 1087 2059 1123 poni
2081 1087 2259 1116 matrimonii
2283 1088 2376 1125 impe-

1685 1125 1846 1154 dimentum
1864 1135 1915 1163 per
1936 1135 1966 1154 se
1969 1148 2374 1157 ..............

1564 1173 1594 1194 11.
1644 1165 1750 1194 Utrum
1771 1166 1867 1194 omnis
1888 1175 1969 1195 error
1983 1167 2202 1195 matrimonium
2225 1168 2373 1204 impediat.

1649 1240 1844 1275 QUAESTIO
1872 1241 2373 1275 QUINQUAGESIMASECUNDA

1635 1290 1684 1319 De
1705 1290 1948 1326 impedimento
1962 1291 2170 1321 conditionis
2191 1291 2386 1321 servitutis.

1536 1385 1542 1392 .
1564 1372 1583 1392 1.
1646 1363 1750 1391 Utrum
1779 1363 1910 1391 conditio
1939 1363 2082 1404 servitutis
2109 1363 2250 1400 impediat
2277 1363 2375 1392 matri-

1687 1403 1819 1431 monium
1823 1425 2372 1433 ...................

1562 1453 1592 1473 Π.
1643 1444 1746 1472 Utrum
1768 1453 1867 1472 servus
1883 1443 2101 1472 matrimonium
2119 1445 2290 1472 contrahere
2304 1453 2373 1481 pos-

1684 1483 1720 1512 sit
1739 1483 1801 1512 sine
1814 1492 1959 1513 consensu
1974 1483 2094 1512 Domini
2097 1505 2374 1514 ..........

1563 1532 1604 1552 111.
1645 1524 1748 1552 Utrum
1770 1524 1890 1552 servitus
1919 1524 2106 1553 matrimonio
2128 1524 2219 1561 possit
2240 1533 2374 1561 superve-

1686 1564 1756 1598 nire,
1771 1570 1803 1592 ut
1817 1564 1860 1592 vir
1877 1573 1908 1592 se
1928 1564 2009 1593 alteri
2024 1564 2054 1593 in
2068 1573 2183 1593 servum
2197 1565 2312 1606 vssndat.
2335 1585 2342 1593 .
2366 1586 2372 1593 .

1561 1611 1601 1632 tv,
1643 1605 1746 1632 Utrum
1761 1604 1813 1632 filii
1829 1605 1953 1633 debeant
1967 1605 2049 1642 sequi
2063 1604 2263 1634 conditionem
2273 1605 2372 1642 patris.

1669 1693 1863 1728 QUAESTIO
1886 1694 2350 1728 QUINQUAGESIMATERTIA

1693 1743 1743 1772 De
1763 1743 2007 1780 impedimento
2028 1744 2103 1773 voti
2124 1745 2160 1773 et
2181 1743 2323 1774 ordinis.

1536 1839 1542 1846 .
1564 1826 1583 1846 1.
1645 1818 1748 1845 Utrum
1770 1826 1821 1853 per
1842 1817 2049 1854 obligationem
2071 1817 2131 1846 voti
2152 1817 2289 1854 simplicis
2310 1828 2372 1847 ma-

1683 1856 1853 1885 trimonium
1875 1863 2054 1885 contractum
2078 1856 2173 1885 dirimi
2195 1858 2308 1886 debeat.
2331 1881 2337 1886 .
2361 1880 2368 1887 .

1563 1905 1592 1925 n.
1645 1898 1748 1925 Utrum
1763 1903 1863 1925 votum
1878 1897 2009 1925 solemne
2023 1897 2140 1926 dirimat
2153 1897 2371 1926 matrimonium

1683 1936 1740 1964 iam
1755 1943 1934 1965 contractum
1939 1958 2368 1966 ...............

1646 1976 1749 2004 Utrum
1771 1977 1845 2004 ordo
1873 1976 2011 2012 impediat
2039 1976 2266 2005 matrimonium.
2300 1998 2306 2005 .

1643 2017 1746 2044 Utrum
1772 2015 1958 2044 matrimonio
1980 2017 2054 2045 ordo
2081 2026 2161 2045 sacer
2187 2017 2370 2053 supervenire

1682 2063 1782 2092 possit.
1816 2077 2370 2086 ...................

1654 2130 1848 2165 QUAESTIO
1878 2130 2359 2166 QUINQUAGESIMAQUARTA

1672 2181 1721 2210 De
1747 2180 1989 2217 impedimento
2017 2181 2340 2217 consanguinitatis.

1533 2268 1539 2274 .
1561 2255 1580 2275 1.
1641 2246 1743 2274 Utrum
1767 2244 1896 2273 definitio
1918 2244 2175 2282 consanguinitatis
2196 2254 2285 2282 quam
2306 2245 2370 2283 qui-

1681 2286 1750 2314 dam
1772 2292 1897 2322 ponunt,
1920 2284 1956 2313 sit
1976 2291 2147 2322 competens
2149 2305 2367 2315 ........

1561 2335 1591 2355 11.
1643 2327 1746 2354 Utrum
1777 2325 2012 2362 consanguinitas
2033 2325 2238 2354 convenienter
2267 2325 2368 2354 distin-

1681 2373 1784 2403 guatur
1808 2375 1858 2402 per
1879 2366 1969 2394 lineas
1991 2372 2018 2393 et
2043 2366 2158 2403 gradus.
2183 2387 2219 2403 a:
2242 2386 2369 2395 .....

1559 2415 1601 2435 m.
1642 2407 1745 2435 Utrum
1768 2405 2003 2443 consanguinitas
2030 2406 2066 2434 de
2088 2405 2150 2434 iure
2170 2406 2293 2434 naturali
2314 2405 2368 2434 im-

1682 2446 1779 2483 pediat
1806 2445 2024 2474 matrimonium
2028 2466 2366 2476 ............

1559 2495 1597 2516 w.
1639 2487 1741 2515 Utrum
1758 2485 2015 2524 consanguinitatis
2029 2487 2135 2523 gradus
2151 2486 2369 2515 matrimonium

1681 2526 1870 2563 impedientes
1899 2526 2046 2563 potuerint
2067 2526 2156 2554 taxari
2176 2528 2213 2555 ab
2241 2526 2369 2555 Ecclesia

1681 2576 1774 2604 usque
1791 2567 1828 2595 ad
1843 2573 1978 2604 quartum
1992 2567 2114 2604 gradum
2118 2588 2366 2595 .........

1666 2633 1859 2668 QUAESTIO
1881 2632 2348 2667 QUiNQUAGEsiMAQulNTA

1740 2682 1789 2712 De
1809 2682 2053 2719 impedimento
2075 2681 2270 2712 affinitatis.

1532 2777 1539 2784 .
1561 2764 1579 2783 1.
1643 2756 1744 2783 Utrum
1767 2762 1799 2781 ex
1826 2753 2014 2782 matrimonio
2039 2753 2247 2791 consanguinei
2273 2752 2368 2782 affini-

1680 2801 1723 2822 tas
1744 2801 1878 2822 causetur
1879 2814 2366 2823 .................

1559 2843 1588 2863 n.
1642 2836 1744 2863 Utrum
1773 2831 1899 2862 affinitas
1927 2840 2042 2862 maneat
2069 2840 2135 2870 post
2160 2840 2286 2862 mortem
2310 2833 2366 2862 viri

1682 2874 1755 2902 inter
1769 2873 2000 2911 consanguineos
2014 2873 2066 2901 viri
2081 2881 2109 2902 et
2122 2882 2253 2902 uxorem.
2269 2894 2276 2901 .
2300 2895 2306 2902 .
2359 2895 2366 2902 .

1559 2923 1600 2944 111.
1641 2915 1743 2942 Utrum
1760 2913 1872 2942 illicitus
1886 2913 2058 2942 concubitus
2072 2911 2243 2942 affinitatem
2258 2920 2365 2942 causet.

1559 2963 1598 2983 tv.
1640 2955 1742 2982 Utrum
1759 2963 1792 2982 ex
1807 2953 1990 2991 sponsalibus
2005 2953 2102 2991 aliqua
2117 2951 2242 2982 affinitas
2257 2953 2368 2982 causari

1679 3000 1779 3030 possit.
1809 3016 1815 3022 .
1844 3014 2364 3022 ..................

1558 3043 1587 3064 v.
1638 3034 1741 3062 Utrum
1763 3031 1889 3062 affinitas
1911 3033 1947 3062 sit
1971 3043 2058 3062 causa
2085 3031 2233 3062 affinitatis
2238 3053 2363 3062 .....

1558 3083 1599 3103 vx.
1640 3075 1743 3103 Utrum
1765 3071 1890 3103 affinitas
1912 3073 2131 3102 matrimonium
2157 3073 2305 3110 impediat.
2327 3093 2334 3100 .
2356 3092 2364 3100 .

1559 3123 1609 3143 vn.
1641 3117 1743 3144 Utrum
1771 3112 1897 3142 affinitas
1925 3114 2029 3142 habeat
2050 3113 2135 3142 etiarn
2163 3122 2216 3150 per
2241 3111 2364 3148 seipsam

1678 3155 1784 3191 gradus
1787 3172 2360 3183 ....................

1558 3203 1618 3223 vm.
1641 3195 1743 3223 Utrum
1770 3194 1875 3231 gradus
1903 3190 2051 3221 affinitatis
2078 3192 2268 3227 extendantur
2291 3190 2364 3223 sicut

1678 3235 1784 3271 gradus
1798 3233 2054 3270 consanguinitatis
2056 3250 2360 3261 ...........

1557 3283 1596 3303 tx.
1638 3275 1741 3302 Utrum
1757 3273 1924 3311 coniugium
1939 3273 2020 3310 quod
2033 3272 2108 3301 inter
2117 3267 2221 3299 affines
2235 3270 2283 3315 vel.
2294 3279 2364 3298 con-

1677 3314 1851 3352 sanguineos
1866 3319 1908 3341 est
1922 3318 2111 3345 contractum,
2127 3319 2241 3347 semper
2262 3316 2296 3338 Sit
2310 3319 2362 3347 per

1678 3353 1834 3382 divortium
1855 3351 2049 3380 dirimendum
2053 3370 2363 3379 ...........

1546 3402 1574 3422 x.
1627 3395 1730 3422 Utrum
1745 3394 1782 3422 ad
1797 3391 2007 3429 separationem
2022 3390 2199 3418 matrimonii
2220 3390 2300 3427 quod
2321 3396 2364 3418 est

1675 3433 1749 3462 inter
1763 3430 1865 3461 affines
1879 3437 1907 3459 et
1921 3430 2152 3467 consanguineos
2170 3435 2360 3465 contractum,

1672 3473 1707 3501 sit
1728 3470 1943 3509 procedendum
1965 3479 2015 3506 per
2036 3470 2111 3498 viam
2126 3469 2326 3499 accusationis.
2348 3490 2355 3498 .

1634 3513 1735 3540 Utrum
1763 3511 1792 3539 in
1813 3510 1862 3538 tali
1887 3519 1972 3538 causa
1999 3510 2034 3538 sit
2062 3510 2278 3547 procedendum
2305 3518 2357 3546 per

1673 3558 1768 3586 testes,
1784 3549 1856 3579 sicut
1878 3550 1907 3578 in
1929 3550 1991 3578 aliis
2013 3550 2106 3579 causis
2109 3569 2358 3579 .........

2413 298 2487 330 1²⁶8,-
2510 298 2550 326 94

2432 418 2447 433 ι
2509 407 2547 436 ib.

2431 497 2446 514 »
2510 487 2546 524 95

2430 657 2445 673 »
2508 647 2546 684 96

2429 899 2444 915 t

2413 3559 2430 3576 D

2507 888 2545 917 ib.

2507 1139 2544 1166 97

2506 1413 2544 1442 99

2490 1493 2545 1513 100

2489 1613 2538 1633 101

2501 1859 2540 1888 ib.

2486 1946 2539 1983 192

2486 2058 2538 2087 io3

2498 2286 2536 2316 ib.

2484 2375 2540 2403 ¹⁰4

2483 2447 2536 2476 105

2483 2567 2538 2596 106

2482 2804 2535 2833 ¹07

2482 2875 2536 2920 198

2480 3001 2534 3038 ¹99

2493 3033 2532 3061 ib.

2479 3081 2490 3100 i
2500 3081 2535 3100 io

2494 3152 2532 3181 ib.

2478 3241 2528 3260 iii

2493 3350 2532 3380 ib.

2487 3470 2526 3499 ib.

2477 3556 2531 3578 112
