2878 4088
86 443 96 454 ·
110 442 168 469 Cup.
183 447 251 463 xxxv.

85 745 168 795 §.effi
182 752 242 795 1202:
252 753 276 795 έῑ

83 1101 226 1130 ‘vomu-

82 1193 206 1217 Μοιιιιοι.
215 1193 294 1216 ueta-

82 1219 150 1274 ἵξὶ*
154 1220 202 1270 .¹.¹¹’-·
234 1226 294 1270 stt:

81 1262 168 1297 imr-

81 1567 174 1611 ἶνα-ι.
189 1593 223 1611 2¹.

82 1637 199 1691 ἓξὲξ-ἓξ
214 1637 294 1690 ξφ,

80 1690 162 1719 qvi-a.

81 1945 92 1957 ⁶
105 1945 158 1967 An.
174 1951 194 1967 ι.

0 2053 7 2068 ,ι
82 2034 165 2060 'Tm
171 2036 294 2064 xxxvi,dl—

0 2070 6 2115 k
79 2068 154 2092 ⁸¹⁸⁸·-
172 2066 231 2091 pm.
246 2069 266 2092 5·

0 2342 26 2445 μ
83 2387 93 2400 ·
107 2385 166 2408 ord.
176 2385 295 2408 abomb.

83 2430 228 2460 'Vero-24.

0 2451 9 2590 ἶ
83 2514 204 2544 'ctu-g.
222 2522 240 2538 ι.

83 2608 168 2658 1³3·-
156 2607 216 2630 -Cfi
209 2607 287 2659 ,Εοιτι1

0 2637 9 2767 ἰ,
83 2665 143 2689 ραι-ι.
153 2667 190 2690 ιιι,
224 2661 247 2684 6.

85 2916 226 2947 'Venu-

86 3003 224 3034 ‘venz-

86 3361 97 3372 '
107 3359 193 3402 Pm.13
219 3366 243 3386 ιι,
253 3365 301 3387 xiv,

86 3374 301 3409 nn.1x.f.Au-

86 3413 179 3435 tiuiod.
211 3413 300 3435 Susam.

85 3440 141 3462 Am·-
156 3440 196 3462 lib.
206 3440 229 3467 1,
249 3445 276 3461 ca

86 3466 123 3488 De
153 3466 196 3488 hoc
230 3472 272 3488 ver

87 3501 100 3513 c
118 3493 206 3515 xire»
207 3497 272 3521 ,etc.

1013 139 1277 186 QUAESTIO
1307 138 1424 186 XCII,
1453 137 1746 175 ARTICULUS
1775 139 1820 174 ΙΙΙ
2432 139 2506 176 223

325 222 420 256 auget
443 217 593 247 virtutem
616 217 796 248 intellectus
811 218 845 248 in
860 217 1078 257 intelligendo.
1102 218 1187 257 Ergo
1209 217 1388 248 intellectus
1442 215 1612 246 litudinem
1634 215 1765 245 visionis
1789 216 1971 255 corporalis,
1996 218 2161 257 cognoscit
2186 228 2222 248 ea
2246 219 2336 258 quasi
2359 228 2507 259 praesen-

326 269 402 291 eum
424 260 535 291 videns
559 262 669 291 omnia
691 262 847 302 intelligit.
1443 261 1496 290 tia.
1521 259 1699 299 Cognoscit
1729 260 1875 299 insuper,
1901 259 2038 291 videndo
2069 271 2159 292 suam
2188 263 2374 299 essentiam,
2399 264 2508 294 omnia

379 314 411 343 4.
435 304 631 341 Ρωτιιιιιιιι,
655 306 834 336 intellectus
849 315 918 336 non
933 305 1105 345 impeditur
1121 306 1159 335 ab
1179 304 1387 345 intelligendo
1444 313 1527 344 quae
1551 309 1658 343 potest
1681 302 1794 339 facere,
1820 305 1964 343 quamvis
1985 314 2152 344 nunquam
2168 306 2276 336 fecerit
2292 316 2352 337 nec
2367 307 2507 338 facturus

324 348 446 389 aliquid
467 350 528 379 nisi
551 350 744 390 inquantum
766 349 799 380 id
822 356 950 390 superat
970 350 1087 390 ipsum.
1112 348 1174 380 Sed
1189 350 1389 380 intellectum
1444 349 1502 378 sit:
1527 348 1603 379 alias
1626 357 1694 378 non
1717 347 1858 387 perfecte
1882 355 2091 387 cognosceret
2114 351 2291 389 potentiam
2307 360 2414 387 suam;
2439 361 2507 382 non

325 393 432 424 Deum
455 393 618 424 videntem
633 394 722 424 nulla
737 399 879 425 creatura
895 399 1038 434 superat:
1063 394 1149 434 quia,
1166 399 1202 424 ut
1217 393 1293 424 dicit
1310 393 1389 424 Gre-
1411 403 1421 424 ς
1445 393 1531 423 enim
1553 397 1660 432 potest
1683 392 1837 431 cognosci
1853 392 1997 431 potentia
2011 393 2071 422 nisi
2087 394 2225 424 sciantur
2240 396 2402 434 potentiae
2419 396 2508 426 obie-

324 438 442 476 gorius,
460 438 494 468 in
510 438 536 468 ΙΙ
552 438 688 479 Dialog.
705 439 732 475 *,
756 439 885 469 animae
901 438 1021 469 videnti
1039 438 1227 468 Creatorem
1247 442 1389 478 angusta
1444 442 1504 467 cta.
1528 437 1569 467 Et
1592 437 1670 466 haec
1695 435 1808 466 dicitur
1838 445 2034 475 cognoscere
2065 438 2180 467 notitia
2207 438 2360 478 simplicis
2391 440 2508 470 intelli-

313 482 360 522 fit
383 483 488 513 omnis
511 487 674 513 creatura.
706 483 792 523 Ergo
825 482 967 513 videntes
997 482 1104 513 Deum
1133 491 1191 522 per
1220 482 1389 512 essentiam
1443 481 1575 522 gentiae
1590 481 1617 510 *.

324 527 434 557 omnia
457 532 664 567 cognoscent.
1499 525 1699 565 Impossibile
1723 529 1769 554 est
1792 529 1900 554 autem
1924 523 2014 564 quod
2037 523 2151 563 aliquis
2174 526 2352 557 intellectus
2385 533 2507 558 creatus

381 571 410 601 5.
434 571 630 607 Pani-nam,
655 571 761 601 omnis
784 571 928 611 potentia
950 571 1074 610 passiva
1097 579 1180 610 quae
1195 579 1262 600 non
1279 575 1326 600 est
1341 578 1389 599 re-
1445 574 1619 609 cognoscat
1642 569 1761 604 omnia,
1786 567 1925 598 videndo
1949 567 2090 598 divinam
2114 570 2291 606 essentiam,
2315 580 2396 610 quae
2420 572 2508 602 Deus

323 614 419 645 ducta
434 615 474 646 ad
489 621 608 652 actum,
625 621 672 646 est
695 614 890 655 imperfecta.
916 614 979 645 Sed
1001 615 1035 644 in
1057 614 1222 644 intellectu
1245 613 1389 653 possibili
1404 623 1430 638 ¹⁰
1443 619 1551 653 potest
1573 613 1687 643 facere.
1712 612 1797 650 Quia
1820 618 1942 652 quanto
1966 611 2099 651 aliquod
2121 613 2314 653 principium
2338 614 2508 654 perfectius

324 660 449 690 animae
472 660 632 690 humanae
655 665 703 690 est
724 660 869 699 potentia
887 659 979 698 quasi
993 658 1118 698 passiva
1133 657 1173 688 ad
1189 666 1388 697 cognoscen-
1444 658 1660 696 cognoscitur,
1684 661 1773 686 tanto
1797 656 1888 695 plura
1912 656 2056 686 sciuntur
2078 657 2112 686 in
2127 657 2200 686 illo:
2225 658 2307 688 sicut
2322 658 2355 687 in
2370 668 2437 688 uno
2455 659 2509 689 de-

324 703 402 734 dum
425 705 551 734 omnia:
576 705 652 744 quia
674 703 854 734 intellectus
876 702 1037 742 possibilis
1061 707 1108 732 est
1130 711 1194 742 quo
1216 706 1263 731 est
1279 701 1388 731 omnia
1442 701 1683 731 monstrationis
1705 701 1864 740 principio
1889 700 1941 730 ine
1965 701 2022 740 qui
2046 706 2092 731 est
2120 701 2360 741 perspicacioris
2390 703 2509 742 ingenii

287 758 296 762 ·
312 748 404 788 fieri,
429 753 465 778 ut
488 747 603 778 dicitur
625 749 658 778 in
682 747 724 777 111
747 747 786 777 de
808 747 927 777 Anima
942 747 969 776 ἢ
994 745 1027 776 Si
1051 755 1126 785 ergo
1150 746 1184 775 in
1206 745 1259 775 illa
1290 745 1388 775 beati-
1443 745 1551 784 plures
1575 745 1801 775 conclusiones
1825 744 1910 774 videt
1934 754 2032 784 quam
2056 745 2146 781 alius,
2164 746 2220 785 qui
2237 750 2283 776 est
2305 746 2426 785 ingenii
2448 752 2509 777 tar-

322 791 433 823 tudine
448 801 517 822 non
532 792 721 832 intelligeret
733 791 852 827 omnia,
865 795 1044 820 remaneret
1054 789 1271 829 imperfectus.
1289 788 1389 826 Quod
1444 788 1552 819 dioris.
1586 788 1673 819 Cum
1703 798 1779 828 ergo
1810 789 1969 828 quantitas
1993 790 2155 829 potentiae
2179 789 2303 820 divinae
2334 790 2511 821 attendatur

323 842 370 867 est
393 835 576 866 absurdum.
1404 843 1426 862 ¹5
1443 833 1624 863 secundum
1647 842 1684 863 ea
1706 833 1740 863 in
1764 842 1847 873 quae
1871 838 1986 872 potest,
2004 834 2030 863 si
2054 834 2168 874 aliquis
2192 834 2372 864 intellectus
2387 834 2508 865 videret

378 880 408 910 6.
425 880 622 915 Pau-raam,
638 879 838 918 quicumque
853 877 940 908 videt
955 877 1134 917 speculum,
1150 877 1236 908 videt
1253 886 1290 908 ea
1305 886 1388 918 quae
1443 878 1477 908 in
1500 877 1607 908 divina
1630 877 1766 908 essentia
1789 878 1899 907 omnia
1921 887 2005 917 quae
2028 878 2116 908 Deus
2139 884 2246 918 potest
2266 877 2380 915 facere,
2398 879 2510 910 eadem

322 925 356 954 in
378 923 512 964 speculo
541 923 705 954 resultant.
737 922 800 953 Sed
829 923 863 953 in
886 922 994 952 Verbo
1025 922 1086 952 Dei
1114 922 1223 952 omnia
1250 922 1332 952 sicut
1354 922 1388 952 in
1444 927 1526 952 esset
1549 922 1707 962 quantitas
1730 921 1935 962 perfectionis
1958 923 1992 952 in
2015 922 2222 963 intelligendo
2246 932 2329 963 quae
2345 928 2392 954 est
2408 933 2509 964 quan-

322 967 455 1008 speculo
489 967 662 998 resultant:
698 967 775 1007 quia
807 967 916 1007 ipsum
951 971 997 996 est
1030 966 1110 996 ratio
1147 971 1178 996 et
1211 965 1387 996 similitudo
1443 967 1514 997 titas
1538 966 1663 996 divinae
1679 966 1843 1006 potentiae
1859 966 1892 996 in
1908 965 2119 1006 producendo
2137 966 2284 998 effectus:
2309 972 2340 997 et
2361 969 2404 998 ita
2420 978 2509 998 com-

322 1012 480 1043 omnium.
504 1011 590 1051 Ergo
613 1012 723 1048 sancti,
748 1012 804 1052 qui
827 1010 937 1042 vident
959 1011 1103 1041 Verbum
1126 1020 1184 1051 per
1207 1011 1386 1047 essentiam,
1442 1010 1654 1051 prehenderet
1670 1010 1811 1041 divinam
1827 1011 2005 1041 essentiam.
2028 1010 2127 1049 Quod
2144 1017 2191 1042 est
2206 1012 2403 1052 impossibile
2419 1014 2509 1043 omni

322 1054 431 1087 vident
453 1056 564 1086 omnia
587 1061 700 1086 creata.
1402 1063 1428 1078 ²0
1443 1061 1550 1086 creato
1573 1055 1749 1085 intellectui
1764 1056 1791 1085 *.

375 1110 407 1140 7.
430 1100 628 1136 Ριιᾼιιτιιιιιιᾼ,
651 1106 688 1130 ιιι
703 1099 818 1131 dicitur
832 1099 984 1130 Proverb.
1002 1109 1021 1130 x
1037 1100 1063 1135 *,
1085 1099 1278 1130 desiderium
1293 1109 1388 1130 suum
1499 1099 1555 1130 Illa
1578 1105 1686 1130 autem
1710 1100 1820 1130 omnia
1843 1108 1926 1139 quae
1949 1099 2037 1130 Deus
2061 1100 2119 1130 scit
2142 1100 2255 1130 notitia
2278 1101 2429 1137 visionis,
2454 1101 2509 1131 ali-

322 1144 414 1176 iustis
443 1144 582 1175 dabitur.
614 1144 678 1175 Sed
707 1145 808 1175 sancti
837 1143 1018 1175 desiderant
1047 1144 1158 1174 omnia
1187 1144 1283 1174 scire:
1313 1144 1388 1184 quia
1446 1144 1519 1184 quis
1541 1144 1721 1174 intellectus
1745 1149 1868 1174 creatus
1892 1144 2059 1184 cognoscit
2081 1145 2114 1174 in
2133 1144 2252 1181 Verbo,
2269 1144 2389 1175 scilicet
2404 1145 2509 1176 anima

322 1198 433 1220 omnes
455 1189 600 1219 homines
624 1194 744 1219 natura
764 1189 847 1219 scire
863 1188 1048 1219 desiderant
1062 1189 1095 1224 *3
1120 1197 1180 1219 nec
1204 1193 1316 1219 natura
1331 1197 1388 1239 per
1445 1188 1564 1219 Christi
1580 1189 1606 1218 ἥ.
1632 1187 1695 1219 Sed
1719 1187 1758 1218 de
1783 1188 1850 1218 aliis
1873 1187 2054 1219 videntibus
2084 1188 2224 1219 divinam
2254 1190 2422 1219 essentiam
2451 1189 2509 1220 du-

321 1233 458 1274 gloriam
487 1232 638 1264 aufertur.
670 1233 756 1274 Ergo
787 1233 912 1264 dabitur
943 1233 987 1263 eis
1016 1242 1034 1263 a
1057 1232 1128 1263 Deo
1160 1232 1250 1273 quod
1278 1233 1388 1263 omnia
1443 1233 1518 1272 plex
1535 1238 1582 1263 est
1598 1233 1720 1272 opinio.
1745 1232 1887 1270 Quidam
1903 1233 1990 1263 enim
2007 1232 2118 1263 dicunt
2133 1233 2222 1273 quod
2238 1242 2351 1264 omnes
2367 1233 2510 1264 videntes

309 1281 532 1318 cognoscant.
1402 1288 1425 1308 ας
1444 1277 1552 1307 Deum
1568 1286 1625 1316 per
1641 1276 1811 1307 essentiam
1826 1276 1935 1307 vident
1951 1277 2060 1307 omnia
2075 1286 2158 1317 quae
2175 1277 2263 1308 Deus
2277 1277 2364 1308 videt
2379 1279 2510 1308 scientia

379 1321 409 1352 8.
433 1321 630 1358 Pam-raam,
654 1322 834 1362 ignorantia
857 1326 904 1352 est
927 1320 1085 1361 quaedam
1104 1320 1281 1361 poenalitas
1296 1330 1387 1361 prae·
1442 1322 1583 1351 visionis.
1606 1339 1627 1343 -
1652 1320 1715 1351 Sed
1737 1321 1801 1351 hoc
1824 1326 1980 1361 repugnat
2003 1320 2195 1352 Sanctorum
2226 1321 2335 1358 dictis,
2361 1323 2416 1362 qui
2446 1332 2506 1363 po-

322 1367 419 1398 sentis
442 1367 535 1397 vitae.
560 1365 624 1397 Sed
646 1367 752 1396 omnis
775 1366 952 1406 poenalitas
975 1375 1033 1406 per
1059 1366 1194 1405 gloriam
1225 1375 1243 1395 a
1272 1366 1387 1395 sanctis
1442 1371 1525 1396 nunt
1539 1365 1670 1405 angelos
1685 1365 1814 1404 aliqua
1807 1366 1984 1405 ignorare*
1993 1376 1999 1395 :
2017 1375 2099 1406 quos
2115 1371 2223 1396 tamen
2242 1371 2375 1402 constat,
2393 1376 2507 1397 secun-

323 1410 473 1442 aufertur.
490 1411 576 1451 Ergo
589 1416 621 1441 et
632 1411 738 1441 omnis
749 1410 937 1450 ignorantia.
950 1410 991 1440 Et
1002 1411 1044 1440 ita
1057 1410 1167 1440 omnia
1179 1414 1386 1449 cognoscent,
1443 1409 1522 1440 dum
1544 1409 1653 1446 fidem,
1677 1418 1791 1439 omnes
1815 1410 1922 1440 Deum
1945 1419 2002 1449 per
2025 1411 2194 1440 essentiam
2216 1410 2333 1441 videre.

378 1465 408 1495 9.
432 1455 629 1491 PmrnnnA,
653 1454 816 1485 beatitudo
833 1460 1018 1485 sanctorum
1034 1463 1091 1494 per
1106 1455 1193 1493 prius
1209 1459 1256 1484 est
1271 1454 1306 1484 in
1321 1454 1388 1484 ani-
1498 1454 1539 1484 Et
1561 1453 1635 1484 ideo
1661 1454 1712 1484 alii
1736 1453 1846 1484 dicunt
1879 1453 1968 1494 quod
1991 1453 2044 1484 alii
2068 1464 2085 1484 a
2114 1454 2260 1491 Christo,
2285 1456 2431 1495 quamvis
2461 1456 2508 1485 vi-

322 1509 375 1530 ma
398 1509 497 1540 quam
511 1500 546 1530 in
561 1509 708 1539 corpore.
733 1498 796 1530 Sed
812 1508 948 1539 corpora
963 1504 1148 1529 sanctorum
1165 1497 1389 1528 formabuntur
1404 1509 1429 1527 ιο
1443 1498 1538 1528 deant
1561 1498 1668 1528 Deum
1691 1507 1748 1537 per
1772 1499 1952 1534 essentiam,
1969 1507 2037 1528 non
2052 1503 2160 1528 tamen
2177 1499 2286 1529 omnia
2301 1499 2410 1529 vident
2426 1509 2509 1539 quae

321 1544 354 1574 in
370 1544 506 1584 gloriam
521 1543 561 1574 ad
577 1542 818 1574 similitudinem
834 1543 979 1583 corporis
1003 1543 1136 1574 Christi:
1162 1547 1198 1572 ut
1212 1547 1300 1582 patet
1315 1543 1388 1572 Phi·
1443 1543 1532 1573 Deus
1555 1542 1650 1579 videt,
1675 1551 1715 1572 eo
1739 1542 1829 1582 quod
1853 1543 2021 1572 essentiam
2045 1542 2185 1573 divinam
2208 1553 2276 1573 non
2297 1544 2509 1583 comprehen-

323 1588 398 1629 lipp.
414 1598 448 1618 m
463 1589 490 1619 *.
523 1588 610 1628 Ergo
640 1593 672 1618 et
701 1588 826 1618 animae
856 1586 1061 1628 perficientur
1085 1586 1124 1617 ad
1148 1585 1389 1617 similitudinem
1444 1586 1533 1617 dunt.
1558 1586 1634 1617 Non
1658 1592 1705 1617 est
1721 1587 1807 1616 enim
1830 1587 2044 1617 necessarium
2060 1586 2150 1627 quod
2165 1588 2267 1618 sciens
2283 1597 2412 1618 causam
2433 1589 2510 1618 sciat

322 1633 448 1663 animae
471 1631 598 1663 Christi.
623 1631 686 1662 Sed
709 1632 815 1662 anima
831 1631 948 1662 Christi
963 1632 997 1662 in
1012 1631 1120 1662 Verbo
1138 1631 1248 1661 omnia
1262 1630 1349 1661 videt
1361 1632 1387 1661 ’ἦ
1443 1640 1557 1661 omnes
1573 1632 1642 1661 eius
1659 1630 1800 1667 effectus,
1817 1631 1877 1661 nisi
1893 1640 2022 1661 causam
2039 1631 2306 1671 comprehendat:
2331 1632 2421 1672 quod
2440 1642 2509 1663 non

321 1676 408 1716 Ergo
441 1681 472 1707 et
503 1685 618 1707 omnes
651 1676 776 1706 animae
809 1681 995 1706 sanctorum
1024 1674 1179 1706 videbunt
1213 1676 1323 1706 omnia
1354 1676 1388 1705 in
1444 1676 1600 1715 competit
1622 1675 1798 1705 intellectui
1823 1681 1939 1706 creato.
1971 1675 2012 1705 Et
2042 1675 2115 1705 ideo
2147 1676 2369 1716 unusquisque
2399 1676 2510 1707 viden-

321 1721 440 1752 Verbo.
1404 1729 1426 1749 ις
1442 1720 1524 1750 tium
1548 1719 1655 1750 Deum
1670 1729 1727 1759 per
1743 1720 1913 1750 essentiam
1928 1725 2017 1749 tanto
2034 1719 2126 1759 plura
2142 1720 2175 1749 in
2192 1720 2259 1750 eius
2276 1721 2411 1750 essentia
2431 1730 2509 1750 con-

380 1772 430 1795 ιο.
453 1764 657 1800 ΡιιΑιιΤιιιιιςΑ,
682 1765 764 1795 sicut
787 1774 915 1800 sensus,
939 1765 983 1795 ita
1013 1763 1192 1794 intellectus
1222 1764 1390 1803 cognoscit
1443 1764 1546 1803 spicit,
1571 1769 1693 1803 quanto
1718 1764 1831 1794 clarius
1855 1763 1995 1794 divinam
2019 1764 2188 1794 essentiam
2203 1765 2355 1794 intuetur.
2379 1765 2421 1795 Et
2435 1764 2511 1795 inde

321 1818 420 1840 omne
442 1808 522 1840 illud
546 1809 638 1839 cuius
661 1808 868 1839 similitudine
890 1807 1091 1839 informatur.
1123 1808 1187 1839 Sed
1211 1807 1317 1838 divina
1341 1817 1389 1838 es·
1444 1813 1491 1839 est
1506 1808 1596 1848 quod
1613 1807 1652 1838 de
1668 1808 1716 1838 his
1731 1813 1839 1847 potest
1854 1817 1939 1838 unus
1962 1808 2062 1838 alium
2081 1809 2245 1838 instruere.
2263 1808 2304 1838 Et
2319 1809 2364 1839 sic
2379 1809 2511 1839 scientia

321 1853 421 1884 sentia
445 1854 622 1893 expressius
644 1852 764 1884 indicat
787 1853 963 1894 quamlibet
986 1862 1054 1883 rem
1083 1862 1181 1892 quam
1211 1852 1317 1892 aliqua
1348 1853 1388 1882 si-
1443 1852 1632 1892 angelorum
1656 1857 1688 1883 et
1710 1853 1890 1883 animarum
1905 1858 2084 1883 sanctarum
2101 1858 2207 1893 potest
2223 1853 2331 1892 augeri
2346 1863 2450 1893 usque
2471 1853 2511 1883 ad

321 1897 469 1928 militudo
494 1898 554 1928 alia
576 1898 631 1928 rei.
656 1898 753 1938 Ergo,
771 1907 847 1928 cum
869 1898 903 1928 in
919 1897 972 1928 illa
995 1897 1087 1927 beata
1105 1897 1229 1928 visione
1253 1897 1389 1927 essentia
1444 1896 1531 1927 diem
1554 1896 1678 1927 iudicii:
1703 1897 1786 1927 sicut
1809 1902 1840 1927 et
1863 1897 1923 1927 alia
1946 1906 2029 1937 quae
2052 1896 2092 1927 ad
2114 1897 2294 1937 praemium
2317 1897 2511 1928 accidentale

322 1941 428 1973 divina
450 1941 505 1972 fiat
529 1942 620 1982 quasi
642 1941 746 1972 forma
768 1942 948 1973 intellectus
971 1942 1072 1972 nostri
1087 1942 1118 1978 *‚
1143 1941 1269 1972 videtur
1299 1940 1389 1981 quod
1402 1953 1429 1973 40
1443 1942 1614 1981 pertinent.
1639 1940 1703 1972 Sed
1726 1941 1858 1971 ulterius
1881 1950 1949 1971 non
1972 1940 2135 1981 proficiet:
2160 1941 2236 1981 quia
2257 1946 2336 1972 tunc
2359 1942 2418 1972 erit
2437 1942 2510 1972 ulti-

321 1987 421 2018 sancti
443 1985 587 2017 videntes
610 1986 718 2017 Deum
741 1987 851 2017 omnia
874 1986 1010 2017 videant.
1442 1995 1515 2016 mus
1539 1990 1638 2015 status
1660 1994 1778 2016 rerum.
1814 1985 1855 2015 Et
1884 1986 1917 2015 in
1948 1985 2004 2016 illo
2036 1990 2119 2015 statu
2149 1985 2301 2025 possibile
2331 1986 2389 2016 erit
2420 1986 2510 2026 quod

381 2038 431 2062 11.
454 2031 651 2067 PRAnTanA,
677 2030 924 2062 Commentator
948 2030 1033 2067 dicit,
1058 2031 1091 2060 in
1115 2030 1156 2060 111
1172 2029 1211 2060 de
1231 2029 1348 2060 Anima
1360 2030 1387 2066 ξ
1444 2039 1557 2060 omnes
1574 2030 1683 2060 omnia
1699 2035 1896 2070 cognoscent
1912 2039 1995 2070 quae
2010 2029 2098 2060 Deus
2114 2030 2245 2060 scientia
2260 2030 2392 2060 visionis
2407 2031 2508 2060 novit.

321 2074 412 2116 quod
434 2076 460 2106 si
482 2075 663 2106 intellectus
679 2085 776 2116 agens
792 2080 874 2105 esset
890 2075 993 2105 forma
1016 2065 1196 2105 intellectus
1217 2073 1387 2114 possibilis,
1498 2074 1548 2104 An
1572 2084 1689 2104 PthJM
1713 2084 1796 2104 nano
1820 2084 1981 2104 monimum
2001 2074 2090 2114 quod
2113 2074 2177 2104 hoc
2201 2073 2291 2115 quod
2314 2073 2390 2104 dicit
2408 2074 2509 2105 Isido-

321 2119 571 2160 intelligeremus
594 2120 712 2150 omnia.
737 2119 800 2150 Sed
823 2119 931 2150 divina
954 2119 1088 2149 essentia
1119 2119 1232 2150 clarius
1263 2127 1388 2158 reprae-
1443 2128 1506 2155 ruS,
1531 2118 1620 2159 quod
1643 2118 1755 2159 angeli
1777 2118 1884 2149 sciunt
1905 2119 1937 2149 in
1963 2119 2063 2149 Verbo
2088 2118 2198 2149 omnia
2222 2123 2394 2159 antequam
2407 2119 2508 2160 fiant,

322 2169 425 2195 sentat
448 2165 558 2194 omnia
581 2173 680 2204 quam
703 2164 883 2194 intellectus
906 2173 1012 2204 agens.
1037 2163 1123 2203 Ergo
1146 2163 1326 2194 intellectus
1341 2163 1388 2193 vi-
1402 2174 1426 2195 45
1442 2173 1511 2194 non
1533 2168 1641 2203 potest
1663 2162 1770 2193 referri
1795 2162 1835 2193 ad
1858 2172 1895 2193 ea
1919 2172 2001 2203 quae
2024 2163 2112 2194 Deus
2136 2163 2195 2193 scit
2210 2164 2341 2194 scientia
2357 2164 2510 2204 simplicis

322 2207 400 2239 dens
423 2207 532 2238 Deum
554 2217 611 2248 per
634 2209 804 2239 essentiam
827 2209 937 2238 omnia
960 2209 1136 2248 cognoscit.
1442 2207 1670 2247 intelligentiae
1692 2213 1828 2244 tantum,
1853 2207 1928 2247 quia
1950 2207 2004 2237 illa
2026 2217 2196 2248 nunquam
2218 2207 2313 2238 fient:
2346 2207 2402 2238 sed
2429 2207 2509 2238 refe-

382 2260 431 2282 12.
455 2252 651 2288 Ριυιιιτιιιιιιᾼ,
667 2258 799 2293 propter
814 2253 878 2283 hoc
894 2251 984 2293 quod
998 2251 1164 2283 inferiores
1181 2252 1285 2293 angeli
1300 2261 1388 2282 nunc
1442 2251 1580 2282 rendum
1596 2257 1643 2282 est
1658 2251 1698 2282 ad
1714 2261 1751 2282 ea
1766 2257 1892 2282 tantum
1915 2261 1999 2292 quae
2022 2252 2111 2282 Deus
2135 2252 2193 2282 scit
2216 2252 2349 2282 scientia
2365 2253 2508 2282 visionis.

322 2306 390 2327 non
415 2297 524 2327 omnia
547 2302 759 2337 cognoscunt,
782 2297 1004 2328 illuminantur
1027 2295 1067 2327 de
1097 2297 1214 2336 ignotis
1245 2306 1263 2327 a
1293 2306 1388 2336 supe-
1443 2297 1492 2327 De
1516 2297 1634 2336 quibus
1658 2297 1753 2326 etiam
1777 2295 1853 2326 dicit
1876 2295 1965 2336 quod
1987 2306 2055 2326 non
2080 2306 2192 2326 omnes
2217 2296 2320 2336 angeli
2343 2306 2380 2326 ea
2400 2297 2510 2327 omnia

322 2341 469 2372 rioribus.
489 2340 564 2375 .Sed
592 2347 668 2382 post
697 2341 783 2372 diem
813 2340 923 2372 iudicii
950 2341 1082 2381 angelus
1104 2351 1173 2372 non
1195 2341 1388 2372 illuminabit
1443 2346 1651 2381 cognoscant,
1675 2340 1731 2371 sed
1754 2340 1838 2371 forte
1861 2341 1968 2381 aliqui.
1993 2341 2035 2371 Et
2049 2340 2095 2371 illi
2112 2341 2207 2371 etiam
2224 2341 2280 2381 qui
2296 2346 2508 2380 cognoscunt,

323 2385 490 2426 angelum:
514 2391 592 2416 tunc
616 2386 702 2416 enim
719 2386 880 2426 praelatio
905 2386 1047 2421 cessabit,
1070 2391 1107 2416 ut
1129 2385 1206 2416 dicit
1230 2385 1344 2416 Glossa
1360 2386 1386 2421 ’ζ
1403 2396 1428 2416 ςο
1442 2395 1511 2416 ιιοιι
1526 2385 1667 2425 perfecte
1683 2390 1886 2425 cognoscunt
1902 2385 2021 2416 omnia.
2046 2385 2082 2415 In
2097 2395 2163 2416 una
2178 2385 2266 2415 enim
2281 2394 2314 2415 re
2331 2390 2378 2415 est
2392 2385 2509 2416 multas

323 2429 336 2460 1
355 2429 432 2460 Cor.
448 2440 489 2460 xv
504 2430 530 2460 ’ἱ
555 2430 641 2470 Ergo
665 2430 831 2461 inferiores
860 2430 964 2470 angeli
995 2430 1105 2461 omnia
1127 2431 1237 2461 scient.
1270 2430 1311 2460 Et
1335 2439 1387 2460 ea·
1442 2430 1581 2460 rationes
1604 2429 1819 2470 intelligibiles
1842 2429 2053 2466 considerare,
2078 2430 2160 2460 sicut
2183 2429 2320 2460 diversas
2344 2430 2411 2460 eius
2435 2439 2510 2470 pro-

323 2473 398 2504 dem
420 2475 544 2505 ratione
575 2483 688 2505 omnes
719 2475 771 2505 alii
801 2475 902 2505 sancti
925 2474 1032 2505 Deum
1062 2484 1120 2515 per
1149 2475 1319 2505 essentiam
1342 2475 1388 2504 vi-
1442 2475 1591 2515 prietates
1615 2479 1646 2505 et
1668 2474 1870 2504 habitudines
1887 2473 1927 2504 ad
1942 2471 2103 2510 res'alias;
2128 2479 2159 2504 et
2178 2474 2330 2514 possibile
2347 2479 2393 2504 est
2408 2473 2508 2514 quod,

322 2518 434 2549 dentes
449 2519 476 2549 *.
1443 2519 1556 2549 eadem
1579 2528 1613 2549 re
1636 2519 1714 2549 scita
1738 2528 1755 2548 a
1779 2518 1906 2549 duobus
1937 2518 2170 2554 communiter,
2194 2528 2278 2549 unus
2309 2518 2372 2548 alio
2402 2518 2510 2558 plures

378 2561 442 2593 San
473 2572 616 2599 CONTRA,
645 2563 727 2594 sicut
756 2562 832 2594 dicit
862 2563 1052 2604 Dionysius,
1075 2563 1110 2593 in
1135 2573 1167 2594 VI
1197 2573 1267 2603 cap.
1298 2563 1387 2593 Cael.
1442 2564 1582 2594 rationes
1604 2563 1775 2604 percipiat,
1800 2568 1832 2594 et
1854 2563 1911 2593 has
1933 2563 2072 2593 rationes
2095 2572 2180 2593 unus
2208 2563 2247 2593 ab
2276 2562 2339 2592 alio
2364 2563 2509 2603 accipiat.

322 2606 417 2638 Hier.
434 2608 461 2644 ’,
486 2607 591 2647 angeli
613 2607 792 2647 superiores
814 2606 980 2638 inferiores
1004 2618 1022 2638 a
1045 2607 1220 2638 nescientia
1240 2613 1387 2648 purgant.
1404 2617 1427 2638 55
1443 2607 1539 2639 Unde
1569 2613 1600 2638 et
1629 2608 1804 2648 Dionysius
1829 2607 1921 2644 dicit,
1945 2617 1978 2638 Π
2001 2616 2070 2647 cap.
2095 2607 2134 2638 de
2156 2607 2231 2638 Div.
2255 2607 2352 2637 Nom.
2369 2608 2396 2643 *,
2422 2607 2512 2647 quod

323 2651 438 2692 Angeli
461 2657 569 2682 autem
591 2651 757 2682 inferiores
787 2651 897 2682 vident
920 2653 1090 2682 essentiam
1120 2651 1270 2683 divinam.
1302 2651 1388 2692 Ergo
1442 2652 1609 2682 inferiores
1639 2652 1743 2692 angeli
1774 2651 1932 2682 docentur
1961 2662 1979 2682 a
2009 2652 2228 2692 superioribus
2251 2660 2358 2681 rerum
2385 2651 2511 2682 scibiles

323 2696 455 2736 angelus
478 2695 589 2726 videns
620 2696 789 2726 essentiam
819 2695 960 2726 divinam
990 2701 1098 2736 potest
1127 2696 1234 2737 aliqua
1255 2697 1388 2727 nescire.
1444 2698 1593 2727 rationes.
1625 2697 1667 2727 Et
1696 2696 1771 2727 ideo
1803 2697 1900 2726 etiam
1931 2696 2035 2736 angeli
2059 2696 2116 2736 qui
2139 2705 2252 2726 omnes
2277 2701 2434 2726 creaturas
2457 2705 2512 2726 co-

323 2739 387 2771 Sed
417 2741 524 2771 anima
552 2750 621 2771 non
651 2739 823 2780 perfectius
837 2739 965 2774 ,videbit
988 2741 1096 2771 Deum
1119 2750 1217 2781 quam
1246 2740 1388 2780 angelus.
1444 2746 1622 2781 gnoscunt,
1647 2750 1715 2771 non
1740 2746 1870 2780 oportet
1893 2740 1983 2780 quod
2007 2740 2117 2770 omnia
2141 2749 2223 2780 quae
2245 2740 2280 2769 in
2303 2740 2348 2770 eis
2378 2739 2512 2779 intelligi

322 2785 408 2824 Ergo
433 2785 558 2815 animae
581 2784 724 2815 videntes
747 2784 855 2815 Deum
878 2794 945 2815 non
969 2790 1098 2825 oportet
1113 2784 1204 2825 quod
1219 2785 1329 2815 omnia
1343 2785 1390 2815 vi-
1445 2790 1591 2826 possunt,
1616 2785 1803 2825 percipiant.

323 2828 427 2860 deant.
1404 2837 1431 2857 σο
1500 2830 1551 2860 Αι)
1578 2839 1742 2859 sncrmmm
1771 2838 1932 2858 mmmmm
1962 2827 2052 2868 quod
2084 2837 2122 2858 ex
2151 2828 2250 2858 verbo
2278 2827 2334 2858 illo
2364 2826 2511 2867 Gregorii

380 2883 410 2903 2.
434 2873 638 2910 PRAETRREA,
663 2873 751 2904 solus
775 2872 920 2904 Christus
942 2873 1036 2904 habet
1065 2873 1221 2914 Spiritum
1252 2883 1317 2903 non
1348 2873 1391 2904 ad
1449 2873 1628 2904 ostenditur
1658 2872 1747 2913 quod
1779 2873 1812 2903 in
1835 2872 1888 2903 illa
1918 2872 2009 2902 beata
2039 2872 2162 2902 visione
2193 2876 2239 2902 est
2261 2871 2450 2902 sufficientia
2473 2871 2513 2902 ad

324 2927 519 2954 mensuram,
544 2922 580 2948 ut
603 2916 719 2948 dicitur
742 2917 830 2948 Ioan.
852 2927 886 2947 111
901 2918 927 2947 *.
959 2917 1023 2948 Sed
1046 2917 1174 2948 Christo
1197 2918 1391 2958 inquantum
1449 2919 1559 2949 omnia
1581 2917 1736 2948 intuenda
1759 2927 1797 2947 ex
1819 2922 1908 2957 parte
1932 2915 2057 2947 divinae
2081 2916 2245 2952 essentiae,
2270 2925 2353 2956 quae
2376 2921 2423 2946 est
2444 2926 2513 2946 me-

323 2962 420 2992 habet
435 2961 590 3002 Spiritum
605 2972 674 2992 non
690 2961 730 2992 ad
745 2971 939 2998 mensuram,
957 2962 1112 3002 competit
1128 2961 1216 3002 quod
1233 2963 1267 2992 in
1282 2962 1390 2992 Verbo
1448 2962 1538 2993 dium
1563 2971 1629 3002 quo
1653 2961 1788 2997 videtur,
1804 2970 1862 3001 per
1877 2970 1975 3001 quam
1991 2960 2080 2991 Deus
2099 2961 2209 2990 omnia
2224 2959 2320 2990 videt.
2345 2959 2408 2991 Sed
2423 2959 2513 3001 quod

325 3007 436 3037 omnia
451 3012 640 3047 cognoscat:
666 3005 752 3037 unde
768 3005 887 3037 ibidem
897 3007 913 3023 ⁴*
930 3005 1044 3037 dicitur
1060 3006 1150 3046 quod
1167 3006 1266 3036 Pater·
1282 3006 1391 3036 omnia
1447 3016 1516 3037 non
1540 3007 1650 3036 omnia
1672 3005 1848 3041 videantur,
1866 3010 1913 3035 est
1929 3014 1967 3035 ex
1983 3003 2110 3035 defectu
2133 3004 2313 3035 intellectus
2332 3005 2438 3042 creati,
2455 3005 2513 3045 qui

324 3049 412 3081 dedit
433 3050 466 3090 in
490 3061 590 3082 manu
614 3051 692 3082 eius.
721 3051 806 3091 Ergo
830 3050 911 3081 nulli
935 3050 987 3081 alii
1010 3051 1166 3091 competit
1195 3060 1391 3091 cognoscere
1405 3058 1429 3083 65
1446 3051 1587 3081 divinam
1611 3050 1779 3080 essentiam
1802 3059 1870 3080 non
1894 3048 2148 3089 comprehendit.

326 3094 436 3125 omnia
457 3095 491 3125 in
514 3095 622 3126 Verbo
646 3096 707 3126 nisi
731 3095 870 3126 Christo.
1503 3095 1555 3124 Ar>
1571 3104 1707 3124 marrim
1724 3103 1885 3124 DICENDUM
1901 3093 1991 3133 quod
2006 3093 2186 3124 intellectus
2203 3097 2325 3123 creatus
2343 3102 2412 3124 non
2427 3092 2514 3123 videt

382 3138 412 3169 3.
436 3138 632 3176 Palma-nam,
650 3145 772 3180 quanto
789 3139 922 3180 aliquod
937 3139 1131 3179 principium
1146 3138 1318 3179 perfectius
1335 3148 1390 3169 co-
1424 3138 1591 3170 divinam
1616 3139 1786 3169 essentiam
1808 3137 1987 3168 secundum
2010 3137 2146 3168 modum
2162 3138 2262 3177 ipsius
2278 3138 2442 3173 essentiae,
2459 3137 2515 3167 sed

326 3182 506 3221 gnoscstur,
535 3189 624 3215 tanto
657 3184 766 3224 plures
797 3185 865 3215 eius
900 3183 1031 3214 effectus
1061 3188 1302 3223 cognoscuntur
1334 3192 1391 3223 per
1451 3182 1631 3214 secundum
1654 3182 1791 3213 modum
1814 3182 1999 3222 proprium,
2024 3182 2081 3222 qui
2102 3181 2212 3212 finitus
2236 3186 2292 3212 est.
2323 3181 2416 3212 Unde
2445 3191 2514 3212 non

327 3226 444 3265 ipsum.
468 3226 532 3258 Sed
555 3228 687 3268 quidam
708 3228 887 3260 videntium
910 3229 1018 3259 Deum
1040 3237 1098 3268 per
1121 3228 1290 3258 essentiam
1319 3237 1391 3267 pet·
1452 3233 1582 3268 oportet
1611 3226 1702 3267 quod
1732 3227 1801 3257 eius
1831 3226 1971 3257 efficacia
2001 3226 2034 3256 in
2064 3225 2292 3266 cognoscendo
2323 3235 2362 3256 ex
2391 3226 2515 3256 visione

327 3268 442 3300 sectius
465 3270 532 3302 aliis
562 3278 760 3312 cognoscent
789 3273 914 3309 Deum,
940 3273 997 3313 qui
1028 3278 1075 3303 est
1104 3281 1212 3302 rerum
1243 3273 1391 3302 omnium
1406 3284 1433 3305 70
1446 3271 1607 3313 praedicta
1630 3271 1800 3312 amplietur
1822 3271 1856 3301 in
1878 3270 2042 3301 infinitum
2072 3270 2113 3301 ad
2143 3270 2253 3300 omnia
2276 3269 2512 3320 cognoscenda.

327 3313 532 3354 principium.
555 3315 642 3356 Ergo
666 3317 798 3357 quidam
821 3317 888 3348 aliis
918 3317 1010 3358 plura
1040 3321 1247 3357 cognoscent.
1281 3316 1322 3347 Et
1349 3317 1392 3347 ita
1501 3317 1552 3346 AD
1578 3326 1726 3346 amm-rm
1748 3325 1909 3346 mmmmm
1932 3314 2022 3356 quod
2045 3314 2189 3345 defectus
2221 3314 2416 3354 cognitionis
2445 3323 2514 3345 non

327 3367 396 3388 non
420 3367 534 3389 omnes
556 3360 657 3390 scient
679 3362 799 3392 omnia.
1446 3361 1555 3391 solum
1577 3359 1723 3401 procedit
1738 3370 1776 3390 ex
1793 3369 1923 3390 excessu
1940 3359 2165 3399 cognoscibilis
2185 3368 2281 3399 super
2303 3358 2513 3395 intellectum,

382 3401 572 3433 Rsssrommo
595 3413 755 3435 monimum
777 3405 868 3446 quod
890 3405 989 3442 Deus,
1005 3404 1146 3436 videndo
1171 3416 1262 3437 suam
1286 3415 1392 3436 essen·
1446 3405 1503 3436 sed
1519 3405 1614 3436 etiam
1631 3414 1670 3435 ex
1684 3405 1748 3435 hoc
1764 3403 1855 3444 quod
1869 3403 2046 3434 intellectui
2061 3413 2130 3434 non
2146 3403 2354 3443 coniungitur
2368 3402 2402 3433 id
2425 3402 2514 3443 quod

293 3446 415 3482 ·tiam,
440 3447 608 3487 cognoscit
630 3448 740 3479 omnia
762 3458 844 3489 quae
867 3455 942 3480 sunt
964 3449 1016 3480 vel
1044 3455 1135 3480 erunt
1165 3451 1216 3481 vel
1243 3450 1390 3481 fuerunt:
1447 3455 1494 3481 est
1509 3450 1588 3480 ratio
1606 3448 1847 3489 cognoscibilis:
1867 3449 1950 3479 sicut
1964 3449 2051 3478 visus
2066 3457 2135 3478 non
2149 3447 2236 3478 videt
2251 3446 2391 3487 lapidem
2412 3457 2515 3488 quan-

328 3495 359 3521 et
374 3490 454 3521 haec
470 3489 585 3522 dicitur
608 3500 803 3531 cognoscere
822 3494 938 3525 notitia
957 3494 1091 3525 visionis
1103 3495 1130 3531 *,
1147 3496 1233 3535 quia,
1250 3495 1290 3526 ad
1305 3495 1392 3525 simi·
1406 3507 1430 3527 75
1447 3494 1556 3535 doque
1580 3503 1618 3524 ex
1641 3494 1705 3524 hoc
1728 3492 1818 3534 quod
1841 3493 1963 3533 species
1986 3492 2099 3533 lapidis
2122 3501 2191 3523 non
2214 3497 2261 3522 est
2280 3492 2310 3522 ei
2331 3491 2513 3529 coniuncta,

2536 478 2546 487 ·
2561 477 2595 500 cf.
2611 478 2670 500 ibid.

2539 1068 2547 1076 ·
2558 1064 2593 1086 Cf.
2606 1069 2648 1088 art.
2659 1073 2678 1091 ι,
2688 1065 2716 1087 ad
2730 1072 2749 1087 ι.

2537 1200 2597 1222 ·Cf.
2616 1201 2648 1222 111
2668 1201 2747 1227 Sent.,

2537 1227 2590 1249 dist.
2605 1234 2652 1254 xiv,
2669 1231 2711 1250 art.
2727 1234 2748 1254 2,

2536 1254 2616 1281 qu⁸23
2632 1254 2691 1276 Part.
2706 1254 2748 1279 111.

2537 1286 2575 1308 qu.
2591 1287 2613 1308 x,
2629 1284 2672 1302 art.
2685 1287 2706 1303 2.

2537 1376 2546 1386 ·
2562 1374 2598 1397 Cf.
2613 1374 2683 1396 Dion.
2703 1376 2747 1396 loc.

2536 1401 2574 1423 cit.
2593 1402 2616 1423 1ιι
2631 1407 2656 1423 ιι·
2672 1417 2678 1424 .
2700 1402 2750 1423 Sed

2536 1430 2597 1450 cont.
2614 1435 2637 1454 ¹3
2675 1429 2748 1450 ieron.

2538 1444 2663 1476 comment.
2671 1455 2695 1476 in
2703 1455 2747 1502 EI.

2536 1480 2661 1508 adEphes.
2668 1482 2709 1503 lib.

2536 1508 2564 1528 ad
2579 1514 2630 1535 cap
2639 1514 2676 1533 ιιι
2686 1514 2748 1529 vers.

2538 1540 2577 1560 ιο,
2603 1541 2624 1556 ιι
2666 1534 2700 1556 Ch

2536 1561 2624 1582 Homil.
2627 1541 2749 1589 Vllinzp.

2537 1587 2570 1608 ad
2583 1587 2671 1615 Epher.

2539 2613 2550 2623 ·
2560 2612 2584 2634 S.
2592 2611 2638 2633 Th.
2649 2612 2699 2633 lect.
2712 2618 2729 2634 1.
2740 2623 2750 2628 -

2540 2638 2575 2660 Cf.
2598 2639 2657 2660 Part.
2674 2639 2694 2665 1,
2711 2645 2751 2666 qu.

2539 2671 2583 2692 cvi,
2597 2668 2638 2687 art.
2656 2672 2674 2692 ι,
2689 2665 2717 2686 ad
2731 2672 2750 2687 ι.
