2878 4088
188 808 198 818 ·
214 805 280 828 Vers.
295 812 321 832 4¹
326 821 332 827 .

189 1298 199 1308 ·
213 1296 270 1318 Dist.
285 1301 345 1322 xuv,
360 1301 399 1323 qu.

188 1329 223 1350 ιιι,
239 1326 280 1345 art.
294 1328 314 1349 2,
325 1322 368 1350 qu⁸
380 1329 399 1344 ι.

189 1518 199 1528 ·
213 1516 279 1538 Vei-s.
294 1522 331 1543 4¹.

189 1694 200 1706 ‘
215 1693 272 1721 Cap.
289 1699 353 1715 xxix.

192 2225 200 2235 ·
208 2223 246 2246 Ps.
255 2229 306 2251 xm,
314 2229 373 2245 vers.
382 2229 401 2251 5.

191 2311 200 2321 ⁶
216 2311 271 2332 Loc.
288 2310 325 2333 cit.

192 2576 202 2586 ·
216 2575 273 2603 Cap.
288 2581 358 2597 xxxn.

195 3150 205 3160 ·
219 3148 275 3170 Loe.
290 3148 329 3170 cit.

197 3240 208 3251 ·
215 3239 276 3260 Vide
285 3238 306 3261 b.
315 3239 406 3261 Athen.

197 3265 230 3286 1v
249 3264 329 3292 Sem„
351 3265 406 3288 din.

195 3297 257 3319 xm,
269 3295 310 3314 nrt.
323 3297 357 3320 37,
367 3298 405 3319 4ο.

430 193 501 229 150

426 284 443 304 a
458 283 565 314 poena
587 275 765 304 immunes:
790 274 871 304 sicut
895 274 981 304 enirn
1004 273 1104 313 gloria
1123 278 1306 303 sanctorum
1321 277 1488 309 nunquam

426 318 675 358 interrumpitur,
692 318 735 348 ita
757 327 818 348 nec
841 327 948 358 poena
971 317 1204 348 damnatorum.
1228 315 1297 346 Nec
1320 320 1427 344 tamen
1443 312 1489 341 vi-

427 362 539 393 demus
564 361 653 402 quod
677 362 786 392 omnia
808 361 995 392 intermedia
1019 362 1057 392 ab
1081 362 1155 400 igne
1178 359 1292 390 inferni
1319 358 1488 398 patiantur.

426 407 494 437 Nec
516 407 632 436 iterum
656 411 703 436 est
718 405 867 436 credibile
884 405 1004 446 aliquid
1021 413 1213 445 corporeum
1237 403 1276 433 de
1299 407 1411 432 natura
1427 400 1489 430 ele-

1112 191 1374 239 QUAESTIO
1403 189 1522 235 LXX,
1552 187 1846 224 ARTICULUS
1875 187 1920 223 ΙΙΙ

1543 277 1611 298 non
1627 267 1734 297 solum
1758 267 1822 307 agit
1844 267 1960 297 virtute
1983 268 2132 307 propriae
2154 272 2295 304 naturae,
2313 268 2368 298 sed
2390 269 2485 299 etiam
2500 269 2535 298 in
2549 268 2611 298 vir-

1543 317 1611 342 tute
1635 311 1819 351 principalis
1850 311 1980 351 agentis.
2017 311 2058 341 Et
2087 312 2130 341 ita
2159 320 2228 342 non
2256 317 2302 342 est
2332 313 2562 343 inconveniens
2586 313 2611 342 si

1544 355 1626 395 ignis
1649 355 1716 391 ille,
1741 364 1817 385 cum
1845 360 1916 395 agat
1938 355 1971 385 in
1994 356 2026 385 vi
2049 355 2219 395 spiritualis
2246 357 2383 396 agentis,
2407 357 2441 387 in
2465 357 2611 397 spiritum

1546 405 1617 439 agat
1639 400 1779 430 hominis
1802 399 1854 429 vel
1877 398 2060 436 daemonis;
2084 408 2142 439 per
2157 399 2293 430 modum
2309 401 2405 431 etiam
2421 410 2488 440 quo
2509 400 2549 431 de
2565 411 2612 431 sa-

426 452 527 481 menti
543 460 611 481 esse
626 455 731 480 tantae
746 450 870 480 virtutis
885 455 921 480 ut
937 449 976 480 ad
991 455 1111 480 tantam
1134 447 1314 478 distantiam
1330 445 1490 475 actionem
1513 453 1522 473 5
1546 444 1715 474 eramentis
1739 442 1860 474 dictum
1885 448 1931 474 est
1946 444 1963 460 ⁴*
1987 443 2077 484 quod
2100 444 2240 474 animam
2263 443 2470 475 sanctificant.

427 504 518 525 suam
541 493 706 525 diffundat.
730 494 815 534 Ergo
839 503 906 524 non
929 493 1053 524 videtur
1077 490 1165 532 quod
1189 499 1310 530 poenas
1330 497 1408 528 quas
1425 488 1491 518 ani-

427 549 498 570 mae
522 539 747 569 damnatorum
776 539 944 574 sustinent,
970 538 1007 567 ab
1035 538 1108 576 igne
1136 543 1292 574 corporeo
1321 533 1490 572 patiantur.

483 583 545 614 San
570 592 707 618 CONTRA,
731 582 843 613 eadem
870 582 948 612 ratio
973 586 1019 611 est
1042 581 1074 610 in
1098 578 1264 609 animabus
1287 576 1437 617 separatis
1461 581 1492 606 et

428 627 639 658 daemonibus
655 626 744 667 quod
760 626 799 656 ab
815 627 888 666 igne
913 633 1069 665 corporeo
1093 623 1158 663 pati
1181 622 1314 662 possint.
1339 619 1403 651 Sed
1418 619 1491 650 dae-

427 681 542 702 mones
565 672 604 701 ab
628 680 668 701 eo
692 671 871 711 patiuntur:
903 678 977 699 cum
1005 667 1179 708 puniantur
1208 666 1246 695 ab
1274 665 1330 695 illo
1358 665 1432 705 igne
1459 665 1492 695 in
1507 674 1533 688 ιο

429 725 526 756 quem
551 725 686 755 corpora
710 714 933 745 damnatorum
960 712 1169 752 proficientur
1191 715 1265 750 post
1288 709 1492 740 resurrectio-

428 770 521 796 nem,
546 769 644 800 quem
675 763 802 799 oportet
832 767 900 787 esse
932 764 1142 796 corporeum;
1177 759 1208 785 et
1234 754 1298 784 hoc
1325 758 1413 794 patet
1435 762 1492 793 per

428 805 616 835 sententiam
640 802 783 838 Domini,
804 801 914 831 Matth.
927 810 988 830 xxv
1003 801 1036 829 *2
1061 799 1119 835 Ite,
1137 798 1308 834 maledicti,
1325 798 1358 828 in
1384 798 1492 839 ignem

428 854 608 883 aeternum,
632 847 687 887 qui
703 851 843 886 paratus
866 850 914 875 est
935 843 1064 874 diabolo
1088 848 1119 874 et
1141 842 1269 884 angelis
1296 842 1374 873 eius.
1405 842 1492 882 Ergo

429 898 459 923 et
482 893 605 922 animae
629 895 789 931 separatae
813 890 851 919 ab
875 889 947 928 igne
972 897 1130 928 corporeo
1153 887 1219 928 pati
1241 891 1387 927 possunt.

485 946 513 966 2.
538 936 732 970 Puni-anm,
749 943 854 973 poena
871 932 965 963 debet
980 930 1174 973 respondere
1198 931 1321 971 culpae.
1347 930 1410 961 Sed
1426 931 1492 960 ani-

427 990 479 1010 ma
502 990 559 1020 per
582 979 710 1018 culpam
733 987 766 1008 se
791 977 917 1017 corpori
941 977 1075 1007 subiecit
1097 985 1155 1017 per
1177 985 1307 1016 pravam
1338 975 1493 1014 concupi-

428 1024 590 1054 scentiam.
623 1023 708 1062 Ergo
737 1022 857 1052 iustum
887 1026 933 1051 est
956 1026 992 1050 ut
1014 1021 1047 1051 in
1076 1029 1216 1061 poenam
1244 1020 1289 1050 rei
1318 1028 1493 1059 corporeae

428 1068 611 1098 subiiciatur
633 1076 691 1107 per
713 1066 906 1106 passionem.

483 1112 512 1142 3.
533 1112 728 1146 Pmnmnm,
745 1111 848 1140 maior
864 1115 911 1140 est
926 1110 1004 1139 unio
1020 1108 1142 1139 formae
1159 1108 1198 1139 ad
1214 1108 1379 1138 materiam
1396 1116 1494 1147 quam
1508 1119 1534 1134 ao

428 1157 546 1196 agentis
563 1155 602 1186 ad
617 1155 750 1195 patiens.
775 1153 837 1185 Sed
854 1153 1015 1184 diversitas
1036 1158 1167 1184 naturae
1191 1151 1360 1193 spiritualis
1377 1157 1408 1182 et
1424 1161 1494 1182 cor-

426 1200 544 1240 poralis
566 1209 634 1230 non
657 1198 791 1239 impedit
814 1198 893 1238 quin
917 1198 1022 1228 anima
1046 1198 1085 1228 sit
1103 1196 1207 1228 forma
1230 1196 1383 1237 corporis.
1407 1196 1494 1236 Ergo

426 1254 486 1275 nec
510 1243 643 1284 impedit
666 1244 745 1284 quin
768 1243 869 1283 possit
892 1252 909 1272 a
934 1251 1070 1283 corpore
1093 1242 1169 1282 pati.

481 1289 671 1319 Rnsponmzo
702 1297 861 1317 chRNDUM
894 1286 999 1327 quod,
1024 1287 1192 1327 supposito
1225 1295 1263 1317 ex
1293 1284 1462 1326 praedictis
1478 1286 1494 1302 *

428 1333 516 1374 quod
539 1333 620 1373 ignis
643 1331 758 1362 inferni
782 1341 849 1362 non
872 1332 911 1362 sit
934 1331 1153 1371 metaphorice
1181 1330 1301 1367 dictus,
1325 1339 1386 1360 nec
1413 1330 1495 1370 ignis
1509 1340 1533 1360 ις

426 1377 641 1418 imaginarius,
658 1376 714 1407 sed
729 1385 822 1406 verus
838 1376 919 1416 ignis
936 1385 1122 1416 corporeus,
1140 1380 1268 1416 oportet
1284 1374 1389 1405 dicere
1405 1373 1495 1415 quod

427 1423 532 1453 anima
556 1422 594 1451 ab
617 1422 691 1461 igne
721 1429 878 1460 corporeo
906 1420 1060 1460 patietur:
1094 1429 1169 1450 cum
1198 1419 1358 1450 Dominus
1387 1419 1495 1459 ignem

426 1467 518 1497 illum
541 1465 670 1496 diabolo
695 1470 726 1496 et
751 1465 879 1506 angelis
906 1465 974 1496 eius
995 1469 1151 1506 paratum
1178 1474 1245 1495 esse
1271 1463 1364 1499 dicat,
1382 1463 1493 1493 Matth.

427 1521 487 1541 xxv
502 1512 529 1546 θ,
554 1511 611 1551 qui
639 1515 713 1540 sunt
740 1509 923 1549 incorporei
951 1510 1032 1540 sicut
1058 1509 1120 1539 illa.
1150 1509 1213 1540 Sed
1237 1507 1406 1548 quomodo
1430 1508 1495 1548 pati

426 1556 537 1596 possit,
562 1553 780 1594 multipliciter
804 1554 988 1594 assignatur.

483 1598 624 1638 Quidam
641 1599 727 1629 enim
743 1597 890 1628 dixerunt
906 1596 995 1638 quod
1011 1598 1074 1628 hoc
1090 1598 1197 1638 ipsum
1219 1596 1309 1638 quod
1325 1602 1372 1627 est
1387 1597 1495 1637 ignem

427 1643 549 1680 videre,
574 1644 614 1674 sit
637 1643 776 1673 animam
800 1643 838 1672 ab
862 1643 936 1682 igne
959 1643 1034 1682 pati.
1065 1641 1160 1673 Unde
1184 1641 1371 1682 Gregorius,
1395 1642 1429 1672 in
1453 1641 1496 1671 IV

428 1688 562 1730 Dialog.
579 1689 607 1724 ',
624 1687 716 1718 dicit:
742 1687 856 1728 Ignem
879 1696 916 1718 eo
942 1686 1010 1727 ipso
1027 1687 1157 1727 patitur
1179 1686 1295 1717 anima
1313 1695 1376 1726 quo
1401 1685 1494 1716 videt.

484 1732 547 1764 Sed
569 1731 649 1762 illud
671 1741 739 1762 non
761 1730 886 1761 videtur
909 1730 1063 1761 sufficere.
1088 1730 1174 1769 Quia
1197 1730 1365 1771 quodlibet
1379 1730 1495 1766 visum,

430 1787 468 1808 ex
495 1778 559 1807 hoc
587 1775 677 1816 quod
703 1775 843 1811 videtur,
873 1781 919 1805 est
947 1775 1102 1816 perfectio
1131 1774 1276 1806 videntis.
1307 1774 1401 1805 Unde
1428 1784 1496 1805 non
1512 1782 1533 1802 ις

429 1826 536 1862 potest
558 1821 592 1851 in
615 1821 683 1851 eius
706 1829 846 1860 poenam
870 1819 983 1850 cedere
1005 1820 1198 1859 inquantum
1223 1824 1269 1850 est
1290 1819 1405 1849 visum.
1434 1818 1497 1849 Sed

430 1865 627 1906 quandoque
658 1869 705 1895 est
735 1865 918 1904 punitivum
947 1864 998 1895 vel
1029 1864 1217 1894 contristans
1246 1872 1304 1904 per
1333 1862 1495 1899 accidens,

430 1911 622 1951 inquantum
646 1909 765 1939 scilicet
786 1908 1035 1949 apprehenditur
1050 1913 1086 1938 ut
1100 1909 1264 1938 nocivum.
1289 1907 1383 1938 Unde
1400 1917 1496 1948 opor-

429 1959 475 1985 tet
498 1953 598 1994 quod,
623 1958 745 1994 praeter
769 1953 832 1983 hoc
856 1952 945 1993 quod
968 1952 1073 1983 anima
1096 1953 1205 1993 ignem
1227 1952 1319 1982 illum
1339 1951 1433 1987 videt,
1458 1953 1497 1982 sit

430 1999 537 2038 aliqua
561 1998 758 2038 comparatio
783 1998 906 2027 animae
924 1996 962 2027 ad
978 1998 1085 2037 ignem
1107 1996 1285 2027 secundum
1302 2005 1399 2036 quam
1415 1997 1496 2036 ignis
1510 2007 1537 2027 4⁰

429 2043 554 2074 animae
577 2047 702 2072 noceat.

484 2086 578 2118 Unde
601 2087 653 2116 alii
677 2085 823 2116 dixerunt
847 2085 946 2125 quod,
964 2085 1110 2125 quamvis
1129 2085 1210 2125 ignis
1234 2094 1409 2125 corporeus
1428 2093 1495 2114 non

429 2132 530 2171 possit
553 2131 693 2161 animam
717 2139 861 2166 exurere,
886 2135 993 2160 tamen
1022 2130 1127 2159 anima
1156 2128 1366 2169 apprehendit
1388 2130 1496 2169 ipsum

430 2181 465 2206 ut
493 2176 646 2206 nocivum
677 2174 749 2210 sibi,
783 2180 814 2204 et
845 2173 885 2204 ad
914 2174 1010 2204 talem
1041 2174 1331 2214 apprehensionem
1362 2172 1496 2204 afficitur

429 2221 544 2250 timore
568 2224 599 2250 et
623 2218 750 2249 dolore:
780 2223 815 2249 ut
838 2219 871 2249 in
896 2219 940 2249 eis
964 2218 1134 2258 impleatur
1157 2217 1190 2248 id
1213 2217 1303 2258 quod
1331 2217 1446 2248 dicitur
1462 2218 1494 2247 *z
1510 2227 1534 2248 ις

433 2264 689 2304 Trepidaverunt
712 2263 827 2293 timore
851 2263 904 2293 ubi
927 2272 992 2293 non
1017 2267 1089 2293 erat
1115 2262 1223 2292 timor.
1253 2261 1347 2293 Unde
1372 2261 1494 2302 Grego-

429 2310 503 2345 rius,
519 2309 552 2338 in
576 2308 619 2338 IV
642 2308 777 2349 Dialog.
795 2309 821 2343 Ἢ
847 2307 922 2338 dicit
946 2306 1046 2348 quod,
1065 2307 1142 2348 quia
1167 2307 1276 2337 anima
1300 2307 1441 2337 cremari
1463 2316 1497 2337 se

430 2352 592 2393 conspicit,
617 2357 789 2383 crematur.

485 2396 547 2428 Sed
570 2397 633 2427 hoc
656 2397 772 2427 iterum
795 2406 863 2427 non
886 2395 1010 2427 videtur
1033 2394 1188 2426 sufficere.
1214 2395 1299 2434 Quia
1318 2395 1497 2426 secundum

429 2443 492 2472 hoc
516 2442 621 2482 passio
646 2442 769 2471 animae
793 2442 831 2471 ab
855 2442 928 2481 igne
952 2450 1019 2471 non
1044 2446 1126 2471 esset
1148 2439 1327 2471 secundum
1350 2440 1396 2471 rei
1416 2441 1497 2471 veri-
1513 2449 1538 2469 5⁰

429 2492 536 2522 tatem,
553 2485 608 2516 sed
629 2485 807 2516 secundum
831 2486 1048 2525 apparentiam
1071 2490 1207 2515 tantum.
1231 2484 1388 2523 Quamvis
1410 2486 1497 2515 enim

429 2531 530 2571 possit
553 2539 621 2561 esse
643 2539 716 2560 vera
739 2530 845 2571 passio
869 2530 1010 2560 tristitiae
1034 2529 1085 2560 vel
1108 2529 1228 2560 doloris
1245 2538 1282 2559 ex
1299 2529 1405 2569 aliqua
1420 2528 1498 2560 falsa

430 2575 666 2615 imaginatione,
681 2580 717 2604 ut
732 2574 931 2614 Augustinus
948 2574 1034 2610 dicit,
1050 2573 1107 2604 XII
1123 2583 1222 2614 super
1238 2573 1317 2604 Gen.
1334 2573 1378 2604 ad
1393 2573 1451 2604 litt.
1465 2575 1495 2611 *;

430 2625 537 2649 tamen
560 2628 627 2649 non
650 2623 756 2659 potest
784 2618 847 2649 dici
876 2618 965 2659 quod
993 2617 1172 2649 secundum
1199 2618 1286 2648 illam
1314 2618 1497 2658 passionem

430 2673 504 2694 vere
522 2664 658 2704 patiatur
674 2673 691 2693 a
706 2672 749 2699 re,
767 2662 822 2693 sed
837 2673 855 2693 a
871 2662 1078 2694 similitudine
1101 2663 1146 2693 rei
1170 2671 1267 2703 quam
1292 2663 1458 2703 conspicit.
1474 2681 1498 2685 —
1512 2670 1535 2691 ςς

430 2707 471 2738 Et
498 2708 613 2738 iterum
640 2708 698 2738 iste
726 2707 842 2738 modus
870 2705 1026 2748 passionis
1056 2707 1156 2748 magis
1187 2705 1349 2737 recederet
1376 2717 1394 2737 a
1421 2707 1497 2738 reali

430 2753 578 2792 passione
606 2761 703 2792 quarn
726 2752 779 2782 ille
804 2752 860 2792 qui
883 2752 1014 2792 ponitur
1037 2761 1094 2792 per
1116 2751 1317 2792 imaginarias
1340 2752 1495 2782 visiones:

431 2806 505 2827 curn
521 2796 574 2827 ille
590 2796 711 2827 dicatur
726 2806 783 2836 per
797 2805 886 2826 veras
902 2797 1055 2837 imagines
1074 2805 1181 2827 rerum
1200 2805 1279 2832 esse,
1296 2805 1375 2836 quas
1392 2796 1497 2826 anima

430 2850 540 2871 secum
571 2840 688 2877 defert;
719 2841 778 2871 iste
809 2846 916 2871 autem
942 2850 1000 2881 per
1028 2840 1120 2871 falsas
1151 2840 1392 2880 conceptiones,
1418 2849 1497 2880 quas

1602 487 1666 518 Sed
1688 487 1772 518 istud
1796 488 1892 518 etiam
1914 497 1982 518 non
2005 487 2130 518 videtur
2153 487 2308 518 sufficere.
2337 488 2422 526 Quia
2445 498 2543 519 omne
2565 490 2614 519 in-

1547 537 1760 562 strumentum
1788 532 1821 562 in
1849 531 1882 562 id
1910 532 1992 562 circa
2020 531 2110 572 quod
2139 533 2420 563 instrumentaliter
2448 538 2614 573 operatur,

1546 576 1642 606 habet
1664 576 1827 616 propriam
1851 576 2012 606 actionem
2031 576 2090 606 sibi
2107 576 2359 613 connaturalem,
2376 582 2407 607 et
2422 586 2490 607 non
2508 577 2615 608 solum

1546 620 1634 651 illam
1657 621 1819 651 actionem
1842 619 2022 651 secundum
2046 629 2144 661 quam
2168 621 2231 660 agit
2246 621 2279 651 in
2294 621 2410 651 virtute
2433 621 2616 661 principalis

1547 665 1684 705 agentis:
1709 665 1810 695 immo
1835 663 2013 695 exercendo
2037 658 2174 705 prima'm
2196 665 2358 695 actionem
2381 670 2510 705 oportet
2525 665 2615 705 quod

1547 708 1662 739 efficiat
1692 709 1775 739 hanc
1807 708 1999 744 secundam,
2033 709 2115 739 sicut
2147 718 2230 748 aqua
2262 709 2398 740 lavando
2432 719 2550 750 corpus
2582 710 2616 740 in

1547 754 1707 794 baptismo
1724 753 1899 784 sanctificat
1921 754 2072 790 animam,
2090 758 2122 783 et
2136 762 2220 783 serra
2243 753 2382 784 secando
2405 754 2530 794 lignum
2545 763 2616 794 per-

1547 797 1636 828 ducit
1651 797 1691 828 ad
1706 797 1844 828 formam
1868 797 1995 828 domus.
2020 797 2114 828 Unde
2137 803 2267 838 oportet
2290 797 2364 828 dare
2387 798 2453 838 igni
2476 798 2617 838 aliquam

1547 842 1708 873 actionem
1731 843 1766 872 in
1788 843 1928 873 animam
1948 851 2031 882 quae
2047 842 2086 872 sit
2102 842 2131 872 ei
2147 842 2372 878 connaturalis,
2389 841 2429 873 ad
2443 842 2508 873 hoc
2527 842 2617 882 quod

1547 887 1586 916 sit
1608 887 1857 917 instrumentum
1881 886 2006 917 divinae
2029 886 2166 917 iustitiae
2189 891 2320 927 peccata
2342 886 2542 917 vindicantis.

1602 930 1643 960 Et
1661 930 1735 961 ideo
1757 930 1931 961 dicendum
1954 930 2044 971 quod
2068 940 2186 971 corpus
2209 931 2243 961 in
2266 931 2412 972 spiritum
2434 931 2618 962 naturaliter

1548 984 1640 1015 agere
1662 984 1731 1005 non
1754 980 1877 1015 potest,
1901 984 1962 1005 nec
1986 976 2015 1005 ei
2039 975 2148 1015 aliquo
2175 974 2276 1006 modo
2300 975 2413 1006 obesse
2436 975 2487 1006 vel
2509 976 2616 1016 ipsum

1547 1028 1686 1059 gravare,
1703 1019 1764 1049 nisi
1780 1018 1959 1050 secundum
1976 1019 2066 1059 quod
2081 1019 2190 1060 aliquo
2214 1019 2315 1050 modo
2339 1021 2467 1060 corpori
2489 1020 2615 1050 unitur:

1547 1064 1592 1093 sic
1609 1064 1695 1093 enim
1710 1064 1892 1093 invenimus
1908 1063 1998 1103 quod
2014 1073 2132 1104 corpus
2147 1064 2234 1104 quod
2249 1064 2480 1105 corrumpitur,
2493 1073 2617 1106 aggra-

1548 1112 1603 1138 vat
1625 1107 1778 1143 animam,
1799 1107 1873 1148 Sap.
1891 1118 1922 1138 xx
1938 1109 1965 1138 ’ἢ
1991 1107 2125 1148 Spiritus
2149 1114 2258 1139 autem
2281 1109 2410 1149 corpori
2432 1109 2542 1139 unitur
2558 1108 2616 1139 du-

1548 1151 1682 1192 pliciter.
1714 1151 1789 1182 Uno
1821 1151 1937 1188 modo,
1965 1157 2002 1182 ut
2032 1151 2136 1182 forma
2162 1153 2328 1188 materiae,
2352 1158 2389 1183 ut
2418 1162 2457 1183 ex
2487 1154 2532 1183 eis
2562 1152 2618 1183 fiat

1548 1205 1652 1226 unum
1675 1196 1869 1236 simpliciter.
1900 1196 1941 1226 Et
1964 1197 2009 1226 sic
2031 1196 2160 1236 spiritus
2189 1197 2299 1227 unitus
2326 1198 2455 1237 corpori
2482 1202 2513 1227 et
2538 1198 2617 1227 vivi-

1548 1239 1623 1270 ficat
1639 1249 1767 1280 corpus,
1786 1245 1816 1270 et
1832 1250 1850 1270 a
1866 1249 2003 1280 corpore
2018 1240 2196 1281 aliqualiter
2219 1245 2413 1281 aggravatur.
2438 1240 2490 1272 Sic
2509 1246 2618 1272 autem

1549 1285 1677 1325 spiritus
1700 1284 1907 1315 hominis'vel
1923 1283 2090 1315 daemonis
2113 1285 2180 1325 igni
2203 1294 2362 1325 corporeo
2378 1294 2447 1316 non
2462 1286 2581 1316 unitur.
2595 1303 2619 1308 —

1549 1329 1624 1360 Alio
1647 1328 1760 1365 modo,
1777 1329 1860 1359 sicut
1881 1338 2017 1360 movens
2039 1329 2170 1366 mobili;
2194 1328 2245 1360 vel
2260 1329 2343 1360 sieut
2365 1329 2508 1360 locatum
2531 1329 2618 1366 loco,

1550 1382 1590 1404 eo
1606 1373 1707 1404 modo
1732 1382 1799 1414 quo
1818 1373 2032 1413 incorporalia
2055 1378 2130 1404 sunt
2144 1374 2178 1404 in
2193 1373 2279 1404 loco.
2303 1373 2345 1404 Et
2360 1373 2540 1404 secundum
2554 1374 2619 1405 hoe

1549 1418 1677 1458 spiritus
1700 1418 1883 1458 incorporei
1908 1418 2003 1448 creati
2026 1418 2101 1449 loco
2125 1416 2331 1454 definiuntur,
2347 1419 2392 1448 ita
2406 1419 2440 1449 in
2455 1427 2523 1449 uno
2542 1418 2618 1449 loco

1550 1462 1719 1493 existentes
1735 1461 1825 1503 quod
1839 1471 1908 1493 non
1923 1463 1958 1492 in
1973 1462 2036 1493 alio
2052 1463 2078 1492 *.
2103 1462 2260 1500 Quamvis
2275 1468 2384 1493 autem
2398 1472 2448 1493 res
2464 1472 2620 1503 corporea

1549 1516 1588 1537 ex
1603 1516 1661 1538 sua
1676 1511 1789 1538 natura
1807 1507 1922 1537 habeat
1945 1506 2035 1547 quod
2057 1507 2204 1547 spiritum
2227 1507 2457 1548 incorporeum
2473 1507 2548 1538 loco
2564 1507 2619 1538 de-

1549 1550 1648 1588 finiat,
1672 1561 1740 1582 non
1763 1557 1871 1582 tamen
1895 1560 1934 1582 ex
1957 1561 2014 1582 sua
2036 1556 2149 1582 natura
2171 1551 2267 1582 habet
2290 1551 2380 1592 quod
2402 1552 2550 1592 spiritum
2570 1553 2619 1582 in-

1550 1605 1745 1636 corporeum
1764 1596 1839 1626 loco
1855 1594 2024 1626 definitum
2048 1595 2197 1632 detineat,
2213 1601 2250 1635 ut
2264 1596 2308 1626 ita
2323 1595 2470 1636 alligetur
2483 1596 2529 1626 illi
2543 1596 2620 1627 loco

1551 1639 1641 1681 quod
1664 1640 1704 1671 ad
1725 1640 1785 1671 alia
1801 1639 1956 1671 divertere
1971 1649 2039 1670 non
2055 1641 2171 1680 possit:
2197 1649 2273 1671 cum
2296 1641 2425 1680 spiritus
2439 1650 2508 1671 non
2523 1641 2564 1672 sit
2577 1641 2621 1672 ita

1550 1685 1584 1715 in
1599 1684 1675 1715 loco
1690 1684 1874 1715 naturaliter
1889 1683 1979 1724 quod
1999 1684 2074 1715 loco
2091 1684 2254 1715 subdatur.
2279 1684 2342 1715 Sed
2357 1685 2421 1715 hoc
2436 1684 2620 1726 superaddi-

1549 1734 1601 1759 tur
1612 1730 1679 1769 igni
1695 1738 1854 1769 corporeo
1866 1729 2059 1769 inquantum
2071 1734 2118 1759 est
2133 1730 2382 1760 instrumentum
2393 1728 2519 1760 divinae
2530 1730 2620 1760 iusti-

1550 1774 1613 1804 tiae
1627 1773 1827 1809 vindicantis,
1847 1772 1937 1813 quod
1952 1773 1996 1803 sic
2013 1772 2133 1804 detinet
2147 1773 2305 1813 spiritum.
2326 1773 2367 1804 Et
2381 1773 2425 1803 ita
2441 1773 2576 1804 efficitur
2591 1774 2620 1805 ei

1550 1817 1706 1858 poenalis,
1722 1816 1883 1848 retardans
1904 1826 1979 1848 eum
2000 1817 2039 1847 ab
2060 1818 2250 1848 executione
2273 1818 2422 1858 propriae
2436 1817 2620 1854 voluntatis,

1550 1871 1592 1893 ne
1615 1862 1735 1892 scilicet
1758 1862 1860 1902 possit
1875 1862 2000 1902 operari
2024 1862 2081 1892 ubi
2103 1861 2172 1892 vult
2188 1867 2219 1892 et
2234 1861 2414 1892 secundum
2437 1862 2528 1903 quod
2539 1862 2619 1894 vult.

1606 1906 1648 1937 Et
1670 1907 1758 1937 hunc
1772 1905 1909 1937 modum
1933 1906 2025 1946 ponit
2049 1905 2234 1946 Gregorius,
2250 1907 2285 1936 in
2308 1906 2351 1936 1v
2365 1906 2501 1948 Dialog.
2518 1908 2535 1924 ¹*
2557 1906 2621 1938 Ex-

1550 1960 1677 1991 ponens
1700 1951 1786 1981 enim
1813 1950 1982 1990 quomodo
2006 1950 2112 1980 anima
2133 1949 2318 1981 incendium
2346 1950 2540 1990 experiendo
2565 1961 2621 1992 pa-

1551 1996 1655 2031 tiatur,
1676 1995 1721 2025 sic
1745 1994 1834 2025 dicit:
1859 1995 1946 2024 Dum
1969 1994 2092 2025 Veritas
2109 1999 2316 2035 peccatorem
2339 1994 2468 2026 divitem
2487 1995 2621 2026 damna-

1551 2044 1618 2069 tum
1642 2039 1674 2069 in
1700 2040 1776 2080 igne
1793 2039 1972 2079 perhibeat,
1996 2039 2145 2079 quisnam
2168 2039 2296 2079 sapiens
2320 2039 2533 2079 reproborum
2551 2040 2623 2071 ani-

1550 2093 1620 2114 mas
1636 2083 1738 2114 teneri
1754 2083 1882 2124 ignibus
1906 2082 2028 2124 neget?
2042 2101 2064 2105 -
2088 2083 2128 2113 Et
2144 2083 2208 2114 hoc
2224 2084 2319 2114 etiam
2339 2083 2479 2114 Iulianus
2494 2084 2511 2101 ¹*
2535 2083 2621 2120 dicit,

1550 2133 1586 2158 ut
1601 2128 1636 2158 in
1651 2128 1753 2158 littera
1768 2128 1785 2144 ⁴*
1809 2127 1959 2167 Magister
1975 2126 2068 2157 dicit:
2093 2127 2130 2157 Si
2153 2127 2287 2158 viventis
2309 2127 2448 2158 hominis
2471 2128 2622 2170 incorpo-

1551 2182 1626 2203 reus
1659 2172 1792 2213 spiritus
1826 2177 1953 2203 tenetur
1983 2172 2016 2202 in
2047 2181 2199 2212 corpore,
2230 2181 2290 2202 cur
2320 2172 2416 2202 etiam
2451 2182 2516 2203 non
2545 2178 2623 2214 post

1550 2222 1686 2247 mortem
1710 2226 1869 2257 corporeo
1894 2216 1971 2258 igne
1993 2215 2172 2247 teneatur?
2193 2217 2394 2257 Augustinus
2417 2217 2523 2253 etiam,
2547 2217 2621 2249 XXI

1551 2261 1591 2292 de
1616 2261 1684 2292 Civ.
1701 2261 1764 2291 Dei
1781 2262 1807 2297 ⁴¹⁸,
1832 2260 1908 2291 dicit
1932 2260 2032 2301 quod,
2057 2261 2138 2291 sicut
2162 2261 2268 2291 anima
2289 2261 2323 2291 in
2345 2261 2486 2292 hominis
2509 2261 2621 2293 condi-

1551 2307 1641 2337 tione
1663 2306 1807 2346 iungitur
1829 2306 1958 2346 corpori
1977 2310 2013 2336 ut
2037 2304 2114 2336 dans
2138 2306 2167 2335 ei
2190 2306 2298 2341 vitam,
2319 2306 2465 2345 quamvis
2479 2305 2560 2337 illud
2581 2307 2622 2337 sit

1551 2350 1714 2391 spirituale
1738 2355 1769 2380 et
1791 2350 1855 2380 hoc
1878 2349 2054 2390 corporale,
2080 2355 2111 2380 et
2134 2359 2172 2380 ex
2195 2349 2248 2380 illa
2271 2350 2502 2381 coniunctione
2525 2351 2621 2382 vehe—

1551 2399 1676 2426 menter
1706 2395 1848 2434 concipit
1878 2403 2022 2424 amorem
2046 2393 2085 2424 ad
2109 2403 2244 2434 corpus;
2277 2394 2322 2425 sic
2351 2395 2466 2434 ligatur
2495 2395 2563 2435 igni
2585 2401 2621 2426 ut

1552 2439 1712 2480 accipiens
1735 2439 1775 2469 ab
1799 2449 1836 2469 eo
1854 2448 2011 2479 poenam,
2032 2444 2063 2469 et
2087 2448 2125 2469 ex
2148 2438 2202 2469 illa
2225 2439 2455 2470 coniunctione
2479 2440 2622 2480 concipit

1550 2485 1728 2515 horrorem.

1609 2528 1747 2569 Oportet
1769 2537 1846 2568 ergo
1870 2536 1983 2558 omnes
2007 2526 2187 2568 praedictos
2209 2527 2327 2558 modos
2349 2527 2383 2558 in
2406 2537 2511 2559 unum
2531 2527 2621 2559 colli-

1551 2582 1636 2614 gere,
1653 2578 1689 2603 ut
1703 2571 1844 2613 perfecte
1867 2571 2010 2602 videatur
2034 2571 2204 2612 quomodo
2227 2572 2333 2602 anima
2356 2572 2395 2602 ab
2414 2572 2489 2612 igne
2504 2581 2621 2613 corpo—

1551 2627 1607 2649 reo
1624 2617 1776 2658 patiatur:
1801 2622 1837 2647 ut
1861 2616 1981 2647 scilicet
2004 2615 2148 2647 dicamus
2171 2615 2262 2657 quod
2284 2616 2366 2656 ignis
2382 2625 2421 2646 ex
2435 2621 2550 2647 natura
2563 2625 2621 2648 sua

1551 2663 1647 2693 habet
1670 2660 1759 2702 quod
1782 2661 1910 2702 spiritus
1933 2661 2143 2701 incorporeus
2159 2661 2189 2691 ei
2205 2661 2360 2701 coniungi
2377 2661 2479 2701 possit
2494 2665 2530 2692 ut
2544 2660 2620 2692 loco

1551 2707 1712 2742 locatum;
1742 2705 1797 2736 sed
1825 2706 2019 2746 inquantum
2043 2711 2090 2736 est
2112 2705 2360 2736 instrumentum
2384 2704 2510 2736 divinae
2532 2705 2621 2736 iusti-

1551 2752 1623 2787 tiae,
1647 2751 1743 2782 habet
1765 2755 1802 2780 ut
1824 2751 1931 2790 ipsum
1955 2749 2200 2790 quodammodo
2223 2749 2357 2780 retineat
2380 2749 2561 2790 alligatum;
2589 2755 2621 2780 et

1551 2796 1585 2826 in
1608 2796 1672 2826 hoc
1694 2795 1847 2826 veraciter
1870 2795 1952 2835 ignis
1974 2794 2027 2825 ille
2052 2799 2098 2824 est
2120 2794 2245 2834 spiritui
2267 2794 2420 2830 nocivus;
2444 2799 2476 2824 et
2490 2794 2536 2825 sic
2554 2794 2620 2824 ani-

1551 2850 1620 2876 ma,
1645 2841 1754 2880 ignem
1785 2844 1821 2870 ut
1850 2839 1910 2869 sibi
1940 2839 2095 2869 nocivum
2125 2837 2253 2874 videns,
2282 2838 2321 2869 ab
2349 2838 2424 2879 igne
2451 2839 2619 2869 cruciatur.

430 2885 535 2915 anima
558 2894 663 2915 errans
686 2884 786 2925 fingit.
810 2903 832 2907 -
855 2885 896 2915 Et
918 2886 1034 2916 iterum
1058 2894 1125 2915 non
1149 2890 1195 2915 est
1218 2884 1382 2925 probabile
1407 2884 1497 2925 quod
1510 2890 1538 2911 6ο
1552 2884 1646 2916 Unde
1670 2883 1855 2924 Gregorius,
1871 2884 1905 2914 in
1922 2882 1964 2914 1v
1979 2883 2114 2924 Dialog.
2132 2884 2159 2919 ',
2184 2883 2294 2914 omnia
2316 2883 2375 2913 ista
2398 2891 2456 2923 per
2474 2881 2620 2913 ordinem

430 2929 554 2959 animae
584 2934 758 2970 separatae,
787 2929 838 2959 vel
868 2929 1060 2966 daemones,
1089 2929 1145 2970 qui
1175 2929 1347 2960 subtilitate
1377 2929 1496 2969 ingenii

430 2973 569 3014 pollent,
594 2979 741 3014 putarent
763 2974 871 3014 ignem
895 2983 1089 3014 corporeum
1113 2974 1172 3004 sibi
1195 2982 1313 3004 nocere
1335 2982 1446 3014 posse,
1470 2974 1495 3004 si

431 3017 469 3047 ab
493 3027 533 3047 eo
555 3018 737 3048 nullatenus
759 3023 971 3058 gravarentur.

486 3061 579 3093 Unde
602 3062 653 3092 alii
677 3062 786 3092 dicunt
810 3062 899 3102 quod
927 3067 1054 3103 oportet
1081 3071 1203 3102 ponere
1231 3062 1371 3092 animam
1400 3062 1495 3092 etiam

431 3105 554 3136 realiter
577 3106 614 3136 ab
638 3106 711 3146 igne
735 3116 892 3147 corporeo
917 3107 991 3147 pati.
1020 3105 1114 3138 Unde
1139 3112 1170 3137 et
1194 3105 1378 3146 Gregorius,
1395 3107 1428 3136 in
1452 3106 1496 3137 IV
1509 3112 1533 3138 ⁶5

431 3149 564 3191 Dialog.
578 3151 604 3186 *,
621 3149 713 3180 dicit:
741 3150 906 3192 Colligere
929 3160 970 3181 ex
989 3151 1081 3181 dictis
1095 3150 1305 3192 Evangelicis
1321 3160 1496 3191 possumus

431 3193 518 3234 quod
533 3194 714 3224 incendium
730 3195 839 3225 anima
857 3205 921 3225 non
937 3195 1042 3226 solum
1059 3194 1205 3231 videndo,
1218 3194 1274 3226 sed
1289 3195 1384 3225 etiam
1401 3204 1495 3236 expe-

433 3237 556 3274 rienda,
567 3238 724 3278 patiatur.
749 3238 812 3269 Sed
827 3239 889 3269 hoc
905 3239 959 3270 tali
974 3239 1075 3270 modo
1094 3238 1163 3270 fieri
1181 3244 1309 3280 ponunt
1324 3240 1351 3272 ’.
1376 3239 1496 3270 Dicunt

434 3282 518 3311 enim
543 3281 631 3322 quod
654 3283 735 3322 ignis
758 3283 810 3313 ille
839 3293 1012 3323 corporeus
1041 3283 1233 3314 considerari
1261 3288 1367 3324 potest
1391 3283 1495 3324 dupli-

1551 2929 1660 2969 tangit‚
1685 2934 1721 2959 ut
1744 2938 1782 2959 ex
1805 2928 1985 2968 praemissis
2009 2927 2078 2958 eius
2101 2927 2342 2958 auctoritatibus
2364 2931 2461 2967 patet.

1606 2973 1657 3004 An
1686 2982 1804 3003 numm
1831 2981 1915 3002 ERGO
1944 2981 2104 3006 meantum
2132 2970 2222 3012 quod
2250 2971 2449 3011 Augustinus
2475 2970 2620 3011 loquitur

1550 3017 1755 3058 inquirendo.
1779 3016 1874 3048 Unde
1890 3017 1986 3047 etiam
2002 3016 2101 3047 alium
2116 3015 2252 3046 modum
2268 3015 2362 3056 ponit
2377 3014 2619 3046 determinando

1549 3063 1583 3092 in
1606 3062 1687 3092 libro
1711 3061 1751 3092 de
1776 3061 1914 3091 Ciuitate
1936 3061 2008 3097 Dei,
2032 3065 2068 3091 ut
2091 3070 2130 3091 ex
2153 3059 2244 3091 dictis
2259 3060 2276 3076 *
2298 3064 2395 3099 patet.

1605 3106 1666 3136 Vel
1690 3105 1863 3136 dicendum
1888 3104 1978 3145 quod
2001 3105 2200 3145 Augustinus
2223 3103 2370 3143 intelligit
2390 3102 2480 3143 quod
2495 3111 2532 3133 ea
2548 3103 2619 3143 qui-

1551 3151 1610 3181 bus
1630 3150 1735 3180 anima
1758 3150 1903 3190 proxime
1927 3148 2062 3180 afficitur
2077 3148 2117 3179 ad
2132 3147 2279 3179 dolorem
2294 3147 2345 3178 vel
2360 3147 2528 3183 tristitiam,
2544 3153 2619 3178 sunt

1551 3195 1740 3235 spiritualia:
1761 3204 1829 3225 non
1842 3195 1928 3225 enim
1945 3193 2135 3234 affligeretur
2146 3192 2207 3223 nisi
2218 3192 2327 3232 ignem
2337 3197 2374 3222 ut
2389 3192 2543 3222 nocivum
2559 3192 2618 3222 sibi

1551 3238 1813 3280 apprehenderet.
1838 3239 1921 3279 Ignis
1945 3247 2021 3278 ergo
2040 3237 2258 3278 apprehensus
2274 3241 2321 3266 est
2339 3236 2524 3276 proximum
2540 3235 2618 3266 affli-

1550 3293 1646 3324 gens:
1672 3282 1727 3314 sed
1750 3283 1831 3323 ignis
1855 3291 2031 3322 corporeus
2055 3286 2140 3311 extra
2163 3281 2303 3311 animam
2327 3281 2463 3311 existens
2479 3285 2526 3310 est
2541 3279 2618 3310 affli-

434 3325 519 3355 citer.
547 3325 622 3356 Uno
645 3326 760 3363 modo,
784 3327 962 3357 secundum
989 3327 1078 3367 quod
1102 3333 1148 3358 est
1171 3337 1220 3358 res
1243 3327 1399 3368 quaedam
1426 3337 1495 3358 cor-
1509 3339 1536 3359 7⁰
1550 3337 1629 3368 gens
1652 3332 1823 3358 remotum.

434 3378 541 3408 porea.
572 3369 613 3399 Et
635 3370 698 3400 hoc
720 3370 820 3400 modo
849 3380 916 3401 non
943 3372 1038 3402 habet
1066 3372 1155 3412 quod
1178 3373 1211 3402 in
1235 3373 1375 3402 animam
1403 3381 1496 3412 agere

434 3413 543 3452 possit.
567 3413 641 3443 Alio
665 3413 775 3449 mod0,
800 3414 977 3445 secundum
1002 3415 1091 3456 quod
1115 3422 1161 3446 est
1183 3417 1432 3447 instrumentum
1449 3416 1495 3447 di-

434 3456 526 3486 vinae
544 3457 681 3487 iustitiae
698 3457 904 3488 vindicantis:
930 3459 992 3489 hoc
1016 3460 1102 3490 enim
1121 3460 1246 3491 divinae
1261 3461 1398 3491 iustitiae
1414 3460 1494 3491 ordo

436 3500 539 3539 exigit,
555 3506 592 3530 ut
607 3501 711 3530 anima
735 3510 816 3541 quae
839 3502 1003 3541 peccando
1019 3513 1052 3533 se
1068 3504 1162 3535 rebus
1186 3505 1405 3545 corporalibus
1421 3505 1495 3535 sub—

1606 3372 1656 3402 An
1677 3381 1839 3402 secuuntur
1854 3379 2014 3401 nrcnunuu
2030 3368 2129 3409 quod,
2147 3369 2292 3409 quamvis
2312 3369 2418 3399 anima
2433 3368 2618 3409 simpliciter

1550 3417 1590 3446 sit
1612 3417 1686 3456 igne
1709 3415 1858 3451 nobilior,
1882 3414 1964 3455 ignis
1986 3419 2094 3444 tamen
2118 3418 2165 3444 est
2187 3413 2293 3444 anima
2317 3413 2459 3444 nobilior
2480 3413 2617 3452 inquan—

1550 3466 1621 3491 tum
1644 3465 1691 3490 est
1713 3460 1962 3490 instrumentum
1985 3457 2110 3488 divinae
2132 3458 2280 3488 iustitiae.

1605 3505 1656 3534 An
1680 3513 1814 3534 rear-rm«
1837 3512 1996 3533 mmmmm
2021 3501 2110 3542 quod
2133 3501 2349 3542 Philosophus
2372 3506 2404 3532 et
2418 3501 2550 3531 Boetius
2569 3500 2616 3531 lo-

436 3542 523 3579 didit,
541 3544 584 3574 eis
600 3545 694 3574 etiam
718 3545 751 3574 in
774 3554 913 3584 poenam
937 3546 1096 3578 subdatur.
1121 3548 1371 3579 Instrumentum
1388 3554 1495 3580 autem
1510 3560 1533 3581 ις
1551 3553 1695 3589 quuntur
1710 3547 1749 3578 de
1766 3547 1891 3578 actione
1915 3547 1966 3577 illa
1990 3555 2047 3587 per
2070 3555 2168 3586 quam
2191 3546 2314 3586 patiens
2337 3550 2564 3576 transmutatur
2583 3545 2616 3574 in

2639 449 2648 458 ·
2664 447 2724 469 ῠίιῑ.
2739 453 2759 472 ι,
2777 434 2853 486 ausi,

2634 475 2681 522 gf.-
2688 479 2798 527 Pii-iffi,
2809 481 2854 529 'qut

2639 532 2696 553 nn,
2711 530 2753 549 art.
2769 534 2787 549 ι.

2644 1113 2654 1123 ·
2669 1110 2736 1134 vm.
2753 1117 2786 1139 ¹5.

2646 1466 2860 1495 'ism-,diutina

2645 1499 2739 1522 mvn,
2775 1499 2799 1516 ιι.
2819 1498 2860 1524 ιιι,

2646 1524 2688 1544 nrt.
2703 1526 2730 1547 a:
2783 1536 2790 1547 ‚
2806 1519 2859 1542 dut.

2645 1549 2816 1604 {stiffi-⁸51?
2831 1552 2863 1601 i:

2646 1607 2687 1630 qu.
2701 1606 2744 1628 m.
2753 1603 2797 1623 nrt.
2811 1605 2831 1622 2.

2647 1915 2657 1925 ·
2673 1913 2729 1936 Loe.
2745 1913 2784 1936 eit.

2649 2089 2659 2100 ·
2673 2087 2753 2116 Ephe.
2766 2087 2843 2110 Tolet.
2853 2098 2862 2103 -

2648 2114 2778 2164 mtt-
2784 2114 2864 2141 lib.11‚

2647 2169 2658 2180 ·
2688 2156 2798 2195 faxint,
2806 2173 2860 2196 enp-

2649 2194 2706 2217 cnm
2719 2196 2797 2217 auem
2808 2199 2860 2217 con.

2648 2266 2658 2278 ·
2672 2264 2731 2294 etp.
2746 2271 2769 2287 x.

2646 2887 2657 2899 '
2670 2886 2728 2910 Loe.
2743 2887 2783 2909 eit.

2646 3061 2689 3084 'In
2700 3067 2808 3091 corpore,
2819 3061 2860 3084 tin.
