2918 4088
988 205 1253 254 QUAESTIO
1281 205 1420 251 LXVI,
1450 204 1744 243 ARTICULUS
1771 208 1806 243 V

2433 211 2483 258 69

980 319 1314 353 Commentario
1335 316 1587 351 cardinalis
1610 317 1810 351 Caietam

361 400 468 422 mnus
499 391 610 421 clarus.
634 409 657 413 -
680 390 716 421 In
747 399 882 431 corpore
906 399 971 421 una
994 390 1177 421 conclusio:
1201 388 1297 420 Haec
1319 392 1366 418 est

303 435 309 474 j
360 434 553 466 conveniens
566 435 685 478 forma
708 435 877 476 baptismi:
897 434 972 476 Ego
997 438 1027 465 te
1045 434 1180 476 baptizo,
1197 438 1255 464 etc.
1288 433 1366 462 Pro-

299 479 401 510 batur.
415 478 600 519 vBaptismus
616 488 673 519 per
684 488 775 510 suam
787 479 924 509 formam
937 483 1149 509 consecratur.
1166 477 1252 518 Ergo
1268 485 1365 517 opor-

299 529 345 554 tet
368 523 457 564 quod
479 524 513 553 in
536 523 639 554 forma
662 524 811 565 baptismi
834 524 1027 564 exprimatur
1049 522 1133 553 illius
1149 530 1254 552 causa.
1278 521 1364 560 Ergo

299 572 429 610 oportet
450 567 484 598 in
507 566 611 598 forma
633 567 782 609 baptismi
806 566 845 597 de
861 566 992 608 duplici,
1016 565 1135 597 scilicet
1151 565 1316 607 principali
1334 570 1366 595 et

298 611 532 642 instrumentali
555 620 659 648 causa,
675 610 745 642 fieri
763 611 973 642 mentionem.
1005 608 1091 652 Ergo
1114 609 1194 640 haec
1217 615 1264 640 est
1287 618 1365 641 con-

298 655 430 686 veniens
446 655 573 687 forma:
597 655 672 698 Ego
696 660 727 687 te
747 654 883 696 baptizo,
903 659 960 685 etc.

354 699 557 730 Antecedens
583 700 737 741 probatur
759 698 999 730 auctoritatibus
1021 697 1171 739 Apostoli
1199 703 1230 728 et
1252 697 1364 738 Augu-

267 761 274 772 ,
298 743 389 780 stini,
419 743 712 786 praesupponendo
735 751 831 784 supra
845 743 863 759 ⁹
885 741 985 778 dicta,
1014 741 1135 772 scilicet
1158 741 1247 783 quod
1268 742 1365 771 verba

298 788 362 819 sint
390 787 513 819 formae
542 792 824 826 sacramentorum.
852 804 876 809 -
902 786 1008 816 Prima
1038 786 1268 827 consequentia
1296 794 1364 815 non

298 832 388 864 aliter
409 832 563 874 probatur
577 832 611 862 in
625 831 747 862 littera:
772 839 810 862 ea
825 829 907 861 forte
923 831 1056 866 ratione,
1074 831 1149 871 quia
1165 830 1363 860 consecratio

297 884 355 917 per
377 875 529 912 formam,
552 876 616 906 hoc
641 880 688 906 est
708 875 823 911 verba,
854 873 1021 905 manifeste
1045 873 1206 915 dependet
1228 884 1246 904 a
1269 883 1365 905 causa

298 919 472 951 efficaciam
504 918 766 950 sanctificativam
795 919 890 950 dante
919 919 1033 950 verbis.
1060 937 1085 941 —
1111 917 1259 949 Secunda
1286 927 1363 948 vero

297 964 529 1004 consequentia
557 963 720 1004 probatur.
755 963 841 1002 Quia
870 963 1046 1003 baptismus
1077 961 1239 1003 duplicem
1269 963 1365 994 habet

297 1016 436 1038 causam.
464 1007 506 1038 Et
527 1012 606 1038 nota
628 1006 719 1047 quod
741 1007 820 1038 haec
843 1007 1085 1047 consequentia,
1110 1016 1186 1038 curn
1209 1016 1266 1038 sua
1288 1015 1363 1047 pro-

295 1052 442 1088 batione,
467 1051 576 1092 quoad
599 1060 727 1082 causam
750 1051 1026 1082 instrumentalem
1048 1060 1115 1082 non
1139 1051 1200 1081 nisi
1223 1050 1262 1082 de
1286 1060 1364 1082 con-

295 1105 377 1137 gruo
400 1101 505 1127 tenet:
530 1096 686 1136 quoniam
710 1095 849 1126 efficacia
871 1095 1044 1126 verborum
1067 1105 1135 1126 non
1159 1102 1206 1126 est
1229 1106 1247 1125 a
1268 1096 1364 1126 mini-

295 1145 379 1176 stro,
411 1140 467 1171 sed
490 1150 509 1170 a
536 1145 643 1170 sancta
666 1140 839 1176 Trinitate‚
867 1149 951 1180 quae
978 1145 1026 1170 est
1049 1149 1143 1170 causa
1169 1140 1362 1181 principalis

295 1183 390 1215 Unde
413 1190 446 1215 et
468 1184 583 1215 Graeci
605 1184 639 1215 in
654 1183 759 1215 forma
773 1185 923 1224 baptismi
945 1194 1014 1215 non
1029 1185 1212 1224 exprimunt
1234 1193 1363 1215 causam

294 1228 581 1264 insmnnentalem‚
605 1229 669 1259 hoc
692 1235 739 1260 est
761 1229 952 1259 ministrum.

351 1273 389 1304 11.
414 1273 450 1304 In
470 1273 680 1313 responsione
703 1273 743 1304 ad
762 1278 923 1314 quartum,
941 1272 1104 1304 tractanda
1120 1278 1202 1303 esset
1218 1273 1362 1313 quaestio

296 1316 337 1348 de
358 1317 539 1358 pluralitate
560 1317 800 1357 baptizantium,
824 1318 886 1348 nisi
909 1317 949 1349 ad
971 1323 1097 1348 sextum
1121 1318 1291 1348 articulum
1314 1327 1363 1348 se-

290 1362 425 1402 quentis
439 1361 644 1402 ‘quaestionis
666 1367 887 1398 reservaretur,
911 1361 968 1392 ubi
991 1371 1029 1392 ex
1047 1362 1216 1402 proposito
1240 1362 1364 1392 Auctor

296 1405 465 1444 articulum
493 1406 581 1438 hunc
606 1406 759 1437 movebit.
793 1406 857 1437 Hic
887 1407 975 1438 enim
1000 1406 1177 1438 incidenter
1202 1411 1362 1444 tractatur,

295 1454 428 1491 propter
449 1450 503 1480 illa
525 1450 621 1480 verba
643 1449 776 1487 formae,
799 1449 875 1492 Ego
900 1456 939 1483 te.

350 1493 402 1525 111.
427 1493 463 1525 In
486 1494 696 1534 responsione
720 1494 760 1525 ad
777 1494 961 1535 septimum,
986 1494 1120 1526 dubium
1136 1503 1291 1535 magnum
1307 1505 1363 1526 oc-

295 1539 393 1569 currit
414 1539 497 1569 circa
518 1538 631 1569 ultima
652 1538 758 1575 verba,
775 1538 845 1569 Nec
858 1538 892 1569 in
909 1538 984 1570 aliis
1000 1539 1183 1569 nominibus
1191 1539 1364 1580 perficitur

293 1587 542 1618 sacramentum,
554 1590 596 1612 an
610 1591 685 1613 vera
706 1583 769 1613 sint
791 1588 828 1613 ut
850 1588 966 1613 sonant
979 1584 1007 1613 '.
1031 1582 1073 1613 Et
1088 1588 1136 1613 est
1157 1583 1238 1613 ratio
1262 1583 1360 1619 dubii,

295 1626 450 1667 quoniam
473 1627 629 1666 superius.
645 1627 680 1658 in
698 1627 832 1658 articulo
855 1627 993 1667 septimo
1015 1628 1212 1667 quaestionis
1233 1636 1363 1667 sexage-

293 1670 404 1707 simae,
419 1669 558 1703 diximus
581 1671 786 1712 oppositum;
811 1676 842 1702 et
863 1671 1055 1702 Auctormet
1077 1670 1156 1702 dixit
1170 1672 1187 1688 '⁶
1206 1671 1306 1711 quod,
1323 1671 1362 1702 11·-

293 1719 345 1746 cet
358 1714 455 1746 uerba
471 1719 623 1756 corrupte
638 1714 775 1756 prolata
798 1714 880 1745 nihil
901 1714 1086 1756 significent
1106 1725 1149 1746 ex
1163 1715 1282 1746 virtute
1304 1716 1362 1747 im-

290 1758 472 1800 positionis,
489 1758 695 1800 accipiuntur
717 1763 822 1790 tamen
848 1759 911 1799 [ut]
934 1759 1156 1801 significantia
1172 1769 1214 1790 ex
1235 1769 1362 1791 accom-

293 1802 480 1834 modatione
502 1811 588 1839 usus,
605 1807 637 1833 et
658 1802 733 1834 ideo
755 1812 823 1834 non
845 1803 968 1834 tollitur
982 1804 1096 1834 veritas
1117 1805 1316 1835 sacramenti.

347 1846 402 1880 Ad
422 1846 486 1878 hoc
509 1847 626 1878 dicitur
647 1847 748 1888 quod,
770 1848 846 1878 licet
867 1848 946 1878 haec
968 1849 1064 1879 verba
1079 1849 1230 1879 Auctoris
1245 1854 1362 1880 sonent

293 1900 362 1925 non
385 1901 454 1923 esse
474 1901 588 1923 verum
611 1891 768 1932 baptisma
797 1893 824 1923 si
846 1891 986 1928 dicatur,
1015 1893 1091 1934 Ego
1118 1898 1149 1923 te
1170 1893 1296 1934 baptizo
1327 1893 1360 1925 in

293 1935 424 1968 nomine
441 1936 606 1969 Genitoris
628 1941 661 1967 et
684 1936 792 1967 Geniti
814 1941 846 1967 et
866 1936 1075 1968 Procedentis
1096 1937 1137 1968 ab
1161 1942 1308 1978 utroque,
1330 1943 1362 1969 et

261 1985 268 2004 ἲ
293 1979 358 2012 hoc
371 1978 460 2012 idem
475 1980 612 2012 sentiant
626 1979 743 2012 Scotus
759 1986 791 2011 et
805 1980 987 2018 Durandus,
1004 1981 1038 2012 in
1049 1991 1084 2013 111
1099 1981 1170 2013 dist.
1184 1981 1227 2012 IV
1238 1981 1358 2014 Sent.*:

262 2020 270 2033 '
294 2024 371 2066 quia
392 2029 501 2055 tamen
524 2024 587 2056 hoc
610 2033 649 2055 ex
665 2034 770 2056 sacrae
786 2024 967 2065 Scripturae
982 2026 1170 2056 auctoritate
1190 2025 1359 2067 dependet,

293 2073 327 2100 et
348 2067 467 2100 durum
488 2067 623 2106 videtur,
646 2068 722 2100 ideo
745 2069 884 2100 rationes
907 2079 1020 2100 eorum
1045 2069 1260 2101 discutiendae
1276 2076 1359 2102 sunt.

347 2113 488 2144 Maxima
501 2114 596 2154 igitur
610 2114 691 2143 ratio
706 2122 820 2144 eorum
832 2118 893 2149 est,
906 2114 982 2154 quia
994 2114 1139 2144 Christus
1154 2115 1199 2144 sic
1214 2115 1359 2152 instituit,

293 2157 406 2191 Matth.
422 2158 480 2188 ult.
496 2159 530 2188 *z
562 2157 771 2198 Baptizantes
798 2167 854 2189 eos
882 2158 915 2189 in
939 2158 1070 2189 nomine
1091 2159 1200 2190 Patris
1230 2164 1262 2190 et
1282 2159 1362 2191 Filii

293 2207 326 2235 et
345 2201 486 2243 Spiritus
507 2201 630 2233 Sancti.
665 2202 714 2233 Ex
735 2202 800 2233 hoc
823 2202 911 2233 enirn
932 2202 1067 2233 infertur
1090 2203 1137 2233 uti
1160 2203 1195 2234 in
1217 2203 1360 2244 qualibet

291 2244 402 2289 lingua
423 2246 610 2277 nominibus
633 2245 882 2287 significantibus
905 2246 1044 2282 Patrem,
1067 2247 1188 2278 Filium
1212 2253 1243 2278 et
1258 2247 1360 2287 Spiri-

292 2294 360 2324 tum
379 2289 544 2321 Sanctum.
567 2290 609 2321 Et
624 2295 772 2322 notanter
787 2290 911 2326 dicitur,
927 2291 1204 2333 significantibus:
1227 2297 1259 2322 et
1280 2302 1359 2329 non,

291 2333 550 2370 connotantibus,
575 2339 643 2371 aut,
669 2334 820 2375 implicite
841 2335 1089 2366 insinuantibus.
1121 2335 1162 2365 Et
1184 2337 1264 2366 ratio
1288 2344 1360 2376 spe-

293 2379 380 2410 cialis
402 2379 521 2410 honam
543 2379 716 2409 nominum
745 2379 930 2419 assignatur,
966 2380 1042 2420 quia
1071 2379 1250 2419 significant
1276 2381 1359 2420 ipsas

237 2431 242 2433 ’
291 2423 448 2454 Personas
470 2415 605 2454 divinas:
630 2423 690 2453 alia
705 2433 782 2453 vero
802 2424 936 2453 nomina
954 2423 1132 2464 significant
1150 2425 1359 2464 proprietates

211 2468 213 2471 ⁴
261 2480 263 2482 ·
293 2473 352 2501 aut
370 2473 460 2499 acuis
483 2467 608 2507 aliquos
631 2477 752 2498 earum.
774 2486 799 2490 -
820 2468 957 2508 Reliqua
978 2477 1056 2499 vero
1079 2469 1200 2504 omnia,
1225 2469 1301 2508 quia
1323 2475 1360 2500 ut

292 2510 470 2553 probabilia
491 2511 639 2543 videntur
654 2511 774 2549 afferre,
799 2512 987 2549 omittimus,
1011 2513 1068 2543 ubi
1089 2513 1266 2543 necessaria
1287 2523 1359 2555 per-

293 2560 482 2588 scrutamur.

349 2598 403 2630 lv.
420 2598 471 2630 Ad
486 2598 678 2631 evidentiam
693 2599 886 2631 difficultatis
900 2601 1007 2637 huius,
1023 2600 1190 2632 sciendum
1207 2607 1254 2632 est
1269 2601 1359 2642 quod

293 2644 474 2685 propositio
496 2643 550 2674 illa
571 2645 724 2680 maxima,
749 2645 890 2675 Mutatio
913 2645 1080 2676 nominum
1103 2646 1212 2686 quoad
1234 2646 1359 2688 signifi-

293 2690 402 2720 catum
431 2688 519 2719 tollit
543 2687 709 2719 veritatem
737 2689 951 2726 sacramenti,
981 2695 1105 2730 potest,
1133 2695 1292 2730 quantum
1319 2690 1359 2722 ad

292 2732 498 2776 propositum
520 2737 652 2773 spectat,
674 2732 808 2774 intelligi
830 2733 1016 2775 dupliciter:
1041 2734 1092 2765 vel
1115 2734 1224 2775 quoad
1239 2734 1359 2775 signifi-

294 2781 402 2808 catum
426 2786 465 2807 ex
487 2777 519 2807 vi
541 2776 698 2813 nominis;
722 2776 774 2808 vel
797 2776 906 2817 quoad
928 2777 1141 2819 significatum
1169 2788 1208 2809 ex
1231 2789 1358 2810 accom-

292 2818 480 2852 modatione
503 2828 591 2852 usus.
629 2820 671 2851 Et
693 2821 719 2851 si
745 2821 850 2862 primo
876 2821 977 2852 modo
1000 2821 1056 2852 fiat
1078 2824 1228 2858 mutatio,
1253 2828 1360 2864 potest

293 2863 363 2896 fieri
384 2864 436 2895 vel
459 2865 568 2905 quoad
590 2863 804 2905 significatum
822 2865 973 2903 formale;
996 2866 1047 2896 vel
1071 2866 1180 2906 quoad
1202 2866 1359 2908 significa—

292 2914 364 2940 tum
386 2909 566 2946 materiam
589 2909 641 2939 vel
663 2909 773 2949 quoad
795 2914 980 2949 utrumque.
1006 2909 1104 2940 Verbi
1126 2912 1243 2951 gratia,
1261 2917 1360 2952 pater

291 2962 408 2995 puram
429 2954 652 2993 paternitatem
674 2953 831 2994 significat
852 2953 1037 2990 formaliter,
1059 2959 1097 2986 ut
1118 2954 1215 2986 docet
1236 2955 1359 2987 Aristo-

205 3009 213 3018 ·
235 2994 241 3000 ’
260 3010 268 3048 3
293 2997 372 3031 tele-
387 2998 422 3034 ’ς
452 2998 655 3030 materialiter
678 3007 754 3028 vero
778 2997 935 3038 significat
957 2998 1138 3030 subiectum
1160 2999 1280 3030 habens
1302 3009 1359 3039 pa-

293 3041 474 3075 ternitatem
497 3040 609 3083 (quod
635 3047 742 3073 tamen
775 3041 955 3075 secundum
981 3042 1180 3074 Avicennam
1201 3044 1219 3060 ⁴*
1241 3044 1359 3084 princi-

255 3090 267 3118 ζ
292 3084 406 3127 paliter
428 3085 543 3118 dicitur
565 3085 735 3128 significari
758 3087 867 3127 patris
892 3086 1057 3127 nomine);
1083 3092 1123 3124 et,
1148 3087 1359 3127 comprehen-

260 3143 266 3150 ·
293 3129 400 3162 dendo
427 3136 618 3171 utrumque,
636 3135 736 3171 pater
756 3130 913 3171 significat
934 3130 1100 3173 habentem
1118 3131 1357 3172 paternitatem.

205 3169 213 3177 '
249 3181 268 3199 ¹-
292 3173 398 3211 Unde,
420 3175 448 3205 si
469 3175 546 3206 loco
560 3175 669 3215 patris
690 3181 830 3215 ponatur
843 3175 985 3216 genitor,
1010 3175 1068 3205 erit
1090 3176 1226 3206 mutatio
1250 3176 1359 3216 quoad

293 3217 429 3251 female
450 3218 676 3259 significum,
699 3220 776 3260 quia
797 3220 930 3261 genitor
951 3219 1109 3259 significat
1130 3225 1239 3252 actum
1261 3229 1357 3260 gene-

292 3262 393 3299 randi,
403 3268 503 3304 pater
517 3268 624 3294 autem
640 3263 845 3294 relationem:
870 3263 926 3294 sed
941 3273 1008 3294 non
1025 3262 1083 3294 erit
1097 3265 1234 3296 mutatio
1249 3264 1358 3306 quoad

293 3306 507 3348 significatum
529 3308 701 3344 materiale,
725 3309 802 3348 quia
823 3318 908 3338 unus
924 3314 1020 3348 atque
1035 3307 1122 3338 idem
1137 3313 1185 3338 est
1203 3318 1358 3348 generans

236 3376 243 3384 .
294 3356 327 3382 et
340 3356 440 3392 pater.
462 3351 496 3383 Si
508 3361 585 3382 vero
601 3352 676 3382 loco
687 3352 795 3392 patris
809 3357 984 3393 poneretur
993 3351 1186 3393 paternitas,
1202 3362 1270 3383 non
1285 3363 1358 3383 mu-

293 3400 413 3426 taretur
433 3395 647 3436 significatum
670 3395 814 3433 formale,
839 3395 894 3427 sed
914 3396 1145 3427 abstraheretur
1160 3406 1178 3426 a
1193 3397 1356 3428 materiali.

293 3439 328 3470 Si
342 3445 452 3471 autem
470 3440 545 3471 loco
559 3440 667 3481 patris
680 3446 856 3481 poneretur
871 3445 983 3477 mater,
1001 3446 1082 3472 esset
1096 3442 1232 3472 mutatio
1249 3439 1357 3481 quoad

293 3488 468 3524 utrumque
490 3483 714 3524 significatum.

348 3527 473 3559 Dicitur
494 3528 619 3569 itaque,
644 3528 823 3560 secundum
847 3528 1007 3560 dictorum
1031 3529 1220 3570 opinionem
1244 3529 1357 3560 docto-

1419 397 1507 424 rum,
1537 388 1627 428 quod
1656 391 1790 420 mutatio
1822 392 1992 421 nominum
2020 393 2127 432 quoad
2155 395 2365 434 significatum
2389 407 2426 430 ex
2449 399 2480 429 vi

1418 432 1568 469 nominis,
1593 433 1658 462 sive
1681 433 1816 464 formale
1838 440 1973 471 tanturn,
1998 436 2063 467 sive
2078 439 2238 469 materiale
2257 445 2390 478 tantum,
2415 444 2480 475 sive

1419 481 1604 516 utrumque,
1627 476 1712 508 tollit
1734 478 1899 508 veritatem
1922 479 2080 519 baptismi.

1473 520 1511 550 V.
1536 520 1607 560 Ego
1631 526 1748 556 autern,
1773 521 1976 553 considerans
1992 524 2171 563 priscorum
2187 525 2315 558 Patrum
2332 528 2424 565 dicta,
2442 531 2479 561 ab

1418 563 1466 594 his
1489 563 1652 600 dissentio,
1676 570 1785 595 motus
1809 574 1845 596 ea
1869 567 2001 603 ratione,
2029 568 2119 608 quod
2141 569 2480 605 identitas'nominum

1419 608 1528 648 quoad
1551 608 1764 649 significatum
1787 609 1930 641 secundo
1953 611 2053 642 modo
2078 613 2262 653 accipienda
2282 621 2328 646 est
2350 617 2383 647 in
2406 626 2480 657 pro-

1418 653 1544 694 posito:
1570 658 1605 683 ut
1629 652 1749 684 scilicet
1771 658 1848 684 tunc
1865 654 1970 686 solum
1985 656 2024 685 sit
2038 657 2169 687 variatio
2186 659 2356 692 nominum
2373 661 2481 702 quoad

1418 695 1642 736 significatum,
1667 697 1797 739 quando
1821 698 1958 729 variatur
1976 699 2189 739 significatum
2212 701 2251 733 ad
2271 703 2360 743 quod
2376 713 2414 734 ex
2430 714 2481 735 ac-

1418 740 1681 771 commodatione
1692 750 1770 772 usus
1782 742 1815 772 in
1827 741 1931 774 forma
1943 745 2131 775 sacramenti
2143 745 2351 787 applicantur.
2365 748 2481 780 Exem-

1418 784 1463 823 pli
1487 793 1597 817 causa:
1630 794 1706 816 cum
1738 785 1852 816 dicitur
1878 786 1911 816 in
1934 785 2038 820 forma
2061 788 2224 828 baptismi,
2257 804 2270 817 ‹
2290 791 2325 822 In
2348 793 2480 823 nomine

1418 828 1516 859 Patris
1540 834 1571 859 et
1594 827 1666 859 Filii
1690 835 1722 860 et
1745 829 1879 870 Spiritus
1896 830 2003 861 Sancti
2022 844 2050 867 »,
2074 832 2172 863 Pater
2194 842 2232 864 ex
2255 836 2480 867 accommoda-

1417 870 1506 904 tione
1529 881 1606 903 usus
1630 874 1808 915 applicatur
1823 873 1863 906 ad
1881 874 2125 915 significandum
2149 877 2285 918 primam
2308 879 2481 911 Personam

1418 915 1595 953 Trinitatis,
1621 923 1652 949 et
1682 918 1826 949 similiter
1846 918 1951 949 Filius
1974 918 2013 949 ad
2037 919 2281 960 significandum
2308 923 2481 955 Personam

1418 969 1502 1001 quae
1525 960 1666 992 secunda
1690 967 1737 992 est
1765 963 1799 992 in
1824 962 1997 1000 Trinitate‚
2029 969 2061 995 et
2083 964 2185 995 simile
2210 972 2256 996 est
2286 965 2325 997 de
2348 969 2480 999 nornine

1418 1004 1558 1045 Spiritus
1580 1005 1702 1036 Sancti.
1726 1006 1819 1042 Nam,
1845 1015 1883 1037 ex
1906 1008 1937 1037 vi
1960 1008 2146 1044 nominum,
2171 1019 2231 1040 nec
2254 1011 2364 1041 omnia
2387 1012 2481 1044 simul

1417 1049 1597 1089 significant
1619 1050 1687 1080 illas
1710 1056 1772 1081 tres
1795 1051 1950 1081 Personas
1974 1051 2105 1088 divinas,
2130 1062 2190 1083 nec
2214 1054 2345 1094 aliquod
2369 1064 2481 1086 eorum

1416 1093 1574 1133 significat
1597 1095 1738 1134 aliquam
1760 1095 1934 1125 Personam
1958 1095 2116 1126 divinam:
2142 1097 2309 1137 quodlibet
2324 1100 2409 1130 enim
2426 1110 2481 1130 eo-

1417 1147 1499 1174 rum,
1525 1148 1563 1168 ex
1586 1140 1618 1169 vi
1639 1140 1790 1175 nominis,
1815 1149 1989 1170 commune
2013 1146 2060 1171 est
2082 1141 2200 1177 multis,
2217 1147 2254 1172 ut
2277 1142 2316 1173 de
2332 1153 2365 1174 se
2383 1150 2479 1184 patet.

1417 1182 1465 1212 Ex
1488 1183 1551 1213 hoc
1574 1183 1683 1223 itaque
1707 1189 1738 1214 et
1756 1184 1790 1214 in
1806 1184 1868 1214 hoc
1884 1184 2004 1224 pendet
2018 1190 2086 1215 tota
2102 1187 2264 1225 quaestio:
2288 1197 2387 1227 penes
2403 1188 2482 1228 quid

1417 1226 1597 1257 attendatur
1619 1229 1724 1258 unitas
1746 1228 1798 1258 vel
1821 1227 1982 1259 diversitas
2009 1228 2177 1268 significati
2206 1239 2263 1270 per
2285 1241 2405 1262 nomen
2433 1242 2481 1262 sa-

1417 1271 1619 1302 cramentale.
1658 1271 1868 1303 Attendentes
1898 1273 1985 1303 enim
2016 1273 2056 1303 ad
2086 1283 2294 1305 communem
2324 1277 2480 1307 rationem

1417 1315 1561 1346 eiusdem
1584 1316 1635 1347 vel
1651 1316 1792 1347 diversae
1808 1316 2048 1357 significationis
2062 1318 2244 1354 nominum,
2262 1326 2388 1359 oportet
2404 1330 2481 1351 con-

1417 1365 1587 1399 sequenter
1603 1360 1707 1391 dicere
1720 1360 1880 1391 diversum
1892 1371 1960 1391 esse
1972 1360 2185 1401 significatum
2202 1363 2331 1402 quando
2348 1364 2480 1395 formale

1417 1414 1474 1435 seu
1504 1405 1680 1446 principale
1710 1404 1924 1446 significatum
1955 1415 1993 1436 ex
2017 1406 2048 1437 vi
2073 1407 2214 1437 nominis
2241 1413 2288 1438 est
2311 1407 2479 1439 diversum.

1398 1488 1400 1491 Ι
1416 1447 1647 1490 Perspicientes
1662 1459 1739 1480 vero
1763 1449 1802 1480 ad
1818 1449 1990 1490 specialem
2005 1459 2102 1482 usum
2116 1451 2288 1486 nominum
2303 1461 2480 1484 sacramen-

1415 1492 1528 1523 talium
1541 1517 1548 1529 ,
1581 1499 1817 1535 consequenter
1839 1493 1975 1524 dicimus
1997 1499 2076 1525 tunc
2098 1494 2206 1525 solum
2228 1496 2340 1527 variari
2362 1495 2480 1537 signifi-

1417 1542 1534 1574 catum,
1551 1536 1682 1577 quando
1706 1547 1772 1568 non
1796 1537 1991 1578 significatur
2014 1538 2095 1569 illud
2117 1538 2158 1570 ad
2181 1539 2270 1579 quod
2293 1550 2331 1571 ex
2353 1550 2480 1572 accom-

1415 1581 1602 1611 modatione
1614 1591 1692 1612 usus
1703 1580 1948 1622 significandum
1961 1583 2156 1623 applicatum
2169 1589 2225 1614 est.
2245 1584 2287 1615 Et
2301 1590 2480 1625 propterea,

1416 1626 1441 1655 si
1464 1625 1539 1656 loco
1562 1626 1671 1656 Patris
1694 1631 1833 1666 ponatur
1850 1626 1995 1663 Genitor,
2020 1632 2052 1657 et
2073 1627 2148 1659 loco
2164 1628 2243 1659 Filii
2265 1635 2404 1668 ponatur
2420 1630 2480 1661 Ge·

1416 1669 1521 1705 nitus,
1546 1670 1622 1710 quia
1649 1670 1781 1702 eaedem
1803 1670 1961 1703 Personae
1987 1671 2223 1711 significantur,
2253 1682 2322 1705 non
2344 1674 2480 1705 variatur

1415 1713 1623 1754 significatio:
1649 1720 1950 1755 quantumcumque
1965 1716 2024 1747 sub
2041 1715 2101 1746 alia
2117 1722 2148 1746 et
2164 1716 2223 1747 alia
2239 1718 2362 1750 ratione
2385 1719 2480 1759 sigui-

1415 1757 1552 1788 ficentur
1574 1758 1733 1790 Personae
1756 1768 1814 1800 per
1835 1759 1915 1789 haec
1939 1759 2046 1790 et-illa
2069 1761 2212 1792 nomina.

1470 1802 1524 1833 VI.
1548 1802 1704 1833 Probatur
1722 1809 1831 1834 autem
1847 1803 1891 1834 sic
1907 1802 2023 1834 debere
2039 1805 2141 1844 accipi
2156 1805 2190 1835 in
2205 1805 2374 1846 proposito
2392 1805 2479 1837 idem

1414 1847 1465 1877 vel
1489 1846 1649 1878 diversum
1673 1847 1903 1888 significatum,
1926 1849 2043 1888 primo,
2067 1850 2254 1884 auctoritate
2278 1850 2368 1881 Sedis
2390 1851 2480 1891 Apo-

1414 1891 1555 1928 stolicae‚
1574 1891 1614 1922 de
1631 1891 1794 1928 Gonsecr„
1811 1891 1882 1923 dist.
1898 1901 1940 1928 1v,
1957 1901 2026 1933 cap.
2042 1894 2070 1924 A
2086 1893 2237 1934 quodam,
2256 1895 2313 1927 ubi
2327 1895 2480 1927 Nicolaus

1414 1935 1500 1976 Papa
1515 1937 1542 1972 ἦ
1565 1935 1701 1967 reddens
1722 1937 1880 1967 rationem
1904 1945 2002 1977 quare
2032 1937 2208 1978 baptismus
2233 1945 2423 1980 praeceptus
2445 1940 2478 1970 in

1413 1980 1547 2010 nomine
1570 1980 1669 2010 Patris
1693 1985 1725 2012 et
1746 1979 1819 2012 Filii
1842 1986 1874 2011 et
1896 1980 2030 2021 Spiritus
2054 1981 2171 2018 Sancti,
2195 1981 2280 2013 valet
2297 1983 2330 2014 in
2345 1983 2479 2016 nomine

1415 2023 1542 2060 Christi,
1568 2024 1653 2061 dicit,
1678 2025 1754 2064 quia
1777 2033 1880 2055 unum
1904 2030 1936 2055 et
1958 2024 2044 2057 idem
2067 2031 2114 2057 est
2136 2026 2251 2066 procul
2267 2026 2366 2058 dubio
2383 2028 2479 2068 signi-

1413 2067 1555 2099 ficatum.
1579 2069 1628 2099 Ex
1652 2078 1718 2109 quo
1742 2069 1817 2099 loco
1840 2067 2007 2099 manifeste
2029 2075 2118 2110 patet
2139 2069 2336 2101 identitatem
2359 2071 2478 2115 signifi-

1414 2113 1475 2142 cati
1497 2121 1555 2153 per
1577 2113 1715 2144 formam
1738 2113 1886 2153 baptismi
1908 2122 1977 2143 non
1992 2113 2112 2144 attendi
2135 2111 2314 2145 secundum
2330 2123 2478 2147 commu-

1413 2165 1489 2188 nem
1511 2158 1683 2189 nominum
1706 2156 1982 2196 significationem‚
2004 2157 2061 2188 sed
2083 2158 2262 2190 secundum
2283 2158 2317 2191 id
2332 2159 2372 2191 ad
2388 2160 2478 2200 quod

1413 2200 1658 2241 significandum
1684 2201 1928 2233 accommodata
1952 2207 2028 2232 sunt
2053 2203 2196 2233 nomina.
2230 2202 2282 2234 Ad
2303 2204 2367 2235 hoc
2389 2205 2477 2236 enim

1413 2244 1608 2286 aspiciendo,
1632 2244 1719 2276 idem
1738 2244 1932 2285 significatur
1954 2255 2012 2286 per
2029 2245 2191 2277 Christum
2206 2247 2370 2287 implicite,
2387 2247 2477 2288 quod

1412 2298 1470 2330 per
1491 2289 1620 2320 Patrem
1644 2294 1676 2320 et
1696 2289 1816 2320 Filium
1840 2293 1871 2319 ct
1892 2289 2048 2330 Spiritum
2071 2289 2224 2322 Sanctum
2248 2291 2405 2331 explicite.

1467 2332 1628 2369 Secundo,
1653 2334 1839 2364 auctoritate
1855 2334 2027 2369 Ambrosii,
2044 2335 2078 2364 in
2101 2333 2114 2364 1
2130 2334 2184 2365 lib.
2201 2335 2241 2365 de
2256 2335 2378 2375 Spiritu
2394 2335 2476 2366 San-

1413 2382 1478 2414 cto,
1504 2387 1573 2418 cap.
1590 2387 1638 2413 111,
1662 2378 1734 2414 ubi,
1759 2377 1798 2408 de
1821 2377 1926 2408 forma
1951 2378 2099 2418 baptismi
2122 2379 2277 2418 loquens,
2301 2379 2376 2410 loco
2398 2380 2477 2410 Filii

1412 2423 1504 2462 ponit
1529 2423 1702 2458 Christum,
1726 2422 1801 2453 loco
1823 2422 1933 2452 Patris
1954 2423 2048 2462 ponit
2070 2433 2090 2453 a
2105 2433 2170 2463 quo
2189 2429 2305 2454 unctus
2319 2429 2367 2454 est
2383 2424 2476 2455 Chri-

1411 2472 1494 2503 stus,
1520 2473 1551 2497 et
1574 2467 1648 2497 loco
1673 2466 1813 2508 Spiritus
1836 2466 1949 2497 Sancti
1971 2467 2064 2507 ponit
2086 2477 2150 2508 quo
2174 2473 2289 2498 unctus
2312 2473 2359 2498 est
2383 2468 2477 2499 Chri-

1411 2516 1489 2542 stus.
1514 2511 1562 2541 Ex
1585 2520 1650 2551 qua
1673 2510 1817 2541 doctrina
1841 2511 1923 2541 clare
1948 2511 2045 2541 habes
2070 2510 2160 2551 quod
2183 2511 2299 2542 sufficit
2321 2512 2476 2543 Personas

1413 2555 1534 2586 divinas
1553 2555 1740 2596 significare,
1758 2554 1936 2585 secundum
1955 2555 2175 2591 Ambrosium,
2192 2565 2230 2586 ex
2246 2557 2382 2592 actione,
2398 2562 2476 2596 puta

1412 2600 1575 2630 unctione.
1611 2599 1716 2630 Multo
1740 2607 1816 2639 ergo
1839 2600 1939 2640 magis
1969 2599 2105 2630 sufficiet
2131 2599 2308 2640 significare
2337 2600 2405 2630 illas
2439 2611 2477 2631 ex

1411 2645 1627 2684 generatione.

1467 2689 1589 2724 Tertio,
1614 2698 1652 2720 ex
1675 2687 1862 2720 auctoritate
1885 2689 2040 2728 generalis
2061 2687 2200 2719 Concilii
2218 2688 2394 2720 Florentini
2417 2690 2476 2720 sub

1412 2733 1560 2773 Eugenio
1574 2733 1616 2763 IV
1628 2734 1655 2769 ’ζ
1667 2733 1724 2763 ubi
1742 2733 1977 2763 institutionem
1998 2733 2131 2763 Domini
2151 2732 2190 2763 de
2211 2732 2313 2764 forma
2329 2733 2477 2773 baptismi

1411 2778 1607 2817 interpretati
1633 2782 1708 2809 sunt
1737 2782 1841 2817 patres
1872 2777 2107 2808 invocationem
2135 2777 2323 2808 Trinitatis:
2353 2783 2384 2808 et
2409 2787 2476 2808 non

1412 2822 1628 2852 limitaverunt
1643 2831 1676 2852 se
1692 2821 1732 2852 ad
1743 2821 1981 2852 invocationem
1994 2821 2155 2851 Trinitatis
2170 2831 2228 2861 per
2242 2821 2321 2853 haec
2335 2822 2476 2862 praecise

1411 2866 1554 2902 nomina,
1571 2865 1670 2896 Pater
1684 2871 1716 2896 et
1729 2865 1834 2896 Filius
1849 2870 1881 2896 et
1895 2865 2035 2906 Spiritus
2050 2865 2197 2895 Sanctus.
2222 2865 2372 2905 Legimus
2389 2866 2475 2895 enim

1411 2911 1454 2940 ibi
1478 2910 1523 2940 sic
1546 2909 1586 2940 de
1609 2909 1714 2940 forma
1735 2910 1901 2950 baptismi:
1932 2910 1968 2940 Si
1994 2910 2188 2950 exprimitur
2217 2914 2308 2940 actus
2337 2909 2394 2950 qui
2412 2919 2477 2949 per

1412 2955 1515 2995 ipsum
1538 2959 1710 2986 exercetur
1730 2954 1922 2990 ministrum,
1946 2964 2018 2985 cum
2041 2959 2172 2984 sanctae
2194 2954 2362 2985 Trinitatis
2383 2953 2474 2985 invo-

1412 2998 1549 3034 catione,
1566 2999 1740 3040 perficitur
1760 3003 2008 3030 sacramentum.

1467 3042 1609 3081 Quarto,
1639 3053 1678 3075 ex
1701 3043 1868 3075 communi
1891 3043 2052 3074 Ecclesiae
2076 3042 2288 3073 confessione.
2323 3041 2474 3074 Fatemur

1413 3086 1499 3117 enim
1522 3096 1636 3117 omnes
1666 3086 2020 3119 sanctam·Trinitatem
2049 3095 2108 3117 nos
2137 3087 2303 3122 invocare,
2333 3085 2471 3122 laudare,

1413 3130 1575 3167 confiteri,
1604 3132 1700 3161 etiam
1726 3131 1761 3162 in
1787 3131 1924 3167 iudicio,
1957 3139 2023 3161 non
2047 3131 2152 3161 solum
2175 3129 2266 3160 dictis
2288 3129 2473 3160 nominibus

1411 3174 1544 3211 utend0,
1568 3175 1624 3206 sed
1640 3176 1736 3206 etiam
1758 3175 1881 3206 utendo
1897 3175 2196 3215 aequipollentibus,
2214 3179 2292 3214 puta
2309 3174 2471 3209 Genitore,

1415 3219 1648 3260 Omnipotente,
1666 3219 1846 3261 Genitoque
1862 3220 1902 3251 ab
1918 3219 1996 3260 ipso,
2013 3224 2045 3250 et
2059 3219 2255 3250 Procedente
2270 3219 2310 3249 ab
2325 3223 2472 3259 utroque,

1411 3264 1519 3300 Dono,
1542 3269 1599 3295 aut
1621 3264 1787 3295 similibus.

1466 3308 1600 3346 Quinto,
1618 3317 1656 3339 ex
1672 3309 1842 3349 acceptatis
1861 3308 1994 3338 casibus.
2019 3307 2101 3338 Nam
2118 3308 2143 3337 si
2167 3307 2238 3347 quis
2254 3306 2380 3342 diceret,
2396 3306 2471 3347 Ego

1411 3357 1441 3383 te
1455 3352 1580 3394 baptizo
1597 3353 1630 3383 in
1654 3353 1783 3383 nomine
1798 3353 1905 3383 Patris
1920 3357 1951 3382 et
1965 3352 2038 3382 Iesu
2057 3351 2177 3382 Christi
2191 3356 2223 3381 et
2237 3351 2375 3391 Spiritus
2390 3350 2471 3380 San-

1411 3397 1463 3432 cti,
1487 3397 1601 3437 procul
1625 3396 1734 3433 dubio,
1759 3397 1906 3427 omnium
1929 3397 2110 3436 sapientum
2133 3394 2268 3430 iudicio,
2292 3392 2470 3435 perfectum

1412 3446 1494 3472 esset
1516 3447 1760 3476 sacramentum,
1784 3442 1827 3470 ita
1851 3439 1938 3481 quod
1961 3450 2028 3470 non
2052 3444 2133 3469 esset
2154 3439 2245 3469 locus
2259 3437 2469 3469 reiterationi:

1412 3490 1444 3516 et
1465 3490 1573 3516 tamen
1591 3490 1715 3516 constat
1738 3484 1828 3524 quod
1842 3485 1978 3514 van'atur
1993 3482 2204 3523 significatum
2221 3491 2259 3512 ex
2274 3483 2306 3512 vi
2320 3481 2468 3512 nominis

1411 3529 1570 3565 Similiter,
1595 3530 1620 3559 si
1645 3530 1715 3569 quis
1739 3528 1866 3564 diceret,
1892 3528 1924 3558 in
1949 3527 2078 3558 nomine
2096 3526 2203 3556 Patris
2219 3531 2250 3556 et
2263 3525 2340 3555 Filii
2355 3530 2386 3555 et
2400 3525 2469 3564 Spi-

2506 1941 2517 1952 ·
2531 1941 2629 1963 Primus.

2503 2736 2514 2745 ·
2522 2734 2611 2756 Deci-et.
2619 2739 2662 2762 pro
2670 2733 2717 2755 Ar·

2504 2767 2565 2782 men.
