2918 4088
199 1469 210 1478 '
229 1467 266 1488 De
287 1467 408 1494 Baptismo

199 1496 263 1515 cont.
290 1493 408 1514 Donatist.

197 1521 238 1542 lib.
253 1520 270 1546 1,
286 1526 335 1547 cap.
351 1525 387 1540 xn.

198 1647 208 1657 ·
222 1645 260 1667 Aa
275 1645 338 1666 Rom.
358 1651 407 1673 cap.

198 1678 240 1696 xn.
254 1678 312 1693 vers.
327 1677 346 1699 3.

197 1701 207 1710 “
222 1698 292 1720 Num.
308 1705 323 1720 1.

448 147 523 194 354
1255 145 1564 184 CARDINALIS
1595 144 1840 181 CAIETANI

443 229 584 258 minister
608 227 742 264 debitus,
766 224 967 268 consequens
992 233 1037 258 est
1060 234 1095 257 ut
1118 228 1157 257 sit
1180 236 1291 257 verum
1316 225 1501 256 ecclesiasti—

443 282 517 302 cum
534 277 775 302 sacramentum.
796 271 895 310 Quod
910 277 1027 308 autern,
1041 272 1192 302 existente
1205 280 1280 301 vero
1293 274 1500 303 sacramento,

442 315 620 346 informitas
651 325 719 346 non
742 317 842 356 pariat
865 317 1118 351 reiterationem,
1152 315 1207 345 sed
1231 315 1370 344 fructum
1393 312 1501 342 futuro

443 367 598 399 tempore,
615 370 632 390 a
657 360 730 390 divo
755 361 882 391 Thoma
905 361 1057 400 probatur
1073 360 1148 399 quia
1171 360 1215 388 sic
1239 363 1285 388 est
1307 358 1340 386 in
1364 356 1430 386 aliis
1455 365 1502 384 sa-

443 405 620 434 cramentis.
645 405 686 434 Et
705 414 778 435 vere
802 406 845 435 sic
862 410 908 434 est
931 404 970 434 de
993 404 1161 443 baptism0‚
1179 399 1433 434 confirmatione,
1451 408 1501 428 or-

443 448 527 484 dine,
552 454 611 479 etc.
635 449 703 479 Nec
724 449 828 479 obstat
853 448 956 478 dicere
981 447 1069 487 quod
1092 448 1155 476 hoc
1179 444 1357 475 verificatur
1377 444 1409 472 in
1435 443 1501 472 istis

443 493 644 523 sacramentis
668 494 742 533 quia
765 502 832 523 non
855 498 928 522 sunt
952 491 1114 525 iterabilia,
1139 495 1193 519 aut
1217 489 1291 528 quia
1314 487 1502 526 imprimunt

443 537 671 567 characterem:
703 542 876 576 utrumque
904 536 988 566 enim
1021 544 1077 574 per
1100 533 1245 563 accidens
1276 541 1309 561 se
1336 531 1431 560 habet
1462 530 1501 560 ad

443 581 581 611 fructum
606 590 664 620 pro
689 580 796 611 futuro
821 586 974 619 tempore.
999 579 1046 608 Ex
1063 587 1128 616 quo
1152 575 1257 606 inferri
1282 580 1388 614 potest
1411 573 1501 614 quod

442 635 509 655 non
534 630 660 665 oportet
680 625 792 660 iterari,
819 625 912 653 etiam
928 624 953 652 si
971 627 1050 652 esset
1065 620 1223 650 iterabile:
1250 629 1287 649 ex
1304 628 1343 648 eo
1360 627 1500 658 namque

443 668 532 709 quod
555 674 786 699 sacramentum
815 673 860 697 est
889 671 1018 706 propter
1042 664 1180 694 fructum
1205 664 1290 698 eius;
1325 668 1356 693 et
1379 662 1501 693 fructus

443 714 510 743 eius
526 718 631 752 potest
646 713 678 742 in
695 712 837 742 futurum
853 710 959 740 haberi
975 710 1041 739 sine
1058 709 1156 747 ipsius
1172 708 1352 743 iteratione;
1378 707 1500 747 optime

442 758 585 797 sequitur
615 755 704 796 quod
735 765 801 785 non
829 759 955 793 oportet
986 757 1219 782 sacramentum
1251 751 1358 791 ipsum
1385 750 1499 782 iterari.

442 801 606 841 Amplius,
638 806 774 830 extrema
803 799 911 828 unctio
943 802 988 826 est
1018 801 1251 826 sacramentum
1280 795 1437 826 iterabile:
1470 801 1501 826 et

441 851 562 881 tamen,
579 845 604 874 si
619 843 806 874 incontritus
829 841 959 880 suscipit
974 841 1044 880 quis
1061 845 1234 870 extremam
1257 840 1445 870 unctionem
1469 845 1501 871 et

441 895 515 929 post
537 890 648 918 horam
672 891 868 921 conteratur,
900 894 966 914 non
989 884 1187 914 reiterabitur
1213 889 1353 914 extrema
1376 885 1498 921 unctio,

441 943 501 963 nec
528 933 644 962 carebit
674 930 816 960 infirmus
843 929 982 959 moriens
1011 928 1095 958 illius
1118 927 1241 965 fructu;
1273 929 1445 968 quoniam,
1474 929 1499 959 si

441 982 558 1007 careret
580 976 663 1005 illius
686 974 800 1009 fructu,
824 973 944 1012 petenti
967 971 1094 1002 infirmo
1119 972 1223 1003 iterari
1247 978 1420 1003 extremam
1438 983 1499 1003 un-

440 1021 580 1051 ctionem
604 1020 646 1049 ob
669 1027 759 1048 suam
782 1017 1060 1052 incontritionem‚
1092 1016 1235 1047 Ecclesia
1261 1026 1330 1047 non
1352 1023 1498 1057 negaret;

440 1073 536 1105 quam
558 1069 665 1093 tamen
687 1067 790 1101 negat,
815 1061 892 1091 dum
908 1070 1003 1100 super
1019 1060 1159 1091 eundem
1177 1061 1338 1097 morbum,
1352 1067 1423 1097 etc„
1448 1071 1499 1092 or-

439 1109 524 1139 dinat
546 1116 613 1137 non
635 1105 849 1146 repetendam.
874 1105 921 1134 Ex
945 1105 1007 1135 hoc
1032 1114 1107 1145 ergo
1132 1105 1222 1145 quod
1244 1104 1424 1136 informiter
1447 1116 1499 1136 su-

437 1152 573 1191 scipiens
596 1155 798 1185 sacramenta,
823 1150 887 1179 sive
911 1149 1063 1179 iterabilia
1086 1150 1151 1179 sive
1166 1159 1244 1186 non,
1262 1159 1300 1180 ex
1315 1150 1384 1189 ipsa
1399 1149 1498 1180 infor-

437 1197 558 1230 mitate,
582 1195 656 1224 licet
677 1192 787 1234 perdat
810 1192 950 1223 fructum
973 1203 1032 1233 pro
1056 1198 1150 1229 tunc,
1175 1194 1276 1224 immo
1301 1194 1498 1234 quandoque

437 1240 530 1271 addat
545 1248 667 1269 novum
682 1242 851 1278 peccatum
866 1237 1000 1268 mortale
1015 1247 1075 1277 pro
1092 1243 1179 1273 tunc,
1192 1248 1260 1268 non
1271 1243 1379 1268 tamen
1395 1238 1499 1278 perdit

437 1284 575 1314 fructum
591 1282 776 1312 sacramenti
788 1291 847 1322 pro
865 1281 994 1322 quando
1007 1283 1065 1312 erit
1081 1283 1245 1318 contritus,
1258 1283 1392 1313 habetur
1408 1282 1499 1323 quod
1519 1290 1522 1293 ·

436 1338 503 1358 non
523 1333 649 1368 oportet
669 1327 772 1356 iterari
788 1332 1030 1356 sacramentum.
1059 1326 1128 1357 Nec
1149 1332 1277 1366 oportet
1293 1327 1386 1357 aliam
1402 1328 1498 1358 huius

436 1373 590 1403 rationem
614 1380 765 1411 quaerere
790 1380 887 1410 quarn
910 1371 1011 1410 ipsam
1035 1371 1223 1401 sacramenti
1246 1372 1310 1401 vim
1334 1371 1498 1412 ritumque

436 1417 606 1447 Ecclesiae.
639 1416 837 1455 Augustinus
862 1416 947 1445 enim
971 1415 1092 1455 primus
1115 1416 1179 1445 hoc
1203 1415 1350 1446 docuisse
1374 1415 1499 1447 videtur

437 1461 476 1491 de
499 1461 646 1501 baptismi
669 1459 774 1490 fructu
791 1460 823 1495 ἡ
856 1459 947 1490 divus
974 1459 1117 1490 Thomas
1147 1459 1187 1490 ad
1215 1460 1275 1490 alia
1302 1466 1498 1491 sacramenta

436 1507 498 1536 hoc
522 1504 676 1541 extendit;
708 1509 739 1534 et
762 1504 922 1534 Ecclesiae
946 1504 1023 1534 ritus
1046 1504 1109 1534 hoc
1132 1504 1258 1534 videtur
1284 1514 1411 1545 semper
1433 1515 1498 1536 ser-

435 1559 533 1585 vasse,
550 1548 655 1579 fructu
671 1558 803 1589 quoque
819 1554 976 1579 extremae
992 1549 1153 1579 unctionis
1169 1554 1345 1580 attestante.
1366 1550 1407 1580 Et
1422 1559 1498 1590 pro-

435 1601 543 1635 pterea
566 1593 825 1624 concludendum
847 1592 971 1623 videtur
1000 1594 1063 1623 hoc
1086 1593 1161 1624 loco
1192 1603 1257 1623 non
1279 1594 1358 1634 plus
1384 1604 1499 1635 sapere

436 1649 531 1680 quam
556 1643 682 1678 oportet
696 1639 722 1668 *.

490 1684 529 1713 V.
553 1682 604 1713 Ad
626 1683 767 1722 primum
786 1683 819 1712 in
843 1682 1031 1722 oppositum
1047 1683 1063 1698 ³*
1079 1681 1194 1712 dicitur
1217 1681 1317 1722 quod,
1334 1683 1498 1714 sacerdote

435 1733 656 1768 praesumente
680 1727 842 1757 absolvere
865 1727 1141 1766 impoenitentem,
1166 1728 1393 1758 sacramentale
1416 1728 1498 1759 iudi-

437 1773 523 1803 cium
546 1776 708 1802 exercetur
730 1777 766 1802 ut
789 1771 849 1801 Dei
871 1771 1119 1801 instrumentum
1150 1771 1395 1811 quodammodo
1418 1782 1497 1810 non,

437 1822 468 1847 et
490 1815 731 1856 quodammodo
755 1816 809 1846 sic.
841 1815 924 1845 Nam
948 1814 1056 1855 quoad
1078 1815 1216 1846 modum
1240 1816 1407 1847 exercendi
1430 1827 1499 1848 non

435 1860 581 1901 procedit
603 1870 621 1890 a
644 1860 728 1890 Deo:
753 1860 908 1900 quoniam
924 1859 1074 1900 sacrilege
1091 1866 1264 1891 exercetur.
1289 1861 1408 1899 Quoad
1424 1862 1499 1892 sub-

436 1906 582 1935 stantiam
611 1914 687 1935 vero
720 1905 907 1934 sacramenti
938 1914 956 1934 a
982 1904 1054 1934 Deo
1085 1904 1231 1944 procedit
1258 1906 1444 1946 simpliciter
1468 1912 1499 1937 et

436 1949 589 1979 absolute.
615 1949 655 1979 Et
678 1949 753 1989 quia
775 1954 1008 1979 sacramentum
1032 1949 1211 1980 secundum
1227 1959 1261 1980 se
1284 1955 1331 1980 est
1355 1950 1498 1982 fructuo-

435 2003 524 2030 sum,
554 1993 627 2024 ideo
656 2003 674 2023 a
697 1994 767 2023 Deo
790 1992 935 2033 procedit
964 1998 1001 2023 ut
1030 2000 1264 2025 sacramentum
1295 1993 1498 2026 fructuosum

435 2039 620 2068 sortiturum
643 2037 792 2068 effectum
815 2037 945 2078 quando
969 2038 1145 2078 suscipiens
1169 2044 1216 2069 est
1239 2038 1422 2079 dispositus.
1457 2040 1499 2071 Et

434 2082 508 2112 licet
530 2088 657 2122 tempus
680 2082 896 2123 dispositionis
920 2092 958 2112 ex
980 2088 1069 2123 parte
1092 2084 1274 2124 recipientis
1298 2089 1435 2115 arctetur
1458 2083 1498 2115 ad

434 2132 523 2163 tunc,
548 2132 655 2157 tamen
679 2136 717 2157 ex
740 2126 847 2157 divina
869 2127 1011 2167 largitate
1036 2132 1203 2158 extensum
1226 2128 1434 2169 intelligimus
1457 2129 1498 2160 ad

1558 229 1635 253 tunc
1658 223 1708 252 vel
1731 227 1862 262 postea,
1887 221 2017 262 quando
2047 222 2104 252 erit
2131 221 2319 262 dispositus,
2348 229 2384 254 ut
2406 224 2440 254 in
2462 224 2622 263 baptismo

1559 267 1723 306 contingit.
1750 266 1825 296 Ideo
1847 275 1915 296 non
1931 271 2059 306 oportet
2079 273 2312 297 sacramentum
2331 273 2473 308 repetere
2493 273 2528 298 ut
2551 268 2622 298 Deo

1558 316 1665 340 actore
1690 314 1882 340 exerceatur.

1612 354 1665 384 VI.
1690 353 1741 383 Ad
1757 353 1936 384 secundum
1953 353 2068 384 dicitur
2084 354 2174 394 quod
2189 355 2222 384 in
2239 356 2431 386 contritione
2448 355 2513 386 duo
2530 361 2620 386 sunt:

1557 398 1678 428 scilicet
1693 398 1774 428 velle
1790 407 2044 438 recompensare,
2070 404 2101 428 et
2117 399 2227 429 caritas
2242 399 2418 430 informans
2434 399 2514 430 illud
2527 400 2621 431 velle.

1557 442 1597 472 Et
1619 447 1767 482 respectu
1791 441 1923 482 quidem
1943 443 2130 472 sacramenti
2146 443 2362 483 poenitentiae
2381 444 2535 480 absolute,
2556 443 2622 474 suf-

1556 486 1623 516 ficit
1651 487 1800 516 contritio
1832 485 1940 526 quoad
1969 487 2128 527 primum:
2161 493 2309 527 respectu
2339 493 2447 518 autem
2477 487 2622 518 eiusdem

1556 530 1713 560 fructuosi
1739 531 1772 561 in
1798 531 1898 570 ipsius
1926 532 2121 570 praesentia,
2153 532 2315 562 concurrit
2345 532 2494 562 contritio
2526 532 2622 562 etiam

1557 574 1665 614 quoad
1688 574 1877 605 secundum.
1903 575 1944 605 Et
1966 575 2030 605 hoc
2049 575 2155 605 solum
2171 575 2260 606 deest
2274 576 2308 606 in
2323 577 2502 616 proposito.
2527 576 2621 607 Unde

1555 619 1644 649 nulla
1666 629 1738 659 pars
1762 619 1960 655 sacramenti,
1985 625 2020 649 ut
2043 620 2219 650 necessaria
2243 625 2290 650 est
2312 619 2353 650 ad
2375 625 2620 656 sacramentum,

1556 663 1679 694 deficit:
1705 664 1850 704 quamvis
1874 662 2000 694 deficiat
2022 669 2058 694 ut
2080 664 2256 695 necessaria
2279 663 2319 694 ad
2342 665 2531 695 sacramenti
2546 663 2621 695 effe-

1556 713 1645 738 ctum
1668 718 1766 738 nunc.

1598 752 1677 782 ·V11.
1702 751 1754 782 Ad
1776 753 1905 783 tertium
1930 752 2044 783 dicitur
2068 752 2174 792 quod,
2203 753 2279 793 quia
2307 758 2395 783 actus
2418 752 2556 783 morales
2583 762 2622 783 ex

1554 806 1612 836 per
1634 806 1667 827 se
1689 797 1818 827 obiecto
1837 796 2027 832 iudicantur,
2051 797 2104 827 ille
2120 797 2207 827 solus
2223 797 2367 828 dimidiat
2383 796 2622 827 confessionem

1553 841 1612 880 qui
1636 850 1673 871 ex
1696 841 1874 871 intentione
1898 841 2110 881 integritatem
2132 842 2241 872 violat.
2273 842 2314 872 Et
2336 847 2520 882 propterea,
2545 850 2622 872 cum

1554 886 1587 915 in
1611 886 1778 925 proposito
1802 890 2003 925 supponatur
2027 885 2264 917 confessionem
2289 895 2356 916 esse
2381 895 2418 916 ex
2442 886 2620 916 intentione

1554 930 1726 970 integram,
1751 930 1826 960 licet
1847 930 2050 960 materialiter
2071 940 2140 960 non
2162 931 2202 961 sit
2224 931 2359 970 integra,
2386 939 2454 960 non
2477 930 2623 970 sequitur

1555 973 1792 1004 confessionem
1816 983 1884 1004 esse
1907 974 2093 1005 iterandam.

1609 1017 1748 1048 Adverte
1771 1023 1879 1048 tamen
1902 1018 1954 1049 hic
1979 1018 2078 1058 quod,
2103 1019 2185 1048 sicut
2207 1019 2241 1049 in
2257 1019 2324 1049 aliis
2339 1019 2422 1049 vitiis
2445 1023 2511 1049 tam
2527 1028 2621 1049 enor—

1553 1063 1647 1092 miter
1670 1062 1826 1102 contingit
1850 1072 1950 1093 errare
1973 1063 2174 1093 materialiter
2202 1067 2239 1093 ut
2262 1068 2350 1093 actus
2373 1062 2481 1094 redeat
2503 1062 2543 1093 ad
2565 1072 2621 1093 na-

1553 1112 1658 1136 turam
1682 1106 1849 1136 formalem
1872 1107 1922 1136 sui
1944 1107 2078 1146 generis,
2102 1112 2139 1136 ut
2161 1111 2248 1146 patet
2270 1108 2305 1137 in
2320 1106 2525 1142 detractione,
2542 1116 2621 1137 con-

1553 1150 1685 1181 tumelia
1708 1156 1739 1180 et
1754 1150 1941 1182 huiusmodi
1966 1150 2137 1190 (contingit
2155 1151 2242 1181 enim
2257 1156 2323 1181 tam
2337 1151 2482 1190 graviter,
2499 1151 2620 1191 absque

1553 1195 1732 1225 intentione
1762 1193 1963 1230 detrahendi,
1995 1194 2158 1224 detrahere
2189 1194 2293 1225 famae
2320 1195 2459 1234 proximi
2490 1200 2527 1225 ut
2552 1195 2622 1235 ipsa

1553 1248 1669 1279 magna
1691 1238 1789 1269 laesio
1813 1239 1950 1274 incursa,
1974 1239 2082 1269 minus
2105 1239 2278 1275 aestimata,
2303 1238 2489 1269 detrahendi
2511 1244 2620 1270 actum

1553 1284 1587 1313 in
1617 1282 1821 1313 detractionis
1851 1288 1998 1313 naturam
2028 1282 2193 1323 reducat):
2225 1283 2269 1313 ita
2298 1287 2406 1323 potest
2434 1283 2621 1323 contingere

1554 1327 1643 1367 quod
1667 1337 1705 1358 ex
1727 1327 1816 1357 nulla
1839 1332 1894 1357 aut
1916 1332 1982 1357 tam
2006 1336 2108 1357 crassa
2130 1332 2162 1357 et
2185 1328 2299 1367 supina
2322 1327 2537 1358 conscientiae
2557 1327 2621 1358 dis-

1554 1372 1702 1402 cussione
1725 1371 1908 1411 aliquorum
1926 1377 2135 1411 peccatorum
2146 1371 2331 1402 mortalium
2348 1370 2507 1402 confessio
2524 1372 2622 1403 omit-

1552 1417 1638 1452 titur,
1663 1421 1699 1446 ut
1721 1415 1891 1446 materialis
1913 1416 2046 1446 violatio
2069 1416 2255 1456 integritatis
2278 1416 2312 1446 in
2335 1415 2504 1446 formalem
2526 1415 2621 1447 redu-

1553 1465 1658 1496 catur,
1682 1466 1836 1500 tanquam
1860 1459 2087 1490 dimidiationis
2109 1461 2256 1491 incursus
2278 1460 2332 1491 ille
2356 1461 2411 1500 qui
2434 1470 2494 1500 pro
2517 1461 2620 1492 nihilo

1553 1505 1736 1536 aestimatus
1760 1510 1816 1541 est,
1836 1505 1978 1535 intentus
2000 1503 2105 1535 fuerit.
2129 1504 2223 1536 Unde
2246 1504 2324 1535 tales
2347 1504 2387 1535 ad
2405 1504 2621 1536 reiterandum

1553 1549 1793 1580 confessionem
1807 1548 1983 1579 inducendi
1998 1554 2082 1580 sunt.
2106 1549 2143 1580 In
2159 1558 2301 1590 quorum
2318 1558 2457 1580 numero
2472 1548 2622 1581 Videntur

1553 1604 1621 1624 esse
1645 1594 1690 1624 illi
1714 1594 1770 1634 qui
1794 1603 1870 1624 cum
1892 1593 1961 1624 sola
1982 1593 2140 1624 velleitate
2163 1593 2342 1624 abstinendi
2358 1603 2376 1624 a
2391 1599 2525 1634 peccato
2542 1603 2622 1625 con-

1552 1638 1684 1669 fitentur
1707 1644 1738 1669 et
1761 1638 1986 1675 absolvuntur,
2015 1643 2155 1669 tacentes
2185 1637 2372 1669 huiusmodi
2394 1643 2566 1678 peccatum
2588 1644 2622 1670 et

1551 1682 1832 1723 impedimentum,
1857 1682 1947 1723 quod
1971 1683 2067 1713 etiam
2088 1682 2297 1713 mulierculae
2318 1688 2479 1713 noverunt
2493 1688 2526 1713 et
2541 1692 2620 1714 con—

1552 1733 1727 1758 sueverunt
1750 1727 1916 1768 explicare.

1608 1772 1691 1802 VIII.
1715 1771 1770 1803 Ad
1791 1777 1941 1812 quartum
1964 1770 2079 1802 dicitur
2101 1771 2384 1812 proportionaliter
2402 1771 2485 1802 sicut
2500 1770 2540 1802 ad
2555 1772 2619 1812 pri—

1552 1826 1655 1853 mum,
1679 1815 1780 1857 quod,
1803 1816 1879 1847 licet
1900 1815 2067 1856 sacrilege,
2091 1821 2327 1847 sacramentum
2349 1821 2458 1846 tamen
2481 1816 2619 1847 coniun-

1553 1861 1668 1892 ctionis
1691 1860 1875 1891 fructuosae
1897 1860 2078 1891 secundum
2100 1870 2134 1891 se
2157 1861 2314 1901 passionis
2337 1859 2455 1891 Christi
2478 1859 2518 1891 ad
2539 1869 2621 1901 poe-

1551 1906 1709 1937 nitentem
1732 1910 1907 1942 exercetur‚
1931 1904 2022 1935 cuius
2046 1904 2178 1942 fructus,
2203 1905 2261 1935 etsi
2283 1914 2352 1935 non
2374 1909 2463 1941 tunc,
2487 1904 2620 1945 quando

1551 1955 1660 1981 tamen
1676 1950 1734 1980 erit
1749 1949 1922 1990 dispositus
1938 1950 2119 1989 poenitens,
2138 1949 2342 1990 percipietur.
2366 1948 2461 1980 Unde
2475 1958 2545 1980 non
2560 1948 2622 1980 fuit

1551 1999 1788 2025 sacramentum
1809 2003 1946 2030 vanum,
1976 1993 2066 2034 quod
2089 1994 2177 2024 Deus
2201 1993 2282 2024 adeo
2307 1998 2451 2034 acceptat
2473 1998 2527 2030 ut,
2551 2003 2621 2025 non

1552 2044 1662 2070 exacta
1683 2039 1889 2079 repetitione,
1913 2038 2176 2069 sacramentalem
2197 2038 2331 2078 gratiam
2354 2037 2498 2068 conferat
2521 2047 2620 2078 quam

1550 2084 1692 2124 primum
1708 2083 1878 2123 poenitens
1893 2082 1988 2113 fuerit
2003 2082 2186 2123 dispositus,
2199 2092 2298 2123 quam
2313 2091 2370 2123 per
2385 2087 2621 2114 sacramentum

1549 2137 1700 2169 praesens
1724 2133 1790 2158 erat
1812 2127 1942 2158 daturus
1961 2127 1988 2158 si
2007 2132 2085 2158 tunc
2107 2127 2279 2168 poenitens
2301 2126 2414 2157 fuisset
2435 2126 2620 2168 dispositus.

2914 3991 2918 4022 -.
2904 3447 2918 3981 “ww—*adra
2916 3415 2918 3421 .
2916 3383 2918 3387 .
