2918 4088
209 777 220 786 “
235 773 302 795 Vers.
316 778 337 799 7.

307 809 323 825 α

211 940 220 949 ·
228 938 278 959 Lib.
285 938 301 963 l,
309 938 372 958 hom.
379 936 421 958 X.-

210 964 245 986 Cf.
254 963 372 986 can.P1u1't
379 963 424 984 Do-

210 991 327 1039 {inlisrzuhtli'e
332 990 421 1011 Poenit.

308 1301 322 1335 β

210 1366 220 1375 ·
245 1364 319 1385 Serm.
345 1361 421 1384 xvm

210 1393 270 1418 (post
288 1390 379 1411 Comm.
396 1388 420 1409 in

210 1415 350 1465 {isuaia
358 1414 420 1462 '0053

211 1469 304 1493 solatio,
319 1468 348 1490 de
361 1468 419 1489 Poe-

210 1496 260 1523 nit„
276 1495 330 1516 dist.
345 1494 384 1516 111.

213 1733 222 1742 ¹
243 1731 266 1752 1¹¹
286 1730 348 1755 11⁸⁶,
369 1735 408 1757 qu.

211 1763 291 1784 ιιιιιιι,
305 1760 347 1778 ιη.
363 1763 381 1777 ι.

215 2309 225 2318 ·
241 2307 305 2328 vers,
321 2313 340 2335 3.

215 2788 225 2797 ·
230 2785 263 2806 De
268 2785 326 2806 Vera
333 2785 430 2806 etFaIsa

216 2811 316 2837 Poena„
323 2817 374 2839 cap.
380 2818 411 2833 ιι.
419 2822 429 2827 -

217 2838 279 2859 Inter
293 2838 356 2866 Ορρ.
367 2839 428 2865 Aug.

444 195 518 234 310

1079 190 1340 240 QUAESTIO
1369 187 1580 233 LXXXVI⁷
1610 182 1901 221 ARTICULUS
1930 182 1975 218 ΙΙΙ

1239 321 1555 367 ARTICULUS
1590 318 1820 361 TERTIUS

701 433 858 466 UTRUM
882 431 1029 463 possm
1053 430 1134 460 PER
1157 423 1488 458 POENITENTIAM
1512 421 1640 453 UNUM
1663 419 1905 451 PECCATUM
1930 419 2025 450 SINE
2047 419 2151 450 ALlo
2175 419 2360 449 REMITTI

733 521 755 546 la
776 521 831 550 Πιε,
851 528 895 552 qu,
914 526 999 549 Lxxm,
1019 524 1064 542 art.
1087 524 1114 547 ¹5
1136 516 1168 540 IV
1189 515 1271 541 Sent„
1291 513 1348 536 dist.
1368 519 1408 541 xv,
1427 518 1472 543 qu.
1490 517 1507 541 1,
1527 514 1574 534 art.
1596 508 1619 539 3,
1638 509 1688 541 qu·
1710 515 1739 540 ¹3
1760 507 1820 532 dist.
1838 515 1908 538 xvm,
1928 515 1974 540 qu.
1993 514 2020 536 11.
2040 511 2086 532 art.
2108 506 2131 538 5,
2151 507 2200 540 qu²
2222 506 2245 538 3,
2265 507 2296 532 ad
2317 514 2341 532 1.

486 655 490 662 .
512 627 541 643 υ
567 630 610 659 ,μς
657 622 679 646 D
698 620 855 645 TERTIUM
875 619 926 643 εις
947 615 1180 642 PROCEDITUR.
1210 601 1370 638 Videtur
1397 599 1504 647 quod

658 661 776 711 possit
811 672 880 709 per
906 656 1180 707 poenitentiam
1213 665 1337 690 unum
1369 663 1502 701 pecca-

657 722 738 751 tum
782 713 862 749 sine
904 711 977 748 alio
1020 707 1167 745 remitti.
1215 705 1363 742 Dicitur
1399 703 1503 741 enim

449 824 481 855 et
507 831 618 868 super
636 820 791 856 alteram
811 830 884 854 non
900 817 1000 865 plui:
1021 826 1114 864 pars
1133 825 1208 849 una
1236 811 1421 860 compluta
1441 815 1502 855 est,

449 877 481 908 et
503 884 596 920 pars
621 884 732 921 super
760 882 869 920 quam
891 882 963 905 non
983 868 1076 917 plui,
1105 867 1212 903 aruit.
1244 863 1363 910 Quod
1387 875 1504 912 expo—

447 936 543 961 nens
572 924 794 972 Gregorius,
829 934 939 971 super
965 921 1094 968 Ezech.
1120 919 1150 965 ²3,
1180 917 1287 954 dicit:
1322 918 1417 953 Cum
1446 916 1506 952 ille

448 979 511 1026 qui
531 979 749 1026 proximum
778 976 851 1012 odit
878 977 925 1012 ab
948 974 1029 1011 aliis
1047 974 1140 1010 vitiis
1167 983 1205 1007 se
1232 971 1398 1019 corrigit,
1429 981 1505 1005 una

447 1035 480 1066 et
508 1030 635 1066 eadem
662 1031 788 1066 civitas
815 1041 864 1064 ex
884 1033 993 1076 parte
1020 1025 1252 1074 compluitur,
1282 1029 1316 1059 et
1334 1035 1383 1059 ex
1395 1028 1506 1072 parte

447 1082 554 1119 arida
581 1088 726 1119 manet:
759 1083 844 1130 quia
871 1085 954 1116 sunt
982 1081 1060 1128 qui‘,
1094 1090 1178 1114 cum
1208 1076 1390 1126 quaedam
1419 1077 1506 1113 vitia

447 1141 621 1180 resecant,
651 1137 687 1171 in
717 1134 797 1171 aliis
823 1134 990 1183 graviter
1003 1131 1221 1181 perdurant.
1252 1130 1353 1177 Ergo
1381 1136 1513 1180 potest-

447 1200 571 1224 unum
603 1194 804 1236 peccatum
841 1198 910 1235 per
941 1183 1217 1234 poenitentiam
1253 1181 1391 1219 remitti
1425 1182 1505 1218 sine

447 1240 531 1277 alio.

501 1305 535 1330 2.
565 1294 801 1338 PRAETEREA,
831 1290 1059 1328 Ambrosius
1087 1289 1187 1335 dicit,
1218 1297 1334 1337 super
1357 1286 1372 1317 β
1399 1289 1509 1325 Beati

447 1346 675 1383 immaculati
690 1345 725 1382 *z
755 1347 885 1382 Prima
913 1344 1114 1381 consolatio
1134 1348 1194 1389 est,
1225 1343 1311 1391 quia
1340 1353 1414 1378 non
1444 1342 1507 1378 ob-

446 1400 620 1437 liviscitur
646 1400 815 1435 misereri
840 1399 957 1434 Deus:
983 1396 1144 1434 secunda
1167 1408 1239 1445 per
1261 1396 1505 1444 punitionem,

447 1454 528 1498 uhi,
557 1458 590 1488 et
616 1454 649 1488 si
662 1452 763 1500 fides
790 1452 897 1497 desit,
930 1463 1056 1500 poena
1091 1449 1268 1497 satisfacit
1296 1454 1329 1484 et
1357 1448 1505 1486 relevat.

447 1507 574 1543 Potest
607 1517 695 1553 ergo
733 1504 869 1553 aliquis
906 1503 1063 1540 relevari
1102 1502 1150 1540 ab
1183 1501 1312 1551 aliquo
1348 1508 1507 1551 peccato

448 1566 626 1595 manente
653 1565 810 1607 peccato
839 1556 1079 1594 infidelitatis.

503 1611 536 1648 3.
567 1612 804 1657 PRAETEREA,
846 1622 983 1647 eorum
1016 1621 1116 1659 quae
1152 1620 1232 1645 non
1267 1620 1424 1645 necesse
1452 1614 1508 1644 est

449 1677 530 1701 esse
558 1664 690 1709 simul,
726 1676 851 1701 unum
878 1670 1002 1712 potest
1030 1662 1167 1700 auferri
1196 1661 1276 1698 sine
1305 1660 1390 1698 alio.
1431 1660 1508 1698 Sed

448 1725 614 1767 peccata,
644 1725 684 1754 ut
711 1716 751 1754 in
771 1717 949 1754 Secunda
967 1717 1077 1753 Parte
1096 1715 1116 1737 '¹‘
1144 1714 1320 1752 habitum
1340 1721 1406 1757 est,
1426 1726 1507 1750 non

450 1778 538 1807 sunt
565 1782 759 1817 connexa,
798 1778 834 1806 et
861 1769 911 1807 ita
943 1781 1068 1806 unum
1097 1780 1235 1806 eorum
1272 1775 1397 1816 potest
1425 1779 1507 1804 esse

450 1824 530 1860 sine
558 1823 643 1860 alio.
674 1824 774 1871 Ergo
799 1835 923 1859 unum
942 1834 1079 1859 eorum
1108 1829 1232 1872 potest
1260 1820 1398 1858 remitti
1426 1820 1507 1857 sine

450 1876 524 1914 alio
551 1889 621 1926 per
647 1876 933 1926 poenitentiam.

502 1942 538 1977 4.
569 1931 807 1975 PRAETEREA,
836 1937 991 1978 peccata
1015 1935 1102 1965 sunt
1122 1927 1249 1965 debita
1277 1938 1376 1976 quae
1396 1926 1508 1963 nobis

451 1982 608 2020 relaxari
635 1982 801 2031 petimus
829 1994 920 2019 cum
939 1981 1102 2019 dicimus
1121 1980 1161 2018 in
1181 1979 1352 2018 oratione
1372 1978 1507 2016 Domi-

451 2036 552 2073 nica:
573 2037 723 2072 Dimitte
737 2036 841 2072 nohis
855 2036 973 2072 debita
989 2041 1125 2072 nostra.
1148 2034 1225 2071 Sed
1244 2034 1366 2070 homo
1386 2045 1508 2081 quan-

452 2089 580 2138 doque
617 2088 766 2125 dimittit
798 2088 971 2125 debitum
1008 2099 1133 2124 unum
1166 2086 1247 2123 sine
1276 2085 1361 2123 alio.
1405 2086 1507 2134 Ergo

451 2141 565 2179 etiam
593 2142 698 2178 Deus
725 2153 794 2190 per
812 2140 1087 2190 poenitentiam
1106 2139 1257 2177 dimittit
1276 2151 1401 2176 unum
1420 2151 1508 2188 pec-

452 2203 579 2232 catum
608 2194 688 2231 sine
717 2194 802 2231 alio.

507 2249 540 2285 5.
568 2249 798 2293 PRAETEREA‚
827 2259 896 2296 per
922 2246 1166 2283 dilectionem
1194 2245 1266 2282 Dei
1294 2246 1511 2282 relaxantur

452 2300 675 2338 hominibus
693 2307 864 2349 peccata:
886 2300 1102 2337 secundum
1122 2298 1215 2336 illud
1229 2299 1362 2335 Ierem.
1378 2298 1507 2335 xxm&

451 2355 498 2390 In
527 2355 677 2390 caritate
700 2358 879 2402 perpetua
907 2353 1022 2390 dilexi
1046 2358 1098 2389 te:
1126 2352 1206 2388 ideo
1234 2352 1375 2388 attraxi
1391 2357 1425 2387 te
1442 2352 1510 2387 mi·
1531 2354 1533 2356 ’

452 2418 591 2443 serans.
622 2406 698 2443 Sed
726 2405 821 2442 nihil
847 2405 1024 2455 prohibet
1052 2404 1147 2454 quin
1170 2405 1277 2440 Deus
1295 2403 1423 2451 diligat
1441 2404 1510 2440 ho-

454 2458 600 2495 minem
637 2465 826 2507 quantum
858 2459 907 2495 ad
941 2469 1085 2502 unum,
1121 2464 1157 2493 et
1189 2456 1234 2493 sit
1269 2455 1303 2492 ei
1340 2457 1512 2493 offensus

455 2519 644 2560 quantum
663 2511 712 2548 ad
731 2511 851 2548 aliud:
882 2510 977 2547 sicut
996 2517 1238 2559 peccatorem
1256 2508 1374 2557 diligit
1393 2521 1511 2558 quan-

454 2572 539 2601 tum
567 2564 615 2600 ad
643 2571 841 2610 naturam,
875 2563 954 2600 odit
982 2570 1114 2601 autem
1140 2569 1330 2611 quantum
1358 2562 1407 2598 ad
1435 2563 1510 2599 cul·

455 2629 558 2666 pam.
588 2617 689 2664 Ergo
708 2615 859 2653 videtur
876 2615 1054 2665 possibile
1083 2615 1190 2664 quod
1209 2616 1315 2652 Deus
1333 2626 1403 2663 per
1421 2627 1512 2664 poe-

456 2669 653 2706 nitentiam
681 2668 843 2707 remittat
870 2681 994 2706 unum
1022 2675 1223 2717 peccatum
1252 2667 1333 2704 sine
1361 2667 1446 2704 alio.

510 2723 583 2760 SED
604 2733 747 2758 CONTRA
766 2734 831 2758 EST
858 2722 964 2770 quod
984 2720 1219 2769 Augustinus
1239 2720 1337 2767 dicit,
1358 2719 1396 2756 in
1416 2720 1512 2759 libro

455 2776 500 2812 de
513 2776 739 2812 Poenitentia
753 2774 787 2811 *z
804 2776 895 2812 Sunt
908 2774 1036 2824 plures
1050 2786 1140 2823 quos
1152 2775 1315 2823 poenitet
1327 2785 1511 2823 peccasse,

453 2828 519 2865 sed
545 2840 618 2865 non
648 2829 812 2873 omnino,
843 2833 1069 2865 reservantes
1090 2828 1160 2864 sibi
1177 2826 1358 2876 quaedam
1378 2828 1414 2863 in
1436 2829 1512 2876 qui-

455 2883 521 2918 bus
557 2880 796 2926 delectentur,
835 2892 909 2917 non
945 2880 1274 2917 animadvertentes
1308 2880 1513 2917 Dominum

453 2934 564 2970 simul
596 2939 737 2970 mutum
772 2939 805 2969 et
837 2933 991 2970 surdum
1027 2946 1051 2970 a
1086 2933 1282 2970 daemonio
1319 2932 1510 2979 liberasse,

450 2999 522 3036 per
554 2987 624 3023 hoc
658 2986 792 3023 docens
829 2999 895 3023 nos
934 2998 1123 3035 nunquam
1160 2987 1230 3023 nisi
1262 2986 1307 3022 de
1343 2988 1513 3023 omnibus

455 3052 595 3076 sanari.

508 3093 731 3129 RESPONDEO
760 3104 941 3129 DICENDUM
963 3092 1070 3141 quod
1098 3091 1333 3141 impossibile
1362 3100 1416 3129 est
1444 3104 1513 3141 per

455 3144 728 3194 poenitentiam
760 3157 885 3182 unum
912 3152 1114 3194 peccatum
1150 3144 1230 3181 sine
1258 3144 1332 3182 alio
1361 3145 1509 3182 remitti.

456 3197 585 3233 Primo
609 3197 779 3245 quidem,
800 3197 890 3246 quia
908 3205 1109 3246 peccatum
1131 3197 1331 3234 remittitur
1349 3197 1511 3247 inquan-

456 3257 539 3286 tum
566 3249 706 3286 tollitur
736 3249 808 3286 Dei
837 3250 983 3287 offensa
1019 3262 1089 3299 per
1119 3250 1297 3297 gratiam:
1335 3251 1439 3287 unde
1473 3250 1511 3287 in

511 3381 538 3414 α)
559 3381 625 3440 Pllui.
642 3395 661 3399 —
680 3381 713 3411 Ρ;
733 3381 812 3406 Pluit.
833 3381 867 3405 Ita
886 3382 999 3405 secundo
1012 3387 1037 3406 et
1049 3382 1123 3406 tertio
1142 3383 1207 3411 loco,
1222 3383 1267 3406 sed
1283 3382 1369 3414 DpCG
1382 3389 1513 3414 om.pars

459 3423 538 3440 una...
553 3424 572 3447 p
585 3423 619 3440 ut.

511 3449 536 3484 β)
555 3458 642 3482 super.
660 3465 678 3469 —
697 3458 776 3482 super
791 3450 924 3482 psalmum
939 3451 1011 3480 BEF,
1024 3458 1104 3482 super
1123 3452 1195 3476 illum
1212 3453 1346 3483 psalmum
1359 3452 1399 3476 ed.
1412 3459 1437 3476 a.
1451 3453 1513 3476 Post

458 3485 621 3511 immaculati
639 3487 707 3510 addit
726 3487 751 3510 in
772 3486 815 3510 via
835 3486 906 3510 tertia
925 3491 1024 3518 praeter
1043 3487 1060 3511 l.

1559 598 1738 635 Secunda
1766 598 1875 634 Parte
1895 596 1915 618 '¹‘
1943 595 2119 633 habitum
2147 603 2203 632 est
2230 595 2338 644 quod
2365 596 2517 632 nullum
2535 607 2623 644 pec-

1558 659 1688 689 catum
1722 657 1847 700 potest
1875 649 2014 686 remitti
2043 649 2124 686 sine
2156 648 2285 697 gratia.
2330 648 2460 686 Omne
2493 655 2625 685 autem

1557 711 1760 753 peccatum
1779 704 1939 740 mortale
1959 701 2212 739 contrariatur
2229 700 2386 750 gratiae,
2405 708 2441 738 et
2460 700 2625 738 excludit

1558 770 1656 795 eam.
1686 757 1797 795 Unde
1818 755 2054 805 impossibile
2075 763 2130 792 est
2149 755 2258 804 quod
2277 767 2403 792 unum
2421 761 2625 803 peccatum

1559 811 1641 848 sine
1669 810 1743 847 alio
1773 809 1986 846 remittatur
2003 808 2034 845 ²¹⁶.

1613 863 1794 901 Secundo
1824 862 1926 912 quia,
1956 861 2052 899 sicut
2071 870 2270 898 ostensum
2290 868 2345 897 est
2363 860 2395 907 ²¹²,
2423 867 2626 909 peccatum

1559 918 1720 954 mortale
1748 928 1830 953 non
1856 922 1981 965 potest
2009 914 2090 952 sine
2109 927 2202 952 vera
2220 913 2455 963 poenitentia
2474 912 2625 960 remitti,

1560 971 1609 1008 ad
1638 981 1758 1019 quam
1785 968 1948 1018 pertinet
1968 968 2143 1005 deserere
2163 975 2366 1017 peccatum
2393 966 2627 1016 inquantum

1561 1031 1616 1061 est
1644 1030 1777 1060 contra
1805 1022 1946 1059 Deum.
1990 1021 2110 1068 Quod
2138 1020 2299 1070 quidem
2331 1027 2387 1057 est
2415 1031 2627 1057 commune

1561 1076 1744 1113 omnibus
1772 1074 1937 1124 peccatis
1965 1073 2203 1111 mortalibus.
2233 1073 2309 1111 Ubi
2329 1080 2460 1110 autem
2489 1073 2627 1109 eadem

1561 1129 1656 1167 ratio
1685 1136 1751 1175 est,
1781 1135 1817 1165 et
1845 1127 1950 1165 idem
1971 1127 2140 1164 effectus
2169 1126 2282 1164 Unde
2302 1138 2382 1163 non
2401 1133 2526 1175 potest
2545 1137 2628 1162 esse

1560 1195 1651 1219 vere
1679 1180 1881 1233 poenitens
1916 1179 1983 1229 qui
2011 1180 2059 1217 de
2087 1192 2168 1216 uno
2201 1187 2360 1228 peccato
2395 1178 2565 1228 poenitet
2593 1186 2628 1215 et

1562 1248 1642 1273 non
1669 1235 1718 1272 de
1747 1234 1833 1272 alio.
1865 1233 1905 1271 Si
1933 1232 2039 1270 enim
2067 1231 2282 1281 displiceret
2309 1232 2345 1269 ei
2373 1231 2466 1268 illud
2493 1243 2628 1281 pecca-

1561 1297 1646 1325 tum
1675 1287 1767 1337 quia
1785 1293 1800 1316 Υ
1830 1289 1885 1324 est
1913 1294 2046 1323 contra
2073 1286 2203 1322 Deum
2232 1297 2349 1334 super
2377 1284 2510 1321 omnia
2537 1284 2628 1321 dile-

1562 1350 1680 1387 ctum,
1711 1340 1819 1391 quod
1847 1339 2053 1389 requiritur
2081 1338 2135 1375 ad,
2154 1338 2342 1375 rationem
2361 1349 2476 1375 verae
2494 1336 2629 1387 poeni-

1562 1394 1719 1440 tentiae,
1757 1400 1982 1442 sequeretur
2016 1392 2123 1441 quod
2161 1391 2209 1428 de
2245 1391 2428 1428 omnibus
2464 1389 2629 1440 peccatis

1562 1447 1784 1498 poeniteret.
1825 1446 1936 1484 Unde
1972 1445 2145 1494 sequitur
2177 1444 2284 1494 quod
2319 1443 2555 1494 impossibile
2583 1442 2630 1481 sit

1562 1513 1689 1539 unum
1716 1507 1920 1551 peccatum
1948 1498 2086 1536 remitti
2105 1496 2118 1520 ὃ
2147 1498 2229 1535 sine
2257 1497 2343 1535 alio.

1615 1553 1769 1600 Tertio,
1809 1553 1901 1602 quia
1937 1553 2014 1589 hoc
2048 1559 2146 1588 esset
2187 1559 2320 1588 contra
2354 1549 2630 1600 perfectionem

1562 1606 1846 1645 misericordiae
1875 1605 1959 1653 Dei,
1989 1604 2099 1642 cuius
2126 1605 2292 1654 perfecta
2318 1610 2403 1641 sunt
2430 1615 2559 1653 opera,
2587 1610 2631 1640 ut

1563 1660 1701 1698 dicitur
1728 1661 1836 1698 Deut.
1857 1671 1951 1696 xxxn
1969 1658 2000 1695 ³⁸.
2043 1658 2155 1696 Unde
2184 1657 2294 1694 cuius
2322 1657 2543 1705 miseretur,
2572 1663 2630 1697 to,-

1562 1714 1684 1751 taliter
1717 1712 1930 1753 miseretur.
1974 1712 2022 1749 Et
2056 1711 2133 1748 hoc
2167 1718 2223 1747 est
2257 1710 2364 1759 quod
2392 1709 2630 1758 Augustinus

1563 1767 1663 1813 dicit,
1684 1766 1724 1803 in
1743 1766 1840 1803 libro
1860 1766 1905 1802 de
1922 1765 2152 1802 Paenitentia
2170 1764 2208 1800 *z
2245 1763 2438 1806 Quaedam
2463 1764 2630 1813 impietas

1563 1821 1784 1869 infidelitatis
1811 1825 1863 1856 est
1889 1820 1937 1856 ab
1964 1818 2027 1855 illo
2056 1819 2119 1867 qui
2145 1818 2258 1854 iustus
2281 1823 2314 1853 et
2333 1817 2466 1854 iustitia
2485 1822 2547 1863 est,
2577 1816 2629 1853 di-

1563 1874 1717 1911 midiam
1745 1884 1898 1922 sperare
1924 1873 2084 1909 veniam.

1616 1928 1672 1963 AD
1702 1938 1838 1963 PRIMUM
1867 1936 1965 1962 ERGO
1993 1936 2176 1962 mCENDUM
2205 1923 2314 1973 quod
2341 1923 2508 1960 verbum
2536 1921 2630 1960 illud

1564 1978 1738 2028 Gregorii
1766 1990 1847 2016 non
1875 1985 1931 2014 est
1958 1977 2248 2025 intelligendum
2276 1983 2467 2026 quantum
2494 1976 2544 2014 ad
2572 1988 2630 2013 re-

1563 2032 1789 2070 missionem
1816 2032 1964 2080 culpae,
1994 2030 2061 2067 sed
2089 2037 2281 2079 quantum
2308 2029 2358 2066 ad
2377 2029 2631 2067 cessationem

1563 2087 1612 2123 ab
1641 2093 1745 2123 actu:
1785 2084 1877 2134 quia
1911 2083 2105 2120 interdum
2133 2082 2194 2120 ille
2229 2082 2297 2132 qui
2331 2083 2443 2132 plura
2474 2089 2631 2132 peccata

1563 2137 1764 2176 consuevit
1783 2137 2034 2183 committere,
2056 2135 2194 2173 deserit
2208 2141 2221 2157 ‘
2240 2147 2379 2182 unum,
2399 2147 2481 2173 non
2499 2143 2630 2173 tamen

1564 2192 1678 2230 aliud.
1710 2191 1829 2238 Quod
1858 2190 2017 2240 quidem
2042 2189 2086 2226 fit
2105 2188 2246 2227 auxilio
2275 2188 2421 2235 divino,
2450 2188 2558 2239 quod
2576 2195 2630 2227 ta-

1564 2257 1655 2283 men
1675 2257 1755 2282 non
1773 2243 1949 2293 pertingit
1977 2255 2101 2292 usque
2121 2242 2171 2280 ad
2189 2241 2458 2279 remissionem
2481 2243 2629 2291 culpae.

1589 2322 1597 2331 x
1617 2299 1675 2334 An
1702 2308 1891 2334 sECUNDUM
1919 2307 2102 2333 mCENDUM
2130 2295 2238 2344 quod
2257 2294 2297 2331 in
2315 2294 2437 2332 verbo
2457 2294 2520 2332 illo
2539 2296 2631 2332 Am-

1564 2350 1682 2388 brosii
1705 2350 1806 2398 fides
1840 2361 1921 2386 non
1956 2355 2081 2398 potest
2115 2347 2235 2397 accipi
2276 2359 2354 2397 qua
2388 2347 2555 2385 creditur
2590 2347 2631 2388 in

1567 2403 1783 2441 Christum:
1814 2402 1916 2451 quia,
1945 2409 1988 2438 ut
2015 2400 2252 2449 Augustinus
2272 2399 2372 2447 dicit,
2402 2413 2519 2450 super
2537 2400 2632 2439 illud

1565 2458 1669 2493 loan.
1689 2468 1737 2492 xv
1755 2455 1785 2502 ²¹⁸,
1816 2456 1857 2492 Si
1874 2467 1948 2492 non
1969 2455 2148 2492 venissem
2168 2460 2202 2491 et
2219 2454 2360 2491 locutus
2379 2455 2430 2490 eis
2449 2466 2524 2491 non
2533 2454 2631 2502 fiais·
2657 2462 2670 2474 ·

1565 2521 1655 2555 sem,
1678 2514 1874 2558 peccatum
1903 2520 1977 2545 non
2006 2508 2194 2553 haberent,
2225 2506 2363 2544 scilicet
2382 2505 2630 2546 infidelitatis:

1566 2563 1655 2599 Hoc
1682 2563 1781 2598 enim
1809 2567 1859 2598 est
1881 2566 2077 2611 peccatum
2106 2573 2177 2610 quo
2204 2566 2374 2597 tenentur
2396 2566 2530 2599 cuncta
2542 2572 2631 2610 pec-

1566 2621 1660 2653 cata.
1705 2614 1781 2652 Sed
1818 2613 2001 2663 accipitur
2034 2612 2132 2650 fides
2166 2625 2238 2662 pro
2267 2614 2513 2651 conscientia.-
2539 2612 2632 2663 quia

1567 2668 1760 2705 interdum
1779 2679 1848 2716 per
1866 2679 2012 2716 poenas
2032 2678 2129 2716 quas
2149 2665 2235 2715 quis
2253 2666 2441 2716 patienter
2459 2666 2630 2713 sustinet,

1566 2720 1815 2770 consequitur
1842 2719 2109 2757 remissionem
2130 2719 2277 2769 peccati
2305 2719 2415 2757 cuius
2434 2719 2631 2759 conscien-

1566 2774 1659 2811 tiam
1688 2786 1768 2811 non
1797 2773 1922 2810 habet.

1620 2829 1677 2864 AD
1709 2838 1868 2864 TERTIUM
1896 2838 2077 2863 DICENDUM
2107 2825 2215 2875 quod
2243 2833 2416 2875 peccata,
2451 2824 2631 2874 quamvis

1565 2892 1646 2917 non
1675 2879 1748 2917 sint
1775 2891 1949 2916 connexa
1977 2886 2168 2929 quantum
2196 2879 2246 2916 ad
2265 2878 2562 2916 conversionem
2580 2877 2631 2915 ad

1566 2933 1717 2970 bonum
1745 2932 2031 2980 commutabile,
2061 2939 2150 2969 sunt
2168 2939 2298 2968 tamen
2317 2942 2492 2968 connexa
2511 2942 2630 2979 quan-

1565 2994 1649 3023 tum
1687 2986 1735 3023 ad
1764 2985 2007 3024 aversionem
2045 2997 2067 3022 a
2095 2985 2200 3022 bono
2235 2982 2560 3029 incommutabili,
2590 2982 2630 3020 in

1565 3052 1643 3088 qua
1671 3038 1906 3076 conveniunt
1935 3037 2067 3075 omnia
2094 3044 2251 3087 peccata
2278 3035 2464 3074 mortalia.
2507 3036 2556 3073 Et
2583 3048 2630 3074 ex

1565 3093 1639 3130 hac
1666 3099 1772 3141 parte
1800 3091 1943 3129 habent
1963 3090 2151 3128 rationem
2171 3090 2354 3135 offensae,
2376 3101 2495 3138 quam
2515 3101 2630 3138 opor-

1565 3152 1616 3182 tet
1643 3157 1714 3194 per
1740 3143 2016 3194 poenitentiam
2043 3142 2134 3180 tolli,

1619 3199 1676 3234 An
1696 3209 1867 3240 QUARTUM
1895 3208 2077 3233 mci-:snum
2106 3195 2213 3244 quod
2242 3194 2415 3232 debitum
2436 3194 2631 3232 exterioris
2652 3244 2654 3246 Ι

1566 3250 1639 3297 rei,
1669 3257 1762 3299 puta
1789 3249 1996 3299 pecuniae,
2027 3259 2106 3285 non
2140 3247 2393 3285 contrariatur
2420 3247 2630 3295 amicitiae,

1618 3382 1645 3414 γ)
1665 3381 1842 3413 displiceret...
1860 3381 1931 3414 quia.
1949 3395 1968 3399 —
1985 3380 2086 3410 ”renisu
2107 3381 2253 3413 displicet...
2272 3382 2351 3414 quod.

1620 3416 1645 3449 ὃ)
1664 3417 1772 3442 remitti.
1790 3430 1810 3435 —-
1824 3423 1875 3447 per
1889 3415 2081 3448 poenitentiam
2102 3416 2202 3441 remitti
2220 3417 2303 3443 tertia.

1620 3452 1642 3486 ε)
1662 3452 1767 3477 deserit.
1786 3467 1804 3470 —
1822 3451 1908 3476 Tertia
1927 3450 2043 3484 (dixerit
2062 3451 2148 3475 scribit
2167 3451 2202 3485 1);
2222 3452 2327 3478 desinit.

2652 604 2662 613 ·
2672 602 2695 623 1⁸
2704 600 2760 628 ΠΜ,
2768 608 2808 630 qu.
2817 607 2864 629 cm,

2651 632 2694 677 ἓξὲξ
2704 633 2732 677 ⁷2³.
2745 634 2784 656 ‘¹¹¹'
2799 633 2865 656 ‘²¹¹¹’

2653 813 2663 823 ·
2678 811 2706 834 D.
2724 817 2784 840 1⁰¹3·

2652 866 2663 876 ·
2677 865 2728 888 Art.
2746 864 2853 893 pneeed.

2657 1665 2787 1693 ·νει-ι.4.

2657 1768 2667 1779 ·
2675 1767 2731 1790 Loe.
2738 1766 2778 1789 cit.
2787 1766 2811 1789 in
2821 1772 2847 1788 ιι·
2864 1782 2872 1788 .

2655 1793 2708 1842 ⁴3:¹¹.
2713 1795 2787 1842 §gnte-
2795 1803 2873 1851 liar-es:

2657 1846 2696 1896 fiel·
2790 1862 2800 1874 ,
2816 1845 2873 1869 dm.
