2918 4088
78 693 90 705 ·
102 693 154 716 Art.
170 692 274 721 praeced.

76 907 89 919 ·
101 905 169 947 Ῡοη.
182 913 215 936 ²5-

73 1273 202 1304 ‘ven-3·

69 1692 164 1720 ’να-ι.
179 1702 213 1726 ¹9·

65 2256 124 2280 'Ad

34 2286 178 2317 ,uum

64 2333 268 2364 ‘Vas-nonu.

67 2471 142 2494 ιω,
158 2445 268 2494 ..t-4⁰⁸⁹·

0 2484 178 2527 iw'AnA.

65 2808 159 2840 ‘yen-
174 2809 209 2833 ιδ.

229 2263 280 2305 “⁹7
308 2278 487 2327 instituta,
517 2292 617 2329 quae
645 2280 828 2330 competit
855 2282 980 2318 solum
1010 2281 1192 2318 maribus.

1010 209 1272 256 QUAESTIO
1301 209 1425 256 LXX,
1454 207 1745 247 ARTICULUS
1774 209 1804 246 II

2423 220 2492 256 117

1086 336 1403 380 ARTICULUS
1432 336 1731 382 SECUNDUS

771 429 926 461 UTRUM
952 430 1233 462 CIRCUMCISIO
1257 430 1416 462 FUEmT
1440 429 1782 461 CONVENIENTER
1806 430 2042 462 1NST1TUTA

558 506 582 530 1⁸
601 506 656 535 11⁸⁶,
676 514 720 539 qu.
740 514 784 538 cu,
803 513 849 533 art.
870 507 893 537 5,
913 509 944 534 ad
966 516 994 539 ι;
1015 509 1047 534 lV
1067 509 1150 538 Sent„
1171 510 1228 535 dist.
1247 517 1265 540 1,
1284 517 1327 542 qu.
1346 516 1364 539 1,
1383 514 1429 536 art.
1451 516 1475 539 2,
1494 509 1543 542 qu*
1561 516 1592 540 43
1612 517 1658 542 qu.
1675 517 1702 540 11,
1722 515 1768 534 art.
1790 516 1813 541 1,
1832 510 1881 543 qu·
1902 517 1926 541 2,
1947 509 1976 540 3;
1995 515 2042 534 art.
2063 517 2087 540 2,
2107 510 2156 542 qu·
2179 516 2200 539 ι,
2222 517 2245 535 2.

453 618 483 635 5
528 599 550 623 D
565 599 754 625 SECUNDUM
769 599 821 625 sic
837 600 1071 625 PRoctzmTUR.
1093 588 1253 625 Videtur
1271 589 1378 649 quod

342 617 500 700 ''f'fss'ffssssji
529 639 767 678 circumcisio
795 639 907 678 fuerit
934 641 1250 679 inconvenienter
1276 642 1378 679 insti-

333 678 515 748 ‘far-‘6⁹
528 700 619 730 tuta.
663 692 769 731 Sicut
796 692 901 730 enim
929 693 1076 730 dictum
1105 702 1159 731 est
1177 694 1212 741 *,
1242 694 1281 731 in
1309 694 1377 732 cir-

338 742 341 746 ’
372 739 469 781 Ἠῶ)
486 742 515 779 K
529 744 764 783 cumcisione
805 745 922 783 fiebat
962 747 1155 795 quaedam
1191 747 1376 796 professio

315 796 419 836 fidei.
464 798 540 836 Sed
568 810 591 835 a
618 806 776 848 peccato
804 798 919 847 primi
946 799 1116 836 hominis
1150 802 1278 837 nullus
1306 813 1377 837 un-

317 862 438 900 quam
455 850 592 888 salvari
610 850 735 900 potuit
752 850 824 888 nisi
843 863 914 900 per
926 851 1046 889 fidem
1065 852 1252 901 passionis
1269 853 1376 890 Chri-

316 903 380 941 sti:
416 903 633 941 secundum
659 903 753 941 illud
779 906 891 942 Rom.
912 916 945 941 111
963 904 1000 941 *z
1043 906 1161 947 Quem
1183 908 1377 967 proposuit

314 957 416 993 Deus
437 957 721 1015 propitiatorem
743 969 816 1006 per
831 958 953 1006 fidem
981 959 1018 994 in
1042 962 1226 1007 sanguine
1253 961 1374 1008 ipsius.

315 1009 418 1057 Ergo
455 1008 581 1046 statim
615 1017 702 1068 post
733 1017 936 1059 peccatum
967 1010 1082 1059 primi
1109 1011 1279 1048 hominis
1307 1011 1375 1048 cir-

315 1060 500 1101 cumcisio
518 1061 661 1099 institui
679 1062 822 1109 debuit,
843 1070 879 1100 et
897 1075 978 1100 non
997 1071 1170 1113 tempore
1185 1064 1374 1101 Abrahae.

369 1126 404 1152 2.
439 1115 679 1161 PRAETEREA,
718 1115 758 1152 in
794 1115 1084 1154 circumcisione
1125 1116 1377 1166 profitebatur

314 1168 436 1205 homo
465 1167 750 1205 observantiam
777 1169 914 1206 veteris
942 1169 1044 1217 legis,
1074 1168 1170 1212 sicut
1197 1169 1237 1207 in
1255 1170 1375 1220 bapti-

314 1232 400 1259 smo
427 1220 630 1270 profitetur
657 1221 941 1260 observantiam
969 1234 1094 1259 novae
1122 1222 1234 1271 legis:
1270 1223 1374 1260 unde

354 608 377 632 κί’
377 604 451 644 ἣις’

314 1274 523 1325 Apostolus
542 1273 641 1321 dicit,
666 1274 786 1312 Galat.
802 1287 826 1311 v
839 1275 876 1312 ²¹²:
906 1277 941 1313 T
938 1277 1096 1324 estificor
1114 1277 1219 1312 omni
1234 1277 1378 1313 homini

313 1327 591 1380 circumcidenti
614 1339 654 1364 se
681 1329 857 1377 quoniam
877 1328 1018 1366 debitor
1035 1334 1087 1365 est
1113 1330 1308 1366 universae
1325 1329 1374 1366 le-

312 1381 373 1431 gis
380 1380 595 1429 faciendae.
626 1380 704 1417 Sed
722 1380 849 1429 legalis
868 1381 1110 1418 observantia
1130 1393 1210 1418 non
1229 1390 1285 1419 est
1302 1390 1374 1419 tra-

313 1431 391 1470 dita
409 1440 583 1483 tempore
602 1433 792 1479 Abrahae,
813 1434 880 1471 sed
899 1434 1021 1482 magis
1039 1441 1213 1483 tempore
1232 1435 1372 1484 Moysi.

311 1486 414 1535 Ergo
434 1485 749 1523 inconvenienter
767 1486 934 1524 instituta
948 1495 1003 1524 est
1022 1486 1260 1524 circumcisio
1280 1495 1374 1525 tem·
1390 1497 1393 1501 ·

311 1550 406 1588 pore
438 1538 628 1576 Abrahae.

367 1591 402 1628 3.
436 1591 678 1637 PRAETEREA,
715 1591 954 1629 circumcisio
995 1591 1064 1629 fuit
1100 1591 1302 1640 figurativa
1339 1601 1375 1629 et

310 1643 575 1695 praeparativa
603 1643 793 1693 baptismi.
825 1645 902 1682 Sed
929 1644 1142 1694 baptismus
1175 1645 1375 1683 exhibetur

310 1695 494 1735 omnibus
521 1696 693 1746 populis:
723 1697 940 1734 secundum
967 1697 1061 1735 illud
1087 1699 1222 1735 Matth.
1248 1700 1313 1735 ult.
1334 1698 1371 1735 *z

308 1751 458 1796 Eunus,
483 1750 608 1787 docete
625 1762 754 1787 omnes
770 1757 909 1800 gentes,
929 1753 1150 1800 baptizantes
1169 1764 1240 1788 eos.
1271 1752 1372 1799 Ergo

310 1802 549 1840 circumcisio
587 1814 668 1840 non
705 1802 837 1840 debuit
872 1803 1015 1841 institui
1052 1811 1094 1840 ut
1131 1804 1374 1842 observanda

308 1862 460 1895 tantum
479 1855 527 1893 ab
547 1863 643 1893 uno·
650 1857 798 1907 populo
818 1857 1063 1904 Iudaeorum,
1093 1857 1160 1894 sed
1179 1858 1228 1894 ab
1248 1857 1372 1895 omni-

309 1908 384 1947 b‘us
410 1907 576 1960 populis.

363 1973 400 2009 4.
429 1962 668 2009 PRAETEREA,
704 1962 863 2000 carnalis
898 1962 1137 2000 circumcisio
1175 1963 1289 2000 debet
1315 1976 1372 2000 re-

309 2014 502 2065 spondere
521 2014 704 2065 spirituali
731 2015 828 2053 sicut
854 2015 978 2064 figura
996 2015 1170 2064 figurato.
1201 2017 1278 2054 Sed
1298 2016 1372 2066 spi-

310 2067 453 2106 ritualis
481 2067 740 2116 circumcisio,
777 2080 876 2118 quae
903 2068 948 2105 fit
973 2081 1044 2118 per
1072 2069 1286 2116 Christum,
1317 2069 1372 2106 in-

298 2119 529 2159 *differenter
556 2120 737 2158 convenit
763 2121 916 2171 utrique
940 2121 1062 2159 sexui:
1092 2122 1184 2171 quia
1205 2124 1242 2160 in
1266 2124 1371 2160 Chri-

307 2179 362 2212 sto
384 2175 470 2212 Iesu
499 2186 574 2211 non
594 2180 645 2211 est
663 2175 848 2212 masculus
867 2187 984 2224 neque
991 2175 1155 2223 femina,
1175 2183 1218 2212 ut
1236 2175 1373 2213 dicitur

313 2227 451 2264 Coloss.
465 2232 482 2248 ‘²
501 2239 533 2264 111
542 2226 573 2263 ²⁸².
603 2228 705 2275 Ergo
725 2227 1040 2265 inconvenienter
1058 2236 1113 2264 est
1132 2228 1370 2266 circumcisio

363 2333 437 2373 SED
465 2345 610 2371 CONTRA
638 2346 704 2371 EST
732 2334 850 2393 quod,
877 2333 973 2371 sicut
991 2333 1125 2382 legitur
1147 2325 1239 2371 Gen.
1255 2334 1370 2380 xvn*,

309 2385 547 2425 circumcisio
582 2394 638 2423 est
672 2386 841 2424 instituta
874 2399 898 2424 a
924 2387 1027 2435 Deo,
1065 2386 1174 2424 cuius
1203 2388 1372 2437 perfecta

307 2444 392 2477 sunt
419 2429 573 2489 opera*

371 2493 596 2530 REsposnEo
623 2504 806 2530 mOENDUM
827 2493 946 2542 quod,
976 2492 1073 2530 sicut
1100 2493 1246 2530 dictum
1266 2501 1321 2531 est
1338 2493 1370 2540 ²¹²,

309 2543 549 2582 circumcisio
577 2553 657 2582 erat
683 2545 967 2595 praeparatoria
992 2546 1042 2583 ad
1061 2546 1297 2595 baptismum
1316 2547 1370 2584 in-

309 2605 498 2648 quantum
534 2606 613 2635 erat
647 2599 840 2648 quaedam
872 2598 1058 2649 professio
1090 2599 1182 2636 fidei
1221 2599 1369 2647 Christi,

309 2662 430 2701 quam
458 2658 495 2688 et
521 2663 594 2689 nos
621 2650 662 2688 in
689 2651 880 2701 baptismo
908 2651 1148 2702 profitemur.
1178 2653 1278 2690 Inter
1304 2665 1370 2690 an-

308 2703 437 2753 tiquos
464 2711 595 2742 autem
622 2705 770 2751 Patres,
806 2705 956 2755 primus
983 2705 1182 2742 Abraham
1208 2706 1370 2755 promis-

308 2756 457 2795 sionem
487 2756 632 2807 accepit
650 2757 698 2795 de
719 2757 871 2797 Christo
890 2758 1093 2806 nascituro,
1114 2770 1206 2795 cum
1225 2758 1370 2796 dictum

307 2817 363 2848 est
391 2809 436 2857 ei,
470 2810 561 2847 Gen.
581 2822 652 2848 xxn
675 2810 714 2847 *z
755 2812 803 2848 In
839 2813 979 2848 semine
1013 2817 1076 2848 tuo
1112 2812 1371 2849 benedicentur

307 2875 436 2900 omnes
461 2869 590 2913 gentes
616 2869 750 2900 terrae.
780 2864 828 2900 Et
851 2864 932 2914 ipse
961 2863 1077 2902 etiam
1102 2864 1252 2913 primus
1279 2877 1319 2902 se
1347 2877 1370 2902 a

307 2915 485 2953 societate
513 2916 728 2953 infidelium
756 2917 980 2965 segregavit,
1017 2918 1233 2954 secundum
1261 2930 1368 2954 man-

273 2984 280 2996 »
307 2969 442 3006 datum
470 2968 629 3006 Domini
658 2969 815 3007 dicentis
840 2969 910 3007 sibi
929 2970 965 3007 *ε
995 2971 1188 3021 Egredere
1206 2970 1251 3007 de
1268 2976 1369 3008 terra

305 3027 369 3059 tua
396 3028 429 3059 et
456 3022 502 3059 de
528 3024 752 3072 cognatione
783 3029 857 3060 tua.
896 3024 944 3060 Et
971 3023 1059 3060 ideo
1097 3023 1370 3060 convenienter

308 3074 550 3112 circumcisio
578 3074 647 3112 fuit
674 3075 842 3114 instituta
868 3075 909 3114 in
936 3076 1145 3114 Abraham.

359 3207 387 3243 α)
409 3209 506 3235 Coloss.
517 3224 536 3228 —
547 3210 637 3235 Galat.
652 3210 681 3234 P.
694 3209 731 3235 Cf.
748 3210 837 3235 Galat.
851 3217 888 3235 ιιι.
904 3210 945 3235 28.
959 3217 1017 3234 cum
1033 3209 1086 3234 Col.
1101 3216 1137 3234 111.
1153 3215 1193 3237 ιι,
1208 3214 1232 3233 et
1246 3216 1291 3241 qq.
1302 3215 1366 3233 vat.

306 3249 353 3270 art.
373 3251 416 3270 10.
434 3252 489 3277 urg.
503 3245 526 3274 3.
545 3250 571 3270 et
587 3252 663 3270 rxxn.
681 3250 728 3270 art.
750 3252 790 3270 10.
810 3245 841 3269 ad
862 3244 886 3270 3.

359 3277 385 3314 β)
402 3279 487 3306 libitu.
505 3295 524 3300 —
542 3281 617 3306 libito
641 3280 679 3305 sG
699 3285 724 3304 et
748 3280 882 3305 editiones.
900 3294 920 3298 -
939 3280 988 3304 Pro
1011 3279 1206 3312 profitentibus,
1235 3279 1367 3311 aliquibus

304 3315 339 3347 Ρ;
357 3315 434 3340 Alias
448 3316 636 3348 profitentibus
655 3323 746 3348 margo
766 3316 793 3340 P.

357 3349 384 3384 γ)
398 3353 519 3383 peccata.
537 3365 557 3370 -
569 3355 709 3384 peccatum
729 3351 853 3376 editiones
873 3356 899 3375 et
916 3358 941 3376 a.

1484 591 1542 626 AD
1583 601 1718 627 patmum
1755 602 1853 627 ERGO
1894 602 2076 627 mel-:Noun
2117 590 2224 639 quod
2270 590 2491 628 immediate

1431 649 1518 691 post
1543 650 1746 692 peccatum
1773 641 1887 692 primi
1905 642 2082 692 parentis,
2102 651 2260 692 propter
2278 642 2492 680 doctrinam

1430 694 1550 744 ipsius
1577 696 1704 744 Adae,
1740 695 1807 745 qui
1833 697 1946 746 plene
1979 695 2184 733 instructus
2211 696 2333 733 fuerat
2360 696 2408 733 de
2437 696 2492 733 di-

1430 748 1546 794 vinis,
1583 749 1711 786 adhuc
1744 748 1841 786 fides
1875 756 1912 786 et
1939 748 2034 786 ratio
2061 748 2242 786 naturalis
2274 749 2425 797 vigebat
2452 749 2492 786 in

1430 801 1589 838 homine
1617 801 1657 838 in
1684 809 1833 839 tantum
1861 802 1968 851 quod
1995 814 2076 839 non
2095 802 2296 852 oportebat
2314 802 2491 839 determi-

1431 854 1513 891 nari
1540 854 1764 892 hominibus
1791 854 1918 904 aliqua
1946 854 2052 903 signa
2070 854 2162 892 fidei
2190 863 2226 893 et
2253 855 2394 902 salutis,
2423 855 2491 892 sed

1430 907 1697 956 unusquisque
1725 919 1796 957 pro
1825 919 1896 945 suo
1907 906 2058 945 libitu?3
2084 907 2206 946 fidem
2233 920 2343 947 suam
2373 907 2490 957 profi-

1429 960 1595 997 tentibus
1624 960 1737 1008 signis
1764 960 2044 1010 protestabatur
2060 960 2091 998 *.
2123 961 2200 999 Sed
2218 961 2318 998 circa
2336 969 2490 1010 tempus

1430 1013 1607 1050 Abrahae
1635 1013 1824 1050 diminuta
1851 1021 1930 1051 erat
1956 1013 2065 1061 fides,
2093 1013 2268 1063 plurimis
2295 1014 2346 1051 ad
2369 1014 2490 1051 idolo—

1429 1065 1577 1102 latriam
1605 1066 1892 1104 declinantibus.
1922 1066 2137 1104 Obscurata
2159 1066 2275 1104 etiarn
2295 1074 2376 1104 erat
2395 1067 2488 1104 ratio

1429 1118 1609 1156 naturalis
1627 1131 1696 1168 per
1714 1127 1966 1167 augmentum
1984 1119 2144 1157 carnalis
2158 1119 2489 1169 concupiscentiae

1429 1183 1554 1220 usque
1587 1172 1635 1208 ad
1667 1179 1822 1221 peccata
1845 1177 1860 1201 Υ
1888 1180 2021 1210 contra
2054 1180 2232 1210 naturam
2251 1173 2281 1210 ²¹².
2325 1174 2373 1211 Et
2400 1173 2488 1211 ideo

1429 1225 1702 1262 convenienter
1728 1232 1831 1271 tunc,
1861 1233 1897 1262 et
1921 1237 2002 1263 non
2021 1234 2118 1273 ante,
2147 1225 2216 1264 fuit
2233 1225 2401 1263 instituta
2419 1225 2488 1263 cir-

1429 1277 1625 1324 cumcisio,
1651 1277 1699 1314 ad
1726 1277 1991 1327 profitendum
2017 1278 2138 1316 fidem
2166 1287 2202 1316 et
2229 1278 2488 1316 minuendum

1429 1332 1621 1367 carnalem
1648 1330 2009 1380 concupiscentiam.

1481 1384 1538 1420 AD
1567 1395 1755 1421 SECUNDUM
1783 1396 1963 1421 DICENDUM
1991 1385 2099 1434 quod
2127 1384 2252 1434 legalis
2280 1385 2488 1422 observan-

1428 1435 1479 1472 tia
1506 1436 1603 1473 tradi
1630 1448 1711 1473 non
1729 1436 1862 1473 debuit
1886 1437 1958 1474 nisi
1975 1439 2123 1487 populo
2142 1437 2220 1474 iam
2239 1445 2485 1486 congregato:

1428 1488 1519 1537 quia
1546 1490 1606 1526 lex
1635 1489 1833 1526 ordinatur
1869 1490 1917 1526 ad
1946 1490 2096 1527 bonum
2127 1490 2344 1539 publicum,
2379 1498 2421 1528 ut
2447 1490 2487 1527 in

1430 1542 1608 1579 Secunda
1635 1543 1745 1579 Parte
1764 1541 1784 1563 '¹‘
1811 1541 1957 1579 dictum
1985 1551 2050 1580 est.
2085 1544 2258 1593 Populus
2285 1551 2415 1581 autem
2442 1543 2487 1580 fi-

1428 1594 1574 1631 delium
1601 1595 1890 1642 congregandus
1919 1603 1997 1632 erat
2024 1595 2153 1645 aliquo
2173 1595 2281 1644 signo
2301 1596 2484 1634 sensibili:

1428 1647 1535 1696 quod
1564 1655 1619 1683 est
1646 1647 1904 1684 necessarium
1932 1649 1981 1685 ad
2009 1649 2085 1686 hoc
2112 1649 2218 1698 quod
2246 1649 2424 1686 homines
2447 1649 2487 1686 in

1427 1712 1675 1749 quacumque
1695 1699 1874 1748 religione
1893 1701 2120 1749 adunentur,
2137 1702 2233 1739 sicut
2251 1702 2487 1750 Augustinus

1427 1752 1527 1798 dicit,
1548 1759 1678 1790 contra
1699 1755 1876 1790 Faustum
1895 1753 1925 1790 *.
1947 1755 1995 1791 Et
2013 1754 2100 1791 ideo
2120 1754 2288 1804 oportuit
2305 1755 2412 1804 prius
2430 1754 2486 1792 in-

1427 1805 1528 1842 stitui
1556 1805 1888 1843 circumcisionem
1917 1818 2036 1855 quam
2063 1809 2123 1844 lex
2149 1808 2313 1845 daretur.
2342 1808 2395 1845 llli
2419 1821 2486 1846 au-

1426 1866 1504 1896 tem
1532 1859 1662 1895 Patres
1690 1859 1756 1908 qui
1783 1859 1937 1896 fuerunt
1960 1868 2046 1897 ante
2065 1862 2200 1908 legem,
2219 1860 2379 1898 familias
2397 1873 2486 1898 suas

1426 1911 1685 1949 instruxerunt
1712 1912 1760 1949 de
1789 1912 1903 1949 rebus
1922 1912 2059 1950 divinis
2086 1925 2156 1962 per
2173 1914 2338 1950 modum
2363 1921 2486 1963 pater-

1427 1977 1499 2001 nae
1535 1964 1818 2002 admonitionis.
1862 1966 1973 2003 Unde
2011 1973 2047 2002 et
2082 1966 2275 2003 Dominus
2311 1966 2401 2004 dicit
2437 1967 2485 2004 de

1426 2017 1625 2055 Abraham
1643 2017 1680 2054 *ε
1711 2019 1794 2055 Scio
1823 2019 1922 2067 quod
1941 2025 2208 2068 praecepturus
2233 2021 2278 2056 sit
2293 2019 2389 2068 filiis
2411 2021 2487 2057 suis

1426 2076 1460 2108 et
1487 2071 1615 2108 domui
1632 2083 1722 2108 suae
1742 2077 1827 2120 post
1844 2084 1884 2108 se
1910 2077 1948 2108 ut
1966 2072 2170 2110 custodiant
2191 2074 2292 2110 viam
2318 2073 2484 2110 Domini.

1479 2125 1535 2160 AD
1573 2135 1732 2161 TERTIUM
1763 2136 1945 2162 DICENDUM
1977 2125 2085 2173 quod
2121 2125 2333 2174 baptismus
2370 2125 2411 2162 in
2445 2138 2485 2162 se

1425 2176 1594 2213 continet
1634 2176 1908 2225 perfectionem
1944 2177 2093 2224 salutis,
2136 2178 2186 2215 ad
2222 2190 2342 2227 quam
2378 2179 2486 2216 Deus

1426 2241 1563 2266 omnes
1581 2229 1760 2266 homines
1774 2237 1903 2267 vocat:
1925 2231 2140 2267 secundum
2159 2230 2253 2268 illud
2271 2232 2286 2268 I
2303 2232 2400 2268 Tim.
2415 2231 2483 2269 11²⁸:

1431 2283 1505 2324 Qui
1540 2282 1615 2319 vult
1651 2295 1778 2319 omnes
1813 2284 1979 2320 homines
2014 2284 2136 2321 salvos
2165 2285 2270 2332 fieri.
2313 2284 2362 2321 Et
2397 2284 2485 2322 ideo

1424 2334 1638 2384 baptismus
1665 2335 1848 2372 omnibus
1870 2335 2023 2385 populis
2041 2336 2280 2385 proponitur.
2312 2336 2484 2374 Circum-

1424 2387 1516 2425 cisio
1545 2396 1675 2424 autem
1702 2400 1783 2425 non
1802 2388 2020 2426 continebat
2046 2389 2319 2438 perfectionem
2342 2390 2483 2437 salutis,

1425 2441 1492 2478 sed
1512 2440 1748 2488 significabat
1766 2440 1890 2490 ipsam
1917 2449 1959 2479 ut
1985 2441 2158 2479 fiendam
2185 2454 2255 2491 per
2274 2442 2482 2490 Christum,

1425 2493 1492 2543 qui
1527 2501 1605 2530 erat
1641 2506 1688 2530 ex
1720 2494 1953 2532 Iudaeorum
1987 2496 2135 2544 populo
2163 2494 2388 2533 nasciturus.
2436 2497 2485 2533 Et

1425 2547 1512 2584 ideo
1541 2546 1592 2583 illi
1619 2546 1689 2583 soli
1716 2548 1863 2596 populo
1892 2547 1980 2584 data
2007 2555 2063 2584 est
2089 2547 2340 2586 circumcisio.

1478 2601 1536 2637 Αι)
1564 2611 1735 2642 QUARTUM
1762 2612 1943 2638 mel-:NDUM
1970 2601 2077 2649 quod
2105 2601 2405 2639 circumcisionis
2427 2601 2483 2639 in-

1425 2652 1566 2689 stitutio
1586 2650 1598 2674 δ
1627 2660 1682 2689 est
1709 2660 1751 2690 ut
1778 2652 1931 2701 signum
1957 2653 2051 2691 fidei
2077 2653 2275 2701 Abrahae,
2309 2654 2377 2704 qui
2404 2667 2483 2692 cre-

1424 2705 1518 2742 didit
1537 2717 1576 2742 se
1595 2713 1744 2754 patrem
1761 2705 1936 2743 futurum
1956 2706 2095 2744 Christi
2113 2706 2184 2744 sibi
2203 2707 2424 2756 repromissi
2442 2708 2480 2745 *ε

1424 2766 1461 2795 et
1487 2758 1574 2795 ideo
1607 2758 1880 2796 convenienter
1912 2759 2001 2796 solis
2027 2759 2200 2797 maribus
2227 2761 2480 2810 competebat.

1424 2813 1626 2848 Peccatum
1644 2811 1778 2848 etiam⁶
1794 2811 1985 2860 originale,
2001 2820 2133 2849 contra
2147 2813 2255 2862 quod
2274 2813 2484 2862 specialiter

1424 2863 1662 2901 circumcisio
1690 2863 1949 2912 ordinabatur,
1977 2878 2000 2902 a
2026 2873 2132 2914 patre
2153 2866 2323 2914 trahitur,
2352 2878 2432 2904 non
2460 2880 2483 2904 a

1424 2924 1563 2963 matre,
1600 2924 1642 2954 ut
1669 2916 1709 2954 in
1738 2917 1917 2955 Secunda
1944 2919 2055 2955 Parte
2073 2918 2093 2940 '¹‘
2120 2918 2266 2956 dictum
2294 2927 2360 2956 est.
2405 2919 2482 2959 Sed

1424 2969 1635 3019 baptismus
1673 2970 1839 3007 continet
1870 2970 2049 3007 virtutem
2088 2971 2246 3019 Christi,
2284 2972 2351 3021 qui
2378 2971 2390 2998 ζ
2428 2980 2483 3010 est

1423 3022 1647 3059 universalis
1684 3022 1812 3060 salutis
1848 3035 1964 3061 causa
2000 3024 2177 3062 omnium
2191 3054 2199 3070 ‚
2243 3032 2279 3061 et
2316 3027 2482 3063 remissio

1423 3077 1589 3113 omnium
1612 3081 1852 3125 peccatorum
1870 3075 1902 3113 ²⁸.

1472 3207 1497 3241 ὃ)
1517 3208 1726 3234 circumcisionis
1753 3208 1893 3234 institutio.
1911 3223 1930 3227 —
1950 3209 2115 3235 circumcisio
2143 3210 2266 3236 instituta
2293 3212 2347 3238 Ple.
2375 3210 2426 3235 Pro
2453 3219 2483 3240 ut

1419 3243 1535 3276 signum,
1556 3244 1582 3269 in
1601 3245 1706 3277 signum
1726 3244 1805 3269 FIsG.

1473 3278 1496 3312 ε)
1515 3279 1655 3305 Peccatum
1675 3279 1795 3305 etiam.-
1807 3279 1827 3303 F
1841 3284 1866 3304 et
1880 3280 1967 3310 κει-τῖες
1988 3281 2023 3305 Er
2037 3285 2177 3312 peccatum
2190 3282 2219 3312 E,
2234 3282 2324 3308 Etiam
2340 3290 2480 3315 peccatum

1420 3314 1505 3339 ceteri.

1472 3349 1497 3383 ζ)
1516 3350 1570 3383 qui.
1587 3365 1606 3369 -
1623 3357 1691 3383 quae
1709 3350 1774 3375 BDF
1794 3355 1819 3375 et
1837 3351 1909 3376 tertia
1928 3356 2030 3383 praeter
2049 3352 2077 3378 Ρ.
2097 3353 2146 3378 Pro
2164 3353 2259 3378 salutis
2283 3362 2373 3385 causa,
2398 3364 2480 3382 causa

1418 3385 1513 3410 salutis
1531 3385 1573 3410 EF
1593 3391 1618 3411 et
1637 3386 1718 3411 tertia.
1737 3386 1787 3411 Pro
1806 3386 1934 3416 remissio,
1954 3387 2116 3414 remissionis
2133 3389 2215 3415 tertia.

2618 918 2632 951 β

2518 971 2529 981 ·
2535 969 2570 992 Cf.
2579 968 2636 992 Gen.
2642 975 2693 997 cap.
2700 975 2732 995 iv,

2518 1002 2577 1018 vers.
2597 1002 2617 1025 3.
2636 1003 2663 1023 4;
2679 1002 2730 1024 cap.

2518 1029 2574 1049 vin,
2603 1029 2662 1045 vers.
2686 1028 2730 1048 20;

2518 1055 2600 1077 supra.
2620 1055 2658 1077 qu.
2680 1055 2730 1076 ui,

2518 1080 2560 1098 art.
2574 1082 2594 1104 3.

2615 1177 2631 1202 Υ

2517 1204 2527 1213 ·
2543 1202 2600 1224 Gen.
2616 1208 2666 1230 cap.
2677 1208 2729 1227 xni,

2517 1235 2616 1257 vers.t3;
2627 1235 2676 1257 cap.
2683 1235 2729 1255 xix,

2517 1261 2576 1278 vers.
2591 1261 2603 1284 5
2618 1262 2668 1284 sqq.

2515 1547 2526 1557 '¹
2539 1546 2562 1568 1·
2576 1546 2630 1573 11⁸⁸,
2641 1551 2679 1574 qu.
2690 1552 2726 1572 xc,

2515 1576 2557 1594 art.
2572 1579 2593 1594 2.

2514 1757 2589 1806 {ILiiu
2599 1757 2662 1785 XIX,
2675 1763 2726 1785 cap.

2514 2023 2727 2053 'Gen.cap.xv1u,

2513 2056 2572 2073 vers.
2590 2057 2624 2079 ¹9.

2513 2232 2524 2242 ·
2539 2230 2604 2252 Vers.
2620 2238 2643 2258 ⁴·

2611 2657 2625 2681 ὅ

2510 2709 2521 2718 ·
2535 2707 2571 2729 Aa
2583 2707 2657 2735 Rom„
2672 2714 2722 2736 cap.

2510 2740 2540 2760 ιν,
2556 2740 2615 2757 ven.
2632 2742 2654 2757 u
2671 2741 2722 2763 sqq.

2611 2824 2622 2840 Ε

2509 2921 2518 2930 “
2536 2919 2559 2940 ι·
2580 2919 2634 2944 11¹⁶.
2656 2925 2695 2947 qu.

2509 2950 2642 2973 nunni-1.
2657 2953 2676 2975 5.

2606 2974 2621 3003 ζ

2509 3029 2566 3051 ·.cf
2577 3029 2720 3051 Postcomm.

2509 3055 2553 3104 {2ss
2558 3056 2595 3084 3⁸⁸
2606 3056 2722 3084 postPen·
