2918 4088
225 428 235 438 ·
250 427 319 449 Num.
337 432 370 453 ¹4-

224 638 235 648 '¹
243 637 375 665 cap.1.—cf.
384 643 434 659 can.

223 663 291 685 Sicut
303 666 337 685 est
351 670 434 690 verus,

223 689 254 738 iile
259 690 434 717 Consecr.,dist.

320 743 333 768 θ

223 1060 305 1081 'Vere¹
317 1065 354 1086 ¹9³
369 1059 421 1080 lad

223 1086 293 1112 Cor„
317 1091 367 1113 cap.
386 1091 418 1112 xi,

221 1119 280 1134 vers.
296 1118 330 1137 24.

222 1140 232 1150 '
252 1139 375 1160 comment.
395 1138 419 1158 in

221 1165 283 1191 Luc„
299 1170 349 1192 cap.
361 1170 418 1189 xxu,

221 1196 418 1239 Eif⁸ea¹sszau²r‘3·.·‚{

221 1244 274 1265 Luc.
282 1249 330 1270 cap.
337 1249 390 1270 xxii,
398 1249 417 1265 e.

319 1328 333 1344 κ

220 1428 231 1439 ·
245 1427 310 1449 Vers.
327 1434 345 1449 ι.

219 1851 228 1862 ·
244 1851 303 1873 Pan.
321 1857 336 1872 1.

218 2166 229 2176 ·
236 2164 292 2213 (Σξιιρ.
299 2171 341 2192 xn,
349 2171 372 2187 n.
380 2170 411 2187 η.
419 2175 428 2180 -

218 2191 243 2213 S.
280 2191 301 2213 h.
317 2192 368 2213 lect.
383 2197 428 2212 xiv.

319 2228 336 2254 μ

219 2275 229 2285 ·
243 2274 310 2296 Vera.
325 2274 360 2296 28.

219 2534 230 2545 '
245 2533 311 2556 Vers.
326 2540 359 2562 57.

221 2903 231 2914 ·
246 2903 310 2926 Vers.
328 2911 346 2926 ι.

471 185 541 221 156

465 277 538 301 non
567 265 685 301 veniet
703 264 754 300 ad
778 276 853 301 vos.
882 264 974 300 Non
995 275 1083 311 ergo
1114 261 1285 299 Christus
1305 258 1520 295 secundum

463 316 717 366 praesentiam
732 318 972 365 corporalem
988 324 1042 352 est
1062 315 1099 351 in
1120 319 1356 350 sacramento
1372 309 1518 346 Altaris.

518 370 592 406 SED
621 381 764 406 CONTRA
784 381 849 406 asr
869 369 974 417 quod
995 367 1162 404 Hilarius
1191 365 1288 410 dicit,
1309 364 1348 400 in
1376 363 1457 399 VIII
1476 361 1521 397 de

468 424 503 459 T
501 424 570 459 rin.
591 422 627 459 ²¹⁴:
665 423 723 458 De
758 424 908 459 veritate
939 422 1062 458 carnis
1097 425 1129 455 et
1162 417 1356 466 sanguinis
1387 415 1522 451 Christi

464 488 538 512 non
559 481 608 512 est
636 475 780 511 relictus
807 473 1022 523 ambigendi
1042 473 1152 509 locus.
1183 471 1296 506 Nunc
1315 474 1348 504 et
1367 473 1384 494 η
1410 467 1519 516 ipsius

465 529 620 565 Domini
639 528 883 577 professione,
904 532 937 562 et
952 526 1036 573 fide
1055 530 1190 568 nostra,
1212 533 1302 558 caro
1330 522 1407 556 eius
1433 530 1520 556 vere

463 587 514 618 est
541 582 641 617 cibus
668 586 701 616 et
727 581 880 628 sanguis
907 580 983 614 eius
1010 589 1096 614 vere
1124 581 1173 611 est
1195 579 1314 623 potus.
1354 573 1402 609 Et
1429 572 1519 607 Am-

462 634 613 670 brosius
651 632 754 678 dicit,
780 633 829 668 VI
858 631 902 667 de
936 629 1183 666 Sacramentis
1202 626 1240 662 *τ
1278 627 1377 662 Sicut
1411 636 1519 662 verus

463 693 513 723 est
541 688 614 722 Dei
638 686 753 722 Filius
780 685 962 720 Dominus
993 683 1096 718 Iesus
1128 681 1308 723 ChristuS,
1343 679 1392 714 ita
1428 689 1519 714 vera

466 740 601 776 Christi
626 750 715 774 caro
744 743 793 773 est
822 747 932 785 quam
961 735 1172 783 accipimus,
1202 737 1235 768 et
1261 742 1370 768 verus
1395 727 1408 750 θ
1435 741 1518 766 san-

461 793 546 842 guis
573 792 649 827 eius
677 795 727 826 est
748 795 868 838 potus.

515 845 737 881 Rssspoxmsso
757 852 937 878 DICENDUM
957 839 1064 888 quod
1092 849 1230 874 verum
1250 847 1391 884 corpus
1412 835 1519 872 Chri-

462 896 507 933 sti
535 904 571 932 et
598 894 822 943 sanguinem
851 898 959 929 esse‘
987 891 1027 928 in
1055 891 1131 927 hoc
1158 896 1408 934 sacramento,
1438 900 1531 924 non

461 961 575 986 sensu
603 946 838 996 deprehendi
856 952 989 994 potest.
1011 943 1077 980 sed
1106 944 1187 980 sola
1213 942 1303 989 fide,
1324 953 1423 990 quae
1451 953 1518 978 au-

461 1000 626 1038 ctoritati
638 999 789 1036 divinae
819 997 998 1034 innititur.
1028 995 1140 1033 Unde
1160 1007 1277 1044 super
1303 994 1396 1031 illud
1421 995 1516 1031 Luc.

458 1066 529 1090 xxn
548 1053 578 1099 ²¹²,
598 1050 687 1090 Hoc
705 1058 755 1088 est
782 1063 916 1100 corpus
941 1061 1063 1086 meum
1093 1049 1192 1098 quod
1216 1060 1286 1097 pro
1313 1049 1417 1085 vobis
1444 1053 1518 1084 tra-

459 1107 575 1151 detur,
595 1104 683 1142 dicit
704 1103 866 1153 Cyrillus
885 1102 923 1139 ³¹⁶:
953 1103 1043 1139 Non
1073 1102 1212 1138 dubites
1230 1114 1279 1138 an
1299 1101 1370 1137 hoc
1387 1112 1518 1138 verum

458 1160 512 1204 sit,
530 1158 595 1194 sed
605 1159 728 1207 potius
746 1158 888 1205 suscipe
905 1157 1018 1193 verba
1038 1155 1239 1192 Salvatoris
1258 1155 1294 1190 in
1312 1153 1415 1201 fide:
1433 1165 1518 1190 cum

459 1213 556 1248 enim
583 1212 628 1247 sit
654 1211 799 1254 veritas,
822 1221 895 1245 non
925 1210 1107 1245 mentitur.

511 1264 597 1300 Hoc
616 1270 746 1299 autem
765 1261 1000 1298 conveniens
1020 1267 1086 1307 est,
1099 1260 1226 1310 primo
1246 1259 1417 1309 quidem,
1433 1270 1518 1308 per-

457 1316 610 1354 fectioni
628 1327 753 1352 novae
773 1314 874 1362 legis.
906 1303 1099 1352 Sad‘ificia
1113 1319 1129 1335 ²
1149 1313 1253 1350 enim
1271 1312 1409 1349 veteris
1429 1311 1518 1360 legis

458 1369 550 1406 illud
569 1381 706 1406 verum
726 1367 956 1405 sacrificium
974 1366 1162 1416 passionis
1182 1364 1322 1403 Christi
1349 1365 1518 1402 contine-

458 1423 549 1459 bant
577 1423 703 1458 solum
731 1420 770 1457 in
797 1420 940 1469 figura:
971 1420 1187 1457 secundum
1215 1419 1307 1455 illud
1326 1420 1425 1456 Heb.
1441 1418 1516 1455 x*:

462 1477 642 1514 Umbram
679 1476 816 1511 habens
853 1474 916 1510 lex
940 1474 1162 1522 futurorum
1200 1474 1403 1518 bonorum,
1443 1484 1517 1508 non

458 1531 576 1578 ipsam
604 1540 731 1564 rerum
760 1528 974 1576 imaginem.
1005 1527 1054 1563 Et
1081 1526 1168 1563 ideo
1198 1525 1366 1574 oportuit
1393 1532 1436 1561 ut
1454 1523 1518 1561 ali-

458 1581 552 1631 quid
571 1582 658 1630 plus
677 1580 835 1617 haberet
862 1579 1090 1616 sacrificium
1112 1590 1238 1615 novae
1258 1577 1348 1627 legis
1367 1590 1390 1615 a
1410 1577 1518 1614 Chri-

458 1642 516 1671 sto
544 1634 775 1670 institutum:
806 1640 848 1669 ut
875 1632 1014 1669 scilicet
1041 1631 1252 1669 contineret
1279 1631 1408 1680 ipsum
1435 1643 1518 1680 pas-

459 1699 558 1733 sum,
578 1699 659 1724 non
687 1687 815 1723 solum
842 1685 881 1722 in
910 1684 1184 1733 significatione
1208 1685 1270 1721 vel
1296 1684 1430 1732 figura,
1452 1683 1519 1720 sed

459 1739 574 1777 etiam
601 1739 640 1776 in
668 1739 722 1776 rei
747 1738 914 1775 veritate.
944 1739 992 1775 Et
1011 1738 1098 1775 ideo
1127 1738 1203 1774 hoe
1222 1744 1517 1784 sacramentum,

459 1792 566 1842 quod
594 1792 723 1842 ipsum
753 1790 945 1829 Christum
977 1790 1124 1828 realiter
1151 1790 1333 1837 continet,
1358 1797 1400 1827 ut
1427 1789 1519 1826 Dio-

458 1845 591 1895 nysius
610 1844 710 1891 dicit,
731 1857 763 1881 111
782 1857 864 1893 cap.
885 1843 905 1865 ²¹⁶
923 1845 1062 1881 Eccles.
1083 1845 1254 1890 Hieran,
1274 1851 1330 1880 est
1348 1844 1519 1893 perfecti-

457 1912 545 1937 vum
565 1898 578 1920 λ
598 1900 764 1935 omnium
783 1896 1105 1935 sacramentorum
1125 1897 1298 1943 aliorum,
1318 1895 1358 1932 in
1377 1895 1519 1945 quibus

458 1952 579 1990 virtus
608 1950 747 1988 Christi
774 1949 1032 1999 participatur.
1514 1979 1517 1981 .

512 2004 703 2051 Secundo,
725 2005 800 2040 hoc
819 2002 1002 2053 competit
1028 2002 1170 2040 caritati
1196 2001 1346 2048 Christi,
1368 2013 1415 2038 ex
1442 2014 1520 2051 qua

456 2071 528 2108 pro
557 2059 674 2095 salute
703 2064 832 2093 nostra
855 2068 995 2105 corpus
1022 2067 1160 2092 verum
1182 2062 1333 2092 nostrae
1361 2062 1519 2091 naturae

457 2110 672 2159 assumpsit.
693 2110 741 2146 Et
755 2109 846 2158 quia
861 2108 1028 2146 maxime
1042 2107 1245 2157 proprium
1264 2107 1450 2144 amicitiae
1466 2114 1521 2144 est

457 2166 652 2202 convivere
671 2164 811 2208 amicis,
826 2169 869 2198 ut
889 2161 1150 2210 Philosophus
1169 2160 1268 2206 dicit,
1284 2161 1336 2197 IX
1349 2162 1467 2198 Ethic.
1487 2160 1518 2207 ²¹⁸,

457 2217 516 2254 sui
534 2215 789 2266 praesentiam
808 2215 1046 2263 corporalem
1067 2214 1179 2251 nobis
1199 2213 1426 2263 repromittit
1444 2212 1484 2250 in
1502 2219 1519 2242 μ

456 2269 685 2320 praemium,
706 2269 840 2305 Matth.
861 2280 944 2305 xmv
962 2267 1000 2304 *z
1035 2269 1108 2305 Ubi
1120 2268 1241 2315 fuerit
1266 2279 1412 2316 corpus,
1433 2267 1519 2303 illuc

457 2324 789 2373 congregabuntur
807 2327 840 2357 et
858 2321 1015 2370 aquilae.
1036 2320 1191 2357 Interim
1209 2328 1340 2357 tamen
1359 2331 1431 2356 nec
1449 2332 1519 2356 sua

457 2375 671 2426 praesentia
697 2373 887 2423 corporali
914 2373 954 2410 in
983 2374 1055 2410 hac
1075 2372 1379 2422 peregrinatione
1408 2372 1518 2409 desti-

457 2429 540 2475 tuit,
561 2428 628 2465 sed
655 2440 724 2477 per
751 2426 949 2463 veritatem
973 2425 1145 2476 corporis
1174 2433 1210 2463 et
1237 2425 1431 2474 sanguinis
1459 2425 1519 2462 sui

458 2494 530 2519 nos
550 2481 621 2518 sibi
649 2478 845 2528 coniungit
863 2479 903 2516 in
931 2480 1007 2516 hoc
1026 2486 1277 2516 sacramento.
1307 2478 1418 2516 Unde
1437 2478 1519 2527 ipse

459 2535 559 2581 dicit,
579 2535 682 2571 Ioan.
703 2545 737 2570 vt
755 2532 793 2569 *ε
830 2534 904 2574 Qui
929 2532 1129 2569 manducat
1155 2544 1280 2569 meam
1305 2544 1459 2569 carnem
1487 2537 1519 2568 et

458 2589 546 2625 bibit
563 2599 688 2624 meum
714 2587 948 2635 sanguinem,
970 2587 1006 2622 in
1027 2597 1087 2622 me
1112 2591 1236 2622 manet
1255 2590 1288 2621 et
1313 2596 1385 2635 ego
1405 2586 1442 2622 in
1462 2597 1517 2622 eo.

458 2641 570 2678 Unde
607 2640 683 2676 hoc
719 2645 1003 2675 sacramentum
1037 2645 1093 2674 est
1129 2637 1320 2674 maximae
1358 2637 1519 2675 caritatis

459 2693 623 2742 signum,
645 2699 680 2728 et
707 2699 859 2728 nostrae
888 2690 968 2740 spei
997 2691 1344 2738 sublevamentum,
1366 2703 1412 2727 ex
1439 2698 1519 2727 tam

458 2745 631 2783 familiari
659 2744 928 2782 coniunctione
958 2743 1097 2780 Christi
1126 2744 1175 2780 ad
1203 2756 1285 2780 nos.
1517 2743 1520 2745 ’

511 2798 664 2846 Tertio,
694 2798 770 2834 hoc
797 2796 980 2846 competit
1007 2796 1229 2846 perfectioni
1263 2795 1376 2841 fidei,
1405 2808 1518 2845 quae,

459 2852 556 2889 sicut
587 2859 643 2888 est
677 2851 724 2887 de
759 2849 955 2887 divinitate
991 2849 1150 2896 Christi,
1185 2849 1235 2887 ita
1267 2856 1322 2886 est
1355 2849 1404 2886 de
1437 2849 1519 2886 eius

458 2904 715 2941 humanitate:
755 2902 973 2940 secundum
1009 2902 1103 2940 illud
1137 2903 1240 2939 Ioan.
1269 2914 1329 2939 Xiv
1353 2901 1391 2939 *t
1430 2903 1519 2939 Cre-

459 2958 539 2994 ditis
566 2959 602 2994 in
631 2958 776 3002 Deum,
811 2962 843 2992 et
875 2958 912 2992 in
945 2968 1005 2992 me
1037 2956 1183 2992 credite.
1222 2956 1271 2992 Et
1298 2955 1389 3005 quia
1422 2954 1519 2992 fides

459 3018 514 3047 est
549 3009 817 3056 invisibilium,
856 3008 952 3046 sicut
990 3008 1226 3046 divinitatem
1263 3020 1374 3045 suam
1407 3008 1519 3045 nobis

511 3139 539 3174 η)
558 3145 591 3166 et.
609 3154 628 3159 -
646 3141 715 3165 enim
734 3141 778 3171 sE,
797 3140 865 3165 enim
886 3144 912 3165 et
930 3140 997 3165 PIsB
1017 3146 1042 3165 et
1059 3148 1081 3166 c.

512 3175 536 3209 Θ)
556 3183 643 3201 verus.
659 3189 679 3194 -
695 3176 796 3206 Tertia;
815 3182 883 3200 vere.

514 3211 532 3245 ι)
551 3218 615 3235 esse.
632 3225 651 3229 -
669 3211 730 3235 Om.
758 3211 837 3241 BGH,
865 3215 925 3242 post
951 3214 1119 3236 sacramento
1146 3216 1245 3243 ponunt
1271 3211 1328 3236 abc.
1352 3225 1372 3230 —-
1397 3211 1447 3236 Pro
1466 3218 1517 3235 non

459 3253 546 3275 sensu,
561 3253 643 3277 neque
657 3252 733 3270 sensu
747 3253 828 3278 neque
841 3246 972 3270 intellectu
986 3246 1016 3275 E,
1028 3252 1105 3270 sensu
1120 3246 1295 3278 (deprehendi
1309 3253 1361 3271 non
1375 3247 1477 3278 potest)
1492 3247 1519 3277 P,

461 3289 544 3315 neque
561 3288 637 3306 sensu
658 3281 747 3311 ceteri;
767 3281 798 3305 cf.
818 3289 862 3313 qu.
881 3288 953 3305 Lxxvx
971 3286 1018 3306 art.
1037 3288 1061 3313 7.
1081 3289 1150 3314 corp.

515 3315 540 3350 κ)
560 3316 707 3344 Suet-isicia.
719 3329 739 3334 ·-
751 3316 926 3340 Sacramenta
939 3316 962 3340 H
976 3320 1000 3340 et
1015 3315 1149 3341 editiones.
1168 3316 1257 3341 Tertio
1276 3317 1333 3341 loco
1347 3315 1417 3350 (ante
1436 3323 1519 3340 novae

461 3351 537 3386 legis)
556 3354 751 3377 sacramentum
771 3351 798 3376 P.

513 3387 542 3420 λ)
555 3387 740 3420 perfectivum.
764 3400 784 3404 —
807 3385 894 3410 Tertia
919 3390 1020 3418 praeter
1043 3386 1067 3415 1;
1087 3386 1328 3418 perfectissimum:
1353 3385 1383 3410 cf.
1407 3393 1452 3418 qu.
1471 3393 1519 3410 va

461 3428 506 3448 art.
528 3423 551 3448 3.
571 3422 594 3455 β.
610 3436 630 3441 -
647 3422 762 3447 aliorum
782 3426 841 3446 ante
858 3424 1087 3446 sacramentorum
1107 3426 1206 3452 ponunt
1223 3421 1263 3446 Pl.

514 3458 542 3492 μ)
563 3459 597 3483 in.
615 3472 635 3476 —-
652 3457 671 3481 F
691 3462 716 3482 et
735 3457 821 3487 ται-πίας
841 3456 877 3481 ad
896 3457 935 3481 ed.
954 3463 979 3484 a,
998 3459 1024 3481 et
1042 3457 1128 3480 ceteri.
1145 3470 1165 3475 —
1183 3456 1246 3481 Post
1268 3456 1420 3487 praemium
1445 3456 1519 3480 tertia

461 3494 529 3518 addit
547 3493 644 3518 dicens.

1144 181 1406 230 QUAEsrlo
1434 179 1594 224 Lxxv,
1623 160 1916 214 ARTICUL'US
1944 177 1958 213 1

1574 255 1726 292 exhibet
1761 254 1934 291 Christus
1970 254 2223 302 invisibiliter,
2253 254 2303 292 ita
2331 263 2367 292 et
2401 255 2439 292 in
2474 255 2550 292 hoc
2577 266 2634 291 sa—

1574 315 1770 345 cramento
1799 319 1955 344 carnem
1984 319 2095 344 suam
2123 307 2235 344 nobis
2270 308 2422 344 exhibet
2456 307 2633 345 invisibili

1574 360 1705 397 modo.

1627 413 1738 459 Quae
1758 412 1915 461 quidam
1946 423 2027 458 non
2046 412 2293 457 attendentes,
2314 420 2527 462 posuerunt
2551 424 2633 449 cor·
2666 457 2669 462 .

1572 477 1646 514 pus
1666 472 1701 501 et
1721 464 1947 512 sanguinem
1976 464 2115 502 Christi
2134 477 2214 501 non
2234 477 2315 501 esse
2343 465 2383 502 in
2407 466 2483 502 hoc
2511 476 2633 502 sacra-

1573 525 1705 554 mento
1734 517 1805 554 nisi
1834 517 1930 555 sicut
1965 517 2004 554 in
2039 517 2158 565 signo.
2202 518 2322 564 Quod
2357 525 2413 554 est
2447 525 2634 567 tanquam

1573 570 1808 607 haereticum
1846 570 2124 616 abiiciendum,
2161 577 2293 619 utpote
2329 569 2456 607 verbis
2494 570 2633 607 Christi

1573 623 1819 660 contrarium.
1849 623 1961 660 Unde
1981 630 2017 659 et
2036 622 2299 670 Berengarius,
2320 622 2387 671 qui
2410 623 2559 671 primus
2578 623 2632 659 in-

1572 684 1710 713 ventor
1737 675 1853 712 huius
1881 675 2019 712 erroris
2037 682 2050 696 ⁹
2076 676 2208 722 fuerat,
2236 683 2369 724 postea
2396 682 2551 712 coactus
2579 683 2634 712 est

1573 741 1689 766 suum
1718 741 1889 766 errorem
1916 740 2108 776 revocare,
2135 735 2172 765 et
2198 728 2394 766 veritatem
2423 727 2515 765 fidei
2541 739 2633 765 con-

1571 782 1670 819 fiteri
1689 781 1720 818 ³⁸.

1625 836 1683 872 AD
1712 847 1846 872 PRiMUM
1875 846 1973 872 ERGO
1992 846 2174 872 chENDUM
2202 834 2309 883 quod
2329 846 2376 870 ex
2403 834 2476 871 hac
2503 840 2633 871 aucto-

1572 887 1678 925 ritate
1697 887 1878 937 praedicti
1898 887 2076 925 haeretici
2095 887 2337 924 occasionem
2359 886 2511 924 errandi
2529 899 2634 924 sum-

1571 949 1741 991 pserunt,
1761 942 1861 978 male
1884 940 2004 978 verba
2022 940 2224 989 Augustini
2251 939 2509 988 intelligentes.
2531 939 2634 977 Cum

1572 993 1677 1031 enim
1714 993 1950 1042 Augustinus
1987 993 2087 1040 dicit,
2127 994 2217 1031 Non
2255 995 2325 1031 hoc
2365 1005 2500 1043 corpus
2537 993 2636 1042 quod

1571 1048 1698 1085 videtis
1725 1047 1988 1084 manducazuri
2013 1048 2106 1092 estis,
2135 1058 2216 1084 non
2243 1045 2404 1083 intendit
2431 1046 2633 1083 excludere

1572 1100 1770 1137 veritatem
1798 1099 1969 1149 corporis
2005 1098 2164 1136 Christi:
2203 1099 2271 1136 sed
2305 1099 2413 1148 quod
2447 1111 2527 1136 non
2555 1106 2634 1136 erat

1571 1153 1891 1190 manducandum
1919 1152 1958 1189 in
1987 1153 2060 1189 hac
2087 1151 2213 1201 speeie
2247 1151 2287 1188 in
2315 1164 2393 1200 qua
2420 1151 2468 1188 ab
2497 1151 2551 1188 eis
2578 1151 2633 1188 vi-

1572 1205 1744 1243 debatur.
1775 1206 1848 1242 Per
1867 1206 1943 1242 hoc
1971 1212 2100 1241 autem
2129 1204 2236 1254 quod
2256 1204 2394 1250 subdit,
2416 1206 2634 1241 Sacramen-

1571 1265 1648 1295 tum
1676 1259 1778 1296 vobis
1805 1256 1985 1307 aliquod?
2014 1258 2287 1303 commendavi,
2316 1257 2553 1306 spiritualiter
2580 1258 2634 1293 in-

1571 1312 1751 1348 tellectum
1769 1307 1967 1359 vivificabit
1984 1322 2061 1356 vos,
2081 1322 2163 1347 non
2182 1309 2344 1347 intendit
2366 1309 2475 1359 quod
2494 1321 2635 1359 corpus

1573 1364 1713 1402 Christi
1741 1363 1787 1400 sit
1814 1363 1853 1400 in
1881 1363 1957 1400 hoc
1984 1370 2224 1400 sacramento
2259 1363 2387 1399 solum
2419 1363 2634 1400 secundum

1572 1417 1774 1467 mysticam
1802 1415 2130 1464 significationem,
2151 1416 2219 1452 sed
2247 1415 2488 1464 spiritualiter
2505 1421 2519 1437 ⁰
2547 1415 2633 1462 dici,

1571 1471 1678 1518 idest,
1707 1469 1943 1507 invisibiliter
1966 1477 2002 1506 et
2020 1481 2090 1518 per
2107 1468 2289 1506 virtutem
2317 1468 2479 1518 spiritus.
2508 1468 2633 1516 Unde,

1571 1536 1682 1573 super
1709 1525 1816 1560 Ioan.
1836 1522 1869 1570 ³¹⁸,
1890 1534 2088 1571 exponens
2111 1522 2205 1559 illud
2233 1522 2340 1571 quod
2360 1521 2509 1569 dicitur,
2533 1523 2634 1560 Caro

1573 1590 1647 1614 non
1670 1576 1823 1625 prodest
1841 1576 2041 1626 quidquam
2055 1575 2086 1621 *‚
2107 1574 2212 1612 dicit:
2243 1575 2326 1621 Sed,
2347 1587 2419 1624 quo
2443 1575 2554 1612 modo
2582 1575 2638 1612 illi

1572 1629 1840 1667 intellexerunt.
1881 1630 2045 1666 Carnem
2082 1630 2215 1678 quippe
2237 1633 2255 1649 π
2288 1629 2342 1664 sic
2378 1627 2636 1666 intellexerunt

1573 1682 1890 1728 manducandam,
1919 1694 1991 1731 quo
2019 1681 2131 1718 modo
2159 1683 2196 1718 in
2225 1681 2409 1719 cadavere
2435 1681 2637 1719 dilaniatur

1573 1742 1636 1773 aut
1662 1737 1700 1772 in
1729 1735 1886 1772 macello
1923 1735 2113 1772 venditur.-
2150 1747 2224 1772 non
2254 1746 2326 1783 quo
2360 1733 2471 1771 modo
2505 1734 2634 1784 spiritu

1571 1795 1774 1839 vegetatur.
1803 1788 1966 1825 Accedat
1991 1789 2140 1837 spiritus
2166 1787 2218 1824 ad
2243 1799 2410 1833 carnem,
2429 1793 2464 1824 et
2484 1786 2636 1836 prodest

1567 1843 1798 1892 plurimum:
1825 1853 1926 1887 nam,
1945 1842 1979 1878 si
2003 1852 2095 1878 caro
2123 1840 2214 1877 nihil
2235 1840 2437 1889 prodesset,
2475 1841 2635 1877 Verbum

1573 1907 1663 1932 caro
1692 1907 1767 1931 non
1784 1896 1918 1942 fieret,
1931 1899 1969 1930 ut
1996 1895 2177 1930 habitaret
2205 1894 2242 1929 in
2271 1894 2386 1930 nobis.

1626 1949 1684 1984 AD
1725 1959 1914 1984 SECUNDUM
1959 1958 2142 1983 mci-:NDUM
2187 1945 2295 1994 quod
2335 1945 2502 1982 verbum
2542 1944 2636 1983 illud

1573 1999 1786 2048 Augustini,
1807 2007 1844 2037 et
1871 1998 2003 2036 omnia
2031 1998 2178 2044 similia,
2203 2005 2292 2042 sunt
2319 1997 2561 2046 intelligenda
2587 1998 2636 2036 de

1574 2065 1736 2103 corpore
1765 2051 1905 2090 Christi
1934 2052 2150 2089 secundum
2178 2051 2286 2101 quod
2304 2051 2456 2088 videtur
2483 2051 2523 2089 in
2549 2063 2636 2101 pro-

1573 2105 1656 2156 pria
1683 2105 1827 2155 specie:
1858 2105 2075 2142 secundum
2109 2105 2217 2154 quod
2245 2104 2360 2142 etiam
2391 2104 2473 2154 ipse
2501 2104 2636 2143 Domi·-

1573 2172 1647 2197 nus
1675 2159 1778 2205 dixit,
1798 2159 1934 2196 Matth.
1955 2170 2039 2195 xxvi
2057 2157 2096 2195 *2
2125 2160 2196 2196 Me
2231 2163 2355 2195 autem
2388 2170 2463 2195 non
2490 2169 2637 2208 semper

1572 2213 1758 2250 habebitis.
1779 2210 2018 2249 Invisibiliter
2045 2218 2175 2248 tamen
2194 2210 2266 2248 sub
2290 2210 2492 2260 speciebus
2519 2210 2636 2249 huius

1572 2265 1800 2303 sacramenti
1825 2272 1879 2302 est
1897 2264 2135 2314 ubicumque
2155 2265 2232 2301 hoc
2250 2271 2535 2301 sacramentum
2551 2275 2635 2314 per-

1572 2318 1709 2356 ficitur.
2146 2362 2156 2369 .

1626 2373 1683 2408 AD
1709 2383 1868 2409 Ti-:R‘rium
1893 2382 2074 2408 DICENDUM
2095 2370 2203 2419 quod
2221 2381 2363 2419 corpus
2391 2369 2532 2407 Christi
2554 2381 2636 2408 non

1573 2432 1627 2461 est
1646 2436 1693 2461 eo
1722 2424 1842 2461 modo
1862 2423 1902 2461 in
1930 2430 2169 2460 sacramento
2189 2422 2286 2460 sicut
2313 2435 2455 2472 corpus
2476 2422 2516 2459 in
2535 2423 2634 2470 loco,

1572 2477 1679 2526 quod
1708 2476 1786 2514 suis
1823 2476 2129 2514 dimensionibus
2156 2477 2242 2513 loco
2278 2483 2633 2518 commensuratur:

1571 2530 1640 2567 sed
1667 2530 1841 2580 quodam
1878 2528 2063 2578 speciali?
2092 2529 2234 2576 modo,
2263 2529 2330 2578 qui
2365 2536 2420 2566 est
2456 2528 2635 2578 proprius

1571 2583 1663 2620 huic
1699 2590 1950 2620 sacramento.
1994 2582 2106 2620 Unde
2143 2579 2308 2619 dicimus
2349 2582 2458 2631 quod
2493 2594 2636 2632 eorpus

1573 2635 1712 2674 Christi
1740 2643 1795 2673 est
1821 2635 1862 2672 in
1890 2635 2049 2672 diversis
2077 2634 2269 2682 altaribus,
2290 2647 2371 2672 non
2398 2634 2495 2672 sicut
2512 2635 2553 2672 in
2581 2634 2635 2673 di-

1571 2689 1690 2726 versis
1718 2688 1831 2734 locis,
1861 2688 1929 2725 sed
1955 2690 2046 2725 sicut
2074 2690 2110 2725 in
2139 2694 2384 2725 sacramento.
2428 2689 2502 2725 Per
2528 2688 2636 2738 quod

1571 2755 1652 2780 non
1671 2741 1914 2790 intelligimus
1934 2741 2041 2790 quod
2062 2741 2236 2778 Christus
2255 2741 2301 2778 sit
2320 2741 2372 2778 ibi
2391 2742 2519 2778 solum
2539 2740 2635 2778 sicut

1571 2795 1611 2832 in
1640 2795 1759 2843 signo,
1786 2795 1871 2832 licet
1898 2801 2183 2832 sacramentum
2211 2793 2257 2831 sit
2285 2794 2325 2831 in
2351 2805 2488 2842 genere
2517 2793 2632 2842 signi:

1572 2849 1639 2885 sed
1665 2847 1908 2896 intelligimus
1934 2860 2076 2897 corpus
2105 2846 2244 2884 Christi
2272 2859 2354 2884 esse
2380 2846 2444 2892 ibi,
2465 2845 2562 2883 sicut
2578 2844 2635 2883 di-

1571 2909 1678 2939 ctum
1706 2909 1771 2948 est,
1793 2900 2009 2938 secundum
2037 2900 2203 2938 modum
2230 2899 2433 2950 proprium
2461 2898 2552 2936 huic
2579 2911 2634 2936 sa-

1572 2962 1781 2992 eramento.

1625 3009 1683 3045 An
1712 3019 1886 3050 QUARTUM
1913 3018 2095 3044 mensuum
2118 3005 2226 3055 quod
2250 3004 2346 3042 ratio
2374 3003 2437 3042 illa
2463 3004 2635 3054 procedit

1625 3139 1649 3174 ν)
1665 3140 1772 3172 primus
1800 3139 1923 3164 inventor
1949 3138 2027 3163 huius
2054 3137 2164 3163 erroris.
2190 3151 2210 3156 -
2231 3137 2339 3170 primus
2365 3137 2443 3163 huius
2471 3138 2572 3163 erroris
2590 3138 2634 3168 HI.

1567 3175 1733 3207 principium
1752 3175 1830 3200 huius
1847 3174 1950 3199 erroris
1969 3173 2001 3204 G,
2016 3173 2123 3205 primus
2136 3172 2235 3204 (primo
2254 3173 2281 3205 b)
2295 3172 2373 3198 huius
2391 3173 2493 3198 erroris
2512 3173 2636 3199 inventor

1571 3211 1679 3242 (ventor
1697 3211 1724 3243 la)
1743 3211 1781 3239 bc,
1797 3210 1904 3242 primus
1921 3208 2000 3234 huius
2017 3208 2119 3234 erroris
2137 3211 2234 3233 auctor
2252 3208 2279 3234 P.

1626 3244 1650 3279 ξ)
1669 3245 1742 3270 vobis
1760 3245 1877 3278 aliquod.
1895 3258 1915 3264 -
1931 3244 2003 3277 quod
2021 3243 2094 3269 vobis
2112 3244 2140 3268 P.

1625 3281 1651 3315 ο)
1670 3281 1856 3313 spiritualiter.
1879 3294 1899 3300 —
1921 3279 1996 3304 Alias
2020 3278 2219 3311 impassibiliter
2242 3286 2333 3311 margo
2352 3279 2379 3309 P,
2399 3279 2445 3303 sed
2469 3279 2634 3305 referendum

1571 3321 1611 3341 est
1630 3317 1661 3341 ad
1680 3316 1856 3344 invisibiliter,
1875 3323 1922 3348 pro
1941 3322 1994 3347 quo
2013 3314 2212 3346 impassibiliter
2225 3314 2272 3339 Hc.
2284 3328 2303 3333 -
2317 3314 2368 3339 Pro
2382 3314 2500 3347 spiritus,
2515 3315 2635 3347 Spiritus

1572 3351 1667 3377 Sancti
1684 3352 1724 3376 ed.
1743 3358 1760 3375 a
1780 3356 1805 3376 et
1822 3351 1895 3376 tertia
1914 3354 2015 3382 praeter
2033 3349 2056 3380 1;
2076 3349 2109 3375 cf.
2128 3350 2159 3374 ad
2178 3357 2205 3381 4.

1624 3386 1654 3420 π)
1673 3387 1777 3419 quippe.
1793 3400 1813 3405 ·-
1831 3386 1864 3417 P;
1882 3385 1988 3418 quidem
2001 3384 2100 3415 ACDE,
2113 3385 2179 3417 quid
2192 3385 2221 3413 Β,
2235 3385 2366 3416 quaedam
2379 3385 2420 3409 ed.
2433 3392 2458 3415 a,
2472 3385 2582 3417 quidam
2595 3385 2633 3417 G;

1570 3429 1678 3447 carnem
1697 3422 1793 3454 quippe
1810 3421 1849 3446 sic
1868 3420 2058 3445 intellexerunt
2075 3428 2128 3444 om.
2147 3420 2243 3445 FHlbc.
2260 3434 2280 3439 -
2299 3420 2514 3446 manducandam
2533 3428 2587 3446 om.
2605 3421 2634 3446 P.

1625 3457 1651 3491 ρ)
1669 3457 1785 3489 speciali.
1802 3470 1822 3476 -
1839 3455 1976 3488 spirituali
1993 3455 2084 3486 FHbe3
2103 3456 2151 3480 ΑΙ*
2166 3454 2257 3488 spiiali
2275 3463 2365 3489 margo
2383 3456 2411 3481 P.

2759 686 2772 703 ν

2661 782 2672 792 ·
2690 780 2726 803 ef.
2749 786 2798 803 can.
2819 780 2874 811 &a

2661 807 2875 861 {mlii-iffi

2760 1424 2775 1442 ο

2661 1527 2672 1539 ·
2685 1525 2764 1549 rme.
2778 1525 2878 1554 xxvn,

2661 1559 2826 1633 εεἭ-ν·
2843 1585 2876 1607 .‚

2759 1641 2778 1659 π

2662 2158 2677 2172 ·
2689 2157 2756 2181 vm.
2771 2163 2805 2182 n.
