2878 4088
80 338 119 360 lib.
130 337 159 364 11,
170 343 221 365 cap.
231 342 268 359 xv.

38 675 39 678 .
79 657 269 685 'Art.1‚nd4.

1011 179 1274 228 QUAESTIO
1302 178 1437 224 XLIX,
1458 178 1750 216 ARTICULUS
1777 180 1812 216 V
2449 181 2498 229 95

373 268 404 298 4.
428 259 632 295 Pmram,
655 258 847 290 verecundia
874 268 942 289 non
965 263 1012 289 est
1033 259 1095 289 nisi
1117 257 1157 288 de
1185 257 1272 298 turpi
1294 261 1384 291 actu,
1440 255 1524 286 dere.
1549 256 1612 287 Sed
1633 257 1703 288 talis
1726 267 1794 287 non
1825 264 1953 297 peccat,
1981 264 2016 288 ut
2038 259 2178 290 videtur:
2203 260 2278 300 quia
2302 259 2341 290 ad
2367 260 2430 290 hoc
2454 264 2502 290 est

24 323 27 325 Δ
80 310 202 334 werrae
212 310 290 336 orm„
318 303 497 333 secundum
520 303 758 334 Damascenum
773 304 800 333 ἦ
825 302 888 334 Sed
911 303 997 333 bona
1018 302 1215 332 matrimonii
1233 310 1300 332 non
1323 300 1385 330 tol·
1438 301 1681 331 matrimonium
1697 310 1888 331 concessum
1903 302 2061 332 humanae
2077 303 2260 339 infirmitati,
2277 309 2313 334 ut
2331 303 2499 334 fornicatio

318 347 390 378 lunt
412 347 666 378 erubescentiam
685 348 723 377 ab
746 347 803 378 illo
823 352 907 377 actu.
931 347 1017 387 Ergo
1040 356 1108 377 non
1130 351 1266 386 possunt
1289 353 1384 375 excu-
1438 344 1573 381 vitetur,
1597 350 1634 375 ut
1655 351 1743 385 patet
1766 345 1778 375 I
1797 345 1873 375 Cor.
1889 355 1932 375 vn
1948 346 1974 375 ἦ
1999 346 2083 386 Ergo
2108 348 2203 377 etiam
2226 348 2293 378 sine
2316 348 2409 377 bonis
2432 357 2499 377 ma-

318 401 386 422 sare
410 392 489 431 quin
513 391 553 421 sit
575 397 755 431 peccatum.
1438 388 1581 419 trimonii
1603 394 1710 429 potest
1732 394 1821 419 actus
1846 389 1913 419 eius
1937 390 2087 420 excusari.

372 435 435 466 San
460 445 594 471 CONTRA,
611 436 803 466 concubitus
827 434 1003 474 coniugalis
1026 443 1094 464 non
1117 433 1221 464 differt
1244 443 1262 463 a
1284 432 1384 463 forni-
1407 442 1415 462 ς
1495 433 1525 463 3.
1549 433 1746 469 Proin-maza,
1762 433 1814 463 ille
1831 433 1886 473 qui
1903 434 2002 463 utitur
2017 443 2050 463 re
2066 443 2123 463 sua
2139 433 2178 464 ad
2193 434 2329 470 libitum,
2341 444 2409 464 non
2425 434 2500 465 facit

317 480 403 510 cario
426 479 487 509 nisi
510 489 567 519 per
590 480 676 510 bona
699 479 905 509 matrimonii.
941 478 974 509 Si
997 487 1073 518 ergo
1097 478 1176 508 haec
1205 486 1273 507 non
1297 475 1383 506 suffi-
1439 482 1550 507 contra
1572 477 1739 513 iustitiam,
1764 482 1795 507 et
1817 477 1863 507 sic
1885 486 1953 507 non
1976 482 2106 516 peccat,
2131 483 2166 508 ut
2189 478 2322 508 videtur.
2358 478 2420 509 Sed
2442 488 2500 518 per

317 529 425 554 cerent
441 533 590 554 excusare
605 525 722 563 ipsum,
738 529 817 554 tunc
835 523 1078 553 matrimonium
1096 530 1222 561 semper
1236 521 1383 551 illicitum
1437 522 1679 551 matrimonium
1701 530 1783 552 uxor
1806 520 1941 551 efficitur
1962 530 2011 551 res
2034 521 2101 556 viri,
2118 526 2149 551 et
2172 531 2189 551 e
2213 531 2378 552 converso.
2402 522 2498 562 Ergo,

316 573 503 598 remaneret.
1437 565 1464 595 si
1487 574 1521 595 se
1543 566 1682 596 invicem
1705 564 1745 595 ad
1767 564 1894 595 libitum
1923 570 2058 595 utuntur
2088 565 2218 595 libidine
2240 571 2408 602 movente,
2431 575 2499 596 non

372 622 402 642 2.
423 612 619 648 pinninum,
636 612 724 642 bona
737 611 935 641 matrimonii
950 619 983 640 se
999 610 1118 640 habent
1133 608 1174 639 ad
1188 614 1297 639 actum
1313 607 1382 637 eius
1437 608 1562 639 videtur
1585 618 1653 639 esse
1677 614 1856 649 peccatum.
1880 609 1922 639 Et
1944 609 1989 639 sic
2012 608 2098 639 idem
2122 608 2212 648 quod
2234 610 2331 649 prius.

315 657 397 687 sicut
421 656 675 687 circumstantiae
699 655 833 691 debitae,
850 659 886 685 ut
901 654 1023 685 dictum
1047 659 1094 684 est
1108 654 1135 683 *.
1159 652 1223 683 Sed
1246 653 1383 682 circum·
1398 661 1423 675 ιο
1491 662 1523 691 4.
1548 653 1751 689 Palm-nm,
1775 652 1855 683 illud
1878 652 1968 692 quod
1991 658 2038 683 est
2064 653 2189 683 bonum
2213 662 2250 683 ex
2277 662 2409 692 genere,
2432 662 2500 683 non

315 701 447 731 stantiae
470 700 548 731 tales
580 699 774 730 sufficienter
796 698 918 729 faciunt
947 697 1037 738 quod
1060 703 1150 727 actus
1177 696 1291 736 aliquis
1314 704 1383 725 non
1437 695 1572 726 efficitur
1586 697 1709 727 malum
1723 697 1785 727 nisi
1808 706 1846 727 ex
1869 696 1953 727 mala
1968 697 2147 727 intentione
2163 696 2227 727 fiat.
2251 696 2315 727 Sed
2330 702 2418 726 actus
2433 705 2500 726 ma-

315 745 355 775 sit
376 744 490 775 malus.
515 744 600 784 Ergo
625 749 658 774 et
678 744 757 774 haec
776 743 862 772 bona
884 747 1020 782 possunt
1044 750 1194 771 excusare
1217 740 1382 771 matrimo-
1435 740 1589 776 trimonii,
1607 750 1674 781 quo
1698 741 1770 781 quis
1793 750 1884 771 suam
1908 741 2090 780 cognoscit,
2114 746 2161 771 est
2184 750 2222 771 ex
2245 750 2360 780 genere
2383 741 2499 770 bonus.

314 790 407 820 nium
432 794 469 819 ut
490 788 582 819 nullo
605 787 706 818 modo
730 788 770 817 sit
791 791 972 826 peccatum.
1435 784 1522 824 Ergo
1545 794 1613 814 non
1635 790 1742 824 potest
1756 784 1860 815 malus
1883 794 1951 815 esse
1966 785 2027 814 nisi
2050 785 2133 815 mala
2155 785 2334 815 intentione
2349 784 2413 814 fiat.
2438 783 2501 814 Sed

369 834 559 864 Rnsponnao
581 841 741 862 mmmmm
760 830 851 871 quod
865 835 954 860 actus
977 828 1093 859 dicitur
1109 829 1252 859 excusari
1275 826 1380 867 dupli·
1434 834 1542 868 potest
1564 829 1651 859 bona
1665 829 1844 859 intentione
1860 828 1929 859 fieri
1952 829 2048 859 etiam
2071 830 2097 859 si
2119 838 2187 859 non
2203 828 2345 859 intendat
2368 827 2500 868 aliquod

315 878 401 908 citer.
427 877 501 907 Uno
524 875 636 911 modo,
654 885 691 905 ex
714 880 803 915 parte
827 873 986 904 facientis:
1011 874 1055 903 ita
1078 872 1168 913 quod
1183 882 1252 902 non
1274 873 1381 911 impu·
1396 882 1418 902 ις
1435 873 1560 902 bonum
1582 873 1794 903 matrimonii:
1829 878 1908 913 puta
1930 882 2006 903 cum
2033 873 2104 913 quis
2134 873 2269 903 salutem
2299 872 2500 912 corporalem

313 927 398 952 tetur
421 920 550 951 facienti
572 920 606 950 in
636 919 782 958 culpam,
807 918 953 958 quamvis
983 917 1024 947 sit
1053 917 1170 953 malus,
1194 916 1245 947 vel
1268 916 1381 946 saltem
1434 926 1492 957 per
1514 917 1578 947 hoc
1600 916 1736 948 intendit
1759 926 1882 947 servare
1898 922 1953 947 aut
1975 918 2141 957 consequi.
2166 917 2252 957 Ergo
2268 916 2393 947 videtur
2409 916 2499 956 quod

313 975 381 996 non
403 965 438 995 in
459 969 580 994 tantam
604 963 751 1003 culpam;
775 963 858 993 sicut
879 961 1059 1002 ignorantia
1086 961 1201 991 dicitur
1230 969 1380 991 excusare
1435 961 1531 991 etiam
1554 961 1623 991 sine
1645 962 1840 991 matrimonii
1863 962 1958 991 bonis
1980 966 2069 991 actus
2091 961 2144 992 ille
2167 962 2268 1001 possit
2291 961 2442 991 excusari.

312 1014 483 1050 peccatum
505 1008 539 1038 in
555 1012 625 1038 toto
649 1007 700 1038 vel
722 1008 756 1038 in
771 1012 870 1047 parte.
886 1025 910 1029 —
931 1006 1006 1036 Alio
1029 1005 1131 1036 modo
1147 1005 1262 1036 dicitur
1284 1013 1380 1035 excu-
1489 1005 1552 1036 San
1580 1015 1722 1041 con-rm,
1747 1011 1872 1036 remota
1899 1015 1999 1036 causa
2029 1011 2212 1036 removetur
2233 1005 2363 1046 effectus
2378 1006 2405 1035 *.
2436 1003 2499 1035 Sed

312 1054 373 1084 sari
395 1057 485 1084 actus
508 1061 546 1082 ex
568 1057 658 1092 parte
681 1052 747 1082 sui:
779 1052 823 1081 ita
845 1050 966 1081 scilicet
996 1049 1086 1090 quod
1107 1059 1176 1080 non
1199 1049 1238 1079 sit
1265 1049 1378 1079 malus.
1435 1059 1530 1080 causa
1544 1050 1718 1080 honestatis
1734 1055 1823 1080 actus
1838 1049 2079 1080 matrimonialis
2102 1055 2176 1080 sunt
2191 1050 2386 1080 matrimonii
2401 1049 2497 1079 bona.

312 1098 354 1128 Et
375 1098 439 1128 hoc
461 1095 563 1127 modo
578 1095 740 1137 praedicta
755 1096 842 1126 bona
857 1094 1006 1126 dicuntur
1022 1103 1172 1125 excusare
1188 1099 1296 1124 actum
1311 1103 1379 1123 ma·
1394 1102 1420 1117 ²⁰
1434 1094 1520 1134 Ergo
1544 1095 1612 1124 sine
1636 1094 1680 1124 eis
1702 1103 1770 1124 non
1793 1099 1900 1134 potest
1922 1099 2010 1124 actus
2033 1094 2273 1124 matrimonialis
2297 1093 2448 1124 excusari.

311 1141 465 1172 trimonii.
1490 1147 1520 1168 2.
1544 1138 1740 1174 paam-anm,
1757 1147 1826 1168 non
1848 1137 1952 1168 differt
1967 1143 2055 1168 actus
2078 1137 2259 1178 praedictus
2275 1138 2313 1168 ab
2338 1143 2410 1168 actu
2433 1136 2498 1167 for-

367 1186 416 1216 Ex
439 1184 556 1216 eodem
571 1189 680 1215 autern
702 1184 798 1214 habet
813 1188 903 1214 actus
927 1182 1041 1223 aliquis
1057 1182 1147 1223 quod
1169 1191 1238 1212 non
1258 1182 1298 1212 sit
1312 1191 1379 1212 ma·
1433 1182 1554 1212 nicario
1570 1182 1632 1212 nisi
1654 1183 1688 1212 in
1702 1181 1871 1222 praedictis
1894 1182 1997 1212 bonis.
2022 1181 2085 1212 Sed
2102 1182 2292 1212 concubitus
2310 1181 2499 1212 fornicarius

312 1230 362 1261 lus
384 1230 419 1261 in
441 1238 559 1270 genere
581 1229 690 1265 moris,
708 1234 740 1259 et
762 1227 853 1269 quod
871 1228 911 1258 sit
933 1228 1055 1258 bonus:
1080 1227 1156 1267 quia
1171 1235 1239 1256 non
1263 1231 1310 1256 est
1325 1226 1380 1256 ali-
1434 1235 1560 1266 semper
1576 1231 1623 1256 est
1640 1226 1753 1257 malus.
1778 1226 1874 1266 Ergo,
1891 1226 2000 1256 sinon
2016 1231 2183 1256 excusatur
2202 1225 2370 1266 praedictis
2392 1225 2497 1261 bonis,

275 1286 286 1293 ·
313 1275 386 1315 quis
409 1279 498 1304 actus
520 1272 713 1309 indifferens,
730 1278 766 1303 ut
788 1273 823 1302 in
846 1272 873 1302 11
896 1271 977 1302 libro
993 1272 1010 1288 ⁴*
1033 1271 1156 1302 dictum
1175 1275 1231 1301 est.
1256 1270 1380 1300 Dicitur
1435 1271 1530 1300 etiam
1552 1270 1794 1301 matrimonialis
1817 1276 1905 1301 actus
1928 1279 2054 1310 semper
2077 1270 2135 1300 erit
2157 1270 2270 1300 malus.

225 1319 232 1331 ’
281 1318 287 1325 '
313 1318 552 1359 autema-inquis
568 1317 729 1348 humanus
747 1322 836 1347 aetus
852 1317 957 1346 bonus
973 1315 1151 1356 dupliciter.
1175 1315 1250 1345 Uno
1267 1313 1379 1350 modo,
1394 1326 1418 1346 25
1488 1315 1679 1345 Rasponmzo
1702 1324 1863 1344 maurinum
1886 1313 1986 1354 quod,
2008 1314 2090 1344 sicut
2113 1315 2199 1344 bona
2221 1314 2426 1349 matrimonii,
2450 1322 2499 1343 se-

307 1360 456 1394 ‘bonitate
479 1362 613 1392 virtutis.
638 1361 680 1391 Et
694 1362 739 1391 sic
755 1361 850 1391 habet
872 1365 962 1390 actus
978 1359 1068 1399 quod
1090 1360 1130 1390 sit
1152 1359 1257 1389 bonus
1278 1368 1316 1388 ex
1331 1358 1380 1388 his
1435 1357 1579 1389 cundum
1603 1357 1693 1398 quod
1715 1363 1790 1389 sunt
1804 1359 1836 1388 in
1860 1359 1981 1394 habitu,
1998 1357 2119 1388 faciunt
2133 1358 2375 1388 matrimonium
2397 1358 2499 1387 hone-

314 1416 398 1448 quae
412 1407 521 1447 ipsum
535 1406 569 1436 in
591 1405 701 1436 medio
717 1410 855 1445 ponunt.
879 1404 920 1434 Et
942 1404 1007 1434 hoc
1023 1403 1144 1434 faciunt
1166 1404 1200 1433 in
1223 1408 1297 1433 actu
1312 1411 1380 1432 ma·
1434 1408 1520 1433 stum
1535 1408 1567 1432 et
1581 1408 1744 1438 sanctum3
1764 1403 1808 1432 ita
1823 1402 1928 1438 etiarn,
1945 1402 2124 1432 secundum
2141 1401 2230 1442 quod
2246 1407 2320 1432 sunt
2334 1402 2368 1432 in
2384 1401 2500 1431 actuali

312 1451 456 1482 trimonii
467 1450 556 1492 fides
572 1455 604 1480 et
612 1450 735 1490 proles,
751 1455 788 1480 ut
803 1459 842 1479 ex
858 1448 949 1479 dictis
964 1449 981 1464 ⁴*
1004 1453 1100 1488 patet.
1116 1465 1139 1469 —
1161 1447 1236 1478 Alio
1258 1445 1379 1483 modo,
1411 1477 1413 1480 ,
1433 1447 1622 1482 intentione,
1639 1446 1759 1477 faciunt
1783 1452 1890 1476 actum
1912 1446 2107 1476 matrimonii
2130 1446 2317 1482 honestum,
2342 1450 2499 1486 quantum

313 1495 456 1526 bonitate
473 1494 678 1529 sacramenti,
695 1493 874 1524 secundum
898 1491 988 1532 quod
1003 1497 1092 1522 actus
1115 1501 1183 1522 non
1198 1490 1306 1521 solum
1321 1491 1379 1520 bo·
1435 1490 1475 1520 ad
1489 1490 1543 1520 illa
1566 1490 1632 1521 duo
1656 1491 1742 1520 bona
1757 1491 1952 1520 matrimonii
1969 1499 2051 1530 quae
2066 1490 2167 1530 ipsius
2190 1495 2298 1520 actum
2313 1490 2497 1530 respiciunt.

281 1556 283 1558 ·
312 1549 384 1576 nus,
400 1538 457 1570 sed
480 1539 576 1570 etiam
598 1543 726 1568 sanctus
750 1537 874 1568 dicitur.
909 1537 951 1566 Et
972 1536 1055 1566 hanc
1077 1536 1256 1565 bonitatem
1284 1535 1380 1564 habet
1395 1545 1420 1565 ιο
1434 1534 1528 1565 Unde
1553 1534 1683 1574 quando
1707 1535 1861 1574 coniuges
1878 1535 2075 1564 conveniunt
2098 1543 2192 1564 causa
2207 1534 2306 1574 prolis
2328 1543 2499 1573 procrean-

313 1588 403 1615 actus
416 1583 613 1614 matrimonii
626 1591 665 1612 ex
675 1581 923 1612 indivisibilitate
939 1579 1187 1615 coniunctionis,
1200 1578 1380 1609 secundum
1435 1578 1503 1614 dae,
1520 1579 1571 1609 vel
1594 1584 1630 1609 ut
1652 1579 1711 1608 sibi
1734 1579 1872 1608 invicem
1896 1577 2040 1608 debitum
2062 1577 2209 1614 reddant,
2231 1577 2320 1617 quod
2343 1577 2383 1607 ad
2395 1577 2499 1618 fidem

2527 353 2538 363 ·
2552 351 2619 374 Ven.
2635 358 2655 378 2,
2670 358 2690 380 5,
2706 358 2730 381 9.

2527 1006 2575 1028 ·Cf.
2581 1006 2739 1034 AristotJ’hy-

2525 1032 2610 1054 sialib.
2616 1033 2636 1054 11
2649 1039 2737 1061 cantu,

2525 1049 2737 1086 n,n;=.†h.1ect.

2524 1086 2739 1141 {;;.3.‚52?21.⁶A';71

2521 1138 2605 1167 pellat.

72 1632 288 1663 numano-p.
313 1637 412 1668 quam
435 1625 592 1667 significat
614 1625 879 1656 coniunctionem
911 1623 1029 1655 Christi
1052 1622 1092 1653 ad
1114 1623 1291 1653 Ecclesiam
1306 1623 1333 1652 *-
1358 1639 1378 1645 —
1433 1623 1585 1662 pertinet,
1611 1622 1750 1652 totaliter
1773 1628 1964 1652 excusantur
1986 1631 2004 1652 a
2026 1627 2171 1662 peccato.
2203 1621 2266 1652 Sed
2288 1622 2417 1652 tertium
2440 1622 2499 1651 bo-

73 1666 96 1689 ”’
109 1665 169 1683 '⁸⁸'
182 1665 266 1690 ³¹⁹³*
312 1671 354 1703 Et
375 1672 421 1702 sic
443 1676 531 1711 patet
553 1669 644 1710 quod
665 1669 828 1710 praedicta
850 1669 936 1698 bona
959 1666 1152 1698 sufficienter
1181 1672 1290 1697 actum
1312 1675 1380 1696 ma·
1433 1676 1514 1696 num
1536 1676 1605 1696 non
1627 1667 1765 1706 pertinet
1787 1665 1827 1696 ad
1849 1675 1945 1696 usum
1967 1666 2173 1701 matrimonii,
2190 1665 2246 1696 sed
2269 1665 2308 1696 ad
2331 1666 2499 1696 essentiam

311 1715 455 1747 trimonii
477 1719 639 1745 excusant.
1433 1710 1544 1750 ipsius,
1561 1715 1597 1740 ut
1620 1710 1742 1740 dictum
1771 1715 1819 1740 est
1833 1711 1860 1740 ’ᾗ
1896 1709 1990 1740 Unde
2020 1709 2095 1740 facit
2121 1710 2228 1749 ipsum
2258 1710 2500 1739 matrimonium
2527 1715 2538 1725 ·
2551 1713 2603 1735 Art·
2615 1720 2629 1743 3

366 1759 418 1790 An
440 1768 559 1789 mmm
580 1766 663 1788 mmo
687 1766 848 1787 mmmmm
863 1755 954 1796 quod
979 1764 1037 1795 per
1052 1755 1249 1785 matrimonii
1272 1760 1380 1784 actum
1395 1763 1417 1784 35
1433 1754 1624 1784 honestum:
1648 1763 1717 1784 non
1739 1759 1848 1784 autem
1871 1759 1979 1784 actum
2003 1754 2081 1789 eius,
2098 1758 2134 1783 ut
2152 1763 2209 1793 per
2231 1754 2296 1783 hoc
2319 1759 2407 1783 actus
2431 1754 2499 1783 eius

310 1813 381 1835 non
402 1803 534 1834 incurrit
555 1802 658 1832 homo
681 1801 714 1831 in
738 1800 894 1831 damnum
916 1799 1046 1830 rationis
1074 1804 1232 1839 quantum
1262 1797 1302 1828 ad
1324 1798 1380 1828 ha·
1434 1799 1555 1838 absque
1574 1803 1707 1838 peccato
1724 1797 1882 1834 reddatur,
1899 1798 1975 1837 quia
1995 1807 2088 1827 causa
2111 1797 2245 1828 alicuius
2261 1796 2499 1837 significationis

312 1848 426 1884 bitum,
442 1846 500 1878 sed
522 1846 629 1878 solum
659 1850 818 1885 quantum
840 1843 880 1875 ad
909 1849 1028 1874 actum.
1063 1843 1132 1873 Nec
1155 1848 1202 1873 est
1225 1843 1379 1872 inconve-
1434 1843 1642 1873 conveniunt.
1666 1842 1708 1872 Et
1730 1841 1805 1872 ideo
1828 1841 1955 1872 duobus
1978 1841 2054 1872 solis
2077 1841 2182 1872 modis
2203 1842 2356 1881 coniuges
2379 1842 2500 1881 absque

311 1892 404 1923 niens
427 1890 517 1932 quod
540 1889 738 1931 quandoque
753 1889 868 1929 aliquis
883 1894 972 1919 actus
995 1887 1110 1918 melior
1129 1886 1310 1918 secundum
1324 1895 1379 1926 ge·
1435 1887 1525 1917 omni
1547 1892 1682 1926 peccato
1706 1886 1920 1916 conveniunt:
1945 1885 2065 1916 scilicet
2083 1895 2178 1916 causa
2193 1885 2409 1926 procreandae
2424 1895 2499 1925 pro-

311 1946 374 1967 nus
396 1945 492 1967 suum
519 1935 769 1974 interrumpatur
800 1943 859 1974 pro
883 1933 993 1972 aliquo
1025 1932 1133 1962 minus
1163 1932 1253 1962 bono
1286 1936 1378 1961 actu:
1434 1931 1482 1967 lis,
1499 1936 1530 1962 et
1553 1930 1651 1961 debiti
1674 1929 1827 1961 reddendi
1842 1931 1869 1960 ’ἢ
1903 1930 1990 1960 Alias
2013 1935 2121 1960 autem
2144 1939 2270 1970 semper
2293 1934 2340 1960 est
2361 1930 2406 1960 ibi
2424 1939 2500 1970 pec·
2526 1932 2598 1986 inci
2622 1939 2661 1961 qu·
2684 1939 2739 1960 ιιι,

288 2264 291 2267 »
313 2246 482 2277 rationem.
505 2245 547 2275 Et
569 2243 644 2274 ideo
667 2243 748 2273 ratio
770 2252 839 2273 non
862 2243 1016 2282 sequitur.

312 1981 377 2011 hoc
399 1980 487 2011 enim
509 1979 578 2010 sine
600 1983 734 2019 peccato
758 1977 827 2008 fieri
848 1982 965 2018 potest,
982 1977 1064 2006 sicut
1086 1981 1174 2016 patet
1196 1976 1230 2006 in
1258 1985 1298 2005 eo
1323 1975 1377 2015 qui
1394 1983 1421 2003 4⁰
1435 1981 1552 2011 catum,
1570 1974 1609 2005 ad
1631 1975 1740 2005 minus
1764 1974 1896 2005 veniale.

313 2025 353 2056 ab
376 2030 450 2055 actu
473 2023 756 2063 contemplationis
779 2026 880 2052 cessat
902 2026 938 2052 ut
960 2020 1121 2051 interdurn
1137 2020 1255 2050 actioni
1277 2024 1378 2049 vacet.
1489 2019 1540 2049 An
1563 2028 1681 2049 ramim
1695 2028 1779 2049 aneo
1798 2028 1958 2048 mcmmuu
1974 2017 2064 2058 quod
2079 2018 2185 2058 proles
2200 2023 2298 2058 prout
2313 2023 2360 2048 est
2374 2018 2499 2048 bonum

367 2069 419 2100 An
452 2077 615 2099 szcunmm
643 2076 805 2097 mmmmm
836 2064 925 2106 quod
947 2065 1027 2095 ratio
1050 2064 1104 2094 illa
1134 2063 1323 2104 procederet
1354 2063 1380 2093 si
1434 2063 1632 2099 sacramenti,
1649 2061 1735 2093 addit
1750 2071 1845 2102 supra
1866 2062 1993 2102 prolem
2007 2067 2105 2102 prout
2128 2067 2175 2092 est
2194 2062 2318 2092 bonurn
2339 2062 2500 2092 intentum

312 2113 436 2144 malum
459 2111 549 2152 quod
572 2111 822 2152 inseparabiliter
845 2110 1016 2140 comitatur
1046 2108 1256 2138 concubitum
1266 2112 1381 2144 ,·esset
1435 2117 1453 2137 a
1475 2113 1596 2137 natura.
1621 2107 1741 2137 Natura
1764 2106 1851 2136 enim
1873 2106 2009 2136 intendit
2024 2106 2149 2146 prolem
2171 2111 2270 2146 prout
2291 2106 2326 2136 in
2348 2107 2417 2146 ipsa
2439 2105 2499 2136 sal-

313 2157 436 2189 malum
459 2156 583 2196 culpae.
607 2155 704 2186 Nunc
727 2160 835 2185 autem
857 2163 926 2184 non
949 2158 996 2183 est
1018 2153 1141 2183 malum
1169 2152 1300 2192 culpae,
1324 2150 1381 2182 sed
1434 2157 1526 2182 vatur
1555 2152 1680 2182 bonum
1710 2150 1846 2190 speciei:
1878 2149 1934 2180 sed
1956 2151 1991 2180 in
2013 2150 2104 2190 prole
2133 2149 2312 2180 secundum
2340 2149 2430 2190 quod
2453 2155 2500 2180 est

313 2211 422 2242 poena
442 2206 582 2236 tantum,
611 2209 694 2240 quae
719 2204 766 2229 est
787 2197 1006 2228 inobedientia
1036 2196 1317 2236 concupiscentiae
1340 2195 1380 2226 ad
1395 2202 1418 2223 45
1435 2196 1561 2226 bonum
1590 2195 1779 2225 sacramenti
1805 2194 2019 2229 matrimonii,
2049 2194 2132 2224 ultra
2157 2194 2222 2224 hoc
2250 2194 2435 2234 intelligitur
2464 2199 2500 2224 ut

1435 2240 1541 2280 proles
1564 2244 1711 2279 suscepta
1726 2239 1858 2269 ulterius
1882 2237 2047 2268 ordinetur
2061 2238 2095 2268 in
2114 2238 2230 2268 Deum.
2255 2238 2296 2268 Et
2311 2238 2385 2268 ideo
2402 2247 2500 2277 opor-

370 2290 421 2320 An
444 2298 580 2319 ram-nm
602 2297 763 2318 mmmmm
786 2286 876 2327 quod
905 2284 1195 2326 superabundantia
1224 2284 1381 2325 passionis
1435 2289 1480 2314 tet
1503 2283 1593 2324 quod
1615 2284 1751 2314 intentio
1774 2288 1915 2318 naturae,
1933 2292 1997 2322 qua
2019 2282 2145 2322 prolem
2167 2282 2313 2318 intendit,
2336 2282 2499 2318 referatur,

316 2343 400 2374 quae
423 2332 498 2364 facit
519 2333 644 2368 vitium,
660 2341 728 2362 non
751 2331 922 2362 attenditur
937 2329 1116 2361 secundum
1139 2329 1381 2369 quantitativam
1436 2334 1509 2359 actu
1532 2328 1584 2358 vel
1598 2328 1723 2363 habitu,
1747 2327 1787 2358 ad
1809 2326 2022 2357 intentionem
2051 2326 2150 2366 prolis
2180 2331 2277 2366 prout
2300 2331 2347 2356 est
2375 2326 2500 2356 bonum

315 2378 416 2419 ipsius
438 2378 664 2418 intensionem,
684 2375 740 2406 sed
755 2375 934 2406 secundum
954 2374 1200 2414 proportionem
1223 2372 1263 2403 ad
1285 2373 1381 2403 ratio-
1436 2373 1640 2403 sacramenti:
1666 2372 1741 2402 alias
1770 2376 1903 2402 staretur
1925 2371 1959 2400 in
1982 2376 2139 2406 creatura,
2164 2370 2254 2410 quod
2276 2371 2344 2400 sine
2366 2375 2499 2410 peccato

315 2431 402 2454 nem.
418 2421 513 2453 Unde
523 2426 602 2452 tunc
613 2420 721 2450 solum
731 2420 837 2460 passio
853 2424 1017 2459 reputatur
1028 2417 1239 2448 immoderata
1250 2416 1381 2457 quando
1397 2426 1422 2446 5⁰
1437 2426 1505 2447 esse
1528 2426 1596 2447 non
1618 2421 1734 2456 potest.
1758 2416 1799 2446 Et
1814 2414 1899 2451 ideo,
1916 2414 2046 2454 quando
2062 2420 2174 2444 natura
2196 2419 2321 2444 tantum
2336 2419 2446 2444 movet
2461 2414 2501 2444 ad

316 2466 433 2497 limites
455 2465 586 2496 rationis
609 2464 742 2495 excedit.
766 2464 944 2494 Delectatio
963 2468 1072 2493 autem
1095 2472 1179 2502 quae
1194 2461 1230 2492 fit
1251 2462 1286 2491 in
1309 2466 1382 2492 actu
1438 2466 1546 2491 actum
1567 2460 1773 2496 matrimonii,
1790 2469 1858 2489 non
1881 2464 2049 2489 excusatur
2071 2468 2089 2488 a
2111 2463 2245 2498 peccato
2270 2459 2416 2494 omnino,
2440 2459 2502 2488 nisi

317 2510 554 2546 matrimoniali,
572 2509 718 2549 quamvis
741 2509 781 2538 sit
795 2507 1007 2539 intensissima
1029 2505 1209 2537 secundum
1225 2506 1383 2546 quantita·
1437 2506 1630 2545 inquantum
1653 2510 1761 2534 motus
1783 2509 1914 2534 naturae
1931 2502 2104 2539 ordinatur,
2121 2507 2194 2533 actu
2216 2503 2267 2533 vel
2283 2502 2403 2538 habitu,
2420 2502 2501 2532 ulte-

317 2561 400 2591 tem,
424 2564 492 2585 non
514 2559 622 2584 tamen
646 2552 770 2584 excedit
801 2553 918 2583 limites
940 2552 1000 2582 sibi
1023 2561 1051 2581 a
1067 2551 1192 2581 ratione
1225 2549 1383 2590 praefixos
1437 2550 1503 2580 rius
1526 2549 1566 2579 ad
1588 2548 1715 2589 prolem
1738 2547 1917 2578 secundum
1940 2546 2031 2587 quod
2053 2552 2100 2577 est
2122 2547 2247 2577 bonum
2270 2547 2503 2576 sacramenu‘.-

318 2604 391 2630 ante
410 2598 605 2639 principium
628 2607 740 2628 suum:
766 2597 912 2637 quamvis
926 2597 960 2626 in
982 2596 1052 2635 ipsa
1067 2595 1279 2625 delectatione
1301 2594 1382 2624 ratio
1437 2594 1506 2624 Nec
1529 2599 1637 2624 tamen
1660 2593 1804 2632 sequitur
1827 2591 1918 2632 quod
1946 2597 2054 2621 motus
2077 2596 2208 2621 naturae
2231 2591 2270 2621 sit
2291 2591 2404 2620 malus.
2440 2589 2503 2620 Sed

318 2653 375 2674 eos
399 2642 546 2673 ordinare
567 2651 636 2672 non
659 2642 770 2682 possit.
1399 2646 1421 2667 55
1438 2637 1529 2678 quod
1552 2638 1591 2668 sit
1613 2636 1836 2677 imperfectus,
1858 2636 1920 2666 nisi
1942 2635 1983 2666 ad
2005 2634 2138 2675 aliquod
2160 2635 2285 2665 bonum
2307 2635 2503 2664 matrimonii

372 2687 424 2718 An
449 2696 598 2717 QUARTUM
620 2695 780 2716 mmmmm
796 2684 885 2725 quod
908 2682 1073 2724 turpitudo
1090 2692 1173 2723 quae
1196 2692 1322 2723 semper
1338 2687 1385 2712 est
1437 2682 1570 2713 ulterius
1594 2681 1768 2712 ordinetur.

317 2732 352 2763 in
375 2737 449 2762 actu
471 2730 699 2761 matrimoniali
722 2735 754 2760 et
777 2729 1029 2760 erubescentiam
1052 2727 1136 2764 facit,
1154 2732 1200 2757 est
1218 2726 1384 2767 turpitudo
1494 2726 1544 2756 An
1569 2735 1732 2756 sneuunuu
1754 2734 1914 2755 mmmmm
1937 2723 2037 2764 quod,
2054 2724 2078 2753 si
2096 2723 2210 2763 aliquis
2232 2732 2290 2763 per
2305 2728 2414 2753 actum
2435 2731 2503 2752 ma-

317 2785 454 2817 poenae,
472 2780 503 2806 et
525 2784 594 2805 non
617 2774 747 2814 culpae:
782 2774 858 2814 quia
890 2772 930 2803 de
954 2772 1100 2813 quolibet
1132 2770 1259 2802 defectu
1282 2771 1384 2801 homo
1438 2771 1583 2801 trimonii
1605 2769 1749 2800 intendat
1770 2770 1868 2799 vitare
1883 2768 2131 2799 fornicationem
2150 2767 2184 2797 in
2208 2768 2356 2806 coniuge,
2373 2776 2440 2796 non
2456 2771 2504 2796 est

317 2820 502 2851 naturaliter
525 2818 692 2850 erubescit.
1440 2814 1573 2855 aliquod
1595 2819 1781 2854 peccatum:
1807 2813 1882 2853 quia
1903 2813 1968 2842 hoc
1992 2818 2038 2843 est
2062 2811 2219 2852 quaedam
2234 2810 2370 2841 redditio
2394 2810 2502 2846 debiti,

1399 2865 1426 2885 6ο
1441 2869 1524 2900 quae
1548 2858 1588 2889 ad
1610 2859 1735 2889 bonum
1747 2857 1833 2899 fidei
1855 2857 2002 2898 pertinet.
2027 2855 2090 2886 Sed
2113 2856 2138 2885 si
2161 2855 2304 2885 intendat
2317 2855 2415 2885 vitare
2438 2853 2503 2884 for-

356 2894 470 2929 -ART·
486 2894 526 2924 V·
550 2903 655 2924 UTRUM
677 2902 773 2922 ²³ch
797 2900 1038 2922 MATRIMONIALIS
1062 2899 1210 2920 EXCUSAm
1232 2899 1336 2920 Possm*
1439 2904 1637 2934 nicationem
1659 2903 1694 2933 in
1717 2911 1760 2938 se,
1777 2902 1822 2932 sic
1841 2907 1888 2931 est
1910 2901 1955 2931 ibi
1971 2900 2076 2940 aliqua
2099 2898 2309 2939 superfluitas.
2333 2899 2374 2929 Et
2389 2908 2503 2929 secun-

601 2947 696 2968 ΕΤῙΑΜ
718 2946 785 2967 ⁵¹N¹³
807 2945 897 2966 ”0⁸¹⁵
920 2944 1106 2965 mmmmm
1440 2947 1520 2979 dum
1542 2947 1606 2978 hoc
1630 2951 1677 2977 est
1694 2951 1864 2986 peccatum
1879 2945 2012 2976 veniale.
2037 2944 2105 2974 Nec
2128 2943 2168 2974 ad
2190 2944 2254 2973 hoc
2278 2948 2324 2974 est
2338 2943 2503 2973 matrimo-

690 2987 727 3008 D‘
739 2986 873 3014 M“¹⁰·’‘¹¹¹·
888 2989 978 3011 mm.
995 2992 1014 3007 ¹·
1439 2993 1531 3022 nium
1560 2991 1742 3022 institutum
1766 2990 1828 3020 nisi
1849 2989 2024 3020 secundum
2047 2987 2282 3029 indulgentiam
2305 2988 2322 3004 *
2345 2996 2428 3027 quae
2457 2991 2504 3018 est

384 3049 405 3070 1>
430 3048 571 3070 numi-tm
593 3048 639 3069 sie
661 3047 867 3068 Paocnnrrtm.
893 3035 1027 3066 Videtur
1049 3034 1140 3076 quod
1162 3040 1250 3065 actus
1278 3035 1386 3065 man-i-
1440 3035 1480 3067 de
1502 3036 1642 3076 peccatis
1664 3034 1842 3065 venialibus
1856 3035 1884 3064 ³.

322 3053 533 3114 Amonialis
557 3083 699 3113 excusari
720 3082 822 3122 possit
845 3081 941 3111 etiam
973 3081 1042 3110 sine
1064 3080 1157 3110 bonis
1179 3079 1384 3109 matrimonii.
1398 3084 1424 3111 65
1495 3080 1546 3110 Ar>
1569 3089 1705 3110 run‘mm
1733 3088 1895 3109 mmmmm
1925 3076 2014 3118 quod
2040 3086 2105 3107 una
2134 3075 2239 3106 debita
2269 3075 2504 3105 circumstantia

320 3127 388 3166 Qui
411 3128 498 3159 enim
513 3137 531 3157 a
553 3132 666 3157 natura
680 3131 806 3157 tanturn
829 3130 977 3156 movetur
993 3123 1033 3155 ad
1055 3129 1164 3154 actum
1179 3123 1384 3159 matrimonii,
1440 3133 1509 3154 non
1531 3123 1647 3154 sufficit
1669 3122 1710 3153 ad
1731 3123 1795 3153 hoc
1819 3122 1908 3162 quod
1931 3127 2020 3152 actus
2043 3121 2082 3151 sit
2104 3120 2209 3150 bonus
2225 3121 2251 3150 ’ἦ
2275 3119 2317 3149 Et
2339 3119 2412 3149 ideo
2435 3128 2504 3149 non

320 3181 390 3202 non
411 3170 537 3202 videtur
559 3170 692 3211 aliquod
714 3171 839 3200 bonum
868 3169 1065 3200 matrimonii
1093 3166 1275 3198 intendere:
1310 3168 1387 3208 quia
1441 3173 1569 3208 oportet
1593 3167 1692 3207 quod,
1709 3167 1986 3207 qualitercumque
2010 3165 2081 3205 quis
2104 3174 2137 3195 re
2161 3174 2217 3195 sua
2233 3169 2348 3199 utatur,
2365 3173 2442 3193 usus
2464 3164 2504 3193 sit

321 3215 408 3246 bona
429 3215 625 3246 matrimonii
647 3215 807 3255 pertinent
830 3213 870 3245 ad
892 3214 1025 3254 gratiam
1047 3213 1098 3243 vel
1128 3213 1288 3242 virtutem.
1323 3210 1387 3242 Sed
1440 3212 1565 3242 bonus:
1586 3211 1642 3242 sed
1658 3210 1788 3251 quando
1804 3211 1905 3242 utitur
1919 3220 1953 3240 re
1966 3219 2023 3240 sua
2038 3215 2075 3239 ut
2090 3208 2184 3239 debet
2196 3207 2374 3239 secundum
2390 3216 2503 3237 omnes

323 3258 453 3299 quando
476 3258 590 3299 aliquis
613 3259 683 3290 solo
707 3259 852 3299 appetitu
881 3258 1016 3289 naturali
1044 3262 1194 3287 movetur
1216 3255 1256 3286 ad
1279 3261 1386 3286 actum
1442 3255 1702 3287 circumstantias.

322 3302 531 3343 praedictum,
547 3312 616 3334 non
637 3302 762 3334 videtur
785 3312 853 3334 esse
875 3307 1062 3343 peccatum:
1088 3301 1163 3341 quia
1181 3300 1309 3331 nullum
1330 3310 1381 3330 na·
1401 3309 1428 3330 7⁰
1495 3300 1547 3330 An
1572 3309 1720 3329 oum‘ruu
1742 3309 1903 3329 mmmmm
1926 3298 2026 3339 quod,
2043 3298 2188 3338 quamvis
2203 3294 2366 3326 intendere
2390 3295 2504 3325 sanita-

321 3347 424 3378 turale
439 3353 487 3377 est
501 3347 632 3383 malum,
649 3357 725 3378 cum
739 3347 862 3378 malum
875 3347 916 3377 sit
929 3351 1064 3388 praeter
1079 3350 1231 3376 naturam
1247 3350 1279 3375 et
1288 3354 1387 3385 prae·
1441 3345 1480 3374 tis
1503 3344 1781 3374 conservationem
1796 3353 1864 3373 non
1887 3343 1927 3373 sit
1948 3352 2007 3383 per
2029 3352 2063 3373 se
2081 3342 2213 3377 malurn,
2233 3345 2340 3370 tamen
2362 3340 2441 3369 haec
2455 3339 2504 3369 in-

323 3396 374 3422 ter
396 3390 552 3426 arannem,
569 3396 605 3421 ut
627 3391 802 3432 Dionysius
825 3391 902 3422 dicit
916 3391 943 3421 *.
967 3391 1053 3430 Ergo
1077 3395 1167 3420 actus
1193 3389 1388 3419 matrimonii
1441 3389 1543 3419 tentio
1568 3387 1703 3418 efficitur
1725 3387 1809 3418 mala
1831 3388 1857 3417 si
1881 3396 1919 3417 ex
1941 3387 2050 3427 aliquo
2074 3387 2189 3416 sanitas
2211 3383 2392 3414 intendatur
2415 3382 2505 3423 quod

324 3435 467 3466 excusari
489 3439 596 3475 potest
618 3435 714 3465 etiam
736 3435 805 3466 sine
827 3435 921 3466 bonis
943 3435 1149 3466 matrimonii.
1442 3442 1511 3463 non
1534 3437 1581 3462 est
1596 3431 1636 3462 ad
1658 3432 1722 3462 hoc
1738 3430 1777 3462 de
1800 3440 1834 3461 se
1850 3430 2048 3462 ordinatum:
2074 3431 2155 3460 sicut
2174 3429 2229 3469 qui
2246 3438 2284 3458 ex
2307 3433 2504 3458 sacramento

380 3489 410 3510 2.
434 3479 630 3515 Pmranm,
654 3478 707 3509 ille
730 3479 787 3519 qui
802 3479 901 3510 utitur
924 3480 1063 3519 coniuge
1079 3478 1119 3509 ad
1141 3477 1388 3508 fornicationem
1442 3476 1592 3517 baptismi
1615 3481 1739 3506 tantum
1759 3475 1893 3506 salutem
1916 3475 2117 3515 corporalem
2134 3477 2307 3514 quaereret.
2331 3472 2372 3502 Et
2395 3471 2504 3501 simili-

323 3522 496 3559 vstandam,
512 3532 580 3553 non
603 3522 728 3553 videtur
751 3522 883 3563 aliquod
911 3523 1037 3554 bonum
1065 3522 1261 3553 matrimonii
1283 3522 1387 3552 inten-
1402 3532 1427 3555 75
1443 3527 1491 3552 ter
1514 3521 1610 3551 etiam
1634 3525 1680 3550 est
1703 3520 1736 3550 in
1759 3520 1927 3560 proposito
1951 3520 1985 3550 in
2009 3524 2082 3549 actu
2104 3517 2309 3549 matrimonii.

2531 2994 2540 3004 ·
2550 2992 2560 3013 1
2570 2991 2604 3014 ad
2614 2991 2677 3019 Cor„
2689 2997 2741 3020 cap.

2530 3024 2658 3067 :elidere-¹¹
2659 3024 2679 3046 5,
2687 3018 2725 3066 3⁴

2530 3075 2573 3094 art.
2587 3078 2610 3099 4,
2625 3051 2687 3099 ἓάᾉ.
2733 3061 2740 3071 ’

2532 3122 2540 3130 ·
2549 3119 2585 3142 et.
2591 3119 2689 3147 Dionys.
2695 3119 2742 3140 loc.

2531 3146 2569 3167 cit.
2584 3146 2608 3168 in
2622 3151 2670 3173 arg.
2687 3153 2705 3168 ι.
