2918 4088
309 1038 325 1054 α

211 1066 221 1075 ·
238 1064 303 1085 Vers.
321 1070 355 1091 ¹9,
373 1069 409 1085 20.

210 1252 220 1262 '
235 1251 300 1272 Vers.
316 1257 336 1278 7.

211 1780 220 1790 '¹
237 1778 301 1800 Vers.
316 1784 336 1805 7.

211 2685 221 2695 ·
236 2683 302 2705 Vers.
320 2689 351 2712 ¹3.

450 146 525 182 280

1095 145 1358 192 QUAESTIO
1387 144 1595 189 LXXXIII,
1629 141 1922 179 ARTICULUS
1949 141 1984 178 V

1236 281 1553 324 ARTICULUS
1584 280 1840 329 QUINTUS

539 385 696 416 UTRUM
720 385 779 415 EA
801 384 922 422 QUAE
946 384 989 414 IN
1015 383 1352 414 CELEBRArioNE
1376 383 1508 414 Hunis
1532 381 1813 413 SACRAMENTI
1837 381 2063 418 AGUNTUR,
2089 382 2187 413 SINT
2212 382 2544 414 coNVENOENTlA

1310 469 1344 494 1v
1364 470 1448 499 Sent„
1469 469 1527 494 dist.
1546 477 1590 500 xu,
1610 469 1705 502 Expos.
1725 469 1771 494 litt.

487 593 499 607 s
568 594 586 610 ἃ,
643 573 684 597 D
710 570 870 602 QUINTUM
890 571 941 596 Slc
962 570 1196 596 PROCED1TUR.
1226 557 1387 595 Videtur
1407 558 1513 607 quod

512 626 521 633 ·
574 606 641 661 ⁴²⁷²,
664 625 709 650 ea
746 623 846 662 quae
883 611 922 648 in
951 611 1203 648 celebratione
1240 611 1356 647 huius
1393 622 1514 647 sacra-

453 779 687 808 stamentum
714 771 888 820 pertinet,
909 779 951 807 ut
974 782 1020 806 ex
1047 770 1171 806 forma
1199 768 1318 818 ipsius
1346 776 1513 818 apparet.

451 825 493 861 In
522 836 626 860 novo
656 831 785 860 autem
813 826 849 861 T
852 830 1063 861 estamento
1092 833 1172 858 non
1193 830 1281 858 sunt
1309 822 1515 858 observan-

452 877 523 914 dae
561 876 826 914 caeremoniae
864 876 1002 913 veteris
1036 874 1284 911 Testamenti.
1324 875 1385 911 Ad
1420 887 1516 923 quas

450 928 663 978 pertinebat
691 930 799 977 quod
827 930 1004 966 sacerdos
1033 935 1069 963 et
1096 927 1258 964 ministri
1286 939 1387 975 aqua
1414 928 1516 963 lava-

450 982 591 1018 bantur
618 981 775 1032 quando
804 982 1036 1018 accedebant
1065 980 1113 1016 ad
1136 979 1398 1015 offerendum:
1429 979 1516 1027 legi-

450 1041 512 1070 tur
540 1033 643 1070 enim
670 1034 792 1070 Exod.
816 1046 888 1069 xxx
908 1033 976 1069 ⁴²²³:
1007 1033 1203 1069 Lavabunt
1229 1034 1361 1076 Aaron
1391 1037 1423 1067 et
1439 1032 1519 1079 filii

450 1088 526 1122 eius
554 1097 688 1122 manus
714 1098 800 1122 suas
827 1098 873 1122 ac
895 1085 1009 1134 pedes
1033 1084 1181 1133 quando
1210 1085 1418 1133 ingressuri
1434 1089 1518 1119 sunt

450 1138 501 1175 ad
526 1139 655 1175 altare.
685 1139 778 1174 Non
807 1145 862 1174 est
890 1149 980 1185 ergo
1009 1136 1244 1173 conveniens
1264 1136 1371 1185 quod
1395 1147 1516 1172 sacer—

449 1191 520 1228 dos
549 1192 648 1227 lavet
676 1202 816 1227 manus
844 1202 932 1227 suas
960 1190 1058 1226 inter
1085 1188 1292 1226 missarum
1316 1187 1514 1225 solemnia.

505 1255 539 1280 2.
579 1245 820 1291 PRAETEREA,
861 1243 1005 1280 ibidem
1028 1242 1048 1263 '¹‘
1084 1241 1278 1279 Dominus
1319 1241 1518 1278 mandavit

449 1297 556 1346 quod
577 1295 783 1333 sacerdosfl
807 1297 970 1334 adoleret
989 1297 1178 1332 incensum
1197 1307 1311 1333 suave
1325 1296 1518 1344 fragrans

449 1362 566 1399 super
585 1351 698 1386 altare
719 1350 826 1398 quod
846 1356 925 1386 erat
944 1356 1030 1385 ante
1050 1347 1369 1398 propitiatorium.
1398 1348 1516 1395 Quod

450 1402 565 1440 etiam
592 1401 806 1451 pertinebat
833 1402 882 1439 ad
910 1401 1196 1439 caeremoniam
1224 1401 1361 1438 veteris
1385 1402 1517 1438 Testa-

449 1455 579 1492 menti.
601 1455 919 1492 Inconvenienter
933 1467 1022 1503 ergo
1044 1455 1222 1491 sacerdos
1241 1454 1281 1491 in
1295 1454 1412 1491 missa
1431 1455 1517 1491 thu-

450 1508 660 1546 rificatione
688 1508 817 1545 utitur.

506 1561 539 1597 3.
569 1562 810 1608 PRAETEREA,
841 1574 886 1598 ea
914 1573 1014 1610 quae
1043 1560 1083 1597 in
1112 1560 1359 1598 sacramentis
1387 1561 1517 1597 Eccle-

450 1613 527 1651 siae
556 1622 731 1662 aguntur,
760 1627 841 1651 non
869 1622 958 1651 sunt
985 1614 1167 1651 iteranda.
1201 1613 1520 1651 Inconvenienter

450 1679 539 1715 ergo
560 1667 738 1704 sacerdos
757 1667 864 1705 iterat
883 1673 898 1695 Υ
927 1666 1273 1715 crucesignationes
1297 1679 1415 1717 super
1442 1668 1518 1704 hoc

451 1728 746 1757 sacramentum.

504 1786 540 1821 4.
570 1774 801 1821 PRAETEREA,
822 1774 1031 1823 Apostolus
1059 1773 1160 1819 dicit,
1180 1775 1279 1810 Heb.
1300 1785 1346 1810 vu
1364 1773 1401 1810 *z
1432 1775 1520 1810 Sine

451 1827 526 1863 ulla
554 1827 855 1872 contradictione,
886 1827 986 1876 quod
1011 1828 1134 1863 minus
1162 1833 1213 1863 est
1239 1839 1263 1864 a
1291 1828 1430 1863 maiori
1461 1828 1517 1864 he-

451 1879 641 1916 nedicitur.
664 1880 741 1917 Sed
761 1879 946 1927 Christus,
968 1879 1035 1929 qui
1055 1887 1110 1916 est
1129 1879 1168 1916 in
1183 1880 1259 1916 hoc
1279 1887 1518 1916 sacramento

449 1940 538 1982 post
565 1932 906 1980 consecrationem,
927 1940 983 1969 est
1010 1934 1133 1970 multo
1162 1932 1288 1969 maior
1308 1933 1516 1970 sacerdote.

449 1986 768 2022 Inconvenienter
795 1985 907 2033 igitur
935 1986 1113 2022 sacerdos
1150 1993 1238 2035 post
1265 1985 1518 2022 consecratio-

450 2050 542 2075 nem
570 2038 760 2075 benedicit
787 2039 863 2075 hoc
882 2046 1164 2075 sacramentum
1187 2050 1299 2075 cruce
1319 2038 1517 2086 signando.

507 2093 540 2128 5.
568 2092 808 2137 PRAETEREA,
842 2091 882 2128 in
917 2099 1157 2129 sacramento
1195 2091 1387 2129 Ecclesiae
1424 2091 1519 2128 nihil

451 2144 564 2182 debet
597 2143 681 2181 fieri
709 2144 816 2194 quod
854 2144 1105 2181 ridiculosum
1134 2144 1321 2182 videatur.
1357 2144 1520 2182 Videtur

451 2205 581 2235 autem
600 2197 849 2234 ridiculosum
870 2197 1174 2246 gesticulationes
1193 2198 1331 2234 facere:
1353 2198 1402 2235 ad
1422 2210 1519 2248 quas

450 2250 639 2300 pertinere
658 2251 811 2288 videtur
838 2251 946 2300 quod
970 2251 1149 2288 sacerdos
1169 2251 1406 2300 quandoque
1434 2252 1519 2288 bra-

450 2303 537 2341 chia
573 2303 758 2351 extendit,
788 2315 927 2341 manus
960 2303 1095 2352 iungit,
1125 2303 1260 2352 digitos
1297 2304 1518 2353 complicat,

451 2364 487 2393 et
516 2356 685 2406 seipsum
715 2356 892 2394 incurvat
909 2355 935 2393 ⁶.
966 2357 1068 2405 Ergo
1098 2357 1174 2394 hoc
1193 2369 1274 2394 non
1294 2356 1407 2394 debet
1434 2357 1518 2394 fieri

451 2409 492 2446 in
519 2411 595 2447 hoc
624 2417 877 2446 sacramento.

505 2464 541 2499 6.
572 2463 804 2509 PRAETEREA,
825 2461 1077 2499 ridiculosum
1105 2461 1218 2499 etiam
1239 2461 1392 2499 videtur
1412 2462 1520 2512 quod

452 2516 630 2553 sacerdos
658 2514 851 2552 multoties
879 2527 919 2552 se
948 2515 997 2552 ad
1015 2517 1209 2564 populum
1236 2515 1358 2562 vertit,
1379 2516 1519 2552 multo-

451 2568 520 2605 ties
548 2568 663 2605 etiam
691 2569 884 2618 populum
912 2569 1048 2605 salutat
1069 2573 1092 2604 ε.
1130 2569 1222 2605 Non
1251 2580 1340 2616 ergo
1378 2568 1520 2605 debent

451 2622 548 2659 haec
575 2620 659 2658 fieri
687 2621 726 2657 in
755 2620 1009 2658 celebratione
1037 2620 1153 2658 huius
1181 2620 1419 2658 sacramenti.

506 2686 541 2722 7.
572 2675 804 2721 PRAETEREA,
825 2675 1046 2723 Apostolus,
1066 2675 1080 2710 I
1104 2675 1190 2711 Cor.
1207 2686 1216 2710 1
1235 2673 1266 2720 *‚
1286 2686 1358 2723 pro
1387 2673 1519 2711 incon-

450 2727 619 2764 venienti
646 2727 762 2764 habet
780 2727 888 2776 quod
911 2728 1076 2764 Christus
1093 2729 1138 2763 sit
1156 2727 1301 2764 divisus.
1331 2727 1408 2764 Sed
1433 2735 1520 2776 post

451 2779 782 2817 consecrationem
811 2779 985 2817 Christus
1013 2787 1069 2816 est
1096 2779 1136 2816 in
1164 2780 1240 2817 hoc
1266 2787 1518 2818 sacramento.

451 2833 768 2870 Inconvenienter
787 2833 899 2881 igitur
917 2833 1042 2870 hostia
1068 2832 1251 2881 frangitur
1269 2846 1292 2870 a
1311 2833 1518 2871 sacerdote.

506 2887 541 2923 8.
563 2887 797 2932 PRAETEREA,
814 2898 859 2923 ea
877 2898 977 2935 quae
997 2886 1036 2923 in
1051 2886 1128 2923 hoc
1142 2893 1381 2924 sacramento
1401 2898 1519 2934 agun-

451 2947 523 2987 tur,
544 2939 764 2989 passionem
785 2938 925 2976 Christi
953 2946 1248 2989 repraesentant.
1279 2939 1356 2977 Sed
1375 2939 1416 2976 in
1433 2951 1520 2989 pas-

452 2992 560 3029 sione
590 2991 730 3029 Christi
758 3003 900 3040 corpus
927 2991 997 3029 fuit
1025 2992 1194 3029 divisum
1222 2992 1262 3029 in
1290 2992 1382 3029 locis
1410 2992 1519 3041 quin-

453 3057 529 3094 que
558 3046 777 3082 vulnerum.
811 3046 912 3093 Ergo
940 3057 1081 3094 corpus
1111 3044 1251 3082 Christi
1279 3044 1318 3082 in
1347 3045 1520 3095 quinque

452 3106 579 3147 partes
606 3097 726 3146 frangi
754 3097 877 3145 debet,
908 3097 1028 3146 magis
1057 3110 1176 3147 quarn
1205 3097 1244 3135 in
1271 3106 1358 3135 tres.

508 3163 543 3198 9.
573 3152 804 3197 PRAETEREA,
824 3158 950 3188 toturn
978 3163 1120 3200 corpus
1141 3150 1280 3188 Christi
1308 3151 1347 3188 in
1368 3151 1443 3188 hoc
1463 3164 1519 3188 sa-

454 3211 650 3240 cramento
688 3215 863 3240 seorsum
901 3211 1145 3241 consecratur
1177 3216 1199 3241 a
1227 3204 1423 3252 sanguine.
1462 3206 1520 3241 In-

507 3315 535 3350 α)
554 3316 646 3341 XXX.
657 3329 677 3334 -
695 3316 730 3347 Ρ;
749 3316 850 3340 XXIX
865 3315 908 3349 (cf.
927 3324 996 3341 vers,
1014 3315 1053 3350 4).
1067 3331 1085 3335 -
1099 3317 1162 3342 Post
1180 3317 1330 3350 ingressuri
1347 3321 1411 3343 sunt
1429 3318 1521 3343 PFlsG

453 3352 552 3377 addunt
570 3351 769 3376 tabernaculum
788 3351 933 3376 testimonii
951 3354 978 3376 et
996 3353 1104 3383 quando
1122 3353 1255 3377 accessuri
1273 3356 1344 3378 sunt.

508 3386 534 3421 β)
553 3387 688 3413 sacerdos.
705 3401 724 3405 -
742 3387 841 3412 scilicet
863 3387 956 3412 Aaron
980 3387 1009 3416 F,
1034 3389 1126 3412 Aaron
1147 3388 1175 3412 P.
1197 3402 1216 3406 —
1241 3387 1291 3412 Pro
1315 3388 1519 3417 caeremoniam,

453 3423 635 3448 caeremonias
653 3423 673 3447 F
693 3428 719 3447 et
735 3422 818 3447 tertia.

507 3457 534 3492 γ)
554 3458 642 3483 iterat.
661 3472 679 3477 ·-
698 3458 831 3483 multoties
850 3458 932 3483 iterat
949 3457 969 3482 F
989 3462 1014 3482 et
1034 3457 1114 3483 tertia.

1568 558 1842 595 convenienter
1879 558 1990 607 igitur
2017 571 2096 596 una
2123 571 2211 608 pars
2246 558 2327 609 eius
2361 559 2536 608 sanguini
2563 560 2634 597 mi-

1569 619 1704 649 scetur.

1629 676 1685 701 10.
1716 665 1947 711 PRAETEREA,
1969 664 2065 701 sicut
2086 677 2227 714 corpus
2248 664 2387 702 Christi
2405 665 2636 714 proponitur

1570 717 1608 753 in
1637 718 1713 754 hoc
1741 725 1980 754 sacramento
2001 725 2042 754 ut
2070 717 2190 765 cibus,
2211 717 2261 754 ita
2289 725 2325 755 et
2353 718 2505 766 sanguis
2526 718 2635 756 Chri-

1570 770 1615 806 sti
1643 778 1685 806 ut
1703 778 1829 819 potus.
1861 771 1938 807 Sed
1958 771 2167 820 sumptioni
2188 770 2359 820 corporis
2389 770 2529 808 Christi
2555 782 2636 808 non

1570 822 1789 870 adiungitur
1816 823 1855 860 in
1883 823 2137 860 celebratione
2165 823 2304 860 missae
2335 823 2431 861 alius
2459 836 2636 873 corpora-

1570 875 1614 912 lis
1653 875 1772 912 cibus.
1814 876 2132 913 Inconvenienter
2168 876 2280 925 igitur
2316 877 2514 924 sacerdos,
2550 885 2638 926 post

1566 928 1835 977 'sumptionem
1863 929 2056 977 sanguinis
2086 929 2238 976 Christi,
2267 929 2404 967 vinum
2433 942 2513 967 non
2546 942 2636 968 con-

1571 988 1762 1018 secratum
1791 982 1918 1018 sumit.

1631 1045 1687 1069 11.
1717 1034 1950 1081 PRAETEREA,
1970 1034 2109 1071 veritas
2137 1036 2251 1072 debet
2279 1037 2512 1086 respondere
2540 1036 2637 1084 figu-

1571 1097 1646 1121 rae.
1678 1086 1755 1122 Sed
1784 1086 1831 1122 de
1860 1098 1959 1134 agno
1987 1087 2168 1135 paschali,
2190 1088 2257 1137 qui
2275 1089 2344 1125 fuit
2369 1089 2493 1137 figura
2521 1089 2637 1126 huius

1571 1137 1809 1185 sacramenti,
1831 1139 2036 1175 mandatur
2063 1140 2170 1188 quod
2191 1153 2265 1177 non
2294 1148 2504 1178 remaneret
2526 1155 2576 1180 ex
2593 1154 2636 1179 eo

1572 1190 1771 1239 quidquam
1800 1203 1914 1240 usque
1939 1203 2052 1228 mane
2064 1191 2094 1228 ³⁸.
2116 1193 2434 1230 Inconvenienter
2458 1205 2547 1242 ergo
2567 1195 2637 1232 ho-

1572 1242 1663 1279 stiae
1691 1250 1934 1280 consecratae
1963 1252 2216 1293 reservantur,
2246 1253 2282 1282 et
2309 1258 2390 1283 non
2417 1246 2542 1283 statim
2575 1259 2637 1284 su-

1571 1303 1743 1333 muntur.
2341 1298 2346 1304 ’

1631 1360 1687 1385 12.
1718 1350 1950 1396 PRAETEREA,
1971 1351 2149 1388 sacerdos
2167 1352 2363 1400 pluraliter
2380 1352 2551 1401 loquitur
2573 1365 2638 1391 au-

1572 1401 1779 1439 dientibus:
1809 1410 1903 1452 puta
1922 1414 2013 1439 cum
2032 1403 2132 1446 dicit,
2152 1405 2337 1442 Dominus
2363 1407 2564 1454 vobiscum,
2589 1414 2637 1455 et,

1576 1455 1726 1492 Gratias
1752 1467 1923 1505 agamus.
1960 1456 2036 1493 Sed
2065 1456 2341 1495 inconveniens
2369 1458 2521 1496 videtur
2556 1461 2638 1509 plu-

1572 1508 1831 1558 raliter'loqui
1859 1508 1927 1546 uni
1962 1509 2050 1555 soli,
2081 1517 2117 1546 et
2144 1510 2312 1548 maxime
2341 1511 2492 1548 minori.
2536 1513 2638 1562 Ergo

1571 1561 1849 1598 inconveniens
1868 1561 2020 1599 videtur
2047 1563 2154 1612 quod
2173 1564 2364 1611 sacerdos,
2384 1576 2464 1602 uno
2489 1572 2639 1603 tantum

1572 1614 1746 1651 ministro
1774 1622 1986 1664 praesente,
2016 1616 2180 1653 celebret
2207 1616 2376 1654 missam.

1627 1667 1689 1705 Sic
1717 1667 1829 1716 igitur
1855 1667 2008 1705 videtur
2035 1669 2142 1718 quod
2170 1667 2485 1708 inconvenienter
2512 1671 2640 1722 aliqua

1573 1728 1733 1769 agantur
1760 1720 1799 1757 in
1827 1721 2081 1759 celebratione
2110 1722 2227 1760 huius
2254 1723 2493 1761 sacramenti.

1628 1774 1702 1811 SED
1730 1786 1764 1811 IN
1793 1785 2025 1812 CONTRARIUM
2060 1787 2126 1812 EST
2159 1776 2351 1814 Ecclesiae
2384 1777 2638 1825 consuetudo,

1572 1839 1673 1876 quae
1702 1839 1827 1864 errare
1864 1839 1945 1864 non
1981 1835 2123 1877 potest,
2153 1835 2286 1878 utpote
2319 1829 2462 1880 Spiritu
2498 1831 2639 1868 Sancto

1572 1880 1765 1917 instructa.
1942 1920 1944 1922 ,
2612 1886 2617 1891 ’

1625 1934 1851 1971 ΒΕεΡοΝΒΕο
1871 1945 2053 1971 DICENDUM
2072 1934 2192 1983 quod,
2213 1934 2310 1972 sicut
2328 1935 2475 1985 supra*
2494 1935 2641 1974 dictum

1573 1993 1640 2031 est,
1666 1985 1705 2022 in
1734 1986 1981 2023 sacramentis
2009 1986 2153 2036 aliquid
2177 1987 2378 2037 dupliciter
2396 1987 2639 2039 significatur,

2664 1206 2674 1217 ·
2689 1204 2766 1230 Εκοό.
2776 1210 2827 1234 cap.
2835 1210 2880 1232 ιιι,

2664 1237 2723 1254 ven.
2739 1238 2774 1255 ιο.

2668 1947 2678 1958 ·
2693 1946 2789 1974 Qu.1.x,
2803 1949 2846 1968 ιη.
2857 1946 2883 1969 6.

1573 2038 1713 2075 scilicet
1744 2038 1872 2076 verbis
1901 2046 1937 2076 et
1964 2039 2090 2086 factis,
2119 2040 2169 2077 ad
2197 2041 2273 2078 hoc
2307 2041 2414 2090 quod
2448 2041 2493 2078 sit
2519 2042 2641 2092 perfe-
2677 2076 2681 2079 .

1573 2091 1669 2128 ctior
1705 2091 1942 2140 significatio.
1981 2091 2252 2141 Significantur
2279 2101 2409 2131 autem
2442 2094 2569 2132 verbis
2601 2094 2642 2133 in

1573 2144 1827 2182 celebratione
1847 2145 1964 2182 huius
1991 2146 2218 2183 sacramenti
2238 2146 2431 2196 quaedam
2449 2147 2641 2198 pertinen-

1572 2197 1623 2235 tia
1651 2198 1700 2235 ad
1728 2198 1950 2247 passionem
1979 2198 2130 2248 Christi,
2151 2211 2251 2249 quae
2279 2196 2584 2249 repraesentatur
2600 2201 2641 2239 in

1573 2251 1650 2288 hoc
1678 2258 1936 2298 sacramento;
1965 2253 2027 2289 vel
2055 2252 2171 2290 etiam
2187 2252 2240 2297 ad
2258 2265 2400 2303 corpus
2421 2253 2640 2304 mysticum²

1573 2304 1681 2353 quod
1716 2303 1950 2353 significatur
1986 2303 2026 2341 in
2058 2305 2134 2342 hoc
2167 2314 2423 2350 sacramento;
2460 2315 2496 2344 et
2523 2319 2640 2357 quae-

1573 2357 1665 2394 dam
1692 2356 1921 2406 pertinentia
1940 2357 1990 2394 ad
2008 2370 2126 2395 usum
2154 2358 2393 2407 sacramenti,
2414 2359 2481 2410 qui
2500 2360 2614 2398 debet
2628 2359 2641 2386 ἶ

1573 2422 1655 2447 esse
1684 2421 1773 2447 cum
1804 2409 2010 2447 devotione
2030 2418 2067 2447 et
2085 2411 2308 2448 reverentia.
2339 2413 2388 2449 Et
2415 2412 2502 2450 ideo
2522 2412 2562 2450 in
2581 2424 2641 2451 ce-

1573 2462 1782 2500 lebratione
1817 2462 1934 2500 huius
1962 2463 2133 2513 mysterii
2161 2465 2353 2514 quaedam
2378 2461 2556 2514 'aguntur
2592 2466 2642 2504 ad

1572 2516 1942 2565 repraesentandum
1977 2516 2199 2566 passionem
2238 2517 2394 2564 Christi;
2432 2520 2494 2556 vel
2526 2518 2644 2557 etiam

1573 2568 1865 2618 dispositionem
1884 2569 2057 2618 corporis
2076 2570 2242 2620 mystici;
2263 2578 2299 2608 et
2317 2572 2512 2620 quaedam
2525 2583 2642 2622 agun-

1572 2630 1635 2659 tur
1674 2621 1903 2671 pertinentia
1943 2623 1992 2659 acl
2033 2623 2283 2661 devotionem
2318 2631 2355 2661 et
2387 2624 2641 2664 reverentiam

1573 2687 1668 2712 usus
1687 2681 1705 2702 η
1735 2674 1851 2716 huius
1879 2676 2118 2713 sacramenti.

1626 2729 1684 2765 An
1717 2740 1852 2766 ptumum
1885 2740 1984 2765 ERGO
2016 2741 2198 2767 mcuuoum
2235 2730 2344 2779 quod
2380 2730 2525 2768 ablutio
2559 2743 2641 2769 ma-

1573 2793 1699 2818 nuum
1727 2780 1770 2818 fit
1789 2780 1829 2818 in
1848 2781 2103 2819 celebratione
2123 2782 2262 2820 missae
2281 2790 2438 2832 propter
2465 2794 2640 2822 reveren-

1573 2834 1666 2871 tiam
1694 2834 1811 2871 huius
1830 2834 2068 2872 sacramenti.
2099 2836 2147 2872 Et
2166 2836 2242 2873 hoc
2269 2835 2479 2886 dupliciter.
2509 2836 2640 2874 Ptimo

1574 2887 1745 2937 quidem,
1775 2887 1868 2936 quia
1895 2887 2024 2937 aliqua
2050 2887 2217 2937 pretiosa
2250 2896 2408 2927 tractare
2435 2900 2517 2926 non
2549 2900 2641 2927 con-

1574 2939 1774 2977 suevimus
1808 2939 1880 2977 nisi
1915 2940 2096 2978 manibus
2130 2940 2279 2979 ablutis.
2314 2941 2426 2979 Unde
2458 2941 2641 2980 indecens

1573 2993 1726 3030 videtur
1766 2993 1874 3042 quod
1911 2993 1968 3030 ad.
1994 3001 2144 3031 tantum
2179 3001 2463 3032 sacramentum
2504 2994 2641 3044 aliquis

1575 3046 1730 3083 accedat
1757 3045 1955 3094 manibus,
1984 3046 2099 3084 etiarn
2127 3046 2392 3096 corporaliter,
2421 3047 2639 3096 inquinatis.

1629 3099 1822 3144 Secundo,
1838 3101 1996 3148 propter
2014 3099 2341 3147 significationem.
2359 3099 2474 3148 Quia,
2489 3108 2532 3137 ut
2550 3101 2640 3139 Dio-

1575 3151 1708 3201 nysius
1727 3151 1827 3198 dicit,
1848 3164 1880 3189 111
1899 3164 1983 3201 cap.
1998 3151 2019 3174 ‘¹⁸
2041 3152 2180 3190 Eccles.
2201 3153 2324 3199 Hier„
2358 3153 2640 3192 extremitatum
2668 3164 2678 3174 ·

1574 3204 1718 3242 ablutio
1743 3204 1928 3253 significat
1951 3204 2269 3242 emundationem
2295 3205 2409 3243 etiam
2429 3219 2451 3243 a
2470 3206 2640 3245 minimis

1627 3316 1652 3351 δ)
1673 3318 1805 3343 incurvat.
1822 3331 1842 3336 -
1859 3317 1972 3343 inclinat
1989 3318 2129 3348 editionem
2147 3318 2224 3344 Alias
2242 3318 2366 3344 incurvat
2383 3327 2474 3352 margo
2494 3319 2523 3346 P.

1628 3353 1651 3387 ε)
1671 3353 1805 3378 multoties
1832 3353 1913 3378 etiam
1938 3353 2067 3385 populum
2094 3354 2206 3379 salutat.
2231 3367 2250 3372 —-
2277 3355 2410 3380 multoties
2437 3355 2539 3381 salutat
2561 3356 2589 3386 F,
2613 3359 2641 3382 et

1575 3388 1708 3413 multoties
1722 3388 1852 3420 populum
1872 3388 1970 3413 salutet
1989 3388 2017 3414 P.

1627 3423 1653 3457 ζ)
1671 3423 1719 3455 qui
1737 3423 1819 3448 debet.
1837 3437 1857 3442 —
1876 3423 1921 3454 P1;
1939 3431 2007 3456 quae
2025 3424 2119 3449 debent
2138 3425 2244 3456 Gl-labc,
2264 3432 2331 3457 quae
2350 3426 2425 3451 debet
2443 3426 2529 3452 ceteri.

1627 3459 1653 3492 η)
1674 3465 1745 3484 usus.
1762 3473 1782 3477 -
1801 3459 1863 3484 Om.
1881 3458 1972 3492 FHpG
1991 3465 2016 3484 et
2034 3460 2168 3486 editiones.
