2918 4088
459 182 508 219 90

1061 168 1321 215 QUAESTIO
1350 167 1504 210 LXVII,
1534 162 1825 201 ARTICULUS
1853 162 1930 208 VII,
1950 162 2032 198 VIII

1238 305 1555 350 ARTICULUS
1585 303 1853 346 SEPTIMUS

566 407 722 439 UTRUM
746 407 788 438 IN
811 405 1027 437 BAPTISMO
1052 402 1334 442 REQUIRATUR
1356 399 1527 437 ALIQUIS
1551 398 1627 436 QUI
1650 397 1932 429 BAPTIZATUM
1955 398 2014 429 DE
2037 398 2179 430 SACRO
2203 398 2351 430 FONTE
2374 399 2519 430 LEVET

485 520 546 568 >25
573 523 630 557 μς(
652 519 689 542 D
704 517 881 542 SEPTlMUM
901 515 952 540 sm
971 512 1208 538 PnocEDrrUR.
1230 498 1389 555 Videtur
1398 495 1515 554 'quod

482 546 658 625 83sz
669 558 707 595 in
735 557 924 606 baptismo
953 566 1032 591 non
1052 552 1269 601 requiratur
1291 551 1427 597 aliquis
1447 559 1514 596 qui

493 612 514 655 Ϋ
535 624 599 654 ⁷⁴.oe
616 616 644 661 (1.
669 610 901 660 baptizatum
929 608 976 644 de
996 617 1103 642 sacro
1123 605 1227 641 fonte
1249 604 1357 639 levet.
1389 599 1514 648 Bapti-

477 640 499 667 ρ
515 638 611 698 ἐῶ)
625 655 775 700 Χεῐῐωε
795 662 895 698 enim
917 666 1045 696 noster
1063 669 1132 706 per
1150 655 1384 704 baptismum
1406 652 1514 689 Chri-

457 717 502 754 sti
530 723 785 762 consecratur,
815 722 851 750 et
879 712 912 749 ei
932 711 1203 748 conformatur.
1236 707 1312 744 Sed
1342 705 1515 743 Christus

456 769 666 818 baptizatus
694 780 774 805 non
795 774 849 803 est
877 765 924 802 ab
954 763 1081 812 aliquo
1111 762 1158 798 de
1178 761 1280 797 fonte
1302 765 1513 806 susceptus,

457 814 551 868 sed,
583 821 678 858 sicut
710 820 846 857 dicitur
882 817 1015 854 Matth.
1042 827 1073 852 111
1099 814 1136 860 ³¹⁸,
1173 814 1384 862 Baptizatus
1412 814 1515 848 Iesus

456 876 646 923 confestim
681 872 841 910 ascendit
873 871 917 907 de
944 881 1052 917 aqua.
1097 867 1198 914 Ergo
1226 865 1380 902 videtur
1407 864 1521 913 quod.

315 937 332 954 α
456 940 527 964 nec
554 927 593 964 in
619 926 781 963 aliorum
802 930 818 945 ‘²
846 922 1036 971 baptismo
1057 919 1272 968 requiratur
1290 916 1427 966 aliquis
1447 916 1514 966 qui

455 980 688 1029 baptizatum
716 978 762 1014 de
792 987 898 1013 sacro
927 974 1028 1011 fonte
1058 971 1248 1020 suscipiat.

509 1044 542 1069 2.
573 1033 803 1075 PRAETEREA,
833 1027 1044 1076 baptismus
1064 1033 1118 1062 est
1138 1023 1340 1074 spiritualis
1360 1035 1514 1072 regene-

217 1092 426 1139 {grtI-sfflu-uv,
455 1085 561 1131 ratio,
590 1092 632 1121 ut
660 1094 776 1132 supra
794 1082 814 1103 ’¹‘
841 1080 987 1117 dictum
1015 1086 1080 1115 est.
1113 1077 1189 1115 Sed
1218 1076 1258 1114 in
1285 1076 1427 1114 carnali
1452 1088 1514 1125 ge-

253 1134 258 1139 ’
288 1133 293 1143 ’
322 1132 328 1139 ’
453 1137 648 1174 neratione
667 1148 746 1172 non
767 1133 970 1182 requiritur
988 1131 1060 1168 nisi
1078 1130 1311 1180 principium
1331 1129 1512 1177 activum,

454 1190 560 1239 quod
588 1196 643 1225 est
670 1195 794 1238 pater,
831 1194 867 1222 et
893 1184 1126 1234 principium
1154 1183 1371 1233 passivum,
1406 1182 1514 1232 quod

454 1250 508 1280 est
536 1249 667 1279 mater.
699 1241 801 1277 Cum
829 1238 941 1287 igitur
959 1237 999 1274 in
1017 1237 1210 1287 baptismo
1239 1238 1370 1274 locum
1398 1235 1514 1285 patris

454 1295 621 1333 obtineat
655 1293 714 1330 ille
752 1292 819 1342 qui
851 1291 1035 1340 baptizat,
1065 1292 1196 1327 locum
1225 1297 1356 1327 autem
1384 1288 1514 1326 matris

453 1349 535 1398 ipsa
562 1359 663 1396 aqua
690 1345 882 1395 baptismi,
911 1352 954 1381 ut
981 1343 1220 1391 Augustinus
1239 1342 1340 1389 dicit,
1361 1341 1401 1379 in
1420 1353 1515 1391 quo-

215 1413 425 1439 ·serm.CXXXV.
454 1403 544 1439 dam
576 1411 753 1437 sermone
782 1399 1015 1448 Epiphaniae
1032 1396 1070 1443 *;
1108 1395 1262 1433 videtur
1293 1395 1401 1445 quod
1434 1406 1515 1432 non

215 1442 280 1462 aliter
299 1441 328 1462 de
348 1440 425 1467 Temp.

215 1467 344 1493 XXXVI,
367 1466 427 1488 inter
454 1453 666 1504 requiratur
694 1451 829 1502 aliquis
857 1451 952 1488 alius
981 1449 1047 1499 qui
1075 1449 1310 1499 baptizatum
1338 1449 1386 1485 de
1407 1459 1515 1485 sacro

216 1493 425 1548 qoti-pifflg‘ar'tff}
452 1509 555 1545 fonte
584 1508 693 1544 levet.

215 1553 262 1574 η’
277 1553 296 1575 3'
509 1561 542 1597 3.
572 1561 812 1605 PRAETEREA,
845 1557 885 1594 in
918 1555 1163 1593 sacramentis
1195 1554 1387 1592 Ecclesiae
1423 1553 1518 1591 nihil

454 1613 683 1651 derisorium
711 1611 795 1648 fieri
822 1610 946 1647 debet.
990 1609 1067 1647 Sed
1099 1609 1175 1646 hoc
1203 1607 1434 1645 derisorium
1461 1607 1517 1644 vi-

455 1668 576 1714 detur,
607 1665 714 1715 quod
743 1663 860 1702 adulti
888 1662 1075 1712 baptizati,
1102 1661 1169 1711 qui
1197 1661 1343 1710 seipsos
1371 1668 1518 1698 susten-

454 1728 533 1757 tare
568 1725 729 1768 possunt
764 1725 800 1754 et
833 1717 880 1754 de
916 1728 1023 1753 sacro
1061 1715 1163 1752 fonte
1199 1715 1322 1762 exire,
1362 1714 1409 1752 ab
1443 1713 1517 1751 alio

456 1772 720 1822 suscipiantur.
760 1771 860 1818 Ergo
889 1769 1041 1806 videtur
1068 1768 1176 1817 quod
1204 1780 1284 1805 non
1304 1767 1519 1817 requiratur

456 1826 610 1875 aliquis,
643 1823 849 1874 praecipue
884 1823 924 1860 in
951 1822 1142 1871 baptismo
1172 1821 1415 1869 adultorum,
1450 1820 1518 1870 qui

455 1879 690 1928 baptizatum
717 1877 764 1914 de
794 1888 902 1913 sacro
930 1875 1034 1912 fonte
1063 1876 1172 1912 levet.

511 1933 584 1970 SED
613 1942 757 1968 CONTRA
777 1942 842 1967 asT
865 1929 972 1978 quod
991 1927 1201 1978 Dionysius
1220 1927 1324 1975 dicit,
1346 1940 1367 1965 11
1395 1939 1477 1976 cap.
1498 1927 1518 1949 ’¹‘

456 1986 556 2023 Eccl.
576 1986 699 2031 Elier„
729 1983 836 2033 quod
863 1982 1081 2028 sacerdotes,
1107 1987 1332 2018 assumentes
1359 1982 1518 2030 baptiza—

456 2045 545 2084 tum,
574 2037 723 2074 tradunt
751 2036 979 2073 adductionis
1005 2036 1209 2085 susceptori
1235 2040 1268 2071 et
1295 2035 1390 2072 duci.

509 2093 733 2128 RESPONDEO
768 2101 950 2126 D1CENDUM
987 2088 1095 2137 quod
1130 2087 1332 2137 spiritualis
1365 2100 1518 2136 regene-

457 2144 563 2189 ratio,
576 2155 675 2193 quae
690 2143 732 2180 fit
746 2155 815 2192 per
829 2141 1076 2191 baptismum,
1090 2140 1318 2178 assimilatur
1332 2142 1519 2190 quodam-

219 2200 230 2210 “
244 2198 310 2220 Vem-
326 2205 346 2220 ²·
457 2198 576 2235 modo
596 2195 830 2245 generationi
849 2194 1006 2232 carnali:
1036 2195 1141 2231 unde
1167 2194 1304 2231 dicitur
1325 2195 1429 2232 IPet.
1446 2207 1466 2232 11
1481 2194 1518 2231 *t

457 2252 556 2288 Sicut
583 2250 693 2287 modo
721 2250 838 2299 geniti
863 2249 1023 2296 infantes
1056 2248 1292 2285 rationabiles
1323 2249 1403 2284 sine
1435 2248 1520 2285 dolo

217 832 228 842 ·
243 831 308 852 Vers.
326 830 359 852 16.

218 1936 229 1947 '
244 1935 303 1957 Part.
318 1941 343 1961 ιι,
358 1936 367 1961 g
382 1941 402 1963 7.

1568 497 1683 532 vulus
1710 508 1837 545 nuper
1863 504 1975 534 natus
2003 497 2144 546 indiget
2172 497 2318 535 nutrice
2337 506 2374 535 et
2394 498 2629 548 paedagogo.

1569 549 1681 585 Unde
1710 556 1747 585 et
1773 549 1814 586 in
1833 549 2017 599 spirituali
2035 550 2279 599 generatione
2298 550 2478 600 baptismi
2505 551 2631 601 requi-

1570 601 1663 638 ritur
1691 601 1827 651 aliquis
1855 602 1922 652 qui
1950 603 2128 652 fungatur
2155 603 2238 640 vice
2262 603 2418 640 nutricis
2437 611 2474 641 et
2491 605 2630 653 paeda-

1568 654 1666 702 gogi,
1696 653 1940 693 informando
1969 663 2006 693 et
2032 655 2256 694 instruendo
2279 668 2371 693 eum
2399 655 2467 706 qui
2486 664 2542 694 est
2561 669 2630 694 no-

1568 706 1682 743 vitius
1703 705 1717 736 β
1745 707 1785 744 in
1811 707 1901 755 fide,
1931 709 1979 746 de
2007 708 2066 746 his
2094 706 2206 758 quae'
2221 709 2412 759 pertinent
2439 709 2488 746 ad
2510 709 2631 747 fidem
2755 714 2770 749 β

1569 767 1605 796 et
1633 760 1681 797 ad
1709 759 1827 797 vitam
1859 761 2134 809 Christianam,
2164 762 2213 799 ad
2241 762 2348 811 quod
2375 762 2532 812 praelati
2559 763 2631 800 Ec-

1569 813 1703 850 clesiae
1738 825 1875 851 vacare
1913 826 1993 851 non
2027 822 2207 864 possunt,
2244 814 2344 852 circa
2377 827 2632 853 communem

1569 877 1704 903 curam
1731 866 1867 916 populi
1896 867 2092 917 occupati:
2122 867 2273 917 parvuli
2301 867 2405 905 enim
2433 875 2470 905 et
2497 867 2632 906 novitii

1568 918 1739 967 indigent
1775 919 1929 969 speciali
1963 932 2056 957 cura
2092 927 2242 970 praeter
2275 932 2540 959 communem.
2583 921 2632 958 Et

1568 971 1656 1009 ideo
1677 972 1882 1022 requiritur
1909 974 2016 1022 quod
2039 972 2175 1022 aliquis
2195 972 2374 1022 suscipiat
2396 972 2633 1023 baptizatum

1567 1025 1616 1062 de
1636 1037 1744 1062 sacro
1763 1026 1867 1063 fonte
1887 1025 1997 1076 quasi
2015 1025 2055 1063 in
2075 1038 2187 1064 suam
2213 1025 2503 1064 instructionem
2522 1034 2559 1064 et
2575 1034 2632 1064 tu-

1567 1079 1693 1115 telam.
1725 1079 1773 1115 Et
1791 1080 1868 1116 hoc
1886 1086 1942 1116 est
1960 1079 2067 1129 quod
2086 1078 2296 1129 Dionysius
2315 1078 2416 1126 dicit,
2432 1081 2497 1117 ult.
2514 1091 2597 1129 cap.
2613 1079 2634 1102 '¹‘
2659 1082 2670 1093 '¹

1566 1131 1667 1168 Eccl.
1688 1133 1819 1169 Hiera
1849 1133 1994 1170 Divinis
2013 1134 2146 1170 nostris
2168 1133 2330 1179 ducibus,
2351 1132 2447 1169 idest
2469 1134 2632 1183 Aposto-

1567 1184 1622 1232 lis,
1643 1185 1694 1222 ad
1710 1191 1868 1222 mentem
1888 1187 1986 1223 venit
2005 1191 2038 1222 et
2064 1187 2183 1223 visum
2202 1191 2253 1222 est
2269 1187 2455 1235 suscipere
2473 1186 2632 1234 infantes

1566 1238 1768 1275 secundum
1787 1240 1894 1275 istum
1913 1239 2065 1275 modum
2089 1244 2104 1266 Υ
2133 1239 2232 1288 quod
2242 1244 2418 1288 parentes
2430 1241 2544 1288 pueri
2559 1245 2632 1276 tra·
2757 1251 2774 1277 τ

1567 1290 1695 1327 derent
1707 1303 1869 1340 puerum
1889 1291 2036 1328 cuidam
2056 1291 2162 1328 docto
2181 1293 2218 1328 in
2239 1291 2370 1329 divinis
2389 1291 2631 1341 paedagogo,

1568 1350 1601 1380 et
1620 1344 1802 1393 reliquum
1829 1346 1896 1381 sub
1915 1346 1992 1394 ipso
2015 1356 2114 1394 puer
2140 1349 2280 1394 ageret,
2300 1346 2392 1381 sicut
2417 1346 2485 1381 suh
2509 1345 2634 1382 divino

1563 1402 1674 1447 patre
1701 1403 1734 1434 et
1760 1397 1973 1435 salvationis
1999 1403 2150 1434 sanctae
2175 1402 2394 1447 susceptore.

1622 1451 1680 1487 AD
1709 1462 1844 1488 PRIMUM
1873 1462 1971 1488 ERGO
1999 1462 2182 1488 DICENDUM
2214 1450 2321 1499 quod
2351 1449 2524 1487 Christus
2552 1461 2634 1487 non

1570 1511 1625 1540 est
1652 1503 1864 1553 baptizatus
1892 1511 1934 1541 ut
1953 1503 2033 1553 ipse
2053 1510 2350 1552 regeneraretur,
2379 1503 2447 1541 sed
2475 1510 2518 1540 ut
2540 1502 2634 1541 alios

1570 1565 1819 1605 regeneraret.
1863 1557 1912 1594 Et
1939 1556 2027 1594 ideo
2056 1556 2136 1606 ipse
2173 1564 2261 1606 post
2288 1556 2526 1606 baptismum
2553 1567 2635 1595 non

1569 1609 1730 1659 indiguit
1755 1610 1981 1660 paedagogo
2009 1617 2196 1659 tanquam
2222 1610 2419 1659 parvulus.

1624 1664 1681 1700 AD
1718 1675 1907 1701 SECUNDUM
1943 1675 2125 1700 DlCl-:NDUM
2166 1663 2274 1712 quod
2314 1662 2355 1700 in
2391 1662 2634 1711 generatione

1571 1715 1712 1753 carnali
1747 1728 1828 1753 non
1855 1716 2061 1765 requiritur
2094 1728 2142 1753 ex
2168 1715 2389 1753 necessitate
2423 1714 2496 1752 nisi
2526 1722 2635 1766 pater

1572 1778 1609 1806 et
1636 1777 1775 1806 mater:
1806 1770 1874 1806 sed
1902 1769 1950 1806 ad
1978 1768 2128 1806 facilem
2148 1776 2315 1819 parturn,
2345 1776 2381 1806 et
2399 1766 2412 1791 δ
2441 1767 2634 1806 educatio·
2750 1771 2773 1811 ,ὃ
2811 1807 2813 1810 Α
2871 1795 2876 1798 -

1572 1835 1664 1859 nem
1691 1822 1802 1872 pueri
1830 1822 2136 1869 convenientem,
2166 1821 2371 1872 requiritur
2397 1821 2579 1859 obstetrix
2598 1828 2636 1858 et

1572 1875 1700 1913 nutrix
1728 1883 1764 1913 et
1791 1876 2047 1925 paedagogus.
2078 1875 2260 1922 Quorum
2281 1874 2408 1912 vicem
2435 1874 2569 1924 implet
2594 1873 2636 1912 in

1572 1928 1765 1978 baptismo
1794 1929 1854 1966 ille
1887 1928 1955 1978 qui
1981 1940 2150 1978 puerum
2177 1928 2226 1965 de
2255 1939 2363 1965 sacro
2390 1927 2494 1964 fonte
2522 1928 2633 1964 levat.

1572 1982 1685 2020 Unde
1705 1994 1786 2019 non
1806 1989 1861 2019 est
1879 1982 1927 2019 de
1947 1981 2168 2020 necessitate
2187 1979 2426 2027 sacramenti,
2441 1979 2515 2034 *sed
2533 1983 2637 2019 unus

1573 2037 1678 2074 solus
1705 2042 1830 2085 potest
1857 2035 1897 2072 in
1925 2047 2027 2085 aqua
2045 2039 2057 2056 ⁸
2085 2033 2289 2084 baptizare,
2318 2033 2539 2072 necessitate
2567 2033 2636 2072 imss
2761 2045 2774 2063 ⁸

1573 2088 1755 2126 minente.

1627 2143 1684 2179 AD
1709 2154 1868 2179 TERTlUM
1893 2153 2074 2179 DlCENDUM
2100 2140 2208 2190 quod
2233 2139 2444 2190 baptizatus
2471 2151 2554 2179 non
2572 2151 2636 2177 su-

1574 2195 1731 2245 scipitur
1758 2208 1781 2232 a
1798 2194 1949 2245 patrino
1970 2194 1981 2220 t
2009 2195 2058 2232 de
2077 2205 2186 2231 sacro
2205 2194 2308 2230 fonte
2335 2200 2493 2243 propter
2515 2190 2636 2230 imbe-
2758 2196 2774 2226 t

1575 2248 1765 2285 cillitatem
1789 2249 2041 2298 corporalem,
2071 2247 2138 2284 sed
2165 2253 2323 2296 propter
2340 2245 2636 2284 imbecillitatem

457 2304 516 2341 lac
535 2304 788 2352 concupiscite.
810 2303 852 2339 In
871 2300 1114 2350 generatione
1131 2308 1261 2338 autem
1280 2300 1420 2338 carnali
1435 2313 1520 2350 par·
1576 2301 1823 2351 spiritualem,
1853 2308 1896 2338 ut
1923 2300 2069 2338 dictum
2097 2307 2153 2337 est
2170 2299 2201 2336 *.
2663 2300 2674 2311 '
2688 2299 2714 2321 ¹¹¹
2729 2304 2835 2327 ⁶⁰¹⁹⁰¹2

513 2427 540 2461 α)
559 2427 683 2453 aliorum.
701 2439 720 2445 -
737 2426 824 2450 Tertia
842 2429 943 2458 praeter
961 2424 1016 2456 pG;
1036 2424 1196 2456 aliquorum.
1627 2424 1652 2458 δ)
1668 2428 1787 2457 partum,
1803 2428 1837 2450 et.
1851 2438 1870 2443 -
1888 2424 1974 2449 EHsG
1993 2429 2018 2448 et
2036 2423 2176 2454 editiones3
2192 2426 2303 2455 partam
2323 2424 2381 2455 etl,
2394 2431 2447 2449 orn.
2462 2424 2507 2455 Fa,
2518 2424 2638 2457 pertinet

512 2463 526 2496 β
557 2463 602 2496 qui
620 2465 659 2487 est
678 2461 801 2487 novitius.
820 2475 839 2479 -
856 2460 933 2493 quasi
951 2460 1081 2485 novitium
1100 2459 1175 2484 tertia
1193 2465 1294 2492 praeter
1312 2459 1344 2484 G.
1574 2463 1601 2486 et
1619 2461 1704 2486 ceteri.

512 2463 538 2533 γζ
559 2499 674 2524 modum.
693 2511 711 2516 -
728 2500 849 2522 sanctum
869 2496 976 2520 modum
990 2495 1010 2519 E
1024 2500 1050 2520 et
1062 2495 1143 2520 tertia.
1163 2495 1213 2519 Pro
1228 2498 1356 2527 parentes
1370 2494 1458 2526 pueri,
1473 2502 1521 2519 na-
1628 2496 1651 2529 ε)
1669 2503 1748 2529 aqua.
1766 2510 1786 2514 -
1804 2496 1823 2520 F
1843 2500 1868 2520 et
1886 2495 1973 2525 tertia;
1991 2501 2098 2527 aquam.

460 2536 561 2560 turales
579 2533 661 2566 pueri
681 2535 808 2565 parentes
827 2532 855 2557 P.
873 2545 893 2550 —
910 2534 1003 2564 ageret
1028 2530 1087 2559 PG3
1113 2533 1210 2563 agerat
1234 2531 1263 2560 E,
1285 2533 1352 2563 agat
1369 2529 1398 2559 F,
1417 2530 1477 2563 agit
1496 2530 1518 2560 b,
1626 2532 1652 2566 ζ)
1666 2532 1787 2564 patrino.
1799 2545 1818 2550 -
1830 2529 1923 2564 G(1?)
1937 2536 1962 2555 et
1975 2530 2112 2561 editiones;
2128 2530 2241 2563 patrino
2255 2533 2373 2562 paterno
2387 2530 2419 2561 H,
2429 2533 2545 2562 paterno
2558 2531 2599 2556 ed.
2610 2538 2636 2562 a,

460 2573 523 2604 aget
541 2569 626 2595 ceteri.
643 2583 663 2588 -
680 2569 727 2593 sub
746 2568 836 2593 divino
857 2567 923 2598 ΡΕΙ;
942 2566 989 2591 sub
1009 2565 1125 2591 domino·
1569 2572 1687 2600 patrono
1713 2567 1803 2597 ceteri3
1829 2567 1850 2591 E
1868 2574 1921 2592 om.
1948 2573 2015 2598 quae
2039 2570 2197 2598 sequuntur·
2210 2570 2270 2598 post
2293 2565 2337 2590 Ad
2362 2567 2472 2591 tertium
2497 2565 2637 2592 dicendum

1573 2611 1658 2637 usque
1677 2604 1709 2628 ad
1728 2603 1818 2628 eadem
1837 2602 1915 2627 verba
1934 2601 2031 2626 articuli
2051 2601 2194 2634 sequentis.

932 2848 1088 2881 UTRUM
1112 2848 1209 2879 ILLE
1232 2847 1309 2886 QUI
1332 2846 1522 2879 SUSCIPIT
1545 2845 1743 2884 ALIQUEM
1767 2845 1825 2875 DE
1849 2843 1991 2875 SACRO
2015 2842 2163 2874 FONTE

1133 2892 1384 2924 OBLIGETUR
1406 2892 1465 2922 AD
1489 2890 1584 2922 EIUS
1607 2888 1967 2921 INSTRUCTIONEM
2199 2890 2212 2908 θ

1204 2971 1238 2995 1v
1257 2971 1340 3000 Sent.,
1361 2970 1419 2995 dist.
1438 2977 1472 3001 w,
1491 2977 1536 3002 qu.
1554 2976 1582 3000 11,
1601 2973 1646 2994 art.
1668 2975 1690 2999 2,
1711 2966 1760 3000 qu¹
1781 2966 1804 2996 3,
1823 2967 1855 2991 ad
1876 2966 1899 2991 3.

525 3075 552 3092 χι
594 3086 617 3098 ,ἶ
671 3069 693 3093 D
714 3067 886 3093 OCTAVUM
905 3065 957 3091 sic
977 3063 1214 3090 PROCEDITUR.
1236 3050 1398 3088 Videtur
1416 3050 1523 3100 quod
1578 3047 1865 3098 suscipiendum
1879 3052 1907 3083 α.
1930 3046 2032 3094 Ergo
2051 3044 2111 3082 ille
2130 3043 2197 3094 qui
2216 3043 2371 3093 suscipit
2389 3042 2635 3094 baptizatum,
2762 3053 2779 3071 ⁸

578 3096 587 3108 *¹
600 3102 649 3156 3⁷²
673 3109 732 3146 ille
761 3107 828 3157 qui
848 3106 1002 3155 suscipit
1021 3105 1192 3155 aliquem
1212 3104 1260 3141 de
1280 3116 1388 3141 sacro
1407 3103 1522 3150 fonte,

673 3173 754 3198 non
791 3159 978 3208 obligetur
1014 3159 1063 3196 ad
1103 3158 1185 3195 eius
1221 3156 1522 3194 instructionem.

465 3320 581 3369 plices
616 3318 867 3356 admittuntur
901 3317 950 3353 ad
982 3315 1148 3365 aliquem
1185 3315 1234 3352 de
1273 3326 1380 3351 sacro
1421 3314 1523 3351 fonte

519 3449 546 3483 α)
565 3451 602 3476 ad
620 3450 760 3482 aliquem...
778 3448 981 3481 suscipiendum.
1000 3461 1018 3467 —-
1036 3448 1125 3472 levare
1144 3446 1192 3481 (ad
1209 3446 1349 3472 levandum
1370 3446 1390 3480 1)
1409 3446 1522 3478 aliquem

465 3487 498 3512 de
516 3493 593 3512 sacro
605 3486 684 3520 sonte
703 3485 711 3510 l
731 3490 756 3510 et
775 3485 908 3510 editiones.

631 3207 778 3260 &Quia
804 3214 931 3249 nullus
950 3218 1075 3261 potest
1093 3210 1279 3247 instruere
1299 3209 1371 3246 nisi
1390 3209 1524 3246 instru—

465 3275 558 3304 ctus.
596 3266 673 3303 Sed
701 3265 815 3303 etiam
843 3265 1003 3314 quidam
1030 3275 1111 3300 non
1131 3262 1312 3299 'instructi
1339 3262 1406 3299 sed
1435 3261 1524 3298 sim-

1577 3114 1658 3140 non
1686 3100 1874 3149 obligatur
1900 3099 1949 3136 ad
1977 3098 2059 3136 eius
2086 3096 2386 3134 instructionem.

1633 3166 1667 3191 2.
1698 3155 1928 3199 ΡΒΑΕΤΕΚΕΑ,
1957 3150 2059 3188 filius
2086 3149 2207 3198 magis
2235 3162 2258 3187 a
2277 3156 2382 3199 patre
2411 3148 2609 3187 instruitur
2622 3148 2638 3180 β
2763 3148 2779 3183 β

1579 3218 1698 3256 quam
1718 3206 1765 3243 ab
1786 3205 1859 3243 alio
1879 3211 2077 3242 extraneo:
2107 3214 2199 3240 nam
2226 3201 2327 3239 filius
2351 3202 2466 3239 habet
2489 3215 2512 3239 a
2529 3211 2636 3252 patre

1579 3272 1655 3297 esse
1673 3265 1706 3296 et
1725 3260 1986 3295 nutrimentum
2005 3261 2039 3293 et
2057 3255 2300 3306 disciplinam,
2315 3262 2359 3292 ut
2377 3255 2637 3306 Philosophus

1579 3312 1679 3357 dicit,
1708 3312 1790 3348 VIII
1808 3311 1925 3348 Ethic.
1945 3309 1965 3331 *
1993 3308 2034 3346 Si
2061 3320 2151 3357 ergo
2179 3307 2239 3345 ille
2259 3307 2326 3358 qui
2345 3308 2501 3358 suscipit
2519 3308 2637 3359 bapti·
2664 3280 2883 3348 ἓῆἰῗέἑίἶ.

1631 3444 1656 3479 β)
1676 3451 1693 3469 a
1708 3447 1788 3476 patre
1807 3441 1958 3468 instruitur.
1976 3455 1994 3459 -
2007 3443 2098 3473 potest
2117 3438 2180 3474 (om.
2200 3439 2220 3474 Ι)
2239 3447 2257 3465 α
2273 3443 2353 3472 patre
2372 3440 2470 3466 instrui
2487 3441 2568 3466 tertia.
