2878 4088
148 359 159 368 ·
170 357 205 378 De
215 356 274 378 Fide
282 355 358 381 Orth„

149 384 189 405 lib.
199 383 239 410 IV,
249 389 298 410 cap.
311 383 359 407 ult„

150 411 172 432 in
188 410 239 431 fine.

152 585 161 594 ”
174 583 221 610 Qu.
233 588 310 607 cxxvi,
320 585 360 602 art.

152 617 170 637 3.

154 978 163 988 ·
180 976 236 998 Gen.
253 982 303 1003 eap.
318 982 333 998 ι,

155 1069 205 1091 'De
213 1068 268 1090 Gen.
275 1067 308 1089 ad
313 1067 365 1092 liu„

155 1096 193 1117 lib.
221 1095 265 1121 1V,
297 1100 364 1121 capp.

156 1127 229 1143 xxxin
239 1138 244 1147 ,
259 1127 338 1143 xxxiv.

159 1472 168 1481 ·
183 1469 218 1491 Cf.
241 1469 300 1490 Part.
322 1467 368 1493 111,

158 1503 197 1524 qu.
212 1501 308 1522 Lxxvm,
326 1498 368 1516 art.

159 1530 181 1550 4,
198 1522 226 1544 ad
241 1529 260 1550 3.

167 1867 176 1876 ·
187 1863 221 1886 cf.
243 1870 282 1892 qu.
301 1869 374 1889 mv,

164 1891 250 1912 Introd.

167 2485 176 2494 ·
188 2483 225 2505 Cf.
240 2483 259 2504 11
269 2482 303 2504 ad
313 2482 377 2509 Cor„

166 2516 218 2537 cap.
233 2516 259 2535 v,
275 2515 332 2531 vers.
354 2517 376 2535 4.

168 2538 177 2548 ·
193 2536 371 2564 Apostolorum.

172 2838 181 2847 ·
197 2837 264 2859 νει-ε.
278 2844 300 2863 4.

173 3021 182 3030 ·
197 3019 253 3046 Cap.
269 3024 320 3041 cxv.

173 3240 183 3249 ·
199 3237 264 3260 νει-ε.
280 3244 312 3267 ²³·

393 229 462 275 176

444 317 472 338 2.
498 308 693 343 PRAnraRnA,
719 307 817 337 virtus
833 305 957 336 infinita
973 306 1078 336 subito
1096 309 1256 344 operatur.
1281 300 1353 336 Sed,
1370 301 1452 330 sicut

388 352 604 382 Damascenus
621 351 696 382 dicit
712 352 746 381 *t
775 350 877 381 Crede
894 350 1162 381 resurrectionem
1169 348 1325 389 futuram
1343 344 1451 375 divina

388 396 513 431 virtute,
538 396 578 427 de
602 405 665 436 qua
689 401 813 426 constat
837 395 927 435 quod
943 396 982 425 sit
997 393 1130 424 infinita.
1154 393 1240 432 Ergo
1264 388 1451 420 resurrectio

387 439 442 471 fiet
466 441 582 471 subito.

443 485 633 516 Ruspoxmno
650 494 809 515 mmmmm
826 483 915 524 quod
935 485 967 514 in
991 482 1221 513 resurrectione
1246 480 1351 518 aliqua
1376 476 1453 507 fient
1476 483 1485 503 5

389 531 566 561 ministerio
591 530 789 570 angelorum,
814 535 845 559 et
868 529 975 568 aliqua
998 529 1112 557 virtute
1137 525 1243 555 divina
1257 521 1450 555 immediate,

390 580 425 605 ut
441 574 563 605 dictum
580 580 626 604 est
642 575 668 604 ’ἦ
694 573 774 604 Illud
791 583 866 613 ergo
884 572 973 613 quod
989 572 1043 602 fiet
1059 570 1234 601 ministerio
1255 567 1453 615 angelorum,

390 629 457 650 non
481 619 539 649 erit
561 619 593 649 in
617 619 754 653 instanti,
772 618 797 648 si
820 618 938 647 instans
963 617 1045 647 dicat
1068 613 1257 646 indivisibile
1281 617 1453 651 temporls:

391 664 448 694 erit
471 669 578 694 tamen
601 664 721 693 instans
745 663 771 693 si
794 663 913 692 instans
937 661 1109 700 accipiatur
1132 667 1190 699 pro
1221 663 1367 697 tempore
1395 655 1454 685 im-

390 708 598 748 perceptibili.
617 706 698 738 Illud
714 712 820 737 autem
838 705 927 746 quod
942 705 997 736 fiet
1012 705 1127 734 virtute
1140 702 1246 733 divina
1260 699 1454 732 immediate.
1471 709 1496 723 ιο

391 751 446 783 fiet
476 753 599 787 subito,
627 752 746 782 scilicet
769 752 801 781 in
825 751 962 781 termino
986 749 1139 789 temporis
1171 757 1237 787 quo
1268 745 1455 785 angelorum

392 806 475 837 opus
498 797 728 837 complebitur:
754 796 830 835 quia
852 796 950 825 virtus
967 794 1113 834 superior
1129 791 1314 822 inferiorem
1330 789 1369 819 ad
1384 798 1455 828 per-

392 841 565 872 fectionem
589 840 727 871 adducit.

447 886 497 915 An
522 895 638 915 ramim
665 894 748 914 nnoo
782 893 940 913 mensuum
973 882 1062 923 quod
1085 880 1234 912 Ezechiel
1264 878 1457 918 loquebatur

392 929 517 970 populo
533 929 614 965 rudi,
632 930 713 959 sicut
728 934 759 958 et
777 928 914 968 Moyses.
939 926 1043 962 Unde,
1060 927 1142 956 sieut
1158 925 1287 965 Moyses
1310 922 1450 953 distinxit
1473 930 1495 950 ις

394 983 491 1014 opera
524 983 577 1003 sex
611 973 735 1003 dierum
767 981 824 1012 per
852 971 918 1002 dies
934 973 960 1007 *‚
986 977 1021 1001 ut
1052 969 1139 1000 rudis
1170 968 1311 1008 populus
1344 974 1457 1006 capere

393 1023 511 1058 posset,
537 1018 682 1057 quamvis
706 1017 815 1046 omnia
838 1015 933 1046 simul
957 1016 1019 1045 sint
1042 1013 1134 1049 facta,
1150 1012 1330 1043 secundum
1345 1011 1457 1050 Augu-

393 1062 513 1092 stinum
529 1063 562 1098 *;
594 1062 636 1091 ita
666 1060 814 1091 Ezechiel
838 1059 959 1090 diversa
983 1068 1066 1098 quae
1089 1058 1122 1087 in
1146 1056 1377 1087 resurrectione
1407 1053 1457 1084 fu-

393 1112 463 1137 tura
487 1111 560 1136 sunt
585 1106 750 1145 expressit,
775 1105 921 1144 quamvis
945 1103 1054 1133 omnia
1078 1101 1173 1132 simul
1196 1101 1258 1130 sint
1289 1099 1395 1130 futura
1424 1098 1456 1127 in

394 1150 531 1180 instanti.

449 1194 499 1224 An
517 1203 679 1224 sacrmmm
697 1202 857 1223 mmmmm
873 1191 973 1232 quod,
991 1191 1136 1231 quamvis
1160 1189 1232 1220 illae
1255 1187 1458 1228 operationes

394 1239 456 1269 sint
479 1247 512 1268 se
535 1238 674 1268 invicem
698 1242 933 1277 consequentes
965 1241 1096 1271 natura,
1121 1240 1229 1265 tamen
1259 1231 1355 1263 simul
1384 1235 1459 1261 sunt

394 1288 557 1322 tempore:
581 1282 632 1312 vel
656 1282 730 1322 quia
754 1287 828 1312 sunt
850 1282 884 1311 in
909 1280 1024 1311 eodem
1047 1279 1192 1315 instanti;
1216 1277 1267 1308 vel
1283 1286 1347 1308 una
1363 1275 1458 1306 estin

395 1327 523 1358 instanti
547 1326 586 1357 ad
609 1326 699 1366 quod
723 1326 783 1356 alia
805 1326 1001 1356 terminatur.

450 1372 501 1402 An
517 1381 652 1401 Taurum
667 1380 826 1401 memnon
843 1369 932 1410 quod
947 1369 1034 1400 idem
1049 1367 1175 1399 videtur
1194 1376 1261 1397 esse
1286 1364 1458 1396 dicendum
1473 1377 1496 1397 ²5

396 1415 436 1447 de
459 1425 541 1446 sono
565 1415 620 1446 illo
645 1420 676 1445 et
699 1415 739 1446 de
767 1414 876 1445 formis
907 1418 1195 1445 sacramentorum:
1220 1411 1340 1441 scilicet
1369 1408 1459 1449 quod

396 1461 429 1491 in
454 1460 568 1491 ultimo
593 1461 721 1490 instanti
745 1469 845 1490 sonus
868 1458 1018 1490 effectum
1042 1467 1138 1488 suum
1161 1456 1290 1487 habebit
1305 1456 1332 1485 *.

451 1505 503 1535 An
528 1514 677 1534 auam-tm
699 1514 858 1534 meast-tm
878 1502 968 1544 quod
983 1502 1189 1542 congregatio
1206 1501 1360 1535 cinerum,
1377 1507 1460 1539 quae

397 1550 465 1580 sine
488 1554 581 1580 motu
603 1548 698 1579 locali
723 1558 790 1579 esse
813 1558 882 1579 non
905 1553 1028 1588 potest,
1052 1546 1108 1577 fiet
1131 1545 1306 1576 ministerio
1331 1543 1461 1583 angelo-

397 1603 479 1624 rum.
503 1593 544 1623 Et
567 1593 641 1623 ideo
666 1594 723 1623 erit
746 1594 779 1623 in
802 1598 960 1633 tempore,
977 1591 1032 1622 sed
1055 1590 1311 1631 imperceptibili,
1331 1592 1463 1629 propter
1477 1599 1503 1620 30

397 1637 579 1668 facilitatem
603 1637 757 1677 operandi
781 1647 862 1678 quae
887 1637 1042 1677 competit
1065 1635 1194 1676 angelis.

497 1702 749 1747 QUAESTIO
774 1700 1371 1736 SEPTUAGESIMAOCTAVA

662 1757 705 1782 οε
724 1757 883 1782 mammo
903 1755 1202 1782 RESURRECTles

464 1825 556 1846 amna
585 1814 854 1845 considerandum
879 1819 925 1844 est
955 1813 995 1844 de
1018 1814 1157 1844 termino
1181 1823 1199 1843 a
1228 1822 1294 1853 quo
1326 1821 1465 1843 resurre-
1481 1821 1502 1841 35

465 1860 580 1890 ctionis
594 1861 621 1890 *.

404 1903 497 1936 Circa
521 1903 610 1944 quod
634 1909 830 1943 quaeruntur
853 1904 920 1934 tria.

458 1949 584 1979 Primo:
609 1954 718 1979 utrum
740 1957 827 1978 mors
851 1948 890 1978 sit
913 1948 1067 1978 terminus
1091 1957 1109 1977 a
1132 1956 1198 1987 quo
1227 1946 1465 1977 resurrectionis

492 1994 526 2023 in
548 1993 708 2023 omnibus.

459 2037 625 2068 Secundo:
650 2042 758 2067 utrum
783 2038 904 2067 cineres
927 2037 978 2067 vel
1001 2037 1158 2076 pulveres.
1481 2043 1507 2063 4⁰

459 2082 588 2112 Tertio:
612 2087 721 2112 utrum
744 2081 789 2111 illi
813 2080 960 2121 pulveres
983 2081 1120 2111 habeant
1143 2080 1319 2110 naturalem
1335 2079 1467 2109 inclina-

491 2127 614 2156 tionem
639 2125 678 2156 ad
702 2126 850 2156 animam.

488 2201 586 2233 ART.
604 2201 626 2231 1.
651 2211 756 2232 urium
777 2210 858 2231 noas
882 2210 927 2230 sn*
951 2210 1073 2231 rurum
1096 2209 1247 2231 ‘ruminus
1270 2210 1291 2231 Α
1315 2209 1380 2230 ouo

698 2255 956 2276 RRSURRECTIONIS
979 2255 1010 2275 m
1035 2254 1169 2275 OMNIBUS

456 2297 478 2318 1⁸
494 2296 548 2323 11⁵⁶,
563 2303 602 2324 qu.
617 2302 696 2321 Lxxxx.
711 2295 908 2350 artbe3,paot{.'¹a¹}l
921 2295 1145 2348 gfnntr'1.dd⁵,⁸adu:¹'
1162 2301 1199 2323 qu.
1217 2301 1234 2322 ι,
1249 2298 1290 2317 m.
1306 2301 1331 2321 ²,
1346 2295 1375 2316 ad
1390 2300 1415 2321 ις

469 2397 489 2416 n
513 2397 629 2416 ramma
655 2396 700 2416 sic
723 2396 927 2417 paocumrtm.
953 2386 1086 2418 Videtur
1106 2386 1195 2427 quod
1217 2396 1305 2417 mors
1326 2396 1394 2417 non
1412 2386 1470 2417 erit

407 2400 623 2462 Aterminus
648 2441 665 2461 a
689 2440 755 2471 quo
779 2431 1019 2462 resurrectionis
1042 2432 1075 2462 in
1100 2431 1260 2462 omnibus.
1286 2431 1370 2469 Quia
1397 2431 1467 2471 qui-

406 2476 479 2507 dam
502 2485 569 2506 non
594 2476 790 2511 morientur,
816 2475 871 2506 sed
894 2475 1131 2506 immortalitate
1154 2475 1428 2516 supervestientur
1442 2476 1469 2505 ’ἢ
1485 2487 1512 2507 5⁰

405 2521 530 2551 Dicitur
553 2521 639 2550 enim
662 2520 695 2550 in
719 2520 876 2561 Symbolo
893 2521 910 2537 '
933 2520 1024 2560 quod
1046 2521 1116 2560 ipse
1139 2525 1294 2551 venturus
1318 2525 1365 2550 est
1388 2519 1469 2550 iudi-

406 2575 481 2596 care
505 2565 594 2595 vivos
617 2570 648 2595 et
674 2570 830 2595 mortuos.
863 2565 937 2595 Hoc
967 2570 1075 2595 autem
1103 2574 1170 2595 non
1201 2570 1306 2605 potest
1337 2564 1470 2604 intelligi

407 2615 564 2650 quantum
588 2609 627 2639 ad
650 2615 779 2650 tempus
801 2608 930 2640 iudicii:
955 2610 1032 2649 quia
1054 2614 1131 2640 tunc
1155 2615 1249 2640 erunt
1265 2618 1378 2640 omnes
1394 2610 1467 2639 vivi.

407 2654 492 2694 Ergo
517 2658 645 2694 oportet
668 2653 758 2693 quod
787 2652 940 2684 referatur
969 2654 1049 2684 haec
1079 2653 1240 2684 distinctio
1271 2653 1311 2684 ad
1342 2659 1470 2694 tempus

407 2697 609 2739 praecedens.
634 2698 675 2728 Et
697 2699 741 2729 ita
763 2707 831 2729 non
855 2707 968 2729 omnes
996 2703 1068 2729 ante
1096 2697 1253 2729 iudicium
1281 2699 1470 2728 morientur.
1486 2708 1509 2729 ςς

465 2752 493 2773 2.
518 2743 720 2776 Pmmm.
744 2743 887 2774 naturale
918 2748 950 2772 et
977 2752 1152 2773 commune
1183 2742 1375 2773 desiderium
1402 2752 1471 2773 non

408 2792 514 2827 potest
537 2796 605 2818 esse
628 2797 767 2818 vacuum
791 2793 823 2817 et
845 2788 951 2823 inane,
968 2787 1047 2827 quin
1063 2787 1096 2818 in
1113 2787 1273 2827 aliquibus
1296 2787 1470 2827 expleatur.

409 2831 472 2863 Sed
494 2831 672 2863 secundum
695 2831 902 2872 Apostolum,
927 2831 953 2862 II
973 2831 1050 2862 Cor.
1066 2832 1125 2867 ν’,
1146 2832 1209 2862 hoc
1230 2837 1276 2862 est
1296 2841 1472 2862 commune

409 2875 619 2912 desiderium,
650 2876 741 2916 quod
770 2876 922 2907 nolumus
950 2876 1145 2917 exspoIiar-i,
1169 2876 1225 2906 sed
1253 2877 1470 2917 supervestiri.

409 2920 494 2960 Ergo
523 2921 621 2960 aliqui
645 2926 738 2951 erunt
770 2921 826 2961 qui
858 2930 1026 2960 nunquam
1051 2920 1313 2960 exspoliabuntur
1336 2930 1473 2961 corpore
1486 2929 1513 2949 ⁶0

409 2974 465 3004 per
488 2971 637 3000 mortem,
661 2965 718 2996 sed
739 2965 1011 3005 supervestientur
1032 2965 1134 3005 gloria
1153 2965 1401 2995 resurrectionis.

467 3009 496 3039 3.
520 3009 724 3045 Panium,
751 3010 968 3049 Augustinus,
993 3010 1027 3040 in
1049 3009 1216 3040 Euchirid.
1234 3010 1260 3046 *‚
1285 3009 1361 3040 dicit
1384 3008 1474 3050 quod

411 3058 549 3093 quatuor
572 3053 703 3084 ultimae
725 3054 899 3094 petitiones
921 3054 1112 3084 Dominicae
1136 3054 1289 3084 orationis
1313 3053 1353 3084 ad
1384 3063 1474 3095 prae-

410 3102 532 3128 sentem
555 3098 653 3128 vitam
676 3099 845 3138 pertinent.
877 3098 1023 3136 Quarum
1047 3108 1113 3129 una
1140 3103 1202 3134 est,
1227 3098 1360 3129 Dimitte
1384 3098 1475 3129 nobis

411 3141 514 3171 debita
540 3147 662 3172 nostra.
686 3142 772 3182 Ergo
796 3142 939 3173 Ecclesia
962 3143 1042 3183 petit
1064 3143 1098 3173 in
1121 3143 1181 3173 hac
1203 3143 1268 3173 vita
1290 3143 1349 3173 sibi
1365 3143 1475 3174 omnia
1488 3149 1512 3175 ⁶5

412 3185 516 3216 debita
539 3186 679 3217 relaxari.
703 3186 767 3218 Sed
789 3187 951 3218 Ecclesiae
968 3188 1070 3217 oratio
1086 3197 1154 3217 non
1170 3192 1277 3227 potest
1292 3196 1361 3218 esse
1377 3197 1473 3224 cassa,

413 3230 490 3270 quin
511 3230 712 3261 exaudiatur:
734 3231 821 3262 Ioan.
838 3241 891 3262 m
907 3232 933 3266 “,
950 3231 1114 3272 Quidquid
1124 3231 1285 3271 petieritis
1295 3231 1424 3262 Patrem
1441 3232 1473 3262 in

413 3274 541 3304 nomine
559 3284 641 3309 meo,
664 3275 753 3305 dabit
774 3275 872 3306 vobis.
903 3275 988 3316 Ergo
1019 3275 1163 3306 Ecclesia
1186 3276 1219 3306 in
1242 3276 1352 3316 aliquo
1380 3276 1476 3307 huius

412 3318 494 3349 vitae
516 3324 663 3358 tempore
686 3320 835 3350 omnium
858 3319 1039 3350 debitorum
1059 3320 1281 3350 remissionem
1297 3329 1476 3360 conseque-

1473 1155 1499 1170 20

1483 2265 1506 2285 45

1058 223 1306 272 QUAESTO
1335 220 1538 266 LXXVIII,
1559 220 1853 257 ARTICULUS
1882 221 1895 255 l

1561 307 1592 336 4.
1617 299 1820 334 Pani-anm,
1844 298 1894 328 via
1918 296 2180 337 compendiosior
2212 302 2259 327 est
2288 306 2414 337 semper
2436 297 2570 337 sapienti
2598 304 2600 306 ’

1506 343 1606 382 magis
1631 342 1786 382 eligenda.
1811 342 1874 373 Sed
1898 341 2160 381 compendiosior
2182 342 2233 371 via
2256 346 2303 371 est
2318 341 2408 381 quod
2423 341 2572 371 homines

1508 388 1564 427 qui
1575 387 1779 417 invenientur
1790 387 1854 417 vivi
1869 387 1902 416 in
1915 385 2201 426 impassibilitatem
2217 386 2456 416 resurrectionis
2472 391 2571 416 trans-

1508 431 1659 467 ferantur,
1684 441 1782 471 quam
1806 430 1896 471 quod
1919 431 2007 471 prius
2029 430 2208 460 moriantur
2231 435 2262 459 et
2281 435 2393 470 postea
2409 435 2572 469 resurgant

1509 486 1526 506 a
1549 481 1653 506 morte
1677 477 1709 506 in
1733 475 2015 506 immortalitatem.
2048 474 2134 514 Ergo
2158 474 2263 509 Deus,
2289 474 2345 513 qui
2369 480 2415 504 est
2447 483 2573 504 summe

1509 521 1644 560 sapiens,
1669 521 1751 550 hanc
1773 521 1859 550 viam
1883 519 1978 559 eliget
2000 520 2034 549 in
2057 519 2106 549 his
2130 519 2186 558 qui
2209 518 2273 548 vivi
2295 519 2509 549 invenientur.
2532 518 2574 548 Et

1509 566 1553 595 sic
1577 564 1663 595 idem
1687 564 1776 604 quod
1799 565 1896 604 prius.

1564 609 1626 639 Sao
1652 619 1784 645 CONTRA,
1802 609 1813 639 I
1833 609 1909 639 Cor.
1922 609 1989 638 xv*
1999 618 2005 637 :
2033 607 2130 644 Quod
2143 607 2292 643 seminas,
2310 616 2375 637 non
2392 607 2575 648 vivificatur

1510 654 1573 684 nisi
1590 654 1686 693 prius
1709 654 1880 683 moriatur.
1905 653 1946 683 Et
1969 652 2113 692 loquitur
2135 652 2194 688 sub
2219 651 2426 682 similitudine
2445 651 2574 681 seminis

1511 698 1550 728 de
1579 699 1810 728 resurrectione
1841 706 2026 738 corporum.
2060 697 2146 736 Ergo
2177 705 2314 736 corpora
2343 706 2362 726 a
2393 700 2497 726 morte
2526 704 2574 725 re-

1511 748 1649 782 surgent.

1568 796 1597 817 2.
1622 787 1818 822 Pina-ranna,
1843 786 1854 816 1
1874 786 1950 816 Cor.
1967 787 2052 816 xv*:
2078 786 2169 816 Sicut
2191 785 2224 815 in
2248 785 2352 815 Adam
2376 793 2485 815 omnes
2507 793 2575 814 mo-

1512 832 1652 867 riuntur,
1667 832 1712 861 ita
1728 832 1761 861 in
1777 831 1905 861 Christo
1923 840 2032 861 omnes
2049 831 2307 871 vivificabuntur.
2323 829 2386 860 Sed
2402 830 2436 859 in
2448 828 2576 859 Christo

1512 885 1625 906 omnes
1644 875 1897 906 vivificabuntur.
1922 875 2008 915 Ergo
2024 876 2058 905 in
2073 874 2178 905 Adam
2194 884 2308 905 omnes
2324 874 2512 904 morientur.
2536 873 2577 903 Et

1512 922 1556 950 sic
1580 921 1767 950 resurrectio
1792 921 1940 950 omnium
1965 921 2023 950 erit
2046 930 2064 950 a
2087 925 2201 950 morte.

1566 965 1756 1002 Rusponmzp
1785 974 1944 995 mensuum
1966 964 2055 1004 quod
2078 974 2174 1004 super
2198 965 2257 994 hac
2281 963 2470 1003 quaestione
2493 962 2577 992 varie

1511 1009 1690 1048 loquuntur
1714 1009 1837 1045 Sancti,
1861 1014 1898 1039 ut
1920 1010 1954 1039 in
1977 1009 2079 1039 littera
2094 1010 2111 1025 ⁴*
2134 1014 2230 1049 patet.
2268 1008 2394 1038 Tamen
2425 1008 2505 1038 haec
2531 1012 2578 1037 est

1512 1053 1654 1083 securior
1678 1058 1709 1083 et
1732 1054 1939 1083 communior
1962 1053 2086 1093 opinio,
2111 1053 2201 1093 quod
2225 1062 2339 1084 omnes
2354 1052 2533 1082 morientur
2548 1056 2579 1082 et

1513 1107 1531 1126 a
1546 1102 1651 1127 morte
1674 1103 1847 1136 resurgent.
1873 1097 1913 1127 Et
1929 1098 1992 1128 hoc
2008 1103 2139 1137 propter
2154 1098 2222 1127 tria.
2246 1097 2365 1133 Primo,
2383 1097 2458 1137 quia
2478 1096 2579 1136 magis

1514 1141 1689 1171 concordat
1712 1140 1837 1171 divinae
1861 1142 2008 1177 iustitiae,
2034 1151 2116 1181 quae
2139 1142 2315 1172 humanam
2343 1146 2490 1172 naturam
2519 1150 2578 1181 pro

1513 1190 1648 1225 peccato
1665 1186 1759 1225 primi
1775 1186 1914 1225 parentis
1931 1186 2093 1216 damnavit
2104 1187 2132 1222 ⁴⁶,
2147 1191 2185 1216 ut
2201 1195 2314 1216 omnes
2330 1186 2387 1225 qui
2402 1194 2460 1225 per
2471 1190 2579 1216 actum

1513 1235 1645 1260 naturae
1669 1230 1707 1259 ab
1732 1239 1772 1260 eo
1797 1230 1955 1269 originem
1985 1229 2155 1265 ducerent,
2169 1229 2388 1260 infectionem
2419 1229 2580 1270 originalis

1513 1274 1637 1314 peccati
1661 1274 1894 1310 contraherent,
1920 1280 1951 1305 et
1974 1283 2031 1314 per
2054 1283 2257 1314 consequens
2281 1274 2393 1304 mortis
2421 1273 2581 1305 debitores

1514 1323 1628 1348 essent.

1569 1362 1731 1399 Secundo,
1749 1363 1825 1403 quia
1840 1363 1941 1402 magis
1953 1362 2130 1394 concordat
2146 1363 2271 1394 divinae
2288 1362 2480 1403 Scripturae,
2497 1371 2580 1403 quae

1514 1407 1662 1438 omnium
1686 1406 1827 1450 futuram
1854 1408 2120 1438 resurrectionem
2149 1407 2303 1448 praedicit
2318 1408 2345 1438 *ἦ
2379 1407 2582 1438 Resurrectio

1515 1457 1623 1482 autem
1638 1452 1768 1492 proprie
1787 1461 1856 1482 non
1872 1457 1919 1482 est
1933 1452 1995 1482 nisi
2015 1452 2084 1483 eius
2098 1452 2185 1493 quod
2204 1452 2317 1483 cecidit
2339 1457 2371 1482 et
2391 1451 2583 1483 dissolutum

1516 1501 1571 1532 est,
1595 1502 1632 1527 ut
1655 1496 1875 1527 Damascenus
1898 1496 1974 1527 dicit
1989 1497 2016 1527 ³.

1572 1541 1683 1571 Tertio
1696 1565 1703 1578 ,
1729 1542 1803 1581 quia
1827 1542 1927 1581 magis
1951 1541 2127 1572 concordat
2150 1541 2255 1572 ordini
2276 1547 2428 1578 naturae,
2451 1541 2486 1571 in
2515 1549 2583 1581 quo

1516 1586 1700 1617 invenimus
1723 1586 1813 1626 quod
1836 1586 1869 1616 id
1893 1585 1983 1626 quod
2007 1592 2196 1627 corruptum
2229 1592 2260 1617 et
2291 1586 2439 1616 vitiatum
2463 1590 2526 1622 est,
2549 1585 2584 1616 in

1518 1640 1609 1661 suam
1632 1631 1808 1661 novitatem
1831 1640 1899 1661 non
1923 1629 2086 1661 reducitur
2101 1631 2160 1661 nisi
2178 1631 2387 1671 corruptione
2402 1629 2582 1660 mediante:

1519 1676 1601 1706 sicut
1624 1680 1752 1706 acetum
1775 1685 1843 1705 non
1866 1674 1901 1705 fit
1924 1675 2037 1706 vinum
2059 1675 2120 1706 nisi
2144 1680 2236 1706 aceto
2260 1680 2414 1715 corrupto
2430 1680 2462 1705 et
2475 1675 2510 1706 in
2524 1675 2585 1706 hu—

1519 1729 1644 1750 morem
1667 1720 1740 1750 vitis
1763 1725 1957 1750 transeunte.
1991 1719 2205 1756 Unde‚·cum
2234 1725 2348 1750 natura
2378 1719 2522 1750 humana
2549 1719 2584 1750 in

1520 1764 1682 1795 defectum
1705 1765 1900 1795 necessitatis
1922 1763 2082 1795 moriendi
2106 1763 2278 1801 devenerit,
2298 1773 2366 1795 non
2389 1764 2447 1794 erit
2466 1763 2586 1796 reditus

1520 1809 1560 1839 ad
1582 1809 1856 1839 immortalitatem
1877 1809 1939 1839 nisi
1962 1808 2124 1839 mediante
2147 1814 2262 1839 morte.

1576 1853 1739 1884 Convenit
1761 1853 1857 1883 etiam
1880 1852 1986 1884 ordini
2008 1859 2139 1884 naturae
2155 1859 2287 1894 propter
2302 1852 2396 1884 aliam
2416 1853 2584 1884 rationem.

1521 1898 1616 1936 Quia,
1633 1903 1669 1928 ut
1688 1898 1722 1928 in
1737 1897 1809 1928 VIII
1830 1892 1958 1938 Physic.
1974 1898 1991 1914 ⁴*
2011 1897 2135 1934 dicitur,
2156 1903 2265 1929 motus
2288 1897 2368 1928 caeli
2391 1902 2438 1928 est
2461 1902 2498 1928 ut
2519 1897 2586 1928 vita
2613 1897 2623 1907 '

1520 1942 1678 1983 quaedam
1711 1947 1832 1972 natura
1867 1942 2074 1973 existentibus
2105 1942 2273 1973 omnibus:
2304 1943 2387 1972 sicut
2416 1947 2448 1973 et
2477 1946 2586 1972 motus

1522 1987 1627 2017 cordis
1650 1987 1749 2017 totius
1773 1987 1918 2026 corporis
1941 1987 2004 2017 vita
2028 1986 2187 2027 quaedam
2211 1992 2266 2017 est.
2291 1986 2385 2018 Unde
2409 1987 2500 2023 sicut,
2518 1995 2586 2017 cee-

1522 2037 1610 2062 sante
1634 2037 1727 2062 motu
1743 2031 1858 2067 cordis,
1876 2032 1986 2061 omnia
2009 2032 2153 2061 membra
2175 2030 2426 2068 mortificantur;
2449 2031 2503 2067 ita,
2520 2040 2587 2062 ces—

1522 2081 1611 2106 sante
1634 2081 1727 2106 motu
1752 2075 1841 2111 caeli,
1865 2085 1933 2106 non
1956 2081 2063 2116 potest
2086 2075 2207 2116 aliquid
2229 2076 2340 2106 vivum
2355 2084 2519 2106 remanere
2533 2074 2588 2106 illa

1522 2121 1586 2150 vita
1609 2130 1693 2160 quae
1717 2129 1754 2150 ex
1778 2118 1944 2150 influentia
1967 2119 2053 2150 illius
2075 2125 2184 2150 motus
2214 2120 2470 2150 conservabatur.
2501 2119 2589 2150 Talis

1523 2170 1632 2196 autem
1654 2165 1719 2195 vita
1743 2169 1790 2195 est
1812 2173 1876 2204 qua
1894 2173 1982 2195 nunc
2007 2163 2163 2205 degimus.
2187 2164 2282 2196 Unde
2298 2169 2428 2205 oportet
2443 2163 2534 2204 quod
2548 2173 2587 2195 ex

1523 2210 1583 2240 hac
1605 2210 1670 2240 vita
1693 2208 1857 2239 discedant
1879 2209 1936 2249 qui
1958 2214 2034 2249 post
2056 2214 2183 2239 motum
2208 2209 2286 2240 caeli
2309 2209 2528 2250 quiescentem
2542 2208 2589 2239 vi-

1524 2255 1606 2285 cturi
1628 2258 1711 2284 sunt.

1568 2299 1619 2329 An
1643 2308 1760 2329 paurum
1783 2307 1866 2328 nRoo
1891 2307 2051 2328 memnon
2072 2297 2162 2338 quod
2186 2297 2347 2329 distinctio
2369 2298 2422 2329 illa
2443 2303 2590 2328 mortuo-

1524 2352 1596 2374 rum
1613 2349 1644 2373 et
1660 2343 1808 2373 vivorum
1824 2351 1892 2373 non
1909 2347 1956 2373 est
1970 2341 2135 2373 referenda
2151 2342 2191 2372 ad
2202 2343 2308 2383 ipsum
2324 2342 2434 2374 iudicii
2445 2348 2589 2383 tempus;

1524 2397 1632 2428 neque
1655 2387 1695 2418 ad
1724 2392 1831 2418 totum
1859 2392 1987 2427 tempus
2017 2387 2241 2427 praeteritum,
2266 2388 2341 2428 quia
2371 2397 2486 2418 omnes
2507 2386 2591 2418 iudi-

1525 2432 1618 2463 candi
1651 2432 1760 2472 aliquo
1795 2437 1943 2472 tempore
1979 2431 2109 2462 fuerunt
2140 2431 2204 2462 vivi
2236 2437 2267 2462 et
2300 2432 2410 2472 aliquo
2443 2437 2591 2472 tempore

1524 2477 1663 2514 mortui;
1687 2476 1742 2507 sed
1766 2476 1806 2507 ad
1828 2475 1907 2507 illud
1930 2481 2059 2516 tempus
2083 2475 2329 2507 determinatum
2353 2475 2443 2516 quod
2474 2477 2590 2506 imme-

1526 2521 1608 2552 diate
1631 2521 1788 2552 iudicium
1812 2520 1990 2561 praecedet,
2008 2520 2139 2561 quando
2163 2520 2284 2551 scilicet
2305 2520 2415 2552 iudicii
2435 2521 2524 2561 signa
2541 2520 2591 2551 in-

1526 2566 1645 2606 cipient
1668 2574 1830 2606 apparere.
2518 2564 2522 2567 “

1580 2611 1632 2640 An
1656 2620 1818 2641 sacunntm
1834 2619 1993 2640 niernum:
2010 2609 2100 2650 quod
2115 2609 2295 2650 perfectum
2311 2609 2505 2640 desiderium
2519 2618 2592 2640 san—

1526 2661 1653 2686 ctorum
1675 2664 1744 2685 non
1767 2660 1874 2695 potest
1897 2663 1965 2685 esse
1988 2663 2124 2685 vanum:
2149 2653 2206 2685 sed
2227 2654 2307 2685 nihil
2329 2654 2479 2694 prohibet
2509 2653 2592 2684 desi-

1526 2699 1651 2731 derium
1675 2698 1932 2730 conditionatum
1956 2708 2071 2729 eorum
2095 2707 2214 2729 vanum
2232 2708 2311 2730 esse.
2335 2698 2377 2729 Et
2391 2698 2454 2729 tale
2470 2697 2593 2729 deside-

1526 2745 1610 2775 rium
1629 2749 1676 2774 est
1691 2753 1758 2784 quo
1775 2744 1927 2774 nolumus
1948 2743 2127 2784 exspoliari
2142 2742 2198 2774 sed
2215 2743 2423 2784 supervestiri
2429 2750 2440 2773 .·
2462 2743 2592 2779 scilicet,

1527 2790 1552 2819 si
1575 2788 1727 2829 possibile
1750 2788 1799 2818 sit.
1824 2788 1865 2818 Et
1887 2789 1951 2818 hoc
1974 2787 2167 2818 desiderium
2191 2797 2209 2818 a
2233 2786 2425 2828 quibusdam
2449 2787 2594 2818 velleitas

1527 2833 1653 2864 dicimr.
2544 2848 2569 2867 θ

1582 2878 1634 2908 An
1658 2886 1793 2907 mamm
1815 2886 1976 2907 monimum
2007 2876 2097 2916 quod
2125 2877 2189 2907 hoc
2212 2882 2259 2907 est
2282 2885 2464 2913 erroneum,
2488 2875 2594 2906 dicere

1528 2921 1618 2962 quod
1641 2921 1756 2961 aliquis
1786 2922 1855 2951 sine
1884 2926 2019 2962 peccato
2051 2921 2197 2961 originali
2227 2921 2442 2961 concipiatur,
2470 2924 2594 2960 praeter

1529 2966 1703 2997 Christum.
1721 2965 1807 3004 Quia
1822 2965 1876 2996 ille
1892 2966 1949 3006 qui
1964 2966 2032 2996 sine
2048 2970 2181 3006 peccato
2198 2965 2343 3006 originali
2359 2965 2591 3005 conciperetur,

1528 3020 1596 3041 non
1619 3010 1775 3051 indigeret
1796 3009 2030 3050 redemptione,
2055 3019 2138 3052 quae
2161 3009 2244 3040 facta
2267 3014 2314 3039 est
2335 3018 2394 3050 per
2416 3007 2592 3039 Christum.

1529 3055 1570 3086 Et
1593 3055 1638 3085 sic
1662 3054 1808 3085 Christus
1830 3064 1898 3085 non
1922 3059 2004 3085 esset
2026 3053 2227 3095 Redemptor
2247 3053 2406 3084 omnium.

1583 3099 1653 3130 Nec
1676 3104 1783 3139 potest
1805 3098 1867 3129 dici
1892 3098 1982 3139 quod
2004 3108 2072 3129 non
2103 3099 2163 3128 hac
2195 3096 2416 3137 redemptione
2448 3095 2594 3137 indigue-

1530 3149 1604 3174 runt
1633 3144 1708 3184 quia
1738 3143 1926 3183 praestitum
1949 3142 2009 3173 fuit
2040 3143 2085 3173 eis
2115 3147 2151 3172 ut
2180 3141 2248 3172 sine
2276 3145 2411 3181 peccato
2442 3141 2594 3181 concipe-

1531 3193 1640 3218 rentur
1664 3188 1739 3228 quia
1761 3187 1814 3218 illa
1837 3188 1936 3228 gratia
1959 3186 2042 3218 facta
2058 3191 2105 3217 est
2119 3185 2304 3226 parentibus
2319 3190 2356 3215 ut
2371 3185 2404 3215 in
2420 3185 2465 3215 eis
2480 3185 2594 3215 vitium

1530 3238 1662 3264 naturae
1693 3237 1874 3268 sanaretur,
1906 3240 1973 3272 quo
2005 3235 2156 3261 manente
2185 3229 2254 3260 sine
2284 3229 2430 3269 originali
2460 3234 2595 3270 peccato

1530 3285 1681 3316 generare
1705 3285 1773 3306 non
1796 3281 1944 3316 possent;
1968 3275 2019 3305 vel
2042 3275 2102 3315 ipsi
2125 3279 2275 3310 naturae,
2300 3282 2383 3314 quae
2406 3279 2515 3304 sanata
2537 3278 2594 3304 est.

1532 3321 1669 3361 Oportet
1693 3321 1779 3351 enim
1801 3329 1924 3360 ponere
1955 3318 2044 3359 quod
2075 3317 2209 3358 quilibet
2241 3317 2449 3359 personaliter
2471 3317 2595 3348 redem-

413 3367 474 3392 tur.
498 3362 560 3393 Sed
583 3373 686 3394 unum
710 3363 749 3393 de
773 3363 896 3399 debitis,
914 3373 981 3403 quo
997 3373 1056 3404 pro
1073 3369 1207 3404 peccato
1223 3365 1318 3404 primi
1338 3365 1477 3405 parentis
1491 3377 1518 3398 7⁰
1531 3366 1644 3405 ptione
1667 3364 1785 3395 Christi
1807 3363 1957 3403 indigeat,
1980 3372 2048 3394 non
2071 3361 2179 3393 solum
2202 3362 2324 3393 ratione
2347 3368 2489 3393 naturae.

413 3405 646 3446 adstringimur,
663 3412 710 3438 est
734 3407 824 3448 quod
838 3408 1001 3438 nascimur
1016 3408 1049 3438 in
1066 3408 1212 3448 originali
1227 3413 1374 3448 peccato.
1390 3409 1476 3449 Ergo

415 3450 586 3489 aliquando
610 3451 674 3481 hoc
697 3451 859 3481 Ecclesiae
883 3451 970 3482 Deus
994 3453 1182 3491 praestabit,
1207 3452 1297 3492 quod
1328 3453 1478 3483 homines

415 3494 482 3524 sine
506 3495 650 3534 originali
674 3501 808 3534 peccato
831 3501 1011 3525 nascentur.
1036 3495 1099 3526 Sed
1121 3506 1208 3526 mors
1231 3502 1278 3527 est
1293 3506 1399 3537 poena
1415 3498 1477 3527 ori-

414 3538 526 3577 ginalis
549 3539 683 3578 peccati.
717 3540 803 3578 Ergo
836 3539 935 3579 aliqui
965 3540 1112 3570 homines
1144 3546 1237 3570 erunt
1267 3541 1349 3571 circa
1378 3539 1477 3571 finem

415 3581 528 3612 mundi
552 3583 607 3622 qui
631 3592 698 3612 non
723 3584 910 3613 morientur.
935 3583 975 3612 Et
999 3584 1043 3613 sic
1067 3583 1152 3614 idem
1177 3584 1266 3623 quod
1291 3585 1400 3624 priusu

1588 3408 1737 3438 Liberari
1760 3413 1867 3438 autem
1884 3416 1904 3437 a
1919 3406 2017 3442 malo,
2034 3406 2084 3436 vel
2100 3416 2120 3436 a
2136 3405 2240 3436 debito
2257 3407 2389 3443 absolvi,
2407 3416 2475 3437 non
2490 3411 2596 3447 potest

1531 3453 1593 3483 nisi
1617 3453 1673 3492 qui
1697 3452 1840 3482 debitum
1863 3451 1995 3481 incurrit
2017 3450 2067 3480 vel
2091 3451 2124 3480 in
2147 3451 2268 3481 malum
2292 3451 2434 3481 deiectus
2456 3450 2526 3481 fuit.
2555 3450 2597 3482 Et

1532 3496 1606 3526 ideo
1630 3505 1698 3526 non
1721 3501 1853 3535 possent
1876 3504 1989 3525 omnes
2013 3494 2153 3525 fmctum
2177 3495 2368 3526 Dominicae
2392 3495 2545 3526 orationis
2563 3495 2597 3525 in

1533 3541 1644 3580 seipsis
1667 3540 1830 3579 percipere
1853 3539 1914 3569 nisi
1938 3547 2052 3569 omnes
2068 3538 2227 3570 debitores
2242 3545 2448 3570 nascerentur
2463 3545 2495 3570 et
2510 3538 2598 3570 malo

1492 3597 1516 3616 75
1534 3584 1678 3614 subiecti.
1703 3583 1796 3614 Unde
1820 3583 1962 3613 dimissio
1987 3583 2180 3619 debitorum,
2205 3584 2255 3614 vel
2279 3584 2426 3614 liberatio
2455 3593 2475 3614 a
2498 3583 2596 3619 malo,

2602 614 2611 623 ·
2628 612 2693 634 Ver».
2709 612 2745 641 36.

2603 787 2613 797 ·
2628 785 2696 807 Vera.
2710 791 2744 807 22.

2606 1009 2616 1019 ·
2623 1007 2682 1030 nint.
2691 1013 2748 1029 xun
2765 1013 2820 1035 eap-

2607 1034 2699 1063 Quaert
2712 1022 2779 1056 ποίει.

2609 1187 2664 1209 κω
2676 1187 2751 1215 m„
2767 1192 2819 1214 ap.

2606 1221 2630 1242 v,
2643 1219 2707 1262 '5²2‘-
2714 1219 2738 1237 υ
2753 1219 2822 1241 sqq..-

2607 1241 2759 1294 ξινῗναιονιῖ.
2769 1245 2823 1268 αρ’

2610 1407 2755 1460 :re-¹228?
2771 1413 2827 1455 ’.ἶᾶ

2612 1460 2676 1488 Cor„
2701 1466 2751 1489 etp.
2778 1466 2822 1487 xv,

2611 1493 2734 1536 ἵῗῒιῗᾱ.
2743 1513 2825 1540 orn...

2611 1540 2825 1568 hb.lv.eap.xxvn.
