2918 4088
103 923 116 934 '¹
123 923 206 954 ²Ambr.
214 923 251 946 De
256 924 307 955 Spi-

106 951 146 971 rat.
163 949 244 971 Sanct.
263 951 303 972 hb.

105 975 124 1000 1.
194 981 229 1002 ιιι,
238 981 303 998 num.

101 981 216 1051 5355*-
228 1001 248 1024 E
265 1002 303 1024 m.

208 1043 215 1056 t

237 1034 252 1050 a
261 1028 304 1050 iter

52 1076 54 1078 .
104 1052 191 1082 ml,
208 1055 242 1076 ad
253 1055 302 1076 Bo-

100 1079 188 1110 fflccs,
200 1086 265 1104 num.
278 1087 301 1110 9.

203 1456 284 1474 Ι-ΙΠΙΙ
293 1467 299 1478 ,

67 1429 142 1500 ἔτι

132 1449 180 1499 .ὤὲ

67 2911 74 2922 τ’
90 2930 108 2945 ³
118 2929 185 2954 Van.
202 2937 236 2960 ¹7·

68 2978 76 2998 5
97 2985 109 2998 ¹
119 2983 186 3008 Vm.
199 2990 234 3014 ²3·

990 212 1252 258 QUAESTIO
1282 213 1489 260 LXXXIII,
1523 212 1815 250 ARTICULUS
1843 215 1893 250 IV

350 286 433 333 dite,
452 298 525 323 nec
551 286 708 335 ponitur
727 300 874 325 omnes:
900 300 991 325 cum
1010 288 1050 325 in
1068 289 1321 327 celebratione
1340 290 1412 326 hu-

348 338 410 376 ius
437 339 663 376 sacramenti
691 339 847 387 dicatur,
874 342 1020 378 elevatis
1047 343 1162 379 oculis
1189 344 1225 379 in
1254 343 1410 389 caelum,

349 398 386 428 et
413 391 563 438 iterum,
591 393 756 442 Accipite
783 399 816 430 et
843 394 1065 431 manducate
1092 407 1141 432 ex
1167 397 1237 431 hoc
1271 407 1408 431 omnes.

349 444 666 482 Inconvenienter
700 457 789 494 ergo
824 446 1049 483 huiusmodi
1083 447 1201 484 verba
1233 447 1413 484 dicuntur

348 495 388 533 in
415 497 670 535 celebratione
697 498 814 535 huius
843 499 1080 536 sacramenti.

404 549 439 586 3.
469 551 710 598 PRAETEREA,
739 551 871 588 omnia
905 552 977 589 alia
997 557 1014 573 α
1042 560 1278 593 sacramenta
1310 552 1410 589 ordi-

348 610 489 639 nantur
507 603 556 640 ad
584 605 746 641 salutem
765 604 943 641 omnium
970 604 1156 642 fidelium.
1187 605 1264 642 Sed
1292 605 1332 641 in
1351 617 1410 641 00-

346 655 556 693 lebratione
584 657 750 694 aliorum
777 665 1105 694 sacramentorum
1133 669 1213 694 non
1240 657 1284 694 fit
1305 669 1410 694 com-

346 708 477 745 munis
496 709 616 746 oratio
635 721 707 758 pro
727 710 846 746 salute
866 709 1045 746 omnium
1059 708 1074 739 β
1091 709 1267 746 fidelium
1286 717 1322 746 et
1345 711 1409 747 de-

345 760 578 798 functorum.
618 763 719 810 Ergo
757 762 1072 799 inconvenienter
1101 762 1146 798 fit
1179 762 1219 799 in
1245 763 1321 799 hoc
1352 775 1410 799 sa-

346 822 556 851 eramento.

397 878 434 914 4.
455 868 688 914 PRAETEREA,
708 866 921 916 baptismus
940 866 1078 904 dicitur
1096 867 1306 916 specialiter
1313 868 1412 915 fidei

342 926 619 956 sacramentum
637 919 668 956 *.
708 920 765 967 Ε3
797 931 887 967 ergo
923 931 1023 968 quae
1050 920 1242 969 pertinent
1276 921 1325 957 ad
1353 921 1408 957 in-

343 971 593 1008 structionem
620 971 723 1017 fidei,
745 972 866 1020 magis
894 972 1035 1009 debent
1053 972 1153 1009 circa
1171 973 1408 1022 baptismum

342 1023 440 1060 tradi
472 1036 592 1073 quam
626 1024 726 1061 circa
762 1025 839 1061 hoc
871 1033 1174 1063 sacramentum:
1214 1026 1311 1063 sicut
1339 1027 1407 1064 do-

341 1075 462 1114 ctrina
489 1077 711 1126 Apostolica
737 1084 774 1114 et
801 1078 1042 1126 Evangelica.

398 1130 431 1166 5.
471 1131 712 1177 PRAETEREA,
749 1130 789 1166 in
826 1130 932 1167 omni
971 1139 1211 1169 sacramento
1247 1132 1408 1181 exigitur

341 1182 497 1220 devotio
524 1182 711 1220 fidelium.
740 1184 834 1220 Non
862 1196 952 1232 ergo
971 1184 1092 1232 magis
1119 1184 1159 1221 in
1187 1186 1263 1223 hoc
1287 1197 1406 1223 sacra-

339 1242 472 1272 mento
507 1248 628 1285 quam
663 1236 704 1273 in
732 1236 812 1273 aliis
849 1237 1004 1274 deberet
1041 1237 1196 1275 devotio
1232 1237 1407 1276 fidelium

340 1288 494 1326 excitari
520 1301 590 1339 per
616 1289 749 1326 laudes
777 1289 926 1327 divinas
955 1297 991 1326 et
1017 1302 1087 1339 per
1105 1291 1404 1329 admonitiones:

331 1349 552 1391 fmtaeum
581 1341 729 1390 dicitur,
755 1344 914 1389 ‚Sursum
942 1344 1069 1381 corda.

393 1395 430 1432 6.
464 1395 705 1442 PRAETEREA,
735 1395 906 1432 minister
932 1396 1049 1433 huius
1087 1397 1314 1434 sacramenti
1350 1405 1406 1435 est

339 1448 530 1495 sacerdos,
558 1455 602 1485 ut
628 1448 774 1486 dictum
802 1456 857 1485 est
870 1448 900 1485 ³¹⁶.
938 1449 1082 1486 Omnia
1114 1462 1204 1498 ergo
1237 1462 1336 1499 quae
1365 1450 1404 1500 in

338 1501 416 1538 hoc
443 1509 682 1538 sacramento
720 1501 920 1547 dicuntur,
949 1514 973 1539 a
1000 1503 1196 1539 sacerdote
1233 1503 1308 1540 dici
1339 1503 1404 1540 de-

338 1553 490 1590 berent:
520 1561 556 1590 et
583 1566 664 1591 non
689 1555 883 1603 quaedam
911 1567 934 1591 a
956 1554 1148 1603 ministris,
1170 1556 1363 1604 quaedam
1382 1569 1405 1593 a

337 1607 471 1644 choro.

391 1671 428 1707 7.
457 1660 698 1706 ΡΚΑΕΤΕΒΕᾼ,
727 1660 804 1696 hoc
829 1668 1116 1697 sacramentum
1149 1672 1220 1709 per
1253 1660 1402 1698 certitu-

338 1711 471 1749 dinem
508 1719 690 1761 operatur
724 1712 844 1749 virtus
873 1712 1014 1749 divina.
1052 1713 1257 1762 Superflue
1292 1713 1404 1762 igitur

279 1789 281 1791 -
336 1765 516 1802 sacerdos
529 1764 623 1814 petit
635 1764 751 1802 huius
766 1765 995 1802 sacramenti
1008 1766 1294 1815 perfectionem,
1311 1779 1403 1804 cum

336 1816 444 1855 dicit:
481 1819 604 1860 Quam
623 1818 846 1855 oblationem
865 1824 916 1864 tu,
934 1819 1048 1865 Deus,
1070 1821 1107 1855 in
1128 1821 1311 1866 omnihus,
1332 1827 1400 1856 etc.

342 1902 348 1906 .
390 1871 426 1907 8.
456 1871 696 1918 PRAETEREA,
725 1871 954 1908 sacrificium
990 1883 1116 1909 novae
1151 1871 1242 1920 legis
1278 1874 1401 1910 multo

334 1929 393 1960 est
411 1923 655 1961 excellentius
674 1936 794 1973 quam
814 1924 1045 1961 sacrificium
1062 1925 1312 1974 antiquorum
1331 1927 1402 1963 Pa-

334 1983 451 2014 trum.
489 1977 808 2014 Inconvenienter
842 1989 931 2025 ergo
960 1978 1138 2014 sacerdos
1165 1978 1258 2027 petit
1294 1979 1402 2027 quod

334 2029 412 2066 hoc
439 2029 671 2067 sacrificium
698 2030 885 2067 habeatur
912 2029 1009 2067 sicut
1036 2030 1266 2068 sacrificium
1292 2032 1400 2079 Abel,

334 2081 513 2120 Abrahae
541 2090 578 2119 et
603 2083 901 2120 Melchisedech.

388 2148 424 2184 9.
454 2131 687 2184 PRAETEREA,
708 2147 849 2185 corpus
870 2136 1021 2182 Christi,
1042 2136 1138 2173 sicut
1165 2149 1246 2174 non
1273 2137 1401 2174 incoe-

333 2188 390 2238 pit
407 2194 423 2217 Υ
451 2201 534 2226 0550
567 2188 607 2225 111
641 2189 718 2226 1100
749 2197 989 2226 sacramento
1025 2201 1096 2238 per
1121 2189 1196 2226 loci
1223 2190 1401 2227 mutatio-

334 2253 438 2289 nem,
467 2249 510 2279 ut
537 2253 654 2291 supra
672 2242 692 2264 *
719 2241 866 2279 dictum
894 2250 968 2289 est,
999 2242 1049 2279 ita
1076 2242 1190 2279 etiam
1218 2255 1291 2280 nec
1319 2256 1401 2280 esse

334 2294 482 2332 desinit.
513 2294 830 2332 Inconvenienter
853 2307 943 2343 ergo
971 2295 1150 2332 sacerdos
1172 2296 1279 2345 petit:
1308 2299 1402 2334 Iube

333 2348 427 2385 haec
447 2349 617 2398 perferri
635 2360 709 2398 per
735 2360 869 2385 manus
895 2350 1015 2385 sancti
1040 2348 1169 2398 angeli
1194 2351 1249 2386 tui
1278 2351 1315 2386 in
1343 2362 1400 2387 su-

334 2401 446 2437 blime
472 2401 592 2438 altare
618 2407 733 2438 tuum.

389 2454 463 2491 SED
478 2465 620 2491 CONTRA
637 2466 703 2490 Esr
717 2454 824 2503 quod
839 2454 977 2491 dicitur
990 2455 1035 2491 de
1049 2457 1236 2501 Consecr.,
1247 2455 1330 2492 dist.
1342 2456 1398 2493 1³⁸:

333 2507 494 2544 Iacobus
511 2507 640 2555 frater
665 2508 824 2544 Domini
847 2507 1049 2544 secundum
1077 2521 1244 2555 carnem,
1264 2515 1298 2545 et
1323 2511 1399 2554 Ba-

331 2559 434 2596 silius
455 2560 706 2596 Caesariensis
724 2562 924 2609 episcopus,
945 2561 1136 2598 ediderunt
1155 2560 1168 2584 ⁶
1190 2563 1324 2599 missae
1342 2575 1399 2599 ce-

333 2613 587 2650 lebrationem.
625 2613 684 2649 Ex
711 2625 882 2662 quorum
914 2613 1135 2651 auctoritate
1172 2622 1275 2663 patet
1309 2627 1399 2652 con-

333 2665 534 2702 venienter
561 2664 708 2713 singula
735 2665 835 2703 circa
861 2667 938 2703 hoc
965 2667 1051 2704 dici.

387 2719 612 2755 RESPONDEO
644 2730 826 2756 DICENDUM
854 2719 973 2768 quod,
993 2719 1085 2768 quia
1111 2719 1151 2756 in
1174 2720 1251 2757 hoc
1277 2732 1399 2758 sacra-

333 2779 467 2808 mento
495 2778 620 2808 totum
648 2771 877 2820 mysterium
896 2779 1047 2809 nostrae
1076 2772 1206 2809 salutis
1225 2785 1400 2823 compre-

334 2824 527 2871 henditur,
548 2823 636 2861 ideo
663 2836 755 2873 prae
784 2824 918 2862 ceteris
935 2825 1183 2862 sacramentis
1202 2838 1293 2862 cum
1320 2839 1399 2863 ma-

333 2876 405 2914 iori
445 2877 682 2914 solemnitate
724 2877 856 2925 agitur.
899 2879 948 2915 Et
988 2877 1088 2927 quia·
1120 2877 1304 2927 scriptum
1346 2886 1400 2916 est

332 2930 455 2968 Eccle.
471 2943 506 2967 1v
524 2930 555 2976 ³⁸,
578 2930 729 2967 Custodi
740 2931 876 2980 pedem
893 2937 997 2967 tuum
1016 2931 1230 2980 ingrediens
1247 2932 1399 2969 domum

334 2984 500 3030 Domini,
529 2991 565 3020 et
583 2984 698 3021 Eccli.
718 2996 800 3020 xvm
814 2984 845 3030 ³⁸,
865 2985 962 3021 Ante
982 2986 1189 3021 orationem
1206 2997 1400 3034 praepara

334 3037 503 3074 animam
538 3042 660 3083 tuam,
700 3035 789 3073 ideo
827 3044 913 3073 ante
950 3037 1247 3074 celebrationem
1283 3037 1399 3075 huius

334 3089 515 3139 mysterii,
537 3089 664 3139 primo
693 3089 853 3138 quidem
880 3089 1134 3139 praemittitur
1159 3091 1398 3140 praeparatio

334 3142 528 3192 quaedam
550 3143 605 3179 ad
633 3142 746 3191 digne
781 3143 928 3191 agenda
960 3155 1005 3180 ea
1039 3155 1138 3192 quae
1172 3152 1396 3192 sequuntur.

335 3195 458 3233 Cuius
483 3195 785 3245 praeparationis
812 3196 938 3245 prima
955 3208 1044 3245 pars
1072 3204 1128 3233 est
1155 3198 1237 3234 laus
1256 3197 1396 3240 divina,

385 3306 415 3378 ἔξ

430 3309 496 3334 alia.
514 3322 534 3328 —·
551 3309 614 3335 Om.
632 3309 661 3334 Ρ.
678 3323 698 3329 -
715 3310 833 3334 omnium
852 3317 906 3334 om.
925 3310 965 3334 ΡΙ.

430 3345 557 3370 omnium.
577 3358 597 3364 —
621 3344 683 3370 Om.
708 3345 848 3375 editione-13
873 3353 920 3377 pro
945 3349 972 3370 et
997 3345 1192 3379 defunctorum,
1212 3346 1333 3371 maxime
1351 3346 1396 3371 de—

324 3380 486 3413 functorum
499 3380 545 3409 sG.
558 3380 679 3405 vivorum
692 3383 718 3405 et
731 3381 916 3413 defunctorum
936 3381 972 3410 Ia.
992 3381 1177 3415 defunctorum
1191 3381 1211 3406 F
1225 3386 1251 3406 et
1263 3381 1396 3406 editiones.

385 3413 414 3448 γ)
433 3415 555 3447 incoepit.
569 3428 589 3435 ·-
607 3414 701 3447 incipit
718 3415 773 3440 PDI
791 3420 818 3441 et
836 3416 859 3441 G
877 3417 918 3441 vel
938 3416 986 3442 sG.

385 3449 411 3484 ὃ)
429 3450 579 3476 ediderunt.
596 3465 615 3470 -
632 3451 798 3477 addiderunt
811 3451 834 3482 1;
853 3452 928 3477 Alias
942 3451 968 3476 in
981 3452 1124 3484 scripturis
1142 3452 1309 3477 addiderunt
1323 3451 1397 3477 nobis

333 3486 552 3556 mal-gogalmts.
569 3535 589 3540 -
607 3521 639 3552 P;
661 3522 767 3554 psalmo
792 3523 868 3555 plene
887 3523 904 3553 1,
920 3526 970 3555 pso
992 3523 1024 3554 Η,
1043 3523 1174 3555 psalterio
1199 3523 1238 3548 ed.
1257 3530 1282 3553 a,
1302 3523 1337 3555 ῖς
1355 3530 1396 3547 ce-

2452 230 2527 266 277

1466 301 1565 338 quae
1583 289 1627 326 fit
1645 290 1685 326 in
1710 292 1880 327 introitu:
1898 293 2112 330 secundum
2132 294 2224 331 illud
2243 296 2383 333 Psalmi
2401 296 2438 333 *ε
2460 298 2527 334 Sa·
2555 303 2616 350 3¹²⁵·
2631 308 2693 330 *²¹¹2
2709 309 2767 324 verv-

1466 343 1647 390 crificium
1675 343 1794 379 laudis
1821 344 2078 392 honorificabit
2105 358 2174 391 me,
2196 353 2228 383 et
2256 348 2329 384 illic
2354 351 2422 385 iter
2455 362 2526 398 quo
2568 335 2587 358 ³¹

1466 395 1655 431 ostendam
1693 395 1747 431 illi
1775 396 1937 433 salutare
1967 398 2048 433 Dei.
2087 399 2135 434 Et
2168 400 2331 436 sumitur
2364 402 2455 447 hoc,
2485 410 2527 438 ut

1465 447 1627 495 pluries,
1657 447 1704 484 de
1742 448 1901 484 Psalmis
1921 454 1953 494 ⁵,
1982 451 2045 485 vel
2081 451 2213 487 saltem
2251 464 2340 489 cum
2373 455 2526 491 Psalmo
2655 464 2667 481 Ε

1465 507 1657 536 cantatur:
1694 500 1801 549 quia,
1831 508 1874 537 ut
1901 500 2108 550 Dionysius
2141 502 2244 549 dicit,
2279 504 2318 540 in
2346 517 2378 541 111
2405 518 2487 555 cap.
2507 506 2527 528 ’1‘
2554 507 2626 533 ’Μ’
2640 512 2659 534 ⁵·

1464 553 1604 589 Eccles.
1635 554 1767 599 Hier.,
1802 553 1943 590 Psalmi
1979 555 2313 603 comprehendunt
2344 570 2413 606 per
2444 571 2526 595 mo-

1465 605 1562 642 dum
1589 605 1712 642 laudis
1731 605 1921 654 quidquid
1949 605 1988 642 in
2017 619 2123 643 sacra
2147 608 2340 657 Scriptura
2359 610 2526 647 contine-

1464 664 1536 694 tur.
1567 680 1592 684 —
1621 658 1800 695 Secunda
1818 671 1907 707 pars
1927 659 2096 696 continet
2114 663 2526 710 commemorationem

1463 711 1672 759 praesentis
1691 710 1877 758 miseriae,
1898 712 1995 748 dum
2022 712 2283 750 misericordia
2303 715 2452 763 petitur,
2473 716 2527 752 di-

1463 763 1588 799 cendo
1616 764 1745 812 Kyrie
1772 764 1905 801 eleison
1930 772 1987 801 ter
2013 777 2084 813 pro
2112 778 2278 814 persona
2304 768 2444 814 Patris;
2473 777 2528 806 ter

1463 827 1535 864 pro
1569 828 1736 865 persona
1770 816 1874 864 Filii,
1904 829 1995 854 cum
2032 817 2169 855 dicitur
2199 821 2341 856 Christe
2373 821 2528 865 eleison,·

1464 875 1500 904 et
1518 876 1575 905 ter
1592 881 1664 918 pro
1692 881 1858 918 persona
1887 870 2049 919 Spiritus
2074 871 2212 919 Sancti,
2233 885 2324 909 cum
2352 873 2528 911 subditur

1462 922 1591 970 Kyrie
1617 923 1774 966 eleison,·
1811 930 1944 960 contra
1977 923 2165 972 triplicem
2201 925 2395 963 miseriam
2422 926 2527 974 igno-

1463 974 1618 1022 rantiae,
1648 976 1783 1024 culpae
1812 983 1847 1012 et
1874 988 2044 1024 poenae;
2073 979 2135 1014 vel
2162 978 2211 1014 ad
2230 978 2526 1026 significandum

1462 1028 1570 1075 quod
1607 1039 1744 1065 omnes
1781 1029 1973 1066 Personae
2009 1037 2100 1066 sunt
2135 1029 2175 1067 in
2212 1043 2252 1068 se
2288 1031 2466 1070 invicem.
2500 1055 2526 1059 —

1462 1080 1593 1117 Tertia
1620 1089 1750 1118 autem
1786 1093 1874 1130 pars
1902 1091 2183 1120 commemorat
2218 1085 2420 1122 caelestem
2446 1087 2524 1134 glo-

1461 1132 1576 1179 riam,
1606 1134 1656 1170 ad
1684 1146 1804 1182 quam
1841 1135 2034 1172 tendimus
2068 1144 2155 1185 post
2186 1145 2427 1185 praesentem
2454 1138 2524 1175 mi—

1461 1185 1638 1233 50113111ῑ,
1668 1186 1843 1234 dicendo,
1877 1188 2008 1225 Gloria
2036 1190 2073 1225 in
2103 1190 2255 1226 excelsis
2281 1191 2374 1228 Deo.
2412 1192 2524 1238 Quae
2647 1198 2663 1228 ζ

1461 1247 1634 1276 cantatur
1660 1239 1700 1276 in
1726 1240 1838 1287 festis,
1859 1239 1900 1276 in
1924 1241 2066 1290 quibus
2085 1251 2413 1281 commemoratur
2439 1256 2523 1281 030-

1460 1291 1561 1328 105115
1579 1292 1715 1340 gloria:
1741 1292 1997 1330 intermittitur
2015 1302 2145 1332 autem
2163 1295 2203 1332 in
2223 1296 2356 1333 officiis
2376 1298 2523 1334 luctuo—

1460 1344 1528 1391 sis,
1557 1357 1657 1394 quae
1685 1345 1735 1382 ad
1762 1347 2175 1384 commemorationem
2209 1348 2383 1386 miseriae
2411 1349 2523 1398 perti-

1460 1405 1562 1434 nent.
1592 1421 1618 1424 —
1646 1398 1793 1445 Quarta
1825 1406 1955 1436 autem
1982 1412 2069 1448 pars
2104 1401 2272 1439 continet
2303 1404 2521 1448 orationem,

1460 1463 1580 1499 quam
1617 1451 1795 1488 sacerdos
1831 1464 1903 1500 pro
1940 1454 2087 1502 populo
2115 1453 2222 1501 facit,
2252 1462 2294 1491 ut
2321 1455 2425 1503 digni
2456 1456 2522 1492 ha-

1459 1503 1623 1540 beantur
1648 1504 1761 1540 tantis
1788 1505 1987 1553 mysteriis.

1513 1557 1694 1593 Secundo
1723 1564 1853 1593 autem
1888 1558 2142 1606 praemittitur
2168 1559 2363 1597 instructio
2398 1561 2522 1598 fidelis

1457 1609 1610 1657 populi:
1641 1609 1732 1658 quia
1755 1610 1831 1646 hoc
1858 1619 2141 1648 sacramentum
2169 1619 2225 1648 est
2243 1615 2460 1661 mysterium
2468 1616 2521 1662 fi-

1458 1661 1532 1707 dei,
1561 1669 1604 1698 ut
1636 1674 1753 1710 supra
1771 1661 1791 1683 ’³‘
1819 1662 1994 1699 habitum
2029 1671 2094 1700 est.
2134 1665 2246 1711 Quae
2280 1665 2438 1714 quidem
2465 1667 2521 1703 in-

1457 1714 1612 1751 structio
1633 1714 1854 1763 dispositive
1873 1715 2032 1763 quidem
2051 1716 2094 1753 fit
2111 1729 2181 1765 per
2199 1717 2413 1757 doctrinam
2431 1720 2521 1756 Pro-

1456 1767 1663 1815 phetarum
1691 1775 1728 1804 et
1755 1768 2052 1815 Apostolorum,
2083 1781 2183 1818 quae
2217 1770 2258 1806 in
2285 1771 2443 1808 00010513
2470 1774 2521 1809 10-

1456 1819 1555 1866 gitur
1581 1832 1652 1868 per
1678 1821 1837 1856 lectores
1865 1828 1901 1856 et
1929 1821 2194 1859 subdiacones.
2224 1824 2315 1860 Post
2333 1836 2453 1873 quam
2471 1826 2520 1862 le-

1456 1874 1635 1919 ctionem,
1661 1880 1834 1910 cantatur
1861 1885 1883 1909 a
1910 1874 2031 1911 choro
2058 1876 2253 1924 graduale,
2274 1877 2382 1925 quod
2409 1877 2520 1926 signi-

1455 1925 1545 1962 ficat
1563 1926 1779 1975 profectum
1797 1925 1912 1972 vitae;
1934 1934 1970 1963 et
1988 1928 2149 1974 alleluia,
2170 1929 2277 1977 quod
2303 1929 2487 1978 significat
2502 1937 2520 1959 η
2644 1935 2660 1958 '¹

1456 1978 1692 2027 spiritualem
1724 1979 2016 2027 exultationem
2045 1983 2107 2018 vel
2133 1987 2280 2028 tractuS,
2314 1982 2354 2019 in
2386 1983 2520 2021 officiis

1455 2031 1638 2069 luctuosis
1654 2061 1663 2078 ‚
1705 2031 1773 2081 qui
1815 2031 2000 2080 significat
2043 2034 2278 2083 spiritualem
2320 2036 2518 2083 gemitum.

1455 2085 1563 2121 Haec
1590 2084 1692 2121 enim
1722 2085 1908 2133 consequi
1936 2086 2077 2123 debent
2103 2087 2144 2123 in
2170 2089 2318 2136 populo
2347 2101 2393 2126 ex
2411 2101 2519 2138 prae-

1456 2137 1555 2174 dicta
1573 2134 1757 2174 doctrina.
1787 2160 1812 2164 -
1841 2138 2008 2175 Perfecte
2028 2147 2158 2176 autem
2177 2142 2346 2189 populus
2368 2141 2519 2179 instrui-

1454 2197 1517 2226 tur
1543 2202 1613 2239 per
1640 2190 1854 2227 doctrinam
1884 2191 2023 2228 Christi
2050 2191 2090 2228 in
2117 2194 2325 2243 Evangelio
2363 2203 2518 2233 conten-

1454 2250 1554 2280 tam:
1589 2255 1688 2292 quae
1717 2256 1740 2280 a
1758 2243 1920 2280 summis
1948 2244 2128 2281 ministris
2155 2245 2300 2294 legitur,
2330 2247 2469 2284 scilicet
2496 2261 2518 2285 a

1455 2295 1691 2333 diaconibus.
1729 2297 1778 2333 Et
1804 2296 1896 2345 quia
1925 2297 2076 2334 Christo
2105 2298 2297 2335 credimus
2333 2307 2518 2349 tanquam

1455 2348 1607 2385 divinae
1635 2348 1802 2395 veritati,
1833 2350 2049 2387 secundum
2083 2350 2176 2388 illud
2212 2353 2315 2389 Ioan.
2336 2353 2449 2400 vl11*,
2479 2355 2521 2391 Si
2545 2362 2556 2371 ·
2571 2359 2636 2382 Vm·
2651 2360 2690 2387 4⁶-

1453 2403 1643 2439 veritatem
1662 2402 1743 2439 dico
1762 2404 1876 2448 vobis,
1898 2415 2014 2452 quare
2031 2415 2096 2441 vos
2115 2417 2189 2441 non
2210 2405 2354 2442 creditis
2377 2407 2470 2443 mihi
2477 2406 2515 2452 P,

1454 2456 1551 2491 lecto
1581 2454 1801 2502 Evangelio,
1821 2456 2033 2504 symbolum
2049 2457 2149 2504 fidei
2174 2465 2356 2505 cantatur,
2377 2458 2417 2495 in
2436 2471 2516 2508 quo

1453 2509 1622 2557 populus
1651 2507 1815 2544 ostendit
1843 2520 1882 2545 se
1909 2521 1980 2558 per
2005 2509 2126 2546 fidem
2150 2510 2348 2548 doctrinae
2378 2511 2517 2549 Christi

1453 2560 1646 2598 assentire.
1678 2561 1862 2598 Cantatur
1888 2569 2019 2599 autem
2044 2563 2121 2599 hoc
2148 2564 2371 2612 symbolum
2398 2564 2438 2601 in
2465 2565 2516 2602 fe-

1454 2613 1518 2650 stis
1546 2614 1594 2651 de
1623 2613 1764 2662 quibus
1782 2613 1826 2650 fit
1844 2613 1971 2663 aliqua
1998 2615 2144 2652 mentio
2172 2616 2211 2653 in
2230 2617 2307 2655 hoc
2325 2618 2515 2666 symbolo,

1454 2666 1550 2703 sicut
1577 2666 1621 2703 in
1644 2666 1746 2703 festis
1775 2666 1914 2704 Christi
1934 2675 1970 2704 et
1996 2668 2135 2705 Beatae
2158 2669 2333 2717 Virginis,
2354 2677 2390 2706 et
2411 2671 2515 2719 Apo-

1454 2721 1653 2762 stolorum,
1674 2719 1742 2768 qui
1759 2720 1861 2756 hanc
1878 2719 1998 2757 fidem
2025 2721 2295 2770 fundaverunt,
2317 2730 2352 2759 et
2370 2723 2409 2759 in
2436 2723 2515 2761 aliis

1453 2771 1690 2810 huiusmodi.

1507 2824 1570 2862 Sic
1597 2824 1709 2872 igitur
1735 2826 1882 2874 populo
1909 2834 2136 2875 praeparato
2169 2834 2206 2863 et
2232 2827 2427 2875 instructo,
2457 2841 2514 2866 ac-

2549 1676 2560 1687 ·
2567 1675 2614 1702 Qu.
2620 1681 2711 1703 Lxxvm,
2718 1680 2759 1698 art.

2548 1708 2569 1730 3,
2585 1701 2614 1723 ad
2628 1708 2647 1729 5.

1452 2877 1599 2914 ceditur
1617 2875 1629 2898 θ
1658 2877 1708 2914 ad
1735 2877 2031 2915 celebrationem
2064 2879 2244 2928 mysterii.
2284 2881 2403 2926 Quod
2431 2882 2514 2930 qui·
2639 2887 2651 2912 Θ

1452 2930 1543 2967 dem
1572 2937 1608 2966 et
1635 2930 1795 2967 offertur
1821 2937 1863 2967 ut
1881 2930 2122 2978 sacrificium,
2143 2939 2180 2968 et
2207 2941 2451 2970 consecratur
2478 2943 2515 2972 et

1453 2982 1618 3019 sumitur
1636 2990 1678 3019 ut
1697 2991 1977 3021 sacramentum
1993 2997 2000 3020 :
2029 2983 2157 3032 primo
2177 2984 2303 3021 enim‘
2322 2986 2515 3034 peragitur
2641 2999 2650 3015 ι

1453 3035 1613 3081 oblatio;
1652 3035 1843 3082 secundo,
1873 3036 2107 3074 consecratio
2135 3037 2314 3074 materiae
2343 3038 2511 3087 oblatae3

1451 3088 1572 3135 tertio,
1601 3087 1794 3138 perceptio
1814 3088 1999 3125 eiusdem.
2030 3089 2152 3128 Circav
2167 3090 2401 3128 oblationem
2419 3104 2512 3130 vero

1452 3142 1532 3178 duo
1561 3148 1740 3189 aguntur:
1770 3140 1908 3178 scilicet
1925 3142 2009 3178 laus
2035 3142 2182 3191 populi,
2202 3142 2241 3179 in
2260 3151 2374 3180 cantu
2402 3144 2513 3193 offer-

1452 3196 1553 3241 torii,
1580 3206 1651 3243 per
1677 3194 1784 3242 quod
1819 3193 2051 3242 significatur
2084 3195 2222 3232 laetitia
2249 3196 2512 3246 offerentium3

1450 3310 1507 3335 teri.
1524 3323 1543 3328 -
1561 3310 1612 3334 Pro
1640 3310 1747 3334 Psalmo
1774 3310 1845 3342 quod
1872 3310 1948 3342 plene
1969 3310 2040 3339 ACa,
2055 3314 2104 3342 pso
2126 3310 2180 3340 DE,
2196 3315 2244 3343 ps⁸
2267 3312 2321 3341 BG.
2345 3313 2466 3343 psalmus
2486 3313 2513 3344 P,

1446 3345 1482 3378 17³
1500 3345 1586 3370 ceteri.
1604 3359 1624 3364 -
1642 3345 1692 3369 Pro
1711 3345 1818 3375 Psalmi,
1834 3346 1870 3377 js
1887 3345 1916 3376 F,
1936 3345 1962 3370 in
1978 3345 2091 3377 psalmis
2108 3346 2364 3379 (comprehenditur)
2384 3348 2425 3373 ed.
2442 3355 2468 3373 a.

1503 3379 1529 3414 ζ)
1548 3381 1729 3406 miser-iam..—
1747 3380 1829 3405 vitam
1849 3384 1876 3406 et
1894 3380 2028 3405 miseriam
2048 3381 2183 3406 editiones.

1503 3415 1530 3449 η)
1546 3417 1724 3449 profectum...
1742 3416 1885 3449 significat.
1902 3430 1922 3435 —
1939 3416 2009 3441 FIsG
2028 3421 2053 3440 et
2071 3417 2196 3441 editiones
2202 3425 2210 3447 ;
2228 3425 2281 3443 om.

1503 3450 1528 3485 Θ)
1546 3451 1691 3477 acceditur.
1708 3465 1727 3470 —-
1744 3454 1934 3484 consequenter
1950 3451 2088 3476 acceditur
2104 3452 2124 3476 F
2144 3457 2169 3477 et
2186 3452 2268 3478 tertia.

1504 3486 1524 3521 1)
1539 3487 1631 3519 primo
1655 3487 1734 3512 enim.
1754 3501 1774 3506 -
1791 3487 1882 3518 primo
1907 3487 1971 3516 Hbc,
1989 3487 2060 3512 unde
2080 3487 2172 3519 primo
2197 3488 2257 3518 ΡΠ,
2282 3487 2320 3519 (et
2337 3488 2467 3518 sumntum·
2486 3491 2513 3513 et

1449 3523 1594 3548 secundum
1612 3522 1673 3554 hoc)
1687 3523 1778 3555 primo
1797 3522 1903 3555 quidem
1922 3522 1963 3547 ed.
1982 3530 2008 3547 a.
