2878 4088
911 241 1460 295 ·APPARATUS
1517 241 2093 294 VARIANTIUM

481 326 557 355 Post
588 336 625 356 ea
649 335 731 366 quae
763 325 801 356 de
825 331 914 356 textu
942 326 1088 365 originali
1112 325 1335 365 Supplementi
1366 324 1495 354 disserta

426 375 509 405 sunt,
526 368 624 400 nemo
640 377 751 407 notam
774 370 952 401 lectionum
977 367 1177 410 singulorum
1197 369 1347 406 codicum
1372 366 1494 406 deside-

425 415 514 444 rabit.
539 415 601 444 Res
626 416 712 445 enim
729 415 834 445 omnis
858 415 959 454 agitur
975 415 1057 444 inter
1074 414 1139 452 .QL
1163 423 1201 444 ex
1217 423 1281 444 una
1305 419 1393 453 parte
1418 418 1449 443 et
1466 411 1492 442 C

426 469 464 488 ex
488 459 593 495 altera,
611 459 676 489 sive
700 460 781 489 inter
805 460 1006 489 combinatos
1029 464 1124 488 testes
1145 458 1334 497 autographi
1357 457 1493 497 Compi-

425 503 532 533 latoris
557 509 588 533 et
611 503 786 534 editionem
810 502 1061 543 Lugdunensem
1086 502 1328 538 Commentan'i,
1353 501 1493 541 ideoque

425 548 608 578 varietatem
624 546 736 585 QL-C
752 547 908 587 integram
925 545 1159 587 descripsimus.
1181 544 1297 583 Ceteri,
1311 546 1356 582 M,
1369 546 1409 582 N,
1422 555 1449 581 e,
1456 555 1492 585 Ρ,

425 601 501 622 cum
531 592 709 622 traditionis
739 592 963 632 Supplementi
986 597 1088 622 testes
1118 591 1325 621 recentissimi
1357 590 1437 625 sint,
1462 595 1494 619 et

424 637 645 667 testimonium
662 636 720 674 QL
736 637 788 666 vix
804 637 1021 672 corroborare,
1039 641 1122 666 certe
1138 643 1305 675 nunquam
1321 634 1492 674 infringere

424 681 559 717 valeant,
585 681 790 721 negliguntur
812 681 868 710 ubi
892 690 948 720 per
972 687 1004 710 se
1029 685 1127 716 stant;
1158 679 1254 719 siglae
1279 687 1392 709 eorum
1417 688 1492 709 cum

425 725 457 763 Q
472 726 522 755 vel
546 726 572 755 L
588 725 682 763 vel-C
707 731 859 764 notantur
875 730 930 756 aut
944 723 1019 764 cuin
1031 723 1087 762 [eis
1107 729 1262 760 tacentur,
1278 721 1346 754 nisi⁴
1363 722 1491 754 aliunde

424 769 571 810 expediat
606 779 719 800 eorum
753 770 908 800 lectiones
931 768 1107 799 notificare.
1131 786 1174 797 .—
1199 768 1282 798 Vera
1314 768 1491 797 recentium

424 815 541 844 utilitas
565 815 663 853 surgit
686 815 719 844 in
743 813 873 844 dissidio
897 813 1035 850 inter-Q
1058 819 1089 843 et
1111 813 1148 842 L.
1165 812 1241 843 -Ubi
1263 812 1384 842 scilicet
1407 812 1492 849 QMc

425 859 474 888 vel
506 858 556 896 Qc
586 858 668 888 male
696 859 822 898 legunt,
847 858 1036 897 scripturam
1066 865 1232 887 erroneam
1264 855 1492 896 Compilatoris

423 953 486 982 est;
517 956 591 976 casu
618 956 710 982 vero,
735 951 824 978 tanto
847 946 992 981 rariore„
1007 945 1097 985 quod
1119 945 1328 975 LMc.errant
1351 946 1418 975 sine
1442 945 1490 982 Q,

423 992 475 1021 hic
498 989 749 1031 praesumendus
773 995 820 1020 est
842 999 909 1020 non
932 990 1048 1019 habere
1072 999 1180 1019 veram
1202 994 1307 1019 textus
1331 989 1491 1028 originalis

422 1036 604 1065 lectionem.
630 1035 681 1065 Sic
705 1043 780 1073 ergo
806 1033 839 1063 M
864 1040 895 1064 et
918 1043 935 1063 c
958 1033 1135 1063 traditionis
1152 1033 1290 1063 ocularis
1313 1031 1491 1063 dissensum

422 1079 546 1109 calculo
571 1088 631 1108 suo
655 1078 816 1118 decidimt.
834 1095 877 1099 —
900 1076 1059 1118 Editibnis
1078 1076 1099 1106 'c
1122 1077 1202 1107 ratio
1227 1075 1491 1114 etiam'hab'enda

423 1129 497 1159 erat,
515 1123 590 1163 quia
614 1127 710 1162 caput
734 1127 781 1153 est
804 1121 952 1155 omnium
976 1121 1192 1161 sequentium.
1227 1121 1398 1151 Lectiones
1423 1121 1491 1151 eius

422 1168 622 1202 notavimus,
647 1176 715 1196 non
739 1175 852 1197 omnes
877 1164 1108 1205 quidem,·sed
1135 1163 1238 1195 multo
1262 1165 1369 1205 plures
1394 1174 1491 1204 quarn

421 1211 596 1242 suffecisset
626 1209 667 1240 ad
691 1209 992 1241 demonstrandum¹
1008 1218 1121 1240 omnes
1152 1209 1308 1240 editiones
1332 1218 1370 1239 ex
1398 1219 1415 1239 c
1438 1219 1491 1239 ex-

421 1257 503 1286 iisse.
528 1273 570 1278 —
594 1255 642 1284 Ex
665 1255 731 1296 iStis
760 1255 861 1284 solam
880 1264 904 1294 p
927 1255 1078 1296 notamus
1087 1264 1095 1291 ;
1130 1253 1204 1284 ideo
1229 1252 1307 1295 quid
1335 1251 1491 1284 editiones

421 1301 502 1330 inter
525 1310 542 1330 c
561 1305 597 1331 ,et
606 1310 632 1339 p
647 1299 772 1331 mediae
787 1299 933 1334 habeant,
951 1303 1122 1338 apparatus
1143 1307 1213 1328 non
1234 1296 1415 1328 manifestat
1430 1298 1491 1328 nisi

420 1346 614 1385 inquantum
637 1343 796 1383 signatura
820 1352 856 1382 cp
874 1352 986 1373 omnes
1006 1343 1099 1382 tegit3
1125 1341 1204 1382 quid
1219 1343 1412 1382 posteriores
1436 1343 1491 1372 ha-

421 1390 525 1425 beant,
550 1389 583 1418 in
606 1388 682 1427 ipsis
712 1388 799 1418 libris
822 1387 1047 1427 vulgatissimis
1070 1386 1261 1418 discendum
1285 1392 1341 1421 est.
1377 1387 1448 1427 Ipsa
1467 1397 1494 1427 p

420 1444 488 1464 non
511 1438 640 1463 notatur
662 1433 794 1471 integra,
812 1431 867 1461 sed
886 1432 965 1461 locis
989 1431 1123 1461 alicuius
1139 1432 1307 1461 momenti.
1325 1449 1367 1453 —
1392 1430 1491 1462 Codi-

421 1478 466 1508 cis
490 1478 518 1507 N
542 1477 593 1507 vel
615 1486 712 1517 parva
735 1477 905 1506 auctoritas
929 1475 1015 1508 utilis
1039 1481 1087 1506 est
1108 1475 1149 1507 ad
1179 1474 1349 1510 discrimen
1371 1475 1492 1506 initiale

421 1522 611 1552 variantium
635 1521 803 1551 dubiarum
827 1521 908 1550 inter
936 1518 1098 1562 QL(Mcp)
1124 1525 1155 1550 et
1180 1519 1207 1550 C
1232 1519 1286 1560 (cf.
1303 1530 1335 1550 n.
1352 1520 1426 1560 48);
1452 1520 1492 1550 ad

421 1572 544 1607 partem
568 1565 687 1596 scilicet
710 1575 851 1605 quacum
875 1565 904 1594 N
924 1564 1008 1601 facit,
1027 1564 1140 1604 opinio
1166 1565 1348 1595 authentiae
1367 1564 1491 1596 facilius

422 1611 634 1641 inclinabitur.
656 1609 808 1640 Ceterum
826 1619 865 1639 eo
881 1611 1015 1651 munere
1038 1609 1167 1640 functus
1182 1609 1300 1649 negligi
1316 1608 1432 1650 potuit.
1449 1627 1491 1632 —

422 1656 480 1686 His
497 1656 521 1685 si
538 1654 683 1685 addimus
699 1654 855 1694 plurimos
871 1654 1035 1694 neglectos
1052 1663 1119 1683 esse
1136 1663 1257 1684 errores
1273 1654 1435 1694 scriptoris
1449 1653 1491 1691 Q,

421 1700 514 1730 facile
538 1700 609 1750 quis
640 1699 793 1738 intelliget
817 1708 915 1738 quam
945 1698 1041 1737 longa
1068 1698 1246 1729 lectionum
1278 1697 1492 1729 differentium

422 1745 517 1775 series
541 1745 574 1774 in
597 1744 745 1783 sequenti
769 1743 903 1773 elencho
928 1751 1096 1783 suppressa
1119 1742 1168 1772 sit.

478 1788 511 1819 Si
534 1788 586 1818 cui
601 1793 709 1817 tamen
732 1788 831 1817 nimia
855 1787 959 1817 adhuc
977 1786 1122 1817 videatur
1145 1787 1213 1817 esse
1236 1786 1341 1822 series,
1359 1785 1492 1817 adverti-

421 1842 504 1869 mus,
518 1833 615 1862 trium
630 1841 737 1862 rerum
754 1841 863 1861 curam
879 1832 930 1862 hic
947 1832 1041 1864 nobis
1053 1830 1227 1871 gerendam
1239 1830 1350 1862 fuisse:
1370 1831 1491 1860 varian-

421 1878 503 1907 tium
533 1878 615 1907 inter
646 1876 916 1916 Supplementum
952 1882 983 1906 et
1018 1875 1315 1911 Commentarium‚
1347 1884 1491 1906 errorum

424 1921 662 1961 Compilatoris,
680 1930 856 1951 consensus
880 1920 938 1958 Qc.
965 1920 1054 1950 Illam
1079 1929 1142 1960 qua
1164 1929 1338 1960 possumus
1366 1920 1493 1950 solertia

422 1966 556 2006 egimus,
581 1971 685 1995 cetera
708 1965 773 1995 fere
797 1965 906 1994 omnia
929 1965 1179 2004 praeterivimus.
1216 1964 1391 1994 Multitudo
1415 1973 1491 2004 ergo

421 2016 573 2040 notarum
595 2019 663 2039 non
687 2019 705 2039 a
731 2010 825 2040 nobis
849 2009 905 2039 sed
928 2009 966 2040 ab
998 2009 1068 2049 ipsa
1089 2018 1197 2040 rerum
1227 2008 1414 2039 conditione
1438 2008 1492 2040 de-

422 2053 543 2094 pendit.
568 2054 609 2083 Et
632 2054 753 2093 primae
784 2052 916 2093 quidem
946 2062 1040 2084 curae
1069 2052 1191 2084 fructus
1214 2053 1372 2090 manebit,
1397 2053 1493 2084 etiam

422 2108 482 2138 pro
507 2098 667 2138 completa
691 2097 926 2127 Commentarii
957 2095 1063 2127 futura
1093 2097 1282 2134 collatione,
1308 2097 1383 2137 quia
1405 2101 1493 2128 totus

422 2149 526 2173 textus
549 2148 668 2178 noster,
686 2143 826 2181 exceptis
849 2142 929 2172 locis
952 2142 985 2171 in
1009 2147 1163 2181 apparatu
1193 2142 1326 2177 notatis,
1352 2142 1492 2181 signatu-

423 2197 491 2217 ram
515 2187 603 2224 CQL
627 2187 720 2217 tacite
743 2191 858 2226 portat.
884 2186 1107 2226 Supplementi
1135 2195 1211 2216 vero
1236 2196 1300 2227 qua
1323 2186 1392 2216 talis
1414 2196 1493 2218 usus

424 2231 555 2262 forsitan
585 2231 782 2271 praeteribit,
807 2230 863 2260 sed
893 2240 1038 2260 errorum
1062 2231 1130 2261 eius
1153 2231 1276 2262 notatio
1293 2240 1374 2271 vnon
1406 2231 1492 2262 illico

424 2276 543 2307 inutilis
567 2275 631 2312 fiet,
657 2275 731 2315 quia
755 2275 914 2306 uberrima
938 2280 969 2305 et
992 2275 1205 2307 diversissima
1234 2275 1364 2315 praebet
1388 2285 1492 2306 exem-

424 2321 478 2361 pla
497 2321 693 2350 erroneitatis
708 2320 884 2360 primarum
907 2320 1200 2359 transcriptionum,
1218 2325 1249 2349 et
1263 2329 1363 2350 vanae
1388 2329 1493 2351 corre-

425 2366 540 2395 ctionis
564 2374 662 2404 quam
685 2369 760 2404 post
783 2374 816 2394 se
839 2364 933 2394 trahit
956 2364 1138 2404 primaevus
1162 2373 1258 2394 error.
1279 2364 1494 2405 Supplemen-

425 2415 495 2439 tum
519 2410 560 2439 ob
584 2408 813 2449 Compilatoris
832 2408 1071 2439 distractionem
1087 2411 1118 2439 et
1139 2407 1376 2440 festinationem
1399 2414 1431 2439 et
1450 2410 1493 2439 ob

426 2459 645 2484 correctorum
677 2453 839 2483 licentiam
869 2458 997 2492 superat
1026 2453 1085 2483 sub
1113 2453 1177 2483 hoc
1206 2458 1354 2493 respectu
1384 2454 1494 2484 omnia

426 2507 525 2538 opera
548 2507 630 2537 quae
654 2497 694 2528 ad
716 2497 853 2538 primam
877 2498 1033 2537 originem
1057 2497 1209 2537 prosequi
1232 2498 1413 2537 potuimus,
1438 2498 1494 2529 sed

426 2543 452 2572 si
474 2543 522 2572 his
546 2542 790 2572 circumstantiis
813 2541 949 2572 insolitis
973 2547 1004 2571 et
1027 2540 1160 2572 feliciter
1182 2542 1257 2571 raris
1280 2551 1399 2572 novem
1423 2552 1494 2582 par-

426 2592 472 2616 tes
496 2586 715 2622 concedimus
731 2585 856 2616 decima
879 2595 962 2626 quae
984 2591 1128 2616 remanet
1158 2587 1322 2626 specimen
1346 2592 1393 2616 est
1416 2597 1494 2617 con-

876 2691 1012 2721 Qumsno
1030 2699 1048 2717 1.

444 2763 469 2788 7.
488 2756 603 2788 quinque
621 2755 776 2780 addidimus
794 2762 832 2779 ex
850 2755 903 2787 ΜΡ.
1013 2753 1054 2780 33.
1074 2759 1099 2779 et
1117 2754 1289 2779 satisfaciendi
1307 2762 1359 2781 om.

426 2799 469 2823 44.
490 2792 595 2815 Meteor.
613 2804 632 2809 -
649 2790 849 2823 Metaphysicae.

426 2826 469 2858 48.
489 2827 568 2851 homo
586 2826 697 2851 totaliter
715 2826 835 2850 affectum
855 2826 982 2859 peccati-
1000 2825 1120 2850 affectum
1140 2826 1236 2858 peccati
1255 2826 1335 2851 homo
1354 2827 1380 2854 S.
1407 2829 1413 2833 ’
1454 2824 1479 2838 Γ

490 2870 535 2895 per
554 2869 633 2894 quern
650 2875 669 2880 -
687 2869 767 2894 quem
785 2869 838 2893 per.

445 2905 470 2929 7.
490 2898 606 2922 diversae
624 2905 676 2922 om.
785 2895 828 2922 16.
847 2896 928 2929 ipsius
947 2904 990 2921 om
1008 2903 1048 2929 cp.

429 2932 470 2958 26.
490 2938 529 2957 est
547 2933 710 2965 compunctio
729 2937 754 2957 et
771 2945 792 2950 -
810 2939 835 2957 et
853 2932 1017 2964 compunctio
1037 2937 1085 2956 est.

430 2967 470 2994 36.
491 2969 564 2993 dolor
583 2970 715 2993 remittens
735 2982 754 2987 —
772 2969 846 2992 dolor
865 2968 1017 2992 remittentis
1037 2967 1068 2998 Q.
1177 2975 1221 2999 42.
1240 2967 1296 2992 eius
1315 2975 1357 2992 om
1378 2968 1409 2999 Q.

427 3004 472 3035 45.
490 3011 557 3036 quae
570 3002 700 3037 (intellige
713 3011 817 3028 causam
835 3003 1001 3035 principalem
1017 3010 1085 3035 quae
1099 3005 1125 3027 et
1134 3004 1169 3035 cs.
1182 3011 1226 3036 qu.
1238 3011 1285 3033 vn.
1296 3008 1341 3028 art.
1357 3010 1381 3033 1,
1394 3004 1425 3028 ad
1441 3003 1467 3037 2)
1476 3017 1495 3023 -

516 3047 621 3063 causam
635 3047 701 3072 quae
720 3040 746 3067 S,
759 3039 938 3063 secundariam
957 3046 1025 3070 quae
1045 3039 1188 3063 modernae
1207 3039 1236 3070 C,
1256 3046 1413 3064 concausam
1427 3047 1496 3072 quae

518 3075 661 3099 modernae
679 3075 769 3107 Suppl.
877 3073 920 3106 48.
940 3075 1086 3099 acciderunt
1110 3088 1129 3092 —
1154 3075 1271 3099 accidunt
1289 3075 1315 3100 S.

449 3116 471 3134 ι.
491 3110 648 3134 conterimur
665 3124 684 3129 —
702 3110 858 3134 conterimur
876 3108 914 3143 (et
932 3109 1005 3143 LMc)
1025 3109 1215 3135 confundimur.

449 3152 471 3170 2.
491 3146 637 3169 acciderunt
654 3159 672 3164 -
690 3146 808 3170 accidunt
826 3146 851 3170 S.
961 3145 1002 3176 34.
1022 3145 1117 3169 inflatio
1134 3159 1153 3164 —
1171 3145 1347 3170 inflammatio.

452 3179 472 3205 “.
492 3181 535 3213 qui
547 3195 565 3199 -
579 3188 654 3212 quae.
764 3180 805 3206 58.
823 3180 988 3205 nominantur
1005 3194 1024 3199 —
1043 3180 1159 3205 nominat
1173 3181 1206 3211 Q,
1221 3180 1369 3205 nominatur
1381 3181 1494 3213 LMNcp.

431 3214 473 3241 61.
494 3217 569 3240 linco
589 3217 654 3241 dele.
781 3217 840 3240 dicit
858 3230 876 3235 -·
894 3224 946 3240 non
966 3216 1025 3240 dicit
1044 3215 1091 3247 Cp.

466 3269 472 3275 .
491 3252 568 3275 timor
587 3250 669 3276 filialis
682 3265 700 3270 -
719 3252 862 3276 modernae
881 3251 978 3284 Suppl;
998 3251 1075 3276 timor
1095 3251 1194 3275 initialis
1218 3258 1316 3277 omnes.

467 3305 473 3311 .
493 3291 519 3310 ut
538 3287 645 3315 videtur,
666 3294 716 3311 non
737 3291 822 3319 potest
841 3294 900 3311 esse
917 3300 936 3305 -
955 3295 1007 3311 non
1026 3287 1127 3311 videtur
1147 3286 1266 3317 QLMNc.

467 3341 472 3346 .
492 3322 596 3346 materia
615 3321 785 3346 essentialiter
803 3336 821 3340 -
839 3322 945 3346 materia
964 3323 1090 3347 essentiae
1109 3322 1140 3351 N,
1159 3321 1280 3346 materiae
1299 3321 1411 3346 essentia
1429 3322 1459 3347 C.

872 3379 1007 3409 Quaasrio
1026 3387 1054 3405 ιι.

469 3449 475 3456 .
494 3432 584 3464 poenis
601 3444 621 3450 —
638 3432 757 3463 peccatis.
866 3431 907 3456 55.
926 3432 995 3456 enim
1014 3432 1039 3456 in
1059 3432 1124 3456 libro
1143 3445 1160 3451 -
1179 3432 1220 3458 VI.
1239 3431 1306 3456 libro
1319 3432 1389 3463 QLc.

469 3486 475 3492 .
495 3467 636 3492 mortalitas
654 3481 672 3485 -
690 3466 869 3491 immortalitas
889 3466 977 3498 Qch.

454 3502 474 3527 '.
495 3501 683 3534 poenitentialis
701 3515 719 3521 —
736 3501 853 3534 poenalis
873 3501 992 3531 QLMNc.

1549 325 1678 353 ditionis
1710 325 1875 354 universae
1904 328 2051 355 textuum
2073 323 2216 367 funditus
2240 324 2448 355 collatorum:
2480 324 2541 355 scri
2564 329 2615 355 tor

1549 374 1580 398 et
1603 368 1750 398 satellites
1775 362 1970 402 correctores
1986 361 2115 408 ubique
2132 361 2165 402 se
2181 374 2360 402 monstrant
2382 364 2513 405 volenti.
2552 367 2614 405 deo

1549 422 1646 452 quam
1670 412 1875 448 insufficiens,
1892 421 1990 452 quam
2014 411 2175 452 superflua
2194 413 2242 448 sit,
2260 421 2358 453 quam
2376 412 2473 452 longe
2496 423 2515 442 a
2537 422 2614 443 vero

1548 462 1636 486 textu
1661 457 1755 486 ducat
1770 457 1823 487 illa
1843 456 2022 497 corrigendi
2038 456 2220 493 methodus,
2238 467 2262 487 a
2279 465 2351 497 qua
2358 460 2407 486 tot
2421 465 2525 487 novae
2549 456 2614 487 edi-

1547 501 1651 531 tiones
1668 510 1804 544 operum
1821 501 1852 542 S.
1867 501 2014 531 Thomae
2030 501 2210 544 castigatae,
2226 501 2414 544 recognitae
2426 504 2459 532 et
2473 502 2615 552 optimae

1547 550 1712 581 vocantur,
1729 551 1910 585 apparatus
1913 541 2022 576 noster
2037 555 2115 580 cum
2128 544 2291 579 modernis
2310 541 2533 585 Supplementi
2548 541 2615 577 'edi—

1547 590 1689 620 tionibus
1713 595 1916 630 comparatus
1938 595 1986 620 sat
2009 589 2172 620 evidenter
2193 589 2331 620 docebit.
2356 589 2432 620 Ideo
2457 590 2563 626 etiam,
2579 594 2615 620 ut

1546 635 1610 664 hoc
1634 635 1737 664 obiter
1760 640 1898 674 tangam,
1916 643 2014 674 quarn
2030 634 2162 664 durum·
2170 635 2264 664 nobis
2287 633 2391 670 fuerit,
2407 639 2516 664 nostra
2539 634 2614 664 scri-

1546 684 1678 718 ptorum
1702 684 1733 708 et
1756 683 1976 709 correctorum
2004 679 2217 723 experientia
2227 679 2276 709 uti
2297 687 2366 709 non
2389 679 2532 718 potuisse
2554 687 2614 718 pro

1548 723 1670 753 duabus
1694 724 1804 763 primis
1819 718 1963 759 Partibus
1983 717 2135 758 Summae
2151 722 2213 763 (id
2220 723 2307 756 enim
2323 728 2415 759 tunc,
2428 732 2488 753 nec
2506 728 2615 753 nostra

1546 777 1607 797 nec
1631 767 1726 798 ullius
1746 768 1850 808 culpa,
1867 773 2077 808 praeventum
2094 767 2167 807 est),
2180 768 2296 798 sentiet
2311 766 2460 798 cordatus
2477 767 2614 803 criticus,

1546 813 1729 842 rumoribus
1746 822 1824 842 non·
1819 812 1983 848 c·r,edulus
1996 812 2052 842 sed
2068 812 2298 852 aequus-iudex
2310 821 2417 842 rerum
2431 820 2514 853 quae
2529 816 2614 842 sunt.

1603 856 1645 887 Ut
1668 857 1771 896 spatio
1795 861 2007 901 parceremus,
2033 857 2212 901 signaturae
2239 869 2252 883 α
2273 856 2438 902 QLMNcp
2457 868 2470 882 ι
2498 855 2613 886 substi-

1540 901 1666 931 tuimus
1698 901 1810 940 siglam
1833 901 1870 937 S,
1889 895 2185 941 interpretandam
2199 913 2213 936 ,α
2231 896 2459 941 Supplementi
2488 897 2616 932 codices

1547 944 1673 982 QLMN
1697 951 1728 975 et
1752 945 1908 975 editiones
1931 955 1970 986 cp
1988 956 2023 972 »-
2016 969 2024 982 ‚
2047 945 2122 975 ideo
2146 945 2225 986 sigla
2246 946 2327 986 regit
2355 945 2495 985 plurale:
2524 958 2538 971 ‹
2557 944 2615 975 ad-

1546 989 1627 1019 dunt
1650 989 1671 1020 S
1690 1002 1717 1019 ».
1735 1003 1778 1011 —-
1801 990 1853 1020 Ad
1875 989 2030 1020 lectiones
2061 991 2196 1020 binarias
2227 990 2295 1021 sive
2318 990 2374 1020 ubi
2397 999 2462 1020 una
2489 994 2615 1020 tantum

1545 1034 1668 1063 varians
1692 1034 1833 1064 notanda
1848 1034 2166 1075 'venit,‘signatur“arn'
2189 1038 2204 1061 ‹'
2223 1033 2301 1072 QLc.
2319 1047 2333 1061 »
2369 1033 2614 1075 suppressimus,

1547 1078 1669 1107 etiamsi
1685 1075 1785 1117 siglae'
1803 1075 1894 1114 Met,
1904 1076 1938 1118 Ρ
1952 1077 2003 1108 vel
2026 1077 2081 1118 ΜΡ
2098 1075 2347 1116 conscribendae
2365 1075 2513 1117 quissent.
2537 1078 2614 1116 Quo

1547 1131 1622 1161 ergo
1647 1122 1721 1152 loco
1745 1122 1838 1152 nullav
1851 1122 2012 1161 signatura
2035 1123 2184 1158 cernitur,
2200 1123 2324 1154 varians
2346 1127 2455 1153 notata
2472 1122 2616 1158 .adestin

1547 1165 1578 1203 Q
1601 1171 1632 1196 et
1656 1166 1682 1195 L
1699 1171 1731 1196 et
1753 1175 1780 1202 c,
1798 1171 1829 1196 et
1852 1165 1984 1196 fortasse
2001 1166 2096 1196 etiam
2109 1166 2204 1196 ·in·M
2227 1172 2259 1196 et
2275 1177 2310 1207 Ρ.
2334 1166 2486 1197 Sed-hoc
2508 1167 2616 1197 solum

1547 1209 1661 1240 accidit
1676 1210 1731 1239 ubi
1748 1211 1854 1240 omnis
1870 1210 2030 1250 signatura
2046 1217 2216 1250 suppressa
2235 1216 2298 1247 est‚;
2321 1218 2398 1240 nam
2409 1211 2469 1241 ubi
2484 1211 2536 1241 vel
2551 1216 2616 1241 una

1546 1254 1624 1294 sigla
1647 1254 1803 1289 scribitur,
1820 1252 1899 1291 aliae
1923 1252 1962 1291 'ex
1984 1252 2055 1294 ipso
2071 1252 2203 1294 silethi'o
2223 1259 2338 1286 notant
2351 1252 2534 1295 'lectionem
2548 1260 2615 1287 tex-

1546 1304 1607 1328 tus.
1621 1316 1663 1320 —
1676 1298 1816 1336 Quando
1833 1298 1928 1330 nulla
1939 1299 2228 1339 aequivocationis
2243 1299 2371 1331 occasio
2392 1298 2509 1335 aderat.
2521 1308 2618 1339 saepe

1546 1353 1614 1373 non
1637 1343 1812 1394 repetimus
1827 1343 2012 1383 portionem
2035 1349 2139 1373 textus
2157 1353 2257 1384 quam
2279 1344 2402 1374 varians
2425 1349 2556 1384 spectat.
2573 1361 2616 1366 —

1546 1388 1681 1420 Notatio
1694 1388 1769 1420 iam
1798 1397 1868 1419 non
1897 1395 2024 1427 semper
2046 1397 2074 1419 a
2088 1388 2192 1428 capite
2223 1387 2327 1421 lineae
2356 1388 2536 1418 inchoatur.
2572 1388 2618 1419 Ita

1546 1432 1691 1463 brevitati
1714 1425 1880 1471 indulgere
1904 1437 1935 1461 et
1958 1431 2091 1462 claritati
2117 1442 2184 1462 non
2207 1441 2326 1463 nocere
2349 1433 2564 1472 sperabamus-

1603 1476 1706 1516 Siglae
1730 1476 1761 1514 Q
1784 1476 1834 1506 vel
1858 1476 2000 1516 primurn
2022 1476 2072 1507 vel
2096 1482 2170 1516 post
2194 1475 2221 1507 C
2244 1477 2356 1507 locum
2371 1477 2446 1507 ideo
2470 1477 2617 1508 dedimus

1547 1522 1623 1560 quia
1647 1520 1749 1551 codex
1765 1521 1856 1551 cuius
1880 1520 1975 1551 index
1991 1524 2038 1551 est
2061 1521 2129 1560 ipse
2153 1522 2235 1551 inter
2251 1521 2330 1552 alios
2349 1522 2491 1561 primum
2506 1521 2618 1552 locum

1548 1570 1696 1605 o'ccupat.
1709 1571 1752 1587 ‘—
1765 1565 1946 1596 Modernae
1969 1565 2070 1608 Sup'pl
2091 1565 2308 1605 intelligantur
2323 1565 2480 1596 editiones
2495 1571 2570 1606 post
2577 1574 2614 1606 p,

1546 1616 1583 1640 ut
1605 1609 1829 1650 pseudonyma
1861 1608 2005 1647 Cornelii
2027 1609 2067 1640 ab
2097 1609 2249 1650 Egmond
2279 1610 2438 1641 Coloniae
2467 1611 2618 1652 Agrippi-

1546 1664 1606 1685 nae
1636 1654 1728 1694 1639,
1753 1654 1893 1690 Nicolai,
1904 1653 1957 1684 de
1980 1654 2119 1690 Rubeis,
2143 1655 2331 1691 Patavinae,
2356 1655 2412 1685 sed
2433 1654 2617 1686 indistincte

1546 1699 1597 1730 vel
1621 1709 1734 1742 omnes
1758 1698 1808 1729 vel
1832 1699 1957 1739 aliquae
1980 1698 2030 1729 vel
2050 1699 2169 1739 aliqua.
2202 1699 2290 1729 Idem
2319 1699 2512 1740 intelligatur
2534 1700 2618 1730 circa

1547 1744 1704 1777 editiones
1726 1740 1898 1775 modernas
1922 1742 2154 1773 Commentarii
2180 1750 2255 1783 post
2277 1743 2530 1783 Lugdunensem
2553 1753 2618 1785 qua

1546 1785 1680 1819 utimur.
1694 1806 1736 1812 —-
1761 1785 1898 1825 Quoties
1922 1797 2035 1824 omnes
2059 1787 2155 1827 siglae
2174 1789 2356 1818 scribuntur
2379 1789 2458 1829 quin
2481 1794 2556 1828 post
2571 1789 2616 1820 le·-

1548 1834 1690 1864 ctionem
1712 1833 1880 1872 repetitam
1903 1837 2007 1862 textus
2031 1831 2104 1862 fons
2135 1832 2202 1863 eius
2225 1837 2369 1869 notetur,
2392 1833 2489 1863 lectio
2512 1838 2617 1864 textus

1547 1889 1565 1908 a
1587 1878 1681 1908 nobis
1697 1876 1841 1917 profecta
1857 1882 1920 1906 vest.
1937 1892 1981 1899 ——
1996 1876 2127 1907 Errores
2150 1882 2277 1907 nostros
2294 1882 2326 1907 et
2340 1878 2617 1918 typographorum

1547 1923 1735 1962 corrigimus
1764 1922 1798 1951 in
1829 1917 1999 1961 apparatu:
2032 1921 2144 1951 confer
2173 1922 2256 1961 proh
2279 1920 2389 1952 dolor!
2422 1922 2486 1952 iam
2509 1921 2611 1961 4a61

1550 1972 1667 1997 «aneo
1691 1965 1762 1996 dele
1780 1978 1807 1995 ι».
1825 1983 1867 1987 -
1890 1966 1999 1995 Restat
2022 1971 2058 1995 ut
2080 1965 2173 2005 siglas
2197 1966 2336 1996 seriatim
2365 1966 2571 2006 explicemus.

1614 2010 1642 2045 C
1658 2028 1701 2033 -
1717 2009 1824 2041 Editio
1844 2009 2079 2042 Commentarii
2092 2009 2246 2050 Lugduni
2261 2011 2338 2041 anni.
2355 2011 2450 2057 1520,
2466 2015 2558 2042 tomo
2574 2021 2616 2047 ιν,

1547 2051 1633 2106 foliis
1660 2059 1722 2094 ¹94
1744 2057 1882 2093 v0-711.

1613 2093 1703 2137 Q—
1720 2098 1862 2138 Capituli
1886 2095 2034 2128 Cathedr.
2047 2096 2229 2129 Brixiensis
2252 2099 2320 2129 sine
2343 2099 2514 2139 signatura.

1614 2143 1640 2173 L
1657 2161 1700 2165 —
1716 2143 1787 2173 Vat.
1813 2142 1915 2173 Latin.
1941 2142 2016 2182 751.

1615 2187 1649 2218 Μ
1665 2205 1708 2210 —-—
1803 2200 1816 2214 »
1944 2186 2009 2227 746
2034 2185 2068 2216 P.
2093 2186 2129 2217 11.

1614 2232 1644 2262 Ν
1661 2250 1703 2254 -
1719 2230 1856 2270 Urbinas
1913 2230 1915 2234 ⁴
1950 2231 2021 2270 133,

1614 2286 1632 2307 c
1647 2294 1690 2298 —
1706 2275 1814 2306 Editio
1832 2275 1987 2316 princeps
2009 2276 2085 2306 anni
2112 2274 2206 2315 1478.

1609 2331 1634 2361 Ρ
1651 2339 1693 2343 -
1709 2320 1817 2351 Editio
1841 2320 1966 2351 Romae
1993 2320 2087 2360 1570.

1616 2365 1637 2396 S
1654 2383 1695 2387 —
1712 2364 1886 2405 QLMNcp.

1549 2419 1659 2440 omnes
1682 2427 1724 2431 —
1750 2408 1954 2449 CQLMNQ.

1547 2455 1708 2494 signatura
1730 2454 1824 2484 tacita
1847 2472 1889 2476 —
1913 2452 1991 2491 QLc
2015 2453 2152 2493 (QLMc,
2168 2452 2313 2493 QLMcp,
2330 2452 2452 2494 Qch).

1593 2508 1625 2539 p,
1649 2508 1663 2529 s
1687 2516 1729 2520 —
1753 2498 1865 2538 prima,
1888 2497 2029 2528 secunda
2051 2507 2183 2533 manus;
2207 2502 2375 2538 ponuntur
2397 2503 2470 2528 ante
2493 2498 2615 2539 siglam,

1548 2548 1580 2573 et
1602 2544 1728 2583 signant
1750 2552 1864 2573 omnes
1887 2542 1980 2582 siglas
2004 2542 2155 2573 codicum
2180 2551 2259 2582 quas
2282 2542 2488 2582 praecedunt.

1603 2588 1677 2618 hom
1702 2605 1744 2609 —-
1767 2587 1864 2618 lectio
1887 2597 1906 2617 a
1929 2596 1992 2627 qua
2014 2587 2152 2617 variatur
2176 2592 2223 2617 est
2245 2587 2503 2618 homoteleuton.

1566 2691 1592 2718 8.
1611 2692 1680 2717 enim
1699 2707 1715 2711 —
1734 2693 1773 2717 ita
1792 2693 1936 2718 modernae
1957 2692 2053 2725 Supp13
2080 2700 2122 2718 om
2140 2700 2247 2722 omnes.
2267 2693 2315 2718 sed
2333 2693 2378 2718 CN
2396 2700 2439 2719 om
2459 2694 2519 2719 hom
2538 2701 2564 2727 9.
2583 2693 2615 2719 ad

1619 2729 1835 2765 appetendum...
1855 2735 1896 2754 ιο.
1916 2733 2044 2753 movetur.
2164 2727 2204 2753 33.
2225 2729 2346 2754 duritiem
2362 2742 2382 2748 —
2400 2729 2520 2754 duritiam
2538 2729 2568 2755 C.

1567 2762 1699 2801 &gua-
1718 2771 1785 2796 quae
1803 2771 1843 2796 cp.
1953 2763 1995 2788 36.
2014 2763 2141 2788 conteri-
2155 2762 2279 2790 confiteri.

1480 2779 1500 2801 γ’
1529 2770 1724 2901 ’ςέξῗοιρε-
1739 2799 1806 2824 iusta
1825 2799 1937 2824 adhibita
1955 2799 2084 2832 diligentia
2103 2799 2182 2824 addit
2195 2807 2225 2841 Ρ.

1611 2840 1680 2859 tenet
1733 2839 1835 2859 tenetur
1853 2835 1925 2867 CNp.
2035 2834 2076 2868 39.
2096 2835 2255 2867 contingit·
2270 2834 2378 2867 9ontigit
2392 2842 2421 2867 Ρ,
2441 2835 2474 2860 sit
2492 2836 2522 2861 L.

1585 2875 1651 2895 .est
1671 2871 1703 2895 de
1721 2878 1833 2903 paupere
1851 2884 1870 2889 -
1888 2871 1920 2895 de
1939 2878 2052 2903 paupere
2070 2871 2198 2904 antiquae
2217 2870 2246 2901 C,
2260 2877 2357 2903 pauper
2375 2870 2527 2896 modernae.

1548 2913 1591 2938 70.
1610 2913 1712 2931 ruere-
1721 2913 1850 2935 corruere,
1861 2906 1956 2939 quibus
1971 2906 2150 2931 corruentibus
2164 2913 2269 2939 semper
2278 2906 2334 2931 eius
2346 2913 2431 2938 poena
2443 2910 2552 2939 augetur
2561 2905 2614 2932 CN.

1549 2948 1592 2973 71.
1611 2942 1738 2974 percussit
1755 2955 1773 2960 -
1791 2942 1948 2974 percusserit
1965 2949 2006 2974 cp.

1568 2984 1591 3002 2.
1611 2978 1745 3009 praeterita
1762 2990 1781 2997 -
1799 2977 1965 3010 praeteritum
1984 2977 2013 3003 C.

1611 3012 1729 3037 contritio
1755 3026 1774 3032 -
1795 3013 1828 3037 Et
1846 3012 1884 3038 sic
1901 3020 1954 3037 non
1973 3018 2013 3037 est
2031 3012 2063 3036 de
2081 3016 2187 3044 peccato
2205 3012 2291 3037 fiituro
2309 3011 2415 3036 addunt
2433 3012 2487 3038 CN.

1550 3053 1591 3072 12.
1611 3048 1680 3081 quia.
1696 3062 1715 3067 —
1733 3055 1802 3081 quae
1820 3048 1847 3074 S.
1955 3055 1996 3082 ²9·
2015 3047 2175 3080 cogitationis
2194 3055 2246 3073 om.
2356 3046 2398 3071 35.
2417 3052 2506 3072 actu-
2518 3053 2613 3074 actum.

1550 3082 1592 3109 58.
1611 3084 1644 3108 de
1661 3084 1708 3109 alt.
1728 3084 1785 3109 loco
1803 3091 1847 3108 om
1867 3083 1987 3114 QLMNc.
2096 3082 2139 3116 59.
2157 3082 2238 3108 homo
2256 3089 2308 3108 om.

1548 3117 1594 3144 65.
1611 3123 1714 3151 oportet
1729 3132 1749 3138 -
1768 3124 1836 3151 patet
1854 3119 1884 3144 C.

1550 3161 1592 3187 71.
1611 3162 1670 3179 cum
1690 3154 1815 3187 scripturn
1834 3154 1868 3179 eit
1884 3168 1903 3173 -
1922 3154 1989 3179 sicut
2006 3154 2131 3188 scriptum
2151 3158 2191 3178 est
2209 3153 2238 3178 C.

1551 3189 1594 3215 13.
1612 3195 1732 3215 avertunt
1747 3204 1766 3209 -
1783 3190 1915 3214 avertitur.

1551 3225 1593 3251 18,
1612 3226 1663 3250 Sed
1683 3233 1777 3251 unus...
1798 3232 1831 3259 ¹9
1849 3225 1973 3256 originale
1992 3224 2052 3249 hom
2071 3231 2114 3249 om
2134 3223 2172 3255 Q;
2191 3231 2258 3248 unus
2277 3231 2320 3249 om
2339 3224 2453 3256 LMNcp.

1551 3268 1593 3292 24.
1611 3266 1713 3286 tantum
1726 3268 1768 3286 om
1788 3261 1814 3286 S.
1906 3260 1947 3285 3².
1966 3267 2017 3292 qua
2029 3273 2047 3278 -
2060 3267 2148 3292 quam.
2238 3259 2286 3284 etsi
2305 3267 2357 3284 non
2369 3273 2388 3278 -
2401 3265 2426 3284 et
2444 3259 2499 3284 sine
2515 3259 2612 3292 QpLN.

1553 3295 1594 3322 35.
1612 3301 1715 3329 oportet
1733 3296 1804 3329 quod
1828 3295 1887 3320 sit...
1906 3302 1941 3326 40
1959 3294 2036 3320 habet
2053 3308 2072 3314 -
2089 3298 2192 3327 oportet
2210 3293 2293 3328 (quod
2312 3295 2383 3329 cp)...
2401 3295 2479 3320 habet
2497 3300 2613 3320 contera-

1639 3336 1681 3356 tur
1699 3331 1725 3357 S.
1835 3330 1875 3355 51.
1895 3331 1927 3355 ad
1946 3330 2125 3355 contritionem
2144 3337 2187 3355 om
2206 3330 2235 3355 C.

1989 3405 2124 3435 Qum-rio
2141 3412 2178 3430 ιιι.

1588 3484 1595 3491 .
1614 3467 1698 3499 possit
1713 3481 1733 3486 —
1749 3467 1851 3500 poterit.
1959 3474 2001 3499 74.
2021 3466 2113 3492 debeat
2129 3480 2149 3487 ·-
2167 3467 2258 3499 possit.

1588 3521 1594 3528 .
1613 3502 1709 3535 Ergo...
1730 3501 1771 3527 31.
1790 3502 1918 3527 maximus
1935 3502 1996 3527 hom
2015 3509 2058 3527 om
2079 3502 2193 3535 QLMcp.

2644 2688 2699 2719 Sa

2644 2758 2696 2790 5b

2642 2971 2697 3003 6a

2641 3178 2695 3209 6b

2641 3507 2697 3539 78
