2878 4088
1180 176 1661 228 APPENDIX

1389 292 1448 322 AD

618 387 1076 439 SUPPLEMENTUM
1105 388 1352 438 TERTmE
1381 388 1585 438 PARTIS
1613 386 1846 437 SUMMAE
1874 386 2226 438 THEOLOGIAE

795 493 1113 558 SANCTI
1154 492 1527 556 THOMAE
1570 491 2054 575 AQUINATIS

906 755 1282 820 QUAESTIO
1323 755 1411 806 DE
1451 755 1944 808 PURGATORIO

658 872 723 908 Ex
753 871 1031 908 Commentario
1058 883 1087 907 s.
1115 871 1289 907 Thomae
1317 872 1354 907 in
1383 871 1443 908 lib.
1464 872 1531 908 JV
1550 872 1725 918 sentent„
1750 871 1828 908 dm.
1849 873 1965 919 XXI,
1993 872 2139 914 Quaest.
2159 874 2191 909 I.

401 1030 467 1060 irca
489 1029 716 1070 Purgatorium
740 1035 937 1070 quaeruntur
961 1035 1046 1060 octo.

338 1040 528 1105 CPrimo:
553 1079 662 1104 utrum
685 1075 725 1104 sit
742 1075 964 1114 purgatorium
987 1079 1062 1115 post
1083 1074 1166 1104 hanc
1188 1074 1296 1104 vitam.

393 1118 561 1149 Secundo:
586 1123 696 1149 utrum
719 1119 759 1148 sit
781 1118 867 1149 idem
890 1118 983 1149 locus
1011 1127 1078 1158 quo
1108 1119 1233 1149 animae
1262 1127 1401 1158 purgan-
1457 1128 1522 1159 qua
1544 1120 1703 1159 purgatio.

424 1168 486 1199 tur,
511 1168 542 1193 et
565 1172 632 1203 quo
657 1162 797 1194 damnati
820 1163 1008 1204 puniuntur.
1510 1164 1700 1194 Ruspommo
1731 1173 1890 1194 monimum
1922 1164 2011 1204 quod
2043 1174 2081 1195 ex
2111 1165 2171 1195 illis
2202 1174 2284 1205 quae
2314 1175 2410 1205 supra
2424 1166 2441 1182 ⁴*
2465 1165 2519 1196 de-

392 1207 522 1238 Tertio:
546 1212 656 1238 utrum
679 1217 785 1247 poena
809 1208 983 1247 purgatorii
1008 1206 1138 1238 excedat
1162 1216 1294 1237 omnem
1322 1216 1401 1247 poe·
1424 1216 1433 1236 ς
1456 1208 1623 1238 terminata
1639 1213 1723 1243 sunt,
1741 1208 1813 1237 satis
1829 1214 1935 1248 potest
1952 1214 2097 1239 constare
2119 1210 2340 1249 purgatorium
2364 1219 2431 1240 esse
2446 1216 2520 1250 post

425 1261 502 1282 nam
523 1252 734 1292 temporalem
757 1252 853 1282 huius
876 1252 968 1282 vitae.
1455 1252 1539 1282 hanc
1562 1253 1670 1282 vitam.
1696 1251 1729 1282 Si
1753 1253 1851 1287 enim,
1875 1261 1931 1292 per
1955 1253 2182 1283 contritionem
2205 1253 2308 1284 deleta
2331 1254 2435 1294 culpa,
2451 1264 2519 1284 non

390 1294 533 1333 Quarto:
558 1301 667 1326 utrum
689 1296 872 1336 illapoeua
896 1297 935 1326 sit
958 1296 1146 1326 voluntaria.
1456 1296 1579 1326 tollitur
1603 1305 1641 1326 ex
1664 1301 1735 1326 toto
1759 1301 1863 1326 reatus
1887 1306 2028 1336 poenae;
2053 1307 2113 1327 nec
2137 1298 2232 1327 etiam
2259 1307 2385 1338 semper
2414 1299 2521 1328 venia-

340 1359 347 1366 κ
392 1339 534 1378 Quinto:
558 1346 667 1371 utrum
684 1341 809 1371 animae
827 1341 860 1371 in
876 1341 1062 1381 purgatorio
1079 1349 1136 1380 per
1151 1339 1326 1370 daemones
1341 1349 1402 1380 pu·
1456 1340 1507 1376 lia,
1525 1339 1660 1370 dimissis
1675 1340 1873 1376 mortalibus,
1890 1341 2063 1376 tolluntur;
2089 1346 2119 1371 et
2138 1342 2255 1372 iustitia
2271 1342 2331 1372 Dei
2346 1342 2409 1372 hoc
2426 1343 2521 1382 exigit

426 1385 563 1415 niantur.
1456 1389 1492 1415 ut
1507 1390 1677 1424 peccatum
1693 1394 1750 1424 per
1765 1394 1905 1424 poenam
1922 1384 2060 1415 debitam
2077 1385 2256 1416 ordinetur:
2288 1392 2416 1426 oportet
2432 1386 2522 1426 quod

393 1427 508 1459 Sexto:
532 1434 641 1459 utrum
665 1438 723 1469 per
745 1438 886 1469 poenam
910 1429 1085 1469 purgatorii
1115 1429 1260 1469 expietur
1288 1438 1402 1469 pecca·
1417 1437 1442 1452 1⁰
1456 1429 1509 1459 ille
1533 1430 1589 1469 qui
1612 1434 1687 1468 post
1710 1429 1936 1459 contritionem
1968 1429 2006 1459 de
2030 1435 2163 1469 peccato
2188 1430 2311 1460 decedit
2341 1436 2371 1460 et
2394 1431 2521 1461 absolu-

426 1478 497 1504 tum
520 1474 644 1504 veniale
668 1473 777 1513 quoad
800 1473 939 1513 culpam.
1456 1474 1590 1509 tionem,
1607 1478 1679 1503 ante
1696 1472 1943 1503 satisfactionem
1961 1473 2109 1508 debitam,
2127 1474 2216 1514 quod
2231 1480 2304 1515 post
2327 1475 2408 1505 hanc
2424 1476 2521 1505 vitam

393 1516 557 1558 Septimo:
575 1523 684 1548 utrum
699 1518 781 1557 ignis
797 1518 1000 1558 purgatorius
1011 1518 1123 1548 liberet
1135 1527 1152 1547 a
1164 1523 1254 1548 reatu
1265 1526 1401 1558 poenae.
1456 1518 1617 1558 puniatur.

394 1561 538 1592 Octavo:
563 1567 671 1592 utrum
687 1563 726 1592 ab
742 1562 795 1592 illa
810 1571 915 1602 poena
931 1571 1016 1592 unus
1038 1562 1189 1592 liberetur
1212 1562 1274 1592 alio
1299 1562 1401 1592 citius.
1513 1562 1555 1592 Et
1578 1561 1652 1592 ideo
1668 1561 1714 1591 illi
1730 1561 1786 1601 qui
1809 1562 2030 1601 purgatorium
2046 1568 2173 1602 negant,
2191 1568 2302 1593 contra
2318 1562 2457 1593 divinam
2473 1563 2521 1594 iu-

1458 1607 1575 1636 stitiam
1599 1606 1788 1646 loquuntur.
1814 1606 1854 1636 Et
1878 1611 2009 1645 propter
2028 1606 2091 1636 hoc
2108 1616 2278 1637 erroneum
2302 1612 2362 1643 est,
2380 1612 2411 1637 et
2426 1618 2444 1637 a
2459 1606 2522 1638 fide

1456 1031 1562 1060 minus
1580 1031 1734 1071 potuerit,
1753 1036 1831 1071 post
1853 1031 2024 1061 transitum
2047 1032 2122 1062 hinc
2138 1042 2202 1072 per
2217 1033 2409 1074 purgatorii
2432 1033 2519 1074 ignis

1456 1075 1686 1114 conflationem
1709 1075 1888 1116 expeditur.
1914 1076 1999 1116 Ergo
2024 1082 2098 1116 post
2120 1077 2202 1107 hanc
2225 1077 2322 1107 vitam
2345 1083 2440 1108 restat
2464 1078 2518 1108 ali—

2546 1168 2556 1179 ·
2562 1166 2622 1188 Dist.
2631 1172 2678 1194 xiv,
2684 1172 2723 1194 qu.
2731 1173 2757 1193 ιι,

2547 1197 2589 1215 art.
2611 1200 2620 1215 ι
2629 1209 2635 1220 ,
2649 1193 2693 1220 qu⁸
2714 1199 2734 1215 a.
2746 1205 2757 1210 -

2547 1219 2758 1273 ffssssfffflf’ssu·

0 1674 7 1684 .
415 1644 515 1675 ΛΒΤ·
533 1645 555 1675 Ῑ·
579 1654 685 1675 UTRUM
708 1654 930 1675 PUROATORIUM
954 1655 1000 1675 sn·
1022 1655 1098 1676 POST
1121 1655 1206 1676 HANG
1228 1655 1325 1676 VITAM
1419 1658 1441 1678 ¹5
1459 1651 1610 1681 alienum.
1635 1650 1730 1681 Unde
1746 1649 1920 1690 Gregorius
1938 1650 2101 1691 Nyssenus
2117 1657 2191 1690 post
2214 1651 2374 1691 praedicta
2389 1652 2405 1667 ἢ*
2428 1652 2523 1682 verba
2550 1655 2630 1702 {rfg-
2644 1653 2692 1675 Sed
2706 1659 2760 1675 σθη-

0 1686 6 1723 ⁵
123 1734 127 1739 .
339 1691 1176 1747 cffffiffisstrfaffiffifffimosss‘fflffixg?
1185 1694 1356 1748 001'33355223.
1371 1727 1402 1743 1¹.
1457 1694 1747 1769 {ssbiffissffffgdiffgsc
1764 1694 1996 1734 praedzcamus
2028 1695 2147 1736 d⁰8ma
2178 1700 2322 1725 vernans
2348 1701 2522 1731 servantes,

160 1799 162 1801 >
402 1793 423 1814 n
453 1793 571 1814 ramim
594 1793 640 1814 stc
662 1793 867 1814 nocam-run.
897 1783 1031 1814 Videtur
1062 1784 1151 1824 quod
1181 1786 1401 1825 purgatorium
1513 1783 1587 1813 Hoc
1604 1784 1699 1814 etiam
1715 1783 1900 1813 universalis
1925 1783 2066 1813 Ecclesia
2081 1788 2178 1819 tenet,
2189 1793 2254 1824 pro
2271 1783 2431 1824 defunctis
2446 1793 2523 1814 exo-

69 1842 73 1846 ·
95 1821 192 1848 ‘Vm-
207 1829 241 1855 *3-
340 1799 470 1859 Anon
493 1829 533 1858 sit
563 1833 638 1868 post
669 1829 751 1859 hanc
780 1829 888 1858 vitam.
920 1830 1018 1869 Apoc.
1043 1839 1096 1859 ΧΠ
1110 1830 1127 1845 ⁴·
1151 1829 1284 1859 dicitur:
1308 1829 1404 1859 Beati
1459 1837 1537 1858 rans
1561 1832 1597 1858 ut
1619 1837 1638 1857 a
1656 1827 1800 1867 peccatis
1822 1827 1994 1858 solvantur
2014 1828 2046 1857 *2
2073 1827 2162 1867 quod
2181 1837 2249 1858 non
2271 1833 2378 1868 potest
2400 1829 2461 1858 nisi
2485 1828 2523 1858 de
2551 1832 2680 1881 {og-raaia
2702 1832 2751 1854 Sed

0 1868 11 1913 ’ζέ
338 1873 459 1903 mortui
474 1872 530 1913 qui
553 1873 585 1902 in
609 1872 752 1902 Domino
775 1873 971 1903 moriuntur.
995 1874 1120 1904 Amodo
1138 1874 1211 1909 iam,
1233 1873 1311 1903 dicit
1333 1873 1404 1914 Spi-
1418 1880 1444 1894 ²⁰
1458 1871 1518 1901 illis
1535 1872 1591 1911 qui
1607 1877 1681 1902 sunt
1696 1872 1729 1901 in
1744 1872 1930 1911 purgatorio
1946 1871 2088 1911 intelligi.
2113 1872 2274 1902 Ecclesiae
2290 1877 2397 1902 autem
2413 1878 2523 1902 aucto-

339 1922 436 1952 rrtus,
462 1922 498 1947 ut
527 1917 731 1958 requiescant
759 1927 779 1947 a
804 1917 969 1948 laboribus
997 1917 1074 1948 suis.
1110 1918 1195 1958 Ergo
1220 1918 1268 1947 his
1292 1918 1348 1957 qui
1371 1919 1404 1947 in

338 1962 482 1992 Domino
511 1961 694 1992 moriuntur
723 1971 790 1991 non
814 1967 922 1992 manet
945 1962 1059 2001 aliquis
1081 1962 1285 2002 purgatorius
1315 1962 1405 1992 labor

337 2011 412 2046 post
434 2006 518 2036 hanc
540 2006 648 2036 vitam.
679 2005 749 2036 Nec
771 2006 832 2036 illis
856 2006 913 2046 qui
935 2015 1003 2036 non
1026 2007 1060 2036 in
1084 2007 1227 2036 Domino
1259 2007 1404 2036 moriun-

338 2055 406 2080 tur:
432 2050 507 2090 quia
522 2050 568 2080 illi
584 2050 712 2090 purgari
727 2059 794 2080 non
809 2056 955 2090 possunt.
980 2050 1066 2090 Ergo
1090 2051 1311 2091 purgatorium
1331 2056 1406 2091 post

337 2094 420 2125 hanc
443 2095 542 2124 vitam
565 2103 633 2124 non
657 2100 714 2124 est.

396 2148 425 2169 2.
450 2138 647 2174 Parim-unm,
672 2139 754 2168 sicut
776 2147 810 2168 se
832 2139 928 2168 habet
951 2139 1062 2169 caritas
1086 2138 1125 2169 ad
1148 2139 1328 2179 praemium
1352 2148 1405 2169 ae-

338 2188 485 2218 ternum,
509 2183 553 2213 ita
575 2188 746 2223 peccatum
768 2183 904 2213 mortale
934 2182 973 2213 ad
1003 2183 1198 2223 supplicium
1229 2189 1404 2214 aeternum.

339 2226 403 2258 Sed
426 2226 616 2258 decedentes
639 2228 672 2257 in
696 2233 830 2267 peccato
853 2228 980 2257 mortali
1004 2228 1110 2258 statim
1139 2227 1179 2258 ad
1209 2228 1405 2268 supplicium

338 2277 505 2302 aeternum
529 2271 746 2312 deportantur.
771 2271 857 2311 Ergo
881 2271 1072 2302 decedentes
1095 2272 1129 2302 in
1153 2273 1280 2302 caritate
1300 2273 1406 2302 statim

1458 1916 1539 1946 ritati
1571 1916 1770 1956 quicumque
1803 1916 1934 1951 resistit,
1958 1915 2114 1945 haeresim
2145 1916 2284 1946 incurrit.

1514 1960 1565 1989 Ar>
1581 1969 1699 1990 ramim
1714 1969 1797 1989 mmo
1821 1969 1981 1990 memnon
2006 1959 2094 1999 quod
2119 1961 2287 1990 auctoritas
2311 1960 2363 1990 illa
2379 1960 2523 2000 loquitur

1459 2004 1498 2034 de
1522 2004 1631 2034 labore
1656 2005 1850 2044 operationis
1870 2003 1909 2034 ad
1924 2004 2125 2040 merendum,
2144 2009 2174 2034 et
2189 2014 2256 2034 non
2274 2003 2313 2034 de
2329 2004 2436 2035 labore
2452 2015 2523 2045 pas-

1459 2049 1557 2078 sionis
1581 2048 1621 2078 ad
1645 2047 1857 2088 purgandum.

1515 2093 1566 2123 An
1583 2103 1745 2123 snctmntm
1760 2102 1920 2122 mmmmm
1936 2092 2026 2132 quod
2042 2093 2162 2122 malum
2185 2102 2253 2123 non
2276 2092 2372 2123 habet
2395 2102 2523 2124 causam

1459 2137 1653 2177 perfectam,
1675 2137 1730 2167 sed
1753 2147 1794 2167 ex
1816 2137 2040 2178 singularibus
2063 2137 2237 2178 defectibus
2260 2137 2440 2178 contingit:
2468 2138 2523 2168 sed

1459 2182 1578 2212 bonum
1608 2192 1650 2212 ex
1680 2191 1746 2212 una
1777 2190 1876 2212 causa
1900 2182 2050 2223 perfecta
2073 2181 2259 2222 consurgit,
2283 2187 2319 2211 ut
2349 2182 2524 2223 Dionysius

1461 2226 1537 2256 dicit
1552 2227 1579 2257 ³.
1610 2226 1652 2256 Et
1681 2225 1755 2256 ideo
1787 2226 1921 2265 quilibet
1951 2225 2093 2256 defectus
2117 2225 2251 2265 impedit
2281 2235 2298 2255 a
2325 2225 2523 2266 perfectione

1460 2271 1556 2306 boni,
1582 2270 1637 2301 sed
1659 2280 1726 2300 non
1758 2270 1925 2310 quodlibet
1955 2271 2079 2300 bonum
2106 2270 2240 2310 impedit
2272 2271 2524 2301 consummatio-

2552 2231 2562 2240 ·
2575 2229 2611 2250 De
2626 2229 2679 2250 Div.
2694 2228 2761 2250 Nom.

2550 2262 2602 2283 cap.
2624 2261 2659 2281 lv:
2681 2262 2700 2276 s.
2715 2255 2761 2276 Th.

2551 2283 2604 2305 lect.
2628 2288 2684 2304 xxn.
2700 2294 2710 2299 -
2725 2282 2759 2303 Cf.

2550 2309 2648 2331 Aristot.
2677 2308 2761 2335 Emic„

2550 2336 2589 2358 lib.
2610 2336 2644 2362 11,
2664 2341 2713 2362 cap.
2729 2341 2761 2361 vr,

2550 2369 2573 2384 n.
2584 2369 2622 2389 ¹4;
2634 2361 2761 2384 s.·rh.1ect.

2550 2395 2589 2411 vu.

338 2315 379 2346 ad
400 2316 580 2357 praemium
603 2315 733 2346 vadunt.
758 2315 799 2346 Et
821 2316 864 2346 ita
886 2325 954 2346 non
977 2322 1086 2347 manet
1110 2317 1154 2347 eis
1177 2316 1310 2357 aliquod
1330 2326 1406 2356 pur-
1421 2325 1446 2345 ³⁰
1459 2325 1536 2345 nem
1553 2315 1692 2355 aliquam
1715 2315 1807 2344 mali:
1833 2315 1908 2354 quia
1931 2324 2099 2354 nunquam
2123 2320 2170 2345 est
2189 2314 2311 2344 malum
2330 2315 2397 2344 sine
2414 2315 2522 2355 aliquo

0 2377 36 2407 t..
337 2360 595 2400 gatorium‘post
617 2360 700 2390 hanc
723 2360 831 2390 vitam.
1264 2399 1268 2402 γ
1460 2360 1560 2389 bono.
1585 2360 1626 2389 Et
1649 2359 1723 2389 ideo
1747 2364 1915 2399 peccatum
1940 2359 2062 2389 veniale
2086 2358 2220 2399 impedit
2243 2359 2413 2389 habentem
2446 2360 2524 2390 cari—

395 2404 424 2435 3.
448 2404 653 2440 Ρκᾼιζτκωῑᾼ,
677 2405 785 2440 Deus,
810 2405 867 2444 qui
891 2410 938 2435 est
960 2414 1086 2435 summe
1110 2406 1306 2441 misericors,
1330 2415 1405 2446 pro·
1459 2409 1558 2434 tatem
1581 2413 1622 2434 ne
1655 2403 1694 2433 ad
1726 2403 1903 2444 perfectum
1935 2404 2059 2433 bonum
2088 2403 2250 2439 deveniat,
2275 2403 2394 2433 scilicet
2426 2404 2523 2434 vitam

113 2457 312 2508 etenngfaai-
337 2448 410 2479 nior
422 2453 469 2479 est
480 2448 520 2478 ad
531 2448 775 2488 praemiandum
786 2449 871 2479 bona
890 2459 988 2489 quam
1009 2449 1049 2480 ad
1065 2449 1267 2490 puniendum
1283 2450 1366 2480 mala
1378 2451 1404 2480 ’ἢ
1460 2453 1632 2484 aeternam,
1658 2447 1802 2487 quandiu
1824 2453 1987 2487 purgatur.
2020 2447 2082 2478 Sed
2105 2453 2274 2487 peccatum
2297 2447 2431 2478 mortale
2454 2457 2523 2478 non

97 2483 311 2535 mLm
338 2492 420 2530 Sed,
445 2493 527 2523 sicut
549 2493 594 2523 illi
618 2493 675 2533 qui
698 2498 772 2523 sunt
802 2494 834 2523 in
865 2499 948 2524 statu
972 2495 1125 2530 caritatis,
1150 2493 1271 2524 faciunt
1300 2494 1406 2534 aliqua
1460 2498 1567 2533 potest
1590 2492 1738 2532 impediri
1760 2501 1818 2532 per
1841 2491 1973 2532 aliquod
1996 2492 2121 2522 bonum
2145 2491 2331 2522 adiunctum
2348 2493 2524 2532 quominus

337 2537 422 2567 mala
445 2546 528 2577 quae
550 2546 619 2567 non
643 2542 717 2567 sunt
740 2537 835 2577 digna
858 2538 1018 2578 supplicio
1042 2543 1183 2574 aeterno,
1207 2539 1250 2568 ita
1273 2538 1319 2568 illi
1350 2539 1406 2579 qui
1422 2546 1444 2566 ις
1460 2537 1566 2567 statim
1589 2536 1629 2567 ad
1651 2537 1802 2567 ultimum
1824 2536 1985 2567 malorum
2008 2535 2171 2576 perducat.

339 2587 414 2612 sunt
435 2581 469 2611 in
491 2587 625 2621 peccato
649 2582 786 2618 mortali,
810 2582 971 2612 interdum
994 2582 1117 2613 faciunt
1140 2583 1246 2622 aliqua
1262 2583 1347 2613 bona
1368 2593 1405 2613 ex
1515 2581 1566 2611 An
1591 2591 1725 2611 remum
1749 2591 1908 2611 memmium
1932 2581 2020 2621 quod
2044 2580 2097 2611 ille
2121 2581 2177 2620 qui
2200 2581 2233 2610 in
2250 2586 2418 2620 peccatum
2438 2590 2524 2611 mor-

338 2634 466 2665 genere,
490 2634 573 2665 quae
597 2635 664 2655 non
688 2631 762 2656 sunt
778 2625 874 2666 digna
889 2627 1033 2666 praemio
1050 2633 1190 2657 aeterno.
1215 2627 1312 2667 Ergo,
1330 2637 1405 2657 cum
1460 2625 1522 2656 tale
1546 2625 1666 2661 incidit,
1691 2625 1800 2655 omnia
1823 2625 1909 2655 bona
1934 2630 2006 2655 ante
2030 2630 2098 2655 acta
2121 2624 2301 2660 mortificat,
2327 2630 2358 2654 et
2381 2634 2463 2664 quae
2490 2625 2523 2654 in

338 2669 392 2699 illa
415 2670 501 2699 bona
523 2679 591 2699 non
614 2671 832 2709 praemientur
854 2671 888 2700 in
905 2670 1091 2701 damnandis
1108 2677 1182 2711 post
1197 2672 1279 2701 hanc
1296 2672 1404 2707 vitam,
1460 2675 1594 2709 peccato
1623 2669 1749 2699 mortali
1784 2670 1918 2699 existens
1950 2669 2042 2704 facit,
2066 2674 2192 2698 mortua
2221 2674 2309 2698 sunt:
2340 2669 2414 2707 quia
2444 2669 2522 2708 ipse,

338 2723 399 2744 nec
422 2713 476 2743 illa
498 2713 582 2743 mala
606 2713 723 2744 debent
746 2720 820 2754 post
843 2715 926 2745 hanc
948 2716 1045 2745 vitam
1062 2716 1178 2756 puniri.
1203 2716 1244 2745 Et
1260 2716 1304 2746 sic
1319 2715 1405 2746 idem
1461 2714 1568 2744 Deum
1592 2713 1777 2749 offendens,
1802 2714 1911 2743 omnia
1934 2713 2020 2743 bona
2043 2718 2183 2742 meretur
2206 2713 2365 2747 amittere,
2391 2721 2473 2751 quae
2506 2723 2523 2742 a

340 2757 430 2798 quod
453 2758 551 2797 prius.
1420 2772 1447 2792 4⁰
1461 2758 1532 2788 Deo
1556 2758 1660 2788 habet.
1694 2757 1787 2788 Unde
1812 2758 1840 2787 ei
1865 2757 1920 2796 qui
1943 2758 1978 2787 in
2000 2762 2134 2796 peccato
2157 2756 2284 2786 mortali
2305 2755 2438 2792 decedit,
2455 2766 2521 2786 non

97 2813 108 2824 ·
124 2811 190 2834 vm.
205 2811 243 2839 46.
395 2801 458 2832 SED
483 2811 616 2837 CONTRA,
642 2801 669 2831 11
693 2802 842 2832 Machab.
858 2812 902 2832 ΧΠ
917 2803 934 2819 ⁴·
958 2803 1088 2833 dicitur:
1113 2803 1234 2834 Sancta
1258 2809 1289 2834 et
1318 2804 1406 2834 salu·
1460 2807 1569 2832 manet
1593 2801 1723 2842 aliquod
1754 2802 1933 2841 praemium
1956 2806 2030 2841 post
2053 2801 2134 2830 hanc
2158 2801 2271 2830 vitam:
2305 2801 2386 2830 sicut
2415 2806 2523 2830 manet

339 2846 405 2876 bris
435 2851 482 2876 est
509 2846 666 2887 cogitatio
693 2856 758 2887 pro
790 2846 952 2887 defunctis
982 2857 1124 2878 exorare
1158 2852 1194 2877 ut
1220 2857 1240 2878 a
1262 2848 1406 2888 peccatis
1461 2846 1634 2886 aliquando
1658 2855 1765 2886 poena
1788 2846 1817 2875 ei
1841 2846 1896 2885 qui
1913 2845 1945 2875 in
1963 2845 2090 2875 caritate
2107 2844 2241 2880 decedit,
2259 2854 2341 2884 quae
2356 2854 2424 2874 non
2439 2854 2522 2874 sem-

338 2891 520 2921 solvantur.
555 2890 618 2920 Sed
642 2900 701 2930 pro
726 2890 883 2921 defunctis
915 2892 971 2931 qui
994 2897 1068 2922 sunt
1090 2892 1124 2921 in
1151 2891 1314 2932 paradiso,
1338 2901 1406 2922 non
1460 2899 1518 2930 per
1541 2890 1625 2920 delet
1649 2899 1746 2920 omne
1770 2889 1892 2920 malum
1909 2888 1999 2929 quod
2014 2889 2144 2924 invenit,
2162 2888 2217 2919 sed
2233 2888 2339 2919 solum
2354 2889 2418 2919 hoc
2433 2888 2523 2929 quod

340 2940 387 2965 est
415 2934 589 2965 orandum:
623 2935 698 2974 quia
727 2935 772 2965 illi
802 2935 893 2965 nullo
924 2935 1077 2975 indigent.
1108 2935 1176 2966 Nec
1199 2936 1315 2966 iterum
1346 2945 1406 2976 pro
1461 2940 1508 2965 est
1531 2935 1590 2964 sibi
1614 2934 1833 2976 contrarium..

339 2979 400 3009 illis
433 2979 489 3019 qui
519 2984 593 3009 sunt
622 2980 656 3009 in
683 2978 827 3009 inferno:
859 2980 934 3019 quia
963 2979 1010 3010 illi
1032 2989 1050 3010 a
1072 2980 1210 3019 peccatis
1234 2980 1315 3010 solvi
1338 2990 1406 3010 non
1420 2991 1443 3011 45

339 3028 485 3063 possunt.
509 3023 596 3063 Ergo
620 3028 694 3063 post
717 3024 799 3053 hanc
815 3024 912 3053 vitam
929 3029 1003 3054 sunt
1019 3024 1151 3063 aliquia
1166 3025 1306 3064 peccatis
1321 3034 1404 3054 non·
1482 3007 1581 3038 ART.
1600 3007 1637 3037 ΙΙ.
1661 3016 1766 3036 urium
1789 3016 1835 3036 srr
1858 3015 1934 3036 mim
1956 3015 2054 3036 Locus
2079 3015 2142 3035 ouo
2167 3015 2283 3036 Armua
2306 3015 2500 3041 PURoANTun,

341 3066 419 3097 dum
442 3067 580 3098 absoluti
604 3068 659 3107 qui
684 3067 764 3098 solvi
780 3073 924 3108 possunt.
949 3068 990 3098 Et
1005 3068 1083 3098 tales
1100 3069 1261 3098 caritatem
1277 3068 1405 3104 habent,
1749 3060 1787 3080 ET
1811 3060 1875 3080 ‘³⁰⁰
1900 3060 2039 3080 mnium
2062 3059 2236 3079 ¹²⁰¹*me

342 3111 409 3140 sine
433 3120 496 3150 qua
518 3121 586 3142 non
609 3111 646 3142 fit
668 3118 876 3152 peccatorum
899 3113 1063 3142 remissio:
1089 3113 1165 3152 quia
1185 3113 1338 3142 universa
1353 3112 1406 3143 de-
1525 3122 1545 3141 D
1577 3121 1739 3142 snctmntm
1771 3121 1817 3141 stc
1853 3121 2059 3142 PRocnnrrtm.
2091 3110 2225 3141 Videtur
2257 3109 2347 3150 quod
2378 3119 2446 3140 non
2484 3111 2523 3140 sit

99 3160 111 3170 ·
127 3158 193 3181 Vm.
210 3164 242 3182 η.
342 3154 419 3184 licta
435 3155 540 3194 oper-it
553 3156 684 3192 caritas,
699 3157 797 3187 Prov.
813 3167 833 3186 x
849 3157 875 3186 *.
907 3156 1001 3187 Unde
1025 3156 1064 3187 ad
1086 3162 1225 3186 mortem
1246 3162 1406 3187 aeternam
1462 3125 1611 3186 Aidem
1638 3156 1730 3186 locus
1761 3165 1828 3195 quo
1859 3156 1983 3186 animae
2013 3160 2205 3195 purgantur,
2230 3161 2261 3185 et
2289 3164 2355 3194 quo
2384 3154 2524 3185 damnati

341 3207 410 3228 non
433 3198 618 3229 devenient:
643 3201 718 3240 quia
741 3201 796 3242 qui
819 3201 897 3231 vivit
919 3206 950 3231 et
972 3201 1075 3231 credit
1097 3201 1129 3231 in
1154 3210 1220 3236 me,
1246 3210 1310 3230 non
1335 3210 1405 3231 mo·
1422 3210 1446 3230 50
1459 3200 1649 3240 puniuntur.
1680 3199 1765 3237 Quia
1795 3209 1901 3239 poena
1925 3199 2149 3230 damnatorum
2174 3205 2220 3229 est
2243 3205 2387 3229 aeterna:
2413 3204 2449 3229 ut
2477 3198 2523 3229 di-

102 3247 114 3258 ·
127 3245 194 3268 ven.
209 3245 247 3269 ιε.
343 3242 448 3272 rietur
469 3242 502 3272 in
526 3247 702 3279 aeternum,
719 3245 813 3276 Ioan.
827 3255 858 3275 x1
874 3246 901 3275 ἦ
924 3245 993 3275 Nec
1009 3245 1048 3275 ad
1064 3245 1198 3285 gloriam
1215 3244 1407 3275 inducentur
1461 3245 1542 3275 citur
1565 3244 1676 3274 Matth.
1693 3254 1754 3274 xxv
1769 3245 1801 3274 *x
1826 3244 1925 3274 Ibunt
1939 3244 1972 3273 hi
1988 3244 2020 3273 in
2038 3244 2145 3285 ignem
2169 3248 2345 3274 aeternum.
2370 3242 2432 3274 Sed
2448 3252 2523 3283 pur-
2550 3254 2561 3265 ·
2574 3252 2641 3274 Vm.
2657 3252 2695 3279 46.

101 3280 315 3335 ζῚᾳΡὰξνζξξξ·
342 3286 403 3316 nisi
426 3287 570 3326 purgati:
596 3288 671 3327 quia
693 3289 772 3320 nihil
794 3289 1002 3320 immundum
1018 3289 1057 3319 ad
1072 3289 1160 3320 illam
1178 3290 1353 3329 perveniet,
1370 3294 1407 3319 ut
1460 3289 1601 3329 gatorius
1624 3289 1705 3328 ignis
1730 3293 1776 3319 est
1799 3288 2000 3328 temporalis:
2033 3294 2069 3318 ut
2099 3297 2194 3327 supra
2214 3288 2231 3304 ³*
2254 3288 2403 3327 Magister
2435 3287 2521 3317 dixit.
2551 3294 2560 3303 ·
2575 3292 2634 3314 Dist.
2650 3298 2762 3323 x;1‚cap.

0 3324 17 3383 ι
102 3323 165 3382 χοι-ἑὲ
178 3339 233 3382 ¹⁵1³„
251 3365 265 3382 n
283 3323 315 3381 m}
342 3334 429 3369 patet
451 3330 550 3370 Apoc.
574 3330 631 3361 ult.
647 3332 664 3348 ⁴*
688 3332 774 3373 Ergo
797 3334 904 3374 aliqua
926 3335 1074 3374 purgatio
1097 3339 1192 3364 restat
1219 3339 1293 3374 post
1324 3334 1407 3364 hanc
1460 3333 1547 3373 Ergo
1571 3342 1639 3363 non
1662 3333 1756 3363 simul
1780 3333 1959 3373 puniuntur
1981 3332 2015 3362 hi
2039 3337 2069 3362 et
2092 3331 2138 3362 illi
2162 3331 2277 3362 eodem
2299 3333 2383 3372 igne.
2415 3331 2456 3362 Et
2479 3333 2523 3362 sic
2550 3318 2720 3374 fssgf²1„“,³[ss’,¹'
2741 3322 2763 3340 ‘¹

103 3386 143 3408 nb.
157 3376 219 3409 ἑοιιι.
235 3366 313 3408 ‘c’zryae-
342 3374 450 3403 Vitam·
1461 3382 1590 3417 oportet
1613 3378 1685 3407 loca
1709 3386 1775 3407 esse
1799 3377 1955 3407 distincta.

103 3412 316 3461 ffif‘sszcffigi·
400 3426 430 3447 2.
454 3417 655 3454 Parim-nux,
681 3418 855 3460 Gregorius
877 3421 1041 3462 Nyssenus
1057 3423 1074 3439 ⁴*
1098 3422 1189 3453 dicit:
1222 3422 1257 3452 Si
1289 3422 1408 3462 aliquis
1422 3435 1444 3456 55
1518 3431 1547 3451 2.
1571 3421 1767 3458 Pium-mum,
1792 3430 1898 3461 poena
1921 3420 2037 3451 inferni
2059 3421 2243 3450 nominatur
2258 3420 2402 3460 pluribus
2418 3421 2524 3450 nomi—

103 3465 169 3488 Rom.
186 3465 252 3488 isso.
307 3455 314 3466 ’
346 3460 474 3491 Christo
499 3461 603 3492 amico
627 3464 829 3495 consentiens
859 3465 892 3495 in
922 3466 984 3496 hac
1013 3467 1079 3497 vita
1103 3476 1255 3507 purgare
1271 3471 1407 3507 peccata
1461 3466 1572 3496 nibus:
1597 3472 1633 3496 ut
1656 3466 1689 3496 in
1713 3466 1840 3496 Psalmo
1856 3466 1883 3502 ἢ
1909 3465 2005 3507 ignis,
2029 3465 2165 3505 sulphur
2187 3469 2218 3495 et
2239 3464 2372 3505 spiritus
2394 3464 2523 3505 procel·
2550 3471 2560 3481 ·
2574 3470 2612 3491 Ps.
2627 3475 2650 3496 x,
2665 3475 2724 3490 vers.
2739 3475 2760 3496 7.
