2918 4088
428 172 502 219 348

481 253 521 282 Et
538 253 563 282 si
580 252 701 283 dicatur
717 252 807 293 quod
828 253 1030 283 occultorum
1047 251 1207 283 confessio
1225 252 1307 283 cadit
1322 252 1380 282 sub
1396 260 1486 291 prae-

427 302 520 336 cepto
545 297 705 327 Ecclesiae
736 297 903 333 indirecte,
929 297 1047 327 scilicet
1070 298 1192 327 ratione
1215 296 1410 336 integritatis,
1427 305 1486 335 pro

427 346 547 380 quanto
575 342 600 371 is
628 342 684 381 qui
715 347 841 372 tenetur
871 341 1002 381 singulis
1026 341 1115 370 annis
1140 341 1199 370 alia
1225 345 1356 380 peccata
1386 338 1487 369 confi-

425 386 493 421 teri,
512 390 637 415 tenetur
653 395 785 425 quoque
810 395 847 416 ex
872 386 1082 425 consequenti
1099 391 1229 425 peccata
1253 383 1356 414 cordis
1381 385 1488 423 singu-

425 429 462 459 lis
487 430 577 459 annis
601 429 756 466 confiteri,
774 435 809 460 ut
831 429 990 460 confessio
1015 430 1105 459 omni
1131 438 1215 459 anno
1239 429 1279 458 sit
1302 429 1438 468 integra:
1465 445 1488 449 -

380 476 390 480 ”
426 473 504 503 haec
531 474 678 504 instantia
705 474 783 504 nihil
806 474 898 504 valet.
935 473 1115 511 Quoniam,
1145 473 1251 512 posito
1276 473 1407 502 homine
1431 471 1487 511 qui

187 697 197 707 ·
219 695 255 717 Cf.
276 700 340 716 num.
358 700 398 716 vu.

187 1045 197 1055 '¹
207 1044 216 1065 1
229 1043 263 1064 ad
273 1043 336 1070 Cor„
348 1049 398 1071 cap.

187 1076 218 1097 zv,
233 1076 293 1091 vers.
306 1076 326 1097 5.

187 1533 198 1544 ·
212 1532 254 1563 De·
267 1531 357 1553 Poenit.
378 1532 401 1552 et

188 1559 335 1606 ljeggsgbnc'
345 1584 399 1605 Flo-

186 1611 347 1635 rent..Decret.
353 1617 400 1638 pro

186 1638 302 1660 Armenis.

187 1840 197 1850 '¹
205 1839 215 1860 1
223 1838 289 1867 Regu,
298 1844 348 1865 cap.
355 1843 401 1863 xvr,

188 1871 248 1887 vers.
259 1871 280 1892 7;
291 1864 401 1890 adRom.‚

188 1898 238 1919 cap.
255 1898 279 1919 n,
294 1897 354 1913 vers.
367 1891 401 1913 ¹6.

190 2107 200 2118 ⁶
214 2106 281 2128 Vers.
298 2111 332 2133 17,
347 2105 380 2128 ¹8.

190 2135 211 2145 '¹'
227 2133 293 2154 Vers.
307 2139 330 2155 2¹
349 2139 401 2160 sqq.

193 2679 203 2690 ·
219 2678 288 2700 Vers.
302 2683 336 2705 23.

426 517 493 547 sola
516 523 646 558 peccata
670 518 773 548 cordis
797 518 942 548 mortalia
965 518 1093 547 haberet
1117 517 1224 556 aliquo
1249 525 1348 551 anne,
1374 525 1487 555 seque-

426 567 511 592 retur
542 562 631 602 quod
660 562 715 592 illo
745 572 829 592 anno
858 571 924 592 non
948 566 1108 591 teneretur
1139 560 1300 591 confiteri:
1333 559 1487 600 quoniam

426 612 503 636 tunc
526 616 594 636 non
617 607 746 636 haberet
769 607 878 636 locum
902 606 981 636 ratio
1005 605 1198 645 integritatis.

482 650 518 680 ΙΙ.
543 651 630 680 Tum
654 651 729 690 quia
752 650 936 681 huiusmodi
962 649 1165 679 occultorum
1182 648 1342 679 confessio
1358 657 1425 678 non
1442 652 1489 677 est

427 693 465 724 de
481 695 667 725 necessitate
683 695 870 724 sacramenti
887 695 912 724 ἦ
938 694 1102 731 Quoniam
1119 693 1186 723 sola
1202 693 1254 722 illa
1269 698 1399 732 peccata
1415 697 1488 722 sunt

427 738 465 768 de
489 739 674 769 necessitate
698 739 884 769 sacramenti
908 747 990 778 quae
1014 738 1072 767 sub
1094 737 1213 767 iudicio
1244 737 1368 766 homini
1399 745 1488 766 com-

426 783 524 812 misso
548 793 566 812 a
590 782 716 813 Christo
741 782 1067 822 comprehenduntur.
1100 781 1162 811 Sed
1185 781 1310 811 nullum
1333 779 1489 810 iudicium

427 827 636 857 commissum
659 827 783 857 homini
814 837 831 856 a
856 826 983 856 Christo
1016 825 1155 855 extendit
1183 834 1216 855 se
1242 824 1281 855 ad
1304 823 1490 854 huiusmodi

427 871 562 901 occulta.
591 871 676 910 Ergo
700 871 824 901 occulta
849 871 927 900 haec
950 879 1017 900 non
1041 874 1115 899 sunt
1139 868 1178 899 de
1201 869 1386 899 necessitate
1411 878 1488 898 con-

426 914 554 944 fitenda.
577 933 600 937 —
623 915 725 944 Maior
748 920 849 954 patet:
875 914 1030 953 quoniam
1053 912 1209 943 iudicium
1236 912 1297 942 fori
1320 912 1488 952 poeniten-

425 959 506 988 tialis
529 959 652 988 homini
677 959 885 988 commissum
902 963 948 987 est
964 967 981 987 a
998 957 1136 992 Christo,
1154 962 1185 986 et
1200 966 1268 986 non
1292 956 1410 996 angelis
1435 961 1489 985 aut

427 1003 685 1041 quibuscumque
717 1002 794 1031 aliis.
822 1019 845 1023 -
873 1001 980 1031 Minor
1010 1010 1086 1030 vero
1121 1001 1273 1040 probatur
1304 1000 1490 1030 auctoritate

425 1046 575 1086 Apostoli
591 1047 621 1075 ἢ
646 1046 756 1075 Nolite
779 1050 854 1075 ante
877 1050 1000 1084 tempus
1023 1044 1178 1079 iudicare,
1196 1049 1255 1073 etc.

481 1090 514 1119 Si
538 1089 660 1119 dicatur
691 1088 780 1128 quod
804 1089 922 1128 duplex
945 1087 1101 1118 iudicium
1129 1088 1338 1118 commissum
1363 1091 1410 1116 est
1432 1087 1491 1116 ho-

425 1134 504 1162 mini
528 1143 545 1162 a
570 1133 716 1163 Christo:
742 1133 876 1162 alterum
892 1131 1071 1162 secundum
1092 1136 1283 1171 potestatem
1299 1130 1490 1161 iurisdictio-

425 1178 484 1212 nis,
510 1182 540 1207 et
563 1178 626 1207 hoc
649 1186 717 1207 non
741 1186 774 1206 se
799 1176 938 1207 extendit
962 1175 1001 1206 ad
1024 1174 1211 1205 huiusmodi
1235 1174 1372 1210 occulta,
1398 1179 1428 1204 et
1452 1174 1491 1204 de

425 1222 488 1251 hoc
518 1221 662 1261 loquitur
691 1221 884 1261 Apostolus;
920 1220 1055 1250 alterum
1090 1218 1269 1249 secundum
1299 1223 1491 1258 potestatem

426 1265 561 1301 ordinis,
593 1270 622 1295 et
650 1265 713 1294 hoc
744 1264 883 1294 extendit
910 1273 942 1294 se
970 1263 1009 1293 ad
1033 1263 1175 1299 occulta,
1208 1268 1239 1293 et
1263 1268 1309 1292 est
1334 1262 1490 1292 iudicium

426 1308 515 1349 quod
539 1314 663 1339 exercet
686 1309 828 1338 Ecclesia
858 1318 914 1348 per
937 1317 1012 1338 suos
1036 1308 1198 1337 ministros
1225 1307 1259 1336 in
1282 1305 1354 1336 foro
1378 1306 1491 1346 poeni-¹

424 1353 560 1383 tentiali:
585 1371 608 1375 —
632 1358 742 1383 contra
761 1352 939 1392 dupliciter.
963 1352 1082 1387 Primo,
1107 1352 1183 1391 quia
1205 1350 1362 1381 iudicium
1377 1351 1491 1390 poeni-

425 1397 563 1433 tentiale,
587 1397 662 1427 licet
685 1397 788 1436 exigat
804 1402 996 1436 potestatem
1012 1395 1142 1431 ordinis,
1168 1395 1264 1435 exigit
1283 1404 1416 1434 quoque
1432 1404 1491 1434 po-

425 1447 570 1471 testatem
592 1440 835 1471 iurisdictionis:
861 1441 1014 1480 quoniam
1032 1440 1119 1470 solus
1136 1438 1283 1469 sacerdos
1299 1438 1491 1469 ordinariam

425 1486 475 1515 vel
507 1485 682 1525 delegatam
713 1485 965 1515 iurisdictionem
995 1485 1115 1514 habens
1146 1489 1193 1514 est
1222 1483 1366 1513 minister
1395 1483 1491 1513 huius

426 1531 622 1565 sacramenti,
647 1535 683 1560 ut
706 1534 792 1569 patet
814 1530 847 1559 in
871 1538 940 1569 cap.
969 1528 1081 1559 Omnis
1104 1528 1271 1568 utriusque
1293 1537 1391 1558 sexus
1409 1528 1435 1564 ⁴*‚
1461 1533 1491 1558 et

426 1574 500 1604 alibi
515 1575 541 1604 ἦ
557 1592 580 1596 -
595 1573 756 1610 Secundo,
774 1574 849 1614 quia
865 1573 1113 1613 unumquodque
1136 1572 1290 1612 recipitur
1306 1572 1338 1602 in
1360 1572 1427 1602 alio
1443 1581 1491 1602 se-

426 1618 565 1649 cundum
589 1619 717 1648 modum
742 1618 942 1658 recipientis:
965 1627 1001 1647 ac
1019 1627 1076 1657 per
1096 1617 1174 1652 hoc,
1198 1615 1355 1646 iudicium
1377 1625 1491 1646 secun-

427 1662 505 1693 dum
528 1668 719 1703 potestatem
744 1662 863 1692 ordinis
887 1672 904 1691 a
921 1661 1049 1692 Christo
1074 1661 1284 1691 commissum
1300 1660 1436 1696 homini,
1454 1670 1492 1690 ex

427 1707 490 1737 hoc
514 1707 585 1747 ipso
609 1706 698 1746 quod
721 1707 846 1736 homini
870 1706 1080 1736 commissum
1097 1711 1152 1741 est,
1170 1704 1349 1735 modificari
1365 1710 1494 1745 oportet

427 1751 606 1781 secundum
630 1750 850 1781 conditionem
872 1751 971 1790 ipsius
994 1751 1151 1785 hominis,
1184 1759 1266 1789 quae
1291 1755 1337 1779 est
1367 1759 1436 1779 non
1459 1759 1492 1779 se

429 1795 597 1825 extendere
621 1795 660 1825 ad
684 1795 810 1825 occulta
833 1794 996 1831 cordium;
1028 1795 1106 1824 haec
1130 1795 1215 1824 enim
1240 1793 1300 1824 soli
1323 1793 1394 1823 Deo
1418 1799 1493 1823 sunt

427 1845 592 1875 reservata,
609 1849 677 1869 non
692 1840 799 1869 minus
818 1840 851 1869 in
870 1838 1041 1869 iudicando
1060 1844 1157 1879 quarn
1173 1839 1207 1868 in
1224 1837 1452 1878 cognoscendo
1465 1838 1491 1868 “.

483 1884 525 1914 Et
540 1883 746 1914 confirmatur
762 1884 840 1913 haec
852 1884 931 1913 ratio
949 1892 986 1913 ex
998 1883 1061 1913 hoc
1078 1882 1177 1923 quod,
1191 1892 1267 1913 cum
1283 1881 1369 1922 apud
1385 1883 1492 1922 ipsum

428 1928 607 1958 Dominum
631 1928 735 1958 Iesum
760 1927 923 1958 Christum
946 1927 1080 1957 resideat
1103 1932 1238 1967 utraque
1262 1931 1413 1966 potestas,
1433 1927 1493 1956 sci-

428 1972 502 2002 licet
525 1972 643 2002 ordinis
667 1977 698 2002 et
720 1972 956 2008 iurisdictionis,
981 1981 1047 2002 non
1072 1971 1244 2007 diminute,
1269 1970 1325 2001 sed
1347 1970 1492 2011 plenissi-

428 2026 497 2052 me;
518 2022 548 2046 et
563 2022 732 2056 utramque
748 2017 928 2046 inveniatur
943 2016 1104 2046 Ecclesiae
1121 2025 1196 2046 suae
1213 2015 1409 2045 commisisse
1425 2025 1493 2045 non

427 2060 632 2100 imperfecte,
664 2060 719 2090 sed
749 2061 916 2096 latissime,
947 2065 983 2090 ut
1013 2060 1052 2090 de
1079 2065 1236 2100 potestate
1266 2058 1492 2090 iurisdictionis

427 2110 514 2145 patet
531 2105 642 2135 Matth.
652 2115 727 2134 xvm
738 2106 765 2140 ’ἢ
779 2110 810 2134 et
826 2104 865 2135 de
880 2110 1038 2145 potestate
1054 2104 1174 2134 ordinis
1191 2104 1278 2134 Ioan.
1291 2114 1331 2134 xx
1343 2104 1394 2134 m⁹:
1412 2104 1494 2134 sicut

427 2154 567 2189 potestas
590 2149 826 2185 iurisdictionis,
852 2159 889 2179 ex
905 2150 968 2179 hoc
984 2149 1055 2188 ipso
1080 2148 1170 2188 quod
1186 2149 1356 2179 commissa
1373 2153 1420 2179 est
1434 2148 1493 2178 ho-

428 2194 517 2229 mini,
541 2203 609 2223 non
633 2193 772 2223 extendit
795 2203 828 2223 se
852 2193 891 2223 ad
908 2193 1034 2223 occulta
1058 2193 1203 2229 omnino,
1227 2193 1270 2223 ita
1285 2198 1426 2233 potestas
1442 2202 1493 2222 or—

429 2237 520 2273 dinis,
546 2247 583 2268 ex
606 2238 669 2268 hoc
692 2238 763 2277 ipso
787 2237 877 2277 quod
901 2238 1071 2268 commissa
1088 2243 1134 2268 est
1156 2238 1292 2273 homini,
1315 2247 1383 2267 non
1400 2236 1494 2267 debet

429 2291 462 2312 se
487 2281 655 2312 extendere
679 2277 718 2312 ad
741 2282 878 2312 totaliter
902 2282 1038 2312 occulta.

485 2326 536 2356 ΙΙΙ.
560 2325 611 2356 Ad
640 2326 806 2356 veritatem
836 2325 925 2356 dubii
954 2326 1050 2356 huius
1080 2326 1207 2365 plenius
1237 2324 1493 2365 percipiendam,

430 2370 596 2400 sciendum
620 2375 666 2400 est
690 2369 788 2409 quod,
813 2370 887 2400 licet
906 2369 1047 2409 quidam,
1073 2380 1110 2400 ex
1132 2369 1320 2400 huiusmodi
1343 2369 1423 2399 forte
1446 2379 1494 2399 ra-

429 2415 571 2444 tionibus
598 2419 652 2444 aut
678 2414 864 2444 melioribus
891 2414 990 2449 moti,
1023 2414 1147 2453 opinari
1170 2413 1338 2444 videantur
1364 2418 1495 2453 peccata

431 2459 566 2488 omnino
590 2458 717 2488 occulta
739 2467 808 2488 non
832 2467 899 2488 esse
922 2458 1100 2488 necessario
1125 2457 1307 2488 confitenda
1328 2457 1494 2494 sacerdoti,

432 2502 487 2532 sed
511 2503 570 2532 soli
594 2502 676 2538 Deo,
701 2511 814 2532 eorum
837 2507 945 2532 tamen
969 2510 1055 2532 error
1078 2511 1116 2532 ex
1139 2502 1238 2532 tribus
1261 2507 1357 2542 patet.

487 2547 606 2582 Primo,
632 2556 670 2576 ex
693 2545 820 2576 formali
849 2547 971 2576 ratione
995 2546 1145 2576 materiae
1169 2545 1399 2576 confessionis:
1428 2555 1495 2582 seu,

433 2590 523 2630 quod
541 2591 575 2620 in
590 2589 676 2620 idem
699 2590 789 2626 redit,
813 2590 923 2620 iudicii
946 2590 1191 2630 poenitentialis.
1217 2589 1304 2620 Cum
1327 2590 1414 2620 enim
1429 2590 1496 2620 Do-

432 2635 540 2664 minus
555 2634 784 2675 poenitentiale
804 2634 960 2664 iudicium
975 2635 1144 2675 instituerit
1161 2644 1196 2664 ac
1213 2634 1409 2664 commiserit
1423 2639 1497 2674 post

433 2679 698 2709 resurrectionem
721 2687 821 2715 suam,
840 2678 959 2715 dicens,
977 2678 1063 2708 Ioan.
1081 2689 1122 2708 xx
1137 2679 1164 2715 ὓ,
1188 2678 1353 2718 Apostolis
1369 2679 1433 2708 iarn
1449 2688 1497 2708 sa-

434 2723 624 2759 cerdotibus,
645 2723 792 2759 Quorum
810 2723 997 2753 remiseritis
1009 2728 1154 2763 peccata,
1173 2723 1381 2753 remittuntur
1396 2723 1450 2758 eis,
1468 2728 1498 2753 et

433 2777 571 2808 quorum
588 2767 794 2803 retinueritis,
809 2772 931 2797 retenta
947 2772 1039 2804 sunt;
1051 2773 1082 2797 et
1093 2768 1257 2797 materiam
1273 2766 1381 2797 iudicii
1399 2767 1497 2807 expli-

434 2812 550 2841 caverit
565 2811 674 2851 quoad
689 2812 896 2841 substantiam
912 2816 1046 2848 tantum,
1061 2811 1138 2841 dum
1154 2810 1345 2841 remittendo
1358 2811 1409 2841 vel
1424 2812 1497 2841 reti-

432 2855 540 2886 nendo
558 2856 725 2895 explicavit
740 2860 886 2896 peccata3
905 2861 936 2886 et
951 2865 1019 2886 non
1034 2856 1135 2895 possit
1150 2855 1283 2895 intelligi
1299 2856 1342 2885 ita
1359 2855 1446 2886 nude
1462 2860 1498 2886 ut

434 2905 526 2930 sonat
541 2900 652 2936 littera,
667 2900 822 2940 quoniam
838 2905 960 2930 certum
973 2904 1020 2930 est
1033 2899 1122 2940 quod
1138 2909 1195 2940 per
1205 2899 1392 2930 huiusmodi
1409 2909 1498 2930 com-

433 2945 620 2974 missionem
635 2953 703 2974 non
719 2949 854 2984 possunt
869 2953 929 2974 nec
945 2949 1121 2984 potuerunt
1143 2944 1279 2974 ministri
1293 2945 1371 2974 novi
1387 2944 1498 2974 Testa-

434 2989 535 3018 menti
557 2989 715 3018 remittere
738 2993 868 3028 peccata
892 2989 936 3018 eis
959 2989 1097 3018 totaliter
1117 2989 1290 3028 incognita,
1307 2988 1497 3025 inconfessa,

435 3033 609 3062 obstinata:
644 3038 771 3072 oportet
795 3033 916 3072 aliquas
939 3033 1175 3072 subintelligere
1199 3032 1400 3063 conditiones
1423 3042 1498 3073 pec-

436 3081 580 3106 catorum
603 3076 876 3107 remittendorum.
910 3077 951 3106 Et
977 3077 1053 3116 quia
1082 3077 1237 3107 iudicium
1267 3077 1500 3117 praesupponit

437 3121 674 3159 cognitionem;
701 3126 731 3150 et
754 3120 870 3150 modus
893 3120 1003 3151 iudicii
1026 3121 1162 3151 modum
1187 3122 1396 3161 cognitionis:
1424 3121 1498 3152 ideo

437 3165 603 3193 communi
627 3164 811 3194 Catholicae
828 3165 989 3195 Ecclesiae
1005 3175 1101 3195 sensu
1125 3165 1378 3205 subintelligitur,
1402 3175 1497 3206 spon—

439 3212 534 3237 tanea
551 3208 754 3248 confessione
770 3209 812 3238 ad
828 3219 884 3238 vos
900 3209 1017 3244 delata,
1034 3210 1077 3238 ita
1094 3209 1183 3249 quod
1199 3219 1309 3239 sensus
1327 3215 1390 3239 est:
1411 3209 1499 3246 Quo-

439 3261 510 3281 rum
535 3252 720 3282 remiseritis
738 3257 872 3291 peccata
888 3258 1066 3292 spontanea
1083 3253 1286 3294 confessione
1302 3262 1433 3284 reorum
1457 3253 1501 3284 ad

438 3304 495 3325 vos
514 3295 630 3330 delata,
648 3296 855 3326 remittuntur
877 3297 931 3331 eis,
950 3302 1009 3326 etc.
1034 3297 1096 3327 Ubi
1121 3298 1202 3327 clare
1225 3302 1312 3337 patet
1334 3298 1499 3328 materiam

438 3338 547 3368 iudicii
570 3340 803 3378 poenitentialis
828 3350 894 3369 esse
918 3346 1047 3379 peccata
1070 3347 1245 3380 spontanea
1269 3351 1398 3371 reorum
1422 3351 1499 3371 con-

439 3381 577 3412 fessione
594 3382 710 3412 delata:
731 3384 810 3413 haec
823 3389 868 3413 est
885 3384 970 3413 enirn
986 3383 1127 3414 formalis
1143 3386 1221 3414 ratio
1238 3386 1387 3415 materiae
1403 3386 1499 3415 huius

439 3426 558 3462 iudicii,
583 3426 623 3456 ad
647 3436 744 3466 quam
768 3432 868 3457 totam
896 3437 928 3457 se
953 3428 1121 3463 extendit,›
1140 3434 1170 3458 et
1197 3434 1281 3458 extra
1309 3438 1406 3468 quam
1432 3439 1500 3459 non

440 3479 473 3500 se
498 3469 637 3500 extendit
659 3471 885 3510 poenitentiale
909 3471 1081 3508 iudicium;
1110 3473 1265 3511 quoniam
1288 3473 1366 3502 haec
1391 3474 1500 3503 omnia

440 3519 472 3544 et
487 3513 554 3543 sola
569 3515 726 3545 remittere
743 3515 791 3545 vel
808 3516 942 3545 retinere
958 3521 1072 3555 potest.
1097 3515 1144 3545 Ex
1169 3517 1227 3546 hac
1251 3522 1358 3546 autem
1374 3515 1500 3546 formali

1225 171 1535 210 CARDINALIS
1565 170 1810 208 CAlETANI

1541 251 1663 281 ratione
1687 251 1836 280 materiae
1859 250 1955 280 huius
1971 248 2090 285 iudicii,
2114 249 2248 280 habetur
2264 249 2355 281 facile
2371 250 2461 291 quod
2477 257 2608 291 peccata

1543 300 1830 334 quantumcunque
1855 293 1982 324 occulta
2010 298 2084 323 sunt
2106 294 2237 324 materia
2259 294 2354 324 huius
2377 295 2503 326 iudicii:
2532 306 2608 326 narn

1542 344 1831 379 quantumcunque
1848 338 1975 368 occulta
1995 342 2126 377 peccata
2150 338 2468 377 comprehenduntur
2483 340 2542 370 sub
2559 341 2607 370 his
2650 332 2652 334 V

1542 392 1624 422 quae
1648 387 1722 412 sunt
1745 387 1921 422 spontanea
1941 381 2144 412 confessione
2161 381 2352 421 detegenda;
2377 383 2504 413 nullum
2521 385 2608 414 enirn

1542 432 1589 457 est
1611 427 1654 456 ita
1676 427 1776 456 latens
1801 425 1890 466 quod
1912 435 1979 456 non
2003 426 2104 465 possit
2127 425 2195 455 eius
2219 427 2275 466 qui
2299 427 2459 457 commisit
2483 427 2608 458 confes-

1542 471 1632 501 sione
1656 476 1833 510 spontanea
1856 470 1979 510 aperiri.

1598 515 1638 544 Et
1662 514 1869 544 confirmatur
1892 515 1971 544 ratio
1996 514 2074 544 haec
2103 523 2141 544 ex
2164 519 2252 553 parte
2276 513 2418 545 formalis
2441 516 2606 551 materiae,

1543 568 1580 589 ex
1608 558 1684 598 ipsis
1703 559 1807 588 verbis
1837 559 1980 588 Domini.
2016 557 2205 588 Differenter
2235 557 2395 597 siquidem
2421 558 2609 598 significavit

1542 603 1702 633 Dominus
1734 603 1899 633 materiam
1929 602 2039 632 iudicii
2068 602 2323 642 poenitentialis,
2357 611 2414 632 seu
2443 604 2608 642 potestatis

1543 647 1672 683 ordinis,
1698 652 1729 677 et
1751 647 1916 677 materiam
1933 646 2042 677 iudicii
2066 645 2245 676 secundum
2269 651 2461 686 potestatem
2483 646 2608 677 iurisdi-

1543 692 1667 721 ctionis.
1692 691 1856 729 Quoniam
1872 696 2019 730 respectu
2034 691 2199 730 potestatis
2211 690 2344 726 ordinis,
2363 691 2530 730 explicavit
2548 701 2608 731 pro

1542 736 1673 765 materia
1687 740 1832 776 peccata,
1851 735 1969 771 dicens,
2000 735 2148 771 Quorum
2171 734 2360 765 remiseritis
2381 740 2538 775 peccata:
2560 745 2609 765 re-

1543 785 1654 820 spectu
1678 789 1754 810 vero
1778 780 1944 820 potestatis
1967 779 2203 815 iurisdictionis,
2221 779 2388 819 explicavit
2402 789 2462 819 pro
2478 779 2609 810 materia

1538 829 1706 864 peccatum
1740 824 1772 854 in
1805 823 1924 858 alium,
1954 822 2062 853 dicens
2077 824 2108 859 ff,
2133 823 2168 853 Si
2185 823 2371 864 peccaverit
2393 823 2425 853 in
2451 828 2480 854 te
2493 823 2611 865 frater

1543 873 1626 903 tuus,
1645 873 1704 898 etc.
1739 867 1788 898 Ex
1812 877 1876 908 qua
1900 866 2075 898 differentia
2098 867 2209 898 docuit
2231 876 2291 897 nos
2319 867 2425 897 divina
2449 867 2610 908 Sapientia

1543 922 1560 942 a
1578 913 1715 942 'materia
1736 910 1846 942 iudicii
1869 911 2104 952 poenitentialis
2135 911 2262 942 nullum
2289 917 2460 952 peccatum
2483 913 2607 952 excipi,

1543 964 1579 986 ac
1602 965 1660 995 per
1683 956 1755 992 hoc,
1782 955 2012 996 comprehendi
2035 956 2207 996 praecipue
2230 961 2400 996 peccatum
2424 957 2457 986 in
2473 966 2530 986 sua
2545 957 2610 997 pri—

1542 1000 1642 1030 maria
1660 999 1735 1030 sede
1751 999 1902 1036 residens,
1919 1000 1981 1030 hoc
1998 1005 2045 1030 est
2066 1005 2236 1040 peccatum
2258 998 2379 1030 cordis:
2405 1000 2464 1030 sub
2480 1001 2611 1031 materia

1542 1052 1619 1073 vero
1644 1044 1808 1083 potestatis
1831 1043 2058 1073 iurisdictionis
2089 1053 2157 1074 non
2181 1043 2411 1084 comprehendi
2441 1050 2611 1084 peccatum

1544 1096 1652 1123 omne,
1670 1086 1726 1117 sed
1742 1088 1879 1117 exterius
1895 1093 2031 1123 tantum,
2045 1087 2134 1127 quod
2150 1088 2256 1118 solum
2272 1093 2380 1127 potest
2395 1088 2494 1119 alium
2510 1087 2611 1119 offen-

1544 1130 1635 1166 dere;
1661 1136 1692 1160 et
1707 1136 1876 1171 propterea
1892 1131 1930 1160 ab
1946 1131 1999 1161 illa
2015 1131 2121 1171 excipi
2143 1137 2313 1171 peccatum
2337 1131 2451 1168 cordis,
2468 1133 2528 1163 nisi
2551 1142 2611 1173 pro

1544 1179 1666 1214 quanto
1691 1180 1773 1204 esset
1796 1174 1876 1204 ratio
1901 1175 2064 1205 exterioris
2089 1176 2324 1206 commissionis
2344 1176 2395 1206 vel
2418 1177 2611 1207 omissionis.

1600 1218 1653 1248 IV.
1678 1218 1840 1254 Secundo,
1866 1227 1904 1248 ex
1927 1219 2051 1248 ratione
2074 1219 2196 1259 proprii
2218 1218 2291 1249 finis
2314 1220 2413 1259 ipsius
2437 1219 2612 1251 confessio-

1544 1262 1603 1301 niS,
1629 1272 1666 1292 ex
1690 1272 1756 1302 quo
1778 1261 1843 1292 fine
1867 1263 2003 1293 sumitur
2022 1262 2164 1293 formalis
2180 1263 2259 1293 ratio
2277 1262 2420 1294 eiusdem
2437 1262 2613 1295 confessio-

1543 1306 1593 1336 nis
1617 1311 1776 1346 quatenus
1800 1311 1847 1336 est
1870 1303 1959 1336 actus
1981 1307 2208 1346 poenitentiae.
2235 1306 2407 1338 Ordinatur
2431 1308 2518 1338 enim
2534 1317 2613 1339 con-

1545 1350 1640 1380 fessio
1669 1349 1708 1380 ad
1731 1350 1967 1380 subiiciendum
1989 1351 2169 1381 voluntarie
2192 1360 2283 1382 reum
2310 1352 2456 1382 ministro
2479 1352 2541 1383 Dei
2564 1352 2613 1383 of-

1545 1394 1645 1430 fensi,
1670 1400 1707 1424 ut
1731 1394 1770 1425 ad
1794 1394 1958 1425 arbitrium
1985 1395 2084 1434 ipsius
2105 1401 2339 1435 recompenset.
2373 1396 2414 1426 Et
2436 1396 2511 1427 hinc
2535 1406 2614 1428 con—

1545 1438 1640 1469 fessio
1664 1439 1742 1479 ipsa,
1768 1448 1850 1479 quae
1875 1446 1922 1469 est
1944 1444 2033 1469 actus
2055 1440 2204 1476 veritatis,
2228 1439 2264 1470 fit
2280 1445 2369 1470 actus
2384 1441 2613 1481 poenitentiae,

1545 1482 1623 1513 dum
1647 1492 1730 1519 reus,
1753 1484 1907 1514 veraciter
1929 1483 2145 1523 proponendo
2169 1484 2203 1514 in
2220 1493 2286 1524 quo
2303 1484 2447 1521 offendit,
2471 1486 2614 1526 seipsum

1546 1533 1673 1558 accusat
1697 1537 1733 1558 ac
1757 1527 1884 1558 subiicit
1906 1527 1946 1558 ad
1969 1527 2298 1568 recompensandum,
2322 1538 2390 1559 non
2414 1529 2453 1560 de
2482 1530 2615 1570 quibus-

1546 1571 1620 1602 dam
1644 1572 1689 1602 sic
1713 1577 1744 1602 et
1768 1571 1807 1602 de
1824 1571 2016 1612 quibusdam
2039 1581 2118 1609 non,
2143 1572 2198 1603 sed
2222 1582 2336 1603 omnes
2359 1573 2540 1604 accusando
2565 1572 2614 1605 of-

1546 1616 1659 1652 fensas,
1684 1621 1720 1646 ut
1737 1615 1775 1647 de
1792 1616 1943 1647 omnibus
1960 1617 2101 1647 arbitrari
2116 1617 2217 1657 possit
2232 1618 2376 1654 minister
2392 1617 2516 1648 offensi.
2540 1618 2614 1649 Hoc

1546 1666 1654 1691 autem
1678 1666 1803 1691 constat
1826 1660 1916 1701 quod
1931 1671 1999 1691 non
2015 1660 2105 1691 fieret
2128 1662 2154 1691 si
2178 1662 2313 1692 omnino
2332 1662 2459 1692 occulta
2482 1668 2615 1702 peccata

1546 1704 1651 1735 cordis
1669 1714 1738 1735 non
1754 1710 1987 1736 accusarentur.
2013 1705 2056 1736 Ut
2071 1706 2167 1746 igitur
2182 1705 2222 1736 de
2237 1706 2376 1746 peccatis
2393 1705 2498 1737 cordis
2513 1707 2615 1747 possit

1546 1749 1586 1779 ad
1604 1749 1769 1780 arbitrium
1785 1748 1899 1780 offensi
1921 1759 2177 1790 recompensare,
2202 1755 2331 1790 oportet
2345 1755 2549 1790 peccatorem
2565 1750 2614 1781 of-

2637 825 2851 855 'Matth.cnp.xvm,

2636 859 2695 875 vers.
2711 859 2720 874 ι
2723 858 2744 881 5.

1545 1793 1650 1824 sensas
1667 1793 1771 1824 cordis
1787 1794 1943 1824 subiicere
1959 1794 2059 1835 ipsius
2075 1794 2135 1824 Dei
2152 1794 2266 1824 offensi
2283 1794 2404 1825 iudicio
2428 1795 2462 1825 in
2477 1804 2616 1835 persona
2640 1790 2643 1793 ’

1546 1839 1596 1868 sui
1619 1838 1765 1868 ministri.

1601 1882 1640 1912 V.
1669 1882 1795 1918 Tertio,
1821 1892 1859 1912 ex
1889 1891 1951 1913 usu
1980 1882 2154 1913 Ecclesiae.
2189 1881 2273 1913 Nam
2303 1883 2487 1913 communis
2517 1883 2616 1914 animi

1547 1927 1719 1966 conceptio
1744 1926 2000 1957 Christianorum
2025 1932 2071 1957 est
2093 1932 2225 1967 peccata
2252 1928 2375 1964 omnia,
2399 1928 2465 1958 sive
2489 1926 2617 1958 occulta

1547 1972 1612 2001 sive
1635 1970 1819 2007 manifesta,
1844 1976 1993 2011 oportere
2017 1971 2050 2001 in
2073 1977 2272 2002 sacramento
2295 1972 2514 2011 poenitentiae
2538 1981 2616 2002 con-

1546 2014 1638 2045 fiteri.
1663 2015 1704 2045 Et
1719 2014 1759 2045 ad
1774 2016 1838 2045 hoc
1857 2020 1904 2045 est
1920 2015 2141 2046 determinatio
2161 2015 2315 2055 generalis
2332 2015 2482 2052 Concilii,
2498 2016 2615 2057 primo,

1547 2059 1768 2090 Lateranensis
1792 2060 1851 2090 sub
1875 2059 2066 2090 Innocentio
2091 2059 2143 2096 111,
2163 2060 2218 2090 ubi
2235 2059 2350 2090 dicitur
2365 2061 2383 2077 ὓ
2406 2059 2496 2101 quod
2513 2060 2617 2092 omnis

1548 2104 1715 2144 utriusque
1737 2113 1836 2134 sexus
1858 2104 2052 2145 confiteatur
2068 2109 2206 2144 peccata
2220 2113 2281 2135 sua
2301 2104 2420 2141 omnia,
2444 2123 2467 2126 —
2489 2105 2617 2135 nullum

1548 2158 1624 2188 ergo
1649 2148 1805 2188 excipitur
1830 2154 2020 2188 peccatum;
2055 2153 2087 2179 et
2109 2147 2225 2179 deinde
2251 2149 2286 2179 in
2310 2147 2460 2179 Concilio
2483 2147 2616 2180 Floren-

1547 2193 1633 2229 tino,
1659 2193 1717 2223 sub
1741 2192 1889 2233 Eugenio
1914 2192 1966 2228 IV,
1990 2193 2047 2223 ubi
2071 2191 2185 2223 dicitur
2201 2193 2233 2229 *‚
2261 2192 2378 2224 Omnia
2401 2201 2461 2223 sua
2479 2197 2616 2234 peccata
2642 2198 2653 2208 ·

1547 2247 1686 2278 quorum
1702 2237 1892 2267 memoriam
1907 2237 2009 2272 habet,
2034 2237 2237 2278 confiteatur,
2255 2237 2311 2268 ubi
2326 2242 2414 2278 patet
2429 2237 2525 2268 etiam
2540 2247 2616 2278 pec—

1549 2287 1657 2311 catum
1681 2280 1786 2311 cordis
1809 2290 1877 2311 non
1901 2281 2014 2321 excipi.

1605 2325 1657 2355 VI.
1682 2325 1734 2355 Ad
1757 2326 1893 2365 primam
1917 2330 2025 2355 autem
2049 2325 2267 2356 obiectionem
2282 2326 2316 2356 in
2333 2325 2521 2366 oppositum
2536 2327 2553 2343 ⁴*
2570 2324 2617 2357 di-

1550 2370 1631 2400 citur
1643 2368 1733 2410 quod
1745 2369 1887 2400 Ecclesia
1902 2374 2010 2409 potest
2024 2370 2218 2410 praecipere,
2232 2374 2263 2400 et
2274 2371 2437 2410 praecepit
2447 2371 2473 2406 ⁹,
2485 2369 2617 2410 singulis

1550 2414 1640 2444 annis
1657 2413 1803 2444 confiteri
1826 2414 1936 2444 omnia
1957 2423 2013 2444 sua
2034 2419 2166 2454 peccata
2183 2414 2340 2450 mortalia,
2358 2415 2454 2445 etiam
2469 2415 2495 2445 si
2510 2415 2618 2445 solum

1549 2463 1719 2498 peccatum
1739 2457 1843 2488 cordis
1863 2457 2117 2488 occultissimum
2133 2458 2278 2489 haberet:
2303 2466 2371 2489 non
2388 2459 2464 2498 quia
2478 2459 2547 2499 ipsa
2562 2459 2618 2490 ha-

1550 2503 1622 2532 beat
1644 2501 1784 2532 iudicare
1808 2501 1848 2533 de
1871 2502 2015 2538 occultis,
2041 2502 2096 2533 sed
2120 2503 2195 2542 quia
2218 2503 2318 2543 ipsius
2341 2507 2388 2533 est
2408 2502 2618 2534 determinare

1550 2551 1720 2586 praecepta
1733 2546 1850 2577 Christi
1866 2546 1906 2576 ad
1922 2552 2044 2576 certum
2061 2551 2199 2587 tempus.
2212 2547 2299 2577 Hinc
2315 2547 2402 2577 enim
2418 2546 2454 2578 fit
2469 2552 2515 2584 ut,
2527 2557 2619 2588 prae-

1551 2591 1689 2631 cipiente
1714 2590 1841 2621 Christo
1866 2590 2104 2621 confessionem
2128 2591 2363 2632 cuiuscumque
2385 2592 2528 2622 mortalis
2543 2601 2619 2633 pec-

1551 2635 1613 2665 cati
1635 2640 1709 2675 post
1732 2635 1945 2675 baptismum,
1977 2635 2043 2665 sive
2070 2641 2241 2675 peccatum
2269 2636 2308 2666 sit
2331 2635 2439 2666 solum
2465 2637 2498 2667 in
2522 2634 2619 2667 corde

1551 2680 1616 2710 sive
1641 2679 1680 2709 ad
1700 2685 1785 2710 extra
1808 2679 1971 2720 prodierit,
1996 2680 2149 2714 Ecclesia,
2166 2680 2380 2710 determinans
2396 2685 2525 2721 tempus
2541 2689 2619 2711 con—

1552 2723 1698 2754 fessionis
1722 2723 1761 2754 ad
1784 2724 1927 2763 singulos
1951 2733 2071 2760 annm,
2101 2724 2221 2764 obligat
2247 2723 2287 2755 ad
2311 2723 2533 2756 confitendum
2555 2725 2619 2756 sin-

1552 2768 1634 2808 gulis
1654 2768 1744 2798 annis
1769 2777 1902 2798 omnem
1926 2769 1982 2808 qui
1997 2777 2057 2808 pro
2074 2774 2152 2799 tunc
2175 2769 2271 2799 habet
2294 2768 2427 2809 aliquod
2449 2774 2620 2809 peccatum

1551 2812 1696 2854 mortale,
1722 2813 1787 2842 sive
1811 2811 1977 2842 occultum
2001 2813 2067 2843 sive
2090 2822 2168 2843 non.
2203 2811 2288 2843 Nam
2311 2812 2533 2844 determinatio
2557 2813 2619 2843 Ec-

1553 2857 1667 2887 clesiae
1697 2866 1765 2887 non
1791 2857 1908 2887 minuit
1942 2862 1997 2887 aut
2026 2857 2184 2897 restringit
2213 2857 2379 2887 materiam
2409 2855 2619 2887 confessionis

1552 2906 1743 2941 praeceptae
1765 2910 1783 2931 a
1807 2900 1949 2931 Christo:
1974 2900 2030 2932 sed
2052 2906 2180 2942 tempus
2196 2906 2321 2932 tantum
2337 2899 2548 2932 confessionis
2564 2899 2619 2932 de-

1552 2946 1709 2981 terminat,
1734 2945 1917 2985 relinquens
1940 2946 2105 2976 materiam
2131 2946 2165 2976 in
2188 2946 2253 2976 suis
2275 2945 2439 2975 limitibus.

1607 2989 1676 3020 VII.
1693 2989 1744 3020 Ad
1755 2989 1931 3020 secundam
1943 2991 1959 3006 *
1975 2999 2051 3020 vero
2068 2989 2183 3032 dicitur
2199 2988 2289 3030 quod
2303 2989 2471 3029 responsio
2487 2989 2531 3019 ibi
2548 2988 2620 3020 data

1552 3043 1627 3064 vera
1651 3039 1707 3064 est.
1731 3034 1773 3064 Et
1797 3034 1836 3064 ad
1851 3034 1988 3074 primam
2003 3034 2088 3064 illius
2103 3033 2382 3074 impugnationem
2399 3033 2514 3064 dicitur
2530 3033 2619 3073 quod

1553 3088 1729 3108 concursus
1751 3078 1917 3118 potestatis
1933 3077 2052 3108 ordinis
2076 3082 2107 3108 et
2121 3078 2287 3118 potestatis
2303 3076 2529 3108 iurisdictionis
2551 3087 2619 3108 non

1553 3123 1637 3153 tollit
1660 3121 1782 3162 aliquid
1804 3132 1822 3152 a
1844 3127 2002 3162 potestate
2027 3121 2156 3152 ordinis.
2181 3121 2222 3151 Et
2244 3121 2318 3152 ideo
2343 3131 2419 3152 cum
2441 3122 2505 3152 hoc
2529 3122 2619 3162 quod

1553 3171 1693 3206 potestas
1717 3166 1838 3196 ordinis
1865 3165 2005 3196 extendit
2028 3175 2061 3196 se
2088 3165 2128 3196 ad
2151 3165 2278 3196 occulta
2306 3165 2452 3196 cordium
2476 3172 2618 3206 peccata,

1553 3216 1613 3240 stat
1636 3209 1726 3250 quod
1749 3220 1824 3240 cum
1849 3219 1886 3240 ea
1909 3214 2077 3240 concurrat
2099 3214 2239 3250 potestas
2270 3209 2510 3246 iurisdictionis,
2536 3220 2618 3251 quae

1553 3254 1732 3284 secundum
1755 3263 1788 3284 se
1812 3253 1851 3284 ad
1877 3253 2063 3284 huiusmodi
2086 3253 2213 3284 occulta
2236 3262 2303 3284 non
2327 3263 2361 3284 se
2385 3254 2534 3285 extendit.
2567 3255 2617 3292 Et,

1554 3299 1580 3328 si
1603 3299 1818 3338 perspicacius
1841 3296 1938 3328 fueris
1961 3298 2104 3333 intuitus,
2128 3297 2249 3328 videbis
2269 3298 2368 3338 quod,
2387 3298 2495 3338 quoad
2511 3298 2619 3329 forum

1554 3342 1791 3382 poenitentiale,
1815 3347 1955 3382 potestas
1979 3341 2098 3371 ordinis
2122 3343 2283 3372 concurrit
2307 3342 2423 3373 directe
2447 3344 2619 3383 respiciens

1554 3387 1622 3426 ipsa
1645 3391 1792 3425 peccata;
1817 3391 1957 3425 potestas
1980 3391 2088 3416 autem
2110 3385 2336 3417 iurisdictionis
2359 3388 2522 3418 concurrit
2537 3387 2619 3418 dire-

1555 3435 1604 3459 cte
1627 3430 1799 3470 respiciens
1822 3439 1993 3469 personam
2016 3430 2203 3470 peccatoris,
2221 3436 2256 3461 ut
2272 3431 2391 3461 scilicet
2414 3437 2565 3471 peccator
2579 3431 2619 3462 sit

1554 3473 1699 3503 subditus
1715 3473 1880 3509 sacerdoti,
1894 3479 1930 3503 ut
1945 3474 2059 3504 habeat
2074 3479 2214 3514 potestas
2231 3474 2350 3505 ordinis
2366 3476 2399 3506 in
2416 3485 2514 3515 quem
2531 3485 2619 3507 exer-

1555 3522 1623 3547 ceat
1647 3523 1754 3548 actum
1777 3527 1872 3547 suurn
1895 3518 2090 3548 remissionis
2113 3519 2164 3549 vel
2187 3520 2372 3550 retentionis
2399 3525 2616 3560 peccatorum.

2643 2064 2858 2119 ace-..msa

2643 2124 2722 2145 sexu,
2730 2117 2761 2140 de
2765 2117 2855 2140 Ponit.

2643 2147 2668 2166 et
2679 2144 2786 2171 Remiss.)
2796 2160 2803 2166 .

2641 2196 2770 2245 ...aar

2643 2327 2654 2338 ·
2667 2325 2740 2349 Num.
2755 2331 2772 2349 ι.

2643 2370 2654 2380 ·
2661 2368 2707 2391 cn.
2715 2373 2767 2396 οιρ.
2777 2368 2859 2390 Omnlt

2643 2395 2769 2424 utriusque
2777 2400 2857 2418 sens.

2646 2990 2656 3000 ·
2671 2987 2743 3010 Num.
2757 2993 2781 3010 ιι.
