2878 4088
5 153 21 182 ³-
10 134 23 145 r.
7 71 20 109 as,

0 181 22 255 Ὗ,

10 240 20 303 «qv...

14 223 21 238 »ψ

0 262 11 300 ,τῆ

0 482 23 492 Ἀ
1 304 23 458 *Nos-‘affrae'

22 591 23 594 ¹
80 605 91 616 ·
105 604 141 627 ef.
160 605 222 626 Part.
244 604 291 630 111,

80 637 119 659 qu.
127 636 208 658 Lxxm,
217 634 259 652 art.
267 638 290 656 4-

80 737 91 748 ·
101 736 185 759 Lomb.
196 740 219 758 et
232 737 291 759 Ord-

76 1347 150 1370 ‘Loe-
159 1347 198 1370 σὴ.
205 1346 230 1370 in
239 1353 288 1376 arg.

964 167 1228 213 QUAESTIO
1257 166 1392 213 LXXI,
1422 165 1716 203 ART1CULus
1746 166 1793 211 X,
1815 167 1865 202 Xl
2432 168 2501 214 157

321 246 420 275 stinus
443 254 511 275 non
534 246 659 285 posuit,
685 245 740 276 sed
776 245 950 286 Gregorius
981 246 1090 286 posuit
1118 247 1275 276 ieiunium
1305 246 1386 276 inter
1496 243 1692 275 Secundario
1716 249 1823 275 autem
1847 250 1878 275 et
1900 245 2052 276 indirecte
2075 252 2210 286 prosunt
2234 247 2263 277 ei
2286 256 2344 287 pro
2365 256 2431 286 quo
2448 246 2503 277 ali-

321 288 468 329 suffragia
490 294 704 320 mortuorum.
1441 289 1513 328 quis
1533 287 1608 319 facit
1630 287 1710 319 illud
1734 287 1824 328 quod
1847 294 1894 319 est
1917 289 2132 329 indulgentiae
2152 300 2255 321 causa.
2280 290 2380 328 Quod
2403 300 2504 331 quan-

375 333 426 363 An
450 343 584 363 rani-nm
607 343 767 364 mmmmm
783 333 873 374 quod
893 334 1069 374 baptismus
1085 339 1132 364 est
1148 333 1306 374 quaedam
1322 334 1385 373 spi-
1441 331 1551 372 doque
1577 332 1763 372 contingere
1792 337 1915 372 potest,
1941 333 2136 373 quandoque
2166 340 2274 365 autem
2296 344 2364 365 non
2387 340 2503 375 potest,

320 377 438 407 ritualis
468 378 677 417 regeneratio.
714 378 823 414 Unde,
851 379 933 408 sicut
962 387 1019 418 per
1048 378 1288 418 generationem
1317 387 1385 408 non
1440 375 1620 407 secundum
1638 375 1794 407 diversam
1817 375 2033 416 indulgentiae
2057 376 2203 409 formam.
2229 378 2261 409 Si
2278 379 2365 411 enim
2381 379 2419 408 sit
2435 378 2504 409 talis

320 421 493 461 acquiritur
517 431 584 452 esse
607 422 668 452 nisi
690 428 852 462 generato,
869 423 912 452 ita
935 423 1111 462 baptismus
1125 431 1194 452 non
1208 422 1304 452 habet
1319 421 1385 452 effi-
1409 431 1417 451 r
1440 419 1657 460 indulgentiae
1680 419 1793 456 forma,
1813 419 2013 461 Quicumque
2022 421 2113 462 facit
2131 422 2192 452 hoc
2207 423 2257 452 vel
2273 422 2363 458 illud,
2381 423 2505 453 habebit

320 466 440 495 caciam
463 466 523 496 nisi
545 466 579 496 in
604 475 643 496 eo
667 467 723 506 qui
747 467 939 506 baptizatur,
964 472 1122 506 quantum
1152 471 1199 496 est
1226 475 1264 496 ex
1287 475 1385 505 opere
1441 469 1565 495 tantum
1577 464 1617 495 de
1628 464 1842 506 indulgentia,
1858 464 1911 495 ille
1927 465 1984 504 qui
1999 465 2063 495 hoc
2079 464 2153 495 facit
2164 475 2230 496 non
2243 471 2349 505 potest
2364 466 2503 498 fructum

319 515 470 549 operato:
505 510 650 550 quamvis
674 519 712 540 ex
736 519 834 551 opere
857 516 1027 550 operante,
1051 510 1102 540 vel
1125 510 1312 550 baptizantis
1335 509 1384 540 vel
1439 508 1656 548 indulgentiae
1678 509 1711 539 in
1735 508 1834 539 alium
1857 507 2039 539 transferre:
2065 510 2140 549 quia
2164 510 2232 540 eius
2247 519 2314 540 non
2339 516 2384 541 est
2404 511 2504 551 appli-

319 554 482 594 baptizati‚
507 555 608 594 possit
631 554 698 584 aliis
721 554 886 594 prodesse,
910 555 993 584 sicut
1016 559 1047 584 et
1070 559 1174 584 cetera
1198 563 1296 594 opera
1318 562 1385 584 me·
1440 562 1511 583 care
1535 552 1575 583 ad
1598 552 1719 593 aliquid
1740 553 1954 584 intentionem
1977 553 2150 588 Ecclesiae,
2167 563 2223 593 per
2240 563 2337 593 quam
2357 564 2504 585 commu-

319 599 436 628 ritoria.
461 598 524 629 Sed
539 598 737 628 Eucharistia
754 604 801 629 est
815 599 943 638 signum
959 598 1190 628 ecclesiasticae
1212 598 1344 628 unionis
1357 598 1383 627 “.
1439 597 1586 627 nicantur
1613 597 1800 628 communia
1826 596 1983 636 suffragia,
2007 606 2046 627 ex
2069 597 2186 637 quibus
2213 597 2428 637 indulgentiae
2451 608 2504 629 va-

320 642 360 672 Et
383 642 457 673 ideo
482 652 520 673 ex
543 643 614 683 ipso
647 652 745 683 opere
776 648 908 682 operato
936 643 1004 672 eius
1032 641 1171 672 efficacia
1193 642 1226 671 in
1250 641 1385 671 alterum
1401 651 1426 666 ιο
1439 640 1505 670 lent
1521 642 1546 670 ’ἱ
1565 640 1598 671 Si
1614 646 1723 671 autem
1738 641 1936 681 indulgentia
1951 641 2010 671 sub
2026 641 2086 672 hac
2103 640 2207 672 forma
2222 640 2286 677 fiat,
2307 641 2505 683 Quicumque

319 687 449 717 transire
478 692 593 727 potest.
624 686 724 727 Quod
746 695 814 716 non
838 687 994 726 contingit
1016 685 1056 716 de
1080 686 1148 715 aliis
1170 685 1383 715 sacramentis.
1429 684 1555 725 fecerit
1575 685 1636 716 hoc
1659 685 1709 715 vel
1732 685 1823 720 illud,
1848 686 1913 725 ipse
1936 690 1967 716 et
1984 690 2082 725 pater
2104 685 2182 721 eius,
2199 685 2249 716 vel
2271 685 2461 726 quicumque
2477 687 2506 716 ei

373 731 424 761 An
445 740 593 761 QUARTUM
615 740 775 760 mcssnnmr
791 729 880 770 quod
897 729 1040 761 Glossa*
1055 730 1147 759 istam
1164 729 1385 759 auctoritatem
1438 728 1620 764 adiunctus,
1645 729 1679 759 in
1696 729 1897 770 purgatorio
1921 729 2076 765 detentus,
2093 734 2217 761 tantum
2240 729 2279 759 de
2303 729 2505 771 indulgentia

319 774 487 815 dupliciter
506 775 647 815 exponit.
672 774 747 805 Uno
763 773 874 809 modo,
891 774 946 804 sic.
973 787 987 800 «
1006 773 1043 803 Si
1057 773 1179 803 mortui
1195 783 1259 803 non
1277 782 1384 803 resur·
1438 772 1572 808 habebit,
1589 773 1658 803 talis
1674 773 1872 813 indulgentia
1887 781 1955 804 non
1971 773 2078 804 solum
2093 774 2179 809 vivo,
2192 772 2247 804 sed
2264 774 2359 804 etiam
2375 779 2504 804 mortuo

317 824 416 860 gunt,
441 828 500 849 nec
529 819 676 849 Christus
705 818 894 848 resurrexit.
930 818 973 847 Ut
994 817 1072 858 quid
1099 817 1195 847 etiam
1221 817 1384 858 baptizan-
1438 816 1590 856 proderit.
1603 817 1678 847 Non
1691 817 1778 848 enim
1795 822 1841 848 est
1853 817 1960 858 aliqua
1975 818 2055 848 ratio
2072 827 2170 858 quare
2182 818 2324 849 Ecclesia
2340 817 2506 849 transferre

319 868 374 893 tur
390 872 455 903 pro
480 862 596 893 illis-9»
624 862 714 897 idest,
728 862 887 902 peccatis:
909 871 980 892 cum
1001 862 1069 901 ipsa
1091 871 1157 891 non
1180 861 1384 892 dimittantur
1400 870 1423 890 ις
1438 861 1540 900 possit
1563 862 1750 892 communia
1772 862 1901 898 merita,
1926 862 2044 902 quibus
2071 861 2287 902 indulgentiae
2315 862 2504 898 innituntur,

317 907 346 937 si
371 906 518 937 Christus
540 915 606 936 non
631 906 822 937 resurrexit.
846 905 932 943 Quia
954 906 988 936 in
1011 905 1170 946 baptismo
1190 915 1259 936 non
1278 905 1384 936 solum
1438 905 1473 935 in
1496 905 1596 941 vivos,
1622 911 1653 936 et
1675 915 1743 936 non
1766 907 1800 936 in
1823 911 1979 937 mortuos.

318 950 436 981 Christi
458 951 575 990 passio,
599 949 655 980 sed
678 950 866 980 resurrectio
891 955 1056 990 operatur,
1082 959 1165 990 quae
1189 955 1235 980 est
1258 955 1384 980 nostrae
1494 949 1562 980 Nec
1578 955 1686 981 tamen
1709 951 1853 990 sequitur
1869 950 1959 990 quod
1974 951 2132 990 praelatus
2148 951 2310 982 Ecclesiae
2328 952 2429 991 possit
2444 960 2504 991 pro

317 994 486 1035 spiritualis
508 994 747 1024 resurrectionis
770 993 1014 1034 quodammodo
1039 1003 1143 1024 causa.
1439 1003 1498 1023 suo
1524 994 1651 1024 arbitrio
1675 995 1796 1025 animas
1813 1005 1830 1024 a
1846 996 2031 1035 purgatorio
2055 995 2197 1025 liberare.
2222 995 2307 1033 Quia
2327 994 2368 1026 ad
2390 995 2453 1026 hoc
2469 1000 2505 1027 ut

371 1038 446 1068 Alio
469 1038 570 1069 modo
594 1039 649 1069 sic.
677 1038 826 1069 Fuerunt
851 1038 981 1079 quidam
1005 1038 1144 1079 imperiti
1167 1039 1222 1079 qui
1244 1039 1384 1080 baptiza·
1438 1037 1655 1078 indulgentiae
1671 1039 1805 1075 valeant,
1822 1040 1993 1079 requiritur
2008 1049 2103 1070 eausa
2123 1040 2318 1070 conveniens
2336 1039 2504 1079 indulgen-

315 1082 435 1112 bantur
450 1092 516 1123 pro
532 1083 582 1113 his
597 1083 652 1123 qui
667 1083 707 1113 de
721 1083 783 1113 hac
804 1083 869 1113 vita
889 1083 959 1113 sine
982 1083 1137 1123 baptismo
1161 1083 1383 1119 discesserant,
1399 1090 1425 1106 ²⁰
1438 1082 1496 1112 tias
1520 1082 1667 1118 faciendi,
1691 1089 1727 1113 ut
1751 1093 1846 1123 supra
1862 1084 1878 1100 ³*
1902 1083 2024 1114 dictum
2047 1089 2103 1114 est.

310 1131 464 1167 putantes
487 1127 553 1158 illis
570 1127 734 1167 prodesse.
760 1127 801 1157 Et
823 1127 1002 1158 secundum
1025 1127 1099 1163 hoc,
1123 1127 1300 1167 Apostolus
1315 1137 1383 1158 non

316 1171 461 1211 loquitur
482 1172 544 1202 nisi
567 1171 746 1202 secundum
769 1181 910 1202 errorem
933 1172 1117 1212 aliquorum
1137 1172 1170 1202 in
1186 1172 1290 1202 verbis
1312 1172 1382 1202 illis.

371 1216 422 1246 An
448 1225 588 1246 num-run
610 1225 770 1246 memnon
787 1215 876 1256 quod
891 1217 925 1246 in
941 1215 1049 1247 officio
1065 1217 1179 1246 missae
1194 1225 1262 1246 non
1278 1217 1382 1247 solum

317 1265 364 1290 est
379 1259 654 1296 sacrificiumned
670 1261 766 1290 etiam
781 1266 856 1290 sunt
871 1261 916 1290 ibi
933 1260 1103 1290 orationes.
1124 1260 1165 1291 Et
1180 1259 1254 1290 ideo
1270 1261 1384 1291 missae
1503 1270 1523 1290 n
1554 1270 1737 1290 unnzcmuu
1775 1269 1820 1290 sle
1858 1270 2063 1291 Pnocnmrun.
2103 1259 2237 1291 Videtur
2271 1260 2361 1300 quod
2399 1260 2503 1292 cultus

316 1302 503 1344 suffragium
526 1305 670 1335 continet
693 1304 760 1335 duo
783 1305 901 1335 horum
923 1314 1005 1344 quae
1021 1305 1073 1335 hic
1089 1305 1288 1344 Augustinus
1304 1314 1383 1335 enu-
1398 1311 1422 1331 ’ς
1440 1272 1710 1344 Aexequiarum
1741 1303 1895 1335 defuncto
1926 1305 2059 1344 prosint.
2092 1304 2309 1336 Damascenus
2342 1305 2447 1341 enim,
2470 1305 2504 1335 in

316 1354 417 1379 metat
432 1350 459 1383 *.
483 1349 604 1379 scilicet
627 1350 808 1379 orationem
831 1355 862 1379 et
885 1348 1086 1379 sacrificium.
1111 1349 1159 1379 Ex
1177 1354 1267 1388 parte
1289 1349 1384 1388 igitur
1438 1348 1594 1379 Sermone
1618 1349 1657 1379 de
1679 1348 1922 1379 Dormientibus
1938 1349 1971 1385 *‚
1995 1348 2118 1379 inducit
2147 1349 2242 1379 verba
2272 1349 2436 1380 Athanasii
2459 1349 2504 1379 sic

316 1391 461 1424 sacrificii
485 1393 583 1424 oblati
606 1394 702 1424 missa
725 1393 897 1433 aequaliter
920 1393 1051 1433 prodest
1074 1392 1227 1423 defuncto
1245 1392 1285 1423 de
1301 1402 1383 1433 quo·
1438 1392 1587 1423 dicentis:
1620 1393 1710 1423 Licet
1732 1392 1765 1423 in
1789 1401 1869 1423 aera
1892 1393 1947 1433 qui
1974 1393 2007 1423 in
2033 1393 2155 1433 pietate
2185 1398 2424 1424 consummatus
2447 1398 2502 1428 est,

317 1446 459 1477 cumque
483 1437 620 1468 dicatur:
647 1443 679 1468 et
693 1438 757 1468 hoc
774 1443 821 1468 est
835 1438 1047 1478 praecipuum
1071 1437 1161 1477 quod
1176 1436 1212 1467 fit
1227 1438 1261 1467 in
1276 1438 1399 1468 missa.
1438 1436 1600 1477 depositus
1620 1437 1746 1478 fierit,
1772 1446 1811 1467 ne
1835 1446 1954 1468 renuas
1978 1437 2084 1468 oleum
2107 1442 2138 1467 et
2159 1446 2260 1473 ceras,
2285 1437 2390 1468 Deum
2414 1437 2504 1468 invo-

316 1480 380 1512 Sed
403 1491 442 1512 ex
463 1487 553 1522 parte
584 1483 767 1512 orationum
797 1482 898 1522 magis
927 1481 1058 1522 prodest
1087 1481 1140 1511 illa
1162 1482 1196 1511 in
1219 1491 1283 1522 qua
1310 1487 1383 1512 sunt
1438 1490 1525 1517 cans,
1544 1481 1576 1512 in
1596 1481 1744 1522 sepulcro
1769 1481 1953 1512 accendere.
1977 1482 2115 1522 Accepta
2138 1481 2222 1512 enim
2247 1482 2308 1512 ista
2330 1486 2407 1513 sunt
2420 1481 2501 1517 Deo,

317 1525 478 1556 orationes
500 1525 540 1556 ad
563 1526 627 1556 hoc
654 1526 890 1557 determinatae.
922 1525 985 1556 Sed
1014 1530 1121 1556 tamen
1151 1526 1209 1556 iste
1241 1524 1383 1556 defectus
1398 1531 1425 1551 ³⁰
1437 1530 1470 1556 et
1482 1526 1617 1556 multam
1633 1525 1674 1556 ab
1689 1535 1727 1556 eo
1745 1525 1932 1566 recipientia
1956 1525 2207 1556 retributionem.
2232 1525 2295 1556 Sed
2317 1525 2504 1556 huiusmodi

316 1571 554 1610 recompensari
576 1575 684 1610 potest
698 1580 757 1611 per
772 1571 928 1600 maiorem
951 1569 1159 1600 devotionem
1175 1570 1225 1600 vel
1242 1570 1310 1600 eius
1327 1571 1383 1610 qui
1436 1571 1598 1610 pertinent
1614 1569 1654 1600 ad
1670 1570 1794 1600 cultum
1818 1570 2034 1609 exequiarum.
2059 1570 2144 1609 Ergo
2169 1569 2273 1601 cultus
2297 1570 2503 1610 exequiarum

317 1613 393 1645 dicit
407 1615 548 1650 missam,
565 1614 616 1645 vel
633 1615 701 1645 eius
725 1615 781 1654 qui
804 1613 880 1644 facit
903 1613 985 1650 dici;
1008 1614 1059 1644 vel
1081 1614 1199 1644 iterum
1214 1623 1272 1654 per
1286 1615 1382 1644 inter-
1437 1613 1567 1654 prodest
1591 1613 1758 1644 defunctis.

316 1659 496 1689 cessionem
518 1659 619 1688 sancti
642 1659 734 1688 cuius
757 1657 942 1698 suffragium
965 1658 999 1688 in
1021 1658 1117 1688 missa
1139 1658 1337 1698 imploratur.
1494 1668 1523 1688 2.
1547 1658 1744 1693 Pium-nasa,
1761 1659 1844 1688 sicut
1859 1658 2059 1697 Augustinus
2076 1657 2161 1693 dicit,
2175 1657 2187 1688 1
2199 1657 2253 1688 lib.
2266 1657 2306 1688 de
2320 1658 2388 1688 Ciu.
2401 1658 2464 1688 Dei
2476 1659 2502 1693 '2

371 1702 423 1732 An
446 1712 565 1732 smum
588 1711 748 1732 nrcnnntm
771 1702 862 1742 quod
884 1701 1071 1732 huiusmodi
1095 1702 1215 1732 oblatio
1237 1702 1382 1732 candela·
1437 1702 1646 1742 antiquorum
1667 1702 1826 1732 iustorum
1840 1702 1970 1743 funera
1986 1701 2134 1742 officiosa
2152 1701 2274 1741 pietate
2289 1706 2404 1732 curata
2419 1706 2503 1738 sunt,

315 1755 388 1776 rum
411 1746 463 1776 vel
485 1746 550 1776 olei
573 1751 710 1786 possunt
732 1745 885 1786 prodesse
911 1745 1065 1776 defuncto
1092 1746 1286 1785 inquantum
1309 1752 1383 1776 sunt
1398 1755 1421 1775 ις
1437 1751 1468 1776 et
1490 1746 1645 1786 exequiae
1668 1746 1856 1781 celebratae,
1881 1751 1912 1776 et
1933 1746 2082 1786 sepulcra
2100 1745 2259 1786 provisa.-
2283 1746 2413 1786 ipsique,
2431 1755 2502 1776 cum

315 1790 539 1831 eleemosynae
563 1790 739 1830 quaedam:
765 1790 880 1821 dantur
904 1791 990 1820 enim
1007 1789 1046 1820 ad
1063 1790 1186 1820 cultum
1210 1790 1381 1825 Ecclesiae,
1437 1791 1596 1826 uiuerent,
1621 1790 1660 1820 de
1682 1789 1871 1830 sepeliendis
1894 1790 1944 1820 vel
1968 1789 2203 1830 transferendis
2225 1789 2293 1820 suis
2315 1790 2505 1830 corporibus

314 1834 366 1865 vel
390 1835 485 1866 etiam
508 1835 542 1865 in
566 1844 662 1866 usum
685 1834 840 1865 fidelium.
1426 1834 1514 1876 filiis
1535 1834 1782 1865 mandaverunt.
1818 1833 1881 1865 Sed
1909 1834 1972 1864 hoc
1995 1843 2064 1864 non
2087 1833 2236 1864 fecissent
2258 1834 2319 1864 nisi
2342 1834 2504 1874 sepultura

1438 1884 1469 1909 et
1484 1878 1672 1910 huiusmodi
1695 1877 1816 1918 aliquid
1837 1879 1973 1909 mortuis
1998 1877 2188 1909 conferrent.
2212 1877 2298 1918 Ergo
2318 1878 2504 1910 huiusmodi

1437 1923 1559 1963 aliquid
1582 1928 1718 1963 prosunt
1741 1922 1910 1953 defunctis.

1397 1976 1423 1996 40
1494 1968 1523 1998 3.
1548 1967 1744 2003 Parim-anm,
1766 1967 1874 1998 nullus
1898 1966 1973 1997 facit
1996 1967 2234 2007 eleemosynam
2258 1967 2340 1997 circa
2364 1967 2504 2007 aliquem

380 2021 400 2042 n
424 2022 563 2042 nncmuu
587 2021 633 2042 sxc
655 2020 859 2041 Pnocnmrtm.
888 2010 1022 2041 Videtur
1050 2010 1140 2051 quod
1167 2011 1383 2051 indulgentiae
1437 2013 1498 2043 nisi
1521 2012 1551 2042 ei
1573 2011 1730 2052 proficiat.
1761 2011 1824 2042 Sed
1854 2011 1988 2052 sepelire
2018 2017 2164 2042 mortuos
2196 2016 2401 2051 computatur
2423 2012 2504 2042 inter

315 2023 460 2096 Aquas
480 2056 624 2087 Ecclesia
644 2055 729 2091 facit,
752 2056 847 2086 etiam
870 2055 1006 2086 mortuis
1029 2055 1162 2095 prosint.
1186 2055 1305 2092 Primo,
1326 2065 1383 2096 per
1437 2066 1537 2096 opera
1552 2056 1830 2097 eleemosynarum
1847 2056 1880 2085 ἐ
1905 2054 2002 2091 unde,
2019 2061 2055 2086 ut
2070 2056 2267 2095 Augustinus
2284 2055 2370 2091 dicit,
2387 2056 2420 2086 in
2437 2056 2449 2086 l
2465 2056 2504 2086 de

315 2100 584 2131 consuetudinem
608 2100 780 2134 Ecclesiae.
799 2108 881 2139 quae
906 2099 980 2130 facit
1003 2098 1176 2139 praedicari
1199 2109 1328 2130 crucem
1347 2105 1383 2131 ut
1440 2101 1508 2132 Ciu.
1527 2101 1591 2131 Dei
1606 2101 1633 2137 *‚
1655 2100 1771 2131 Tobias
1786 2099 1968 2141 sepeliendo
1986 2105 2132 2131 mortuos
2148 2100 2252 2130 Deum
2270 2100 2502 2140 promeruisse,

316 2145 430 2186 aliquis
452 2144 685 2185 indulgentiam
707 2144 822 2174 habeat
844 2153 905 2184 pro
930 2153 963 2174 se
987 2149 1018 2174 et
1041 2143 1169 2174 duobus
1191 2144 1243 2174 vel
1272 2145 1381 2180 tribus,
1437 2150 1515 2176 teste
1541 2145 1678 2186 angelo,
1702 2144 1955 2176 commendatur.
1987 2145 2072 2184 Ergo
2104 2143 2290 2175 huiusmodi
2321 2144 2502 2185 sepulturae

279 2201 283 2204 ·
316 2194 348 2220 et
363 2189 562 2230 quandoque
586 2189 682 2219 etiam
706 2188 819 2218 decem
842 2188 1019 2223 animabus,
1035 2194 1100 2218 tam
1116 2189 1264 2219 vivorum
1284 2198 1382 2228 quam
1397 2197 1420 2217 ις
1438 2190 1543 2220 cultus
1565 2190 1701 2220 mortuis
1723 2188 1863 2230 prodest.

315 2239 530 2264 mortuorum.
554 2232 655 2270 Quod
673 2238 754 2263 esset
770 2232 918 2272 deceptio
942 2233 1003 2263 nisi
1026 2233 1160 2263 mortuis
1183 2232 1381 2273 prodessent.
1491 2243 1522 2273 4.
1547 2234 1750 2270 Panamara,
1774 2234 2004 2264 inconveniens
2028 2238 2075 2263 est
2098 2232 2202 2264 dicere
2226 2232 2315 2272 quod
2337 2232 2503 2264 frustretur

315 2278 402 2318 Ergo
425 2277 643 2317 indulgentiae
666 2277 801 2307 mortuis
824 2282 969 2317 prosunt.
1437 2278 1567 2309 devotio
1583 2277 1738 2308 fidelium.
1763 2277 1826 2308 Sed
1842 2278 1941 2318 aliqui
1957 2287 1995 2308 ex
2011 2276 2183 2308 devotione
2198 2277 2231 2307 in
2247 2277 2327 2307 locis
2343 2277 2502 2317 aliquibus

373 2331 403 2352 2.
427 2322 630 2357 Pium-nam,
654 2321 805 2351 meritum
833 2321 932 2351 totius
961 2321 1124 2351 Ecclesiae
1152 2327 1199 2351 est
1222 2320 1382 2352 efficacius
1436 2323 1591 2363 religiosis
1607 2322 1733 2362 sepeliri
1750 2322 1935 2362 disponunt.
1953 2322 2039 2361 Ergo
2055 2321 2235 2361 sepulturae
2253 2321 2357 2352 cultus
2372 2321 2502 2361 pro‘dest

316 2376 415 2407 quarn
437 2365 588 2396 meritum
618 2366 714 2396 unius
743 2374 910 2406 personae.
942 2365 1005 2398 Sed
1034 2366 1185 2396 meritum
1215 2366 1382 2406 personale
1437 2366 1605 2398 defunctis.

316 2410 503 2450 suffragatur
519 2409 691 2441 defimctis:
709 2415 745 2440 ut
759 2415 847 2450 patet
861 2410 895 2440 in
911 2410 1076 2450 largitione
1093 2410 1380 2450 eleemosynarum.
1396 2424 1422 2444 ςο
1494 2413 1523 2442 5.
1547 2411 1745 2446 Plurimum,
1769 2410 1857 2441 Deus
1881 2410 2014 2450 pronior
2037 2416 2084 2440 est
2108 2410 2148 2441 ad
2169 2408 2387 2441 miserendum
2404 2419 2501 2450 quam

316 2455 402 2496 Ergo
433 2455 536 2485 multo
568 2454 681 2485 fortius
710 2454 860 2484 meritum
888 2454 1065 2490 Ecclesiae,
1089 2455 1142 2485 cui
1165 2454 1382 2494 indulgentiae
1436 2455 1476 2486 ad
1499 2454 1783 2486 condemnandum
1798 2455 1824 2485 ⁵.
1849 2454 1913 2486 Sed
1935 2454 2095 2494 aliquibus
2118 2459 2215 2485 nocet
2234 2454 2268 2485 in
2283 2454 2363 2485 locis
2387 2455 2501 2485 sanctis

315 2500 504 2530 innituntur.
1435 2500 1617 2540 sepultura,
1641 2500 1667 2529 si
1689 2498 1811 2539 indigni
1834 2503 1924 2529 sunt:
1948 2497 2036 2529 unde
2063 2498 2139 2529 dicit
2161 2498 2335 2538 Gregorius
2351 2499 2383 2528 *z
2411 2498 2502 2534 Quos

373 2543 402 2574 3.
426 2543 623 2579 Ριυιιιτιιιιιιᾼ,
647 2542 864 2583 indulgentiae
893 2549 1029 2582 prosunt
1058 2543 1119 2573 illis
1150 2543 1207 2583 qui
1236 2549 1311 2574 sunt
1342 2543 1381 2574 de
1430 2549 1567 2585 peccata
1589 2543 1707 2585 gravia
1731 2543 1930 2584 deprimunt,
1955 2542 1999 2574 ad
2019 2543 2177 2574 maiorem
2206 2542 2424 2573 damnationis
2447 2552 2501 2573 cu-

316 2587 388 2618 foro
418 2588 591 2618 Ecclesiae.
623 2586 686 2618 Sed
715 2587 761 2617 illi
784 2587 840 2627 qui
864 2592 938 2617 sunt
959 2588 995 2618 in·
1017 2588 1220 2627 purgatorio,
1244 2593 1318 2618 sunt
1341 2587 1381 2619 de
1435 2589 1558 2620 mulum
1582 2588 1694 2628 potius
1724 2596 1820 2628 quam
1851 2587 1894 2618 ad
1919 2587 2132 2623 solutionem,
2155 2597 2269 2618 eorum
2299 2596 2440 2627 corpora
2468 2587 2500 2617 in

316 2631 388 2663 foro
418 2632 597 2663 Ecclesiae:
629 2631 704 2662 alias
733 2631 895 2662 Ecclesiae
925 2631 1072 2672 suffragia
1098 2641 1166 2662 non
1193 2631 1381 2673 prodessent
1396 2646 1419 2666 ςς
1435 2633 1577 2664 ecclesiis
1586 2631 1768 2673 ponuntur.
1782 2632 1868 2672 Ergo
1884 2631 1988 2662 multo
2005 2631 2142 2672 amplius
2159 2630 2332 2663 dicendum
2349 2637 2396 2662 est
2411 2631 2501 2671 quod

315 2676 386 2707 illis.
411 2677 497 2717 Ergo
520 2675 646 2706 videtur
669 2675 758 2716 quod
781 2675 998 2715 indulgentiae
1021 2675 1179 2707 defunctis
1202 2677 1334 2717 prosint.
1435 2677 1618 2719 sepulturae
1641 2676 1746 2707 cultus
1768 2677 1870 2716 prosit
1892 2676 1996 2706 bonis.

371 2720 434 2752 Ser>
459 2730 582 2751 CONTRA
605 2730 659 2750 nsr
683 2720 771 2760 quod
796 2719 836 2750 ad
859 2720 922 2750 hoc
946 2719 1036 2760 quod
1053 2720 1270 2761 indulgentiae
1286 2718 1381 2752 alicui
1491 2722 1553 2752 San
1570 2731 1693 2752 CONTRA
1712 2730 1766 2750 nsr
1783 2719 1873 2760 quod
1888 2720 2087 2760 Augustinus
2104 2719 2189 2756 dicit,
2206 2720 2239 2751 in
2255 2720 2337 2750 libro
2353 2719 2393 2750 de
2410 2720 2500 2750 Cura

315 2765 450 2801 valeant,
466 2765 638 2805 requiritur
658 2774 753 2795 causa
776 2765 972 2795 conveniens
994 2774 1054 2804 pro
1078 2774 1142 2805 qua
1164 2765 1380 2805 indulgentiae
1428 2776 1494 2807 pro
1511 2766 1647 2796 mortuis
1669 2764 1799 2806 agenda
1815 2766 1847 2794 *ε
1873 2764 2015 2803 Corpori
2037 2764 2178 2795 humano
2203 2763 2358 2805 quidquid
2381 2764 2500 2804 impen-

315 2809 439 2840 dantur.
465 2809 528 2840 Sed
551 2809 621 2839 talis
644 2818 739 2839 causa
754 2818 822 2838 non
838 2813 945 2848 potest
968 2818 1036 2839 esse
1053 2819 1091 2840 ex
1106 2815 1196 2849 parte
1218 2809 1379 2841 defuncti:
1434 2811 1532 2846 ditur,
1550 2819 1615 2841 non
1639 2814 1686 2840 est
1702 2808 1902 2849 praesidium
1926 2809 2010 2839 vitae
2032 2814 2194 2844 aeternae,
2213 2808 2269 2838 sed
2291 2808 2500 2838 humanitatis

315 2854 392 2894 quia
406 2863 474 2884 non
490 2859 598 2894 potest
613 2852 716 2884 facere
732 2852 861 2893 aliquid-
876 2852 966 2893 quod
981 2854 1020 2883 sit
1035 2854 1068 2884 in
1084 2853 1254 2884 utilitatem
1269 2854 1380 2885 Eccle-
1394 2862 1421 2882 60
1435 2855 1589 2896 officium.

1468 1152 1644 1184 ART.X1.
1670 1163 1774 1184 UTRUM
1798 1163 1913 1184 CULTUS
1937 1163 2137 1184 nxzomARUM
2161 1163 2324 1184 DEFUNCTO
2348 1163 2477 1184 PROSINT

1665 1208 1698 1230 1v
1711 1209 1789 1235 Sent.,
1805 1209 1858 1231 dist.
1873 1215 1910 1235 ιν,
1926 1215 1964 1237 qu.
1982 1215 2007 1233 ιι.
2022 1212 2064 1231 art.
2079 1215 2100 1238 3,
2115 1209 2160 1237 qu⁸
2176 1217 2198 1236 ι,
2214 1210 2242 1231 ad
2259 1217 2277 1232 ι.

379 1904 479 1936 ART.
503 1905 542 1935 X.
568 1915 673 1935 urium
696 1915 927 1935 mnumswrms
951 1914 1029 1935 uuas
1053 1914 1198 1935 nccnssm
1222 1914 1322 1941 nen,

649 1959 744 1979 ιιτιΑιι
766 1959 900 1980 moni-urs
924 1958 1053 1979 PRosmT

315 2899 389 2934 siae,
413 2908 473 2938 pro
498 2907 562 2938 qua
586 2907 680 2928 causa
703 2898 875 2937 praecipue
898 2896 1115 2937 indulgentiae
1138 2897 1262 2929 dantur.
1294 2899 1380 2939 Ergo
1492 2909 1521 2930 2.
1546 2899 1742 2934 hamma,
1759 2897 1933 2938 Gregorius
1950 2896 2035 2932 dicit,
2051 2897 2085 2927 in
2102 2896 2145 2927 lv
2161 2897 2295 2938 Dialog.
2309 2897 2341 2925 *z
2363 2896 2498 2927 Curatio

314 2942 440 2973 videtur
463 2942 552 2983 quod
576 2941 792 2982 indulgentiae
816 2940 974 2972 defunctis
996 2951 1065 2972 non
1087 2943 1220 2982 prosint.
1426 2944 1577 2986 funeris,
1601 2942 1744 2973 conditio
1771 2943 1973 2982 sepulturae,
1991 2950 2114 2981 pompa
2141 2941 2369 2981 exequiarum,
2394 2940 2500 2982 magis

372 2996 401 3017 2.
425 2987 612 3017 Plurimus
625 3010 633 3022 ,
668 2985 884 3026 indulgentiae
918 2984 1168 3017 determinantur
1202 2987 1381 3018 secundum
1434 2993 1511 3019 sunt
1534 2988 1681 3019 vivorum
1704 2986 1822 3017 solatia
1845 2996 1940 3027 quam
1963 2985 2104 3016 subsidia
2128 2985 2365 3026 defunctorum.

315 3031 479 3062 arbitr-lum
495 3040 547 3061 eas
563 3030 717 3061 facientis.
735 3030 769 3061 Si
785 3039 861 3069 ergo
878 3029 1095 3070 indulgentiae
1111 3030 1269 3062 defunctis
1284 3031 1381 3072 prod·
1492 3033 1521 3063 3.
1546 3032 1742 3067 mmmm,
1760 3031 1920 3061 Dominus
1936 3030 2021 3066 dicit,
2038 3029 2149 3060 Matth.
2166 3039 2186 3060 x
2198 3030 2231 3059 *z
2255 3029 2367 3060 Nolite
2389 3029 2502 3060 timere

315 3084 383 3106 esse
406 3080 547 3116 possent,
572 3080 654 3105 esset
676 3075 710 3105 in
732 3079 890 3115 potestate
921 3074 1064 3105 facientis
1091 3075 1323 3115 indulgentiam
1346 3080 1382 3106 ut
1395 3083 1421 3108 σς
1435 3087 1491 3108 eos
1514 3077 1569 3117 qui
1592 3085 1710 3116 corpus
1733 3075 1892 3111 occidunt,
1908 3080 1940 3105 et
1955 3079 2033 3114 post
2054 3074 2116 3104 hoc
2135 3083 2200 3104 non
2224 3073 2340 3104 habent
2361 3073 2500 3113 amplius

315 3118 506 3150 defuncmm
528 3120 664 3150 omnino
695 3119 841 3150 liberaret
869 3128 886 3148 a
909 3128 1025 3160 poena.
1056 3118 1157 3157 Quod
1179 3119 1305 3151 videtur
1327 3121 1381 3150 ab-
1435 3121 1513 3162 quid
1522 3121 1666 3163 faciant.
1691 3119 1755 3150 Sed
1769 3124 1843 3160 post
1859 3124 1998 3149 mortem
2013 3123 2197 3148 sanctorum
2213 3127 2349 3158 corpora
2364 3122 2500 3157 possunt

316 3162 458 3194 surdum·
1436 3175 1454 3196 a
1478 3164 1640 3205 sepultura
1661 3163 1840 3205 prohiberi:
1868 3164 1949 3193 sicut
1971 3163 2005 3192 in
2028 3161 2248 3192 Ecclesiastica
2270 3161 2401 3192 historia
2416 3162 2432 3178 ⁴*
2454 3160 2499 3191 le-

371 3207 560 3238 Rtsrormno
588 3217 749 3238 mcnnnmr
779 3207 869 3247 quod
891 3207 1090 3247 indulgentia
1113 3207 1209 3238 alicui·
1230 3208 1381 3248 prodesse
1435 3210 1520 3250 gitur
1532 3218 1599 3240 esse
1611 3208 1732 3239 factum
1745 3207 1784 3238 de
1796 3206 1988 3247 quibusdam
2002 3206 2191 3247 martyribus
2203 3205 2354 3245 Lugduni
2367 3203 2498 3236 Galliae.

316 3255 423 3290 potest
451 3250 634 3291 dupliciter:
665 3261 733 3282 uno
763 3251 883 3287 modo,
914 3252 1146 3292 principantem
1176 3252 1239 3282 alio
1268 3252 1381 3290 modo,
1436 3254 1522 3294 Ergo
1545 3263 1613 3284 non
1636 3257 1733 3283 nocet
1756 3251 1913 3282 defunctis
1932 3251 1957 3281 si
1977 3260 2090 3281 eorum
2114 3259 2249 3290 corpora
2271 3250 2436 3280 inhumata
2451 3259 2499 3280 re-

316 3294 516 3325 secundario.
540 3295 758 3336 Principaliter
773 3295 905 3336 quidem
928 3295 1060 3336 prodest
1082 3297 1112 3326 ei
1135 3297 1191 3336 qui
1214 3296 1382 3337 indulgen·
1395 3308 1423 3329 τ·
1435 3303 1595 3329 maneant.
1619 3297 1705 3337 Ergo
1727 3306 1789 3327 nec
1813 3296 1917 3326 cultus
1939 3295 2121 3335 sepulturae
2143 3293 2283 3334 prodest.

316 3339 394 3368 tiam
418 3339 549 3378 accipit,
573 3339 692 3370 scilicet
723 3340 779 3380 qui
809 3340 884 3370 facit
913 3340 976 3370 hoc
1006 3350 1065 3380 pro
1094 3349 1161 3380 quo
1185 3340 1382 3381 indulgentia
1490 3343 1681 3372 Rusponnno
1708 3350 1867 3371 urci-:unum
1897 3339 1987 3379 quod
2016 3339 2179 3379 sepultura
2208 3337 2376 3369 adinventa
2399 3342 2446 3368 est
2469 3342 2500 3367 et

317 3382 426 3418 datur,
450 3387 487 3413 ut
510 3383 567 3422 qui
588 3383 693 3414 visitat
721 3383 832 3414 limina
861 3384 995 3415 alicuius
1026 3385 1135 3415 sancti.
1171 3384 1282 3421 Unde,
1306 3394 1382 3416 cum
1435 3391 1568 3426 propter
1590 3386 1681 3416 vivos
1703 3390 1735 3415 et
1757 3389 1889 3424 propter
1911 3389 2067 3414 mortuos.
2091 3383 2225 3423 Propter
2243 3383 2333 3413 vivos
2357 3381 2498 3422 quidem,

317 3427 438 3457 mortui
460 3435 528 3456 non
551 3427 675 3466 possint
697 3427 800 3458 facere
823 3428 944 3468 aliquid
969 3429 1087 3459 horum
1109 3433 1169 3468 p'ro
1193 3429 1310 3468 quibus
1333 3430 1382 3460 in-
1435 3440 1478 3461 ne
1501 3439 1615 3460 eorum
1639 3429 1726 3460 oculi
1749 3438 1786 3459 ex
1805 3427 2002 3468 turpitudine
2026 3426 2216 3458 cadaverum
2240 3425 2451 3462 offendantur,
2469 3430 2500 3456 et

318 3470 500 3510 dulgentiae
534 3470 665 3506 dantur,
697 3472 743 3502 eis
777 3471 895 3502 directe
929 3472 1146 3513 indulgentiae
1179 3473 1283 3504 valere
1314 3483 1381 3504 non
1437 3484 1573 3514 corpora
1596 3473 1750 3503 fetoribus
1772 3471 1969 3503 inficiantur:
1995 3476 2026 3502 et
2041 3472 2105 3502 hoc
2129 3476 2286 3511 quantum
2309 3469 2348 3501 ad
2371 3479 2499 3510 corpus.

317 3520 462 3555 possunt·
740 3543 743 3545 .
1396 3529 1420 3549 τι
1438 3518 1501 3549 Sed
1524 3517 1726 3558 spiritualiter
1749 3517 1844 3547 etiam
1870 3515 2000 3557 prodest
2022 3516 2118 3552 vivis,
2141 3516 2335 3556 inquantum
2358 3523 2415 3555 per
2437 3514 2500 3544 hoc

2533 649 2543 659 ·
2557 647 2593 669 Cf.
2613 653 2651 675 qu.
2670 653 2745 675 xxvu,

2533 677 2575 696 art.
2590 680 2610 702 3,
2625 674 2653 695 ad
2668 680 2689 695 2.

2532 1082 2542 1092 ·
2553 1080 2600 1108 Qu.
2609 1086 2661 1107 xxv,
2672 1084 2713 1102 nrt.
2722 1087 2742 1103 2.

2532 1354 2542 1364 ·
2555 1353 2594 1374 ΑΙ.
2604 1353 2639 1374 De
2653 1353 2692 1374 his
2703 1354 2743 1381 qui

2531 1380 2555 1401 in
2567 1379 2621 1406 fide
2641 1379 2743 1401 dormie-

2531 1408 2594 1432 runt,
2612 1412 2674 1428 num.
2695 1413 2728 1434 ¹9·

2532 1659 2542 1669 '¹
2556 1658 2613 1685 Cap.
2634 1664 2693 1682 xm:
2709 1659 2744 1680 De

2533 1684 2597 1706 Cura
2627 1691 2655 1706 ro
2674 1687 2743 1707 mort.

2531 1717 2594 1739 agen
2613 1727 2627 1738 .,
2643 1717 2694 1739 cap.
2711 1718 2743 1734 ιιι.

2531 2061 2541 2071 ·
2555 2060 2591 2082 Cf.
2611 2059 2666 2082 11¹m
2688 2060 2742 2087 11⁸2,

2531 2092 2569 2114 qu.
2581 2092 2653 2113 xxxn,
2668 2090 2710 2108 art.
2721 2093 2742 2113 2,

2530 2113 2616 2162 edLbc.
2639 2139 2691 2166 cit.;
2714 2140 2744 2161 de

2530 2165 2596 2221 5555
2611 2169 2740 2221 .,⁷2‘a{‚’f⁰1⁷151

2531 2503 2540 2513 ·
2554 2502 2589 2524 Cf.
2607 2508 2657 2523 can.
2678 2502 2739 2530 Quia

2529 2529 2678 2555 divinitatis,
2711 2529 2740 2550 de

2528 2555 2626 2582 Poenit„
2638 2555 2691 2576 dist.
2706 2555 2724 2576 1.

2529 2583 2539 2593 ·
2546 2582 2644 2610 Dialog.
2651 2582 2690 2603 lib.
2698 2581 2739 2608 lv,

2528 2614 2579 2636 cap.
2593 2615 2614 2630 ι..

2528 2768 2537 2777 ·
2552 2766 2610 2793 Cap.
2627 2772 2689 2788 xvm.

2528 2899 2537 2908 ·
2562 2896 2619 2918 Can.
2640 2898 2740 2919 Animae

2527 2923 2557 2945 de
2569 2926 2668 2950 metor„
2675 2930 2737 2946 caus.

2583 2950 2738 2978 ,qu.u.·Vide

2527 2980 2599 3025 ιιὲῐέιῐ.
2606 2976 2737 2999 Con-ector.

2527 3009 2534 3024 ι
2552 3009 2559 3024 ι
2578 3019 2583 3024 .

2527 3032 2537 3041 ‘
2548 3030 2614 3052 Vera.
2626 3030 2665 3057 28;
2682 3030 2738 3052 Luc.

2527 3062 2576 3084 cap.
2587 3063 2630 3083 ιιι,
2641 3063 2699 3079 vers.
2715 3064 2737 3083 4-

2527 3160 2538 3170 ·
2552 3159 2637 3181 Euseb.
2654 3159 2693 3181 lib.
2710 3159 2740 3185 V,

2528 3191 2578 3213 cap.
2595 3192 2610 3213 1,
2623 3185 2652 3207 nd
2667 3185 2704 3208 fin.
