<?xml version="1.0" encoding="UTF-8"?>
<!DOCTYPE html PUBLIC "-//W3C//DTD XHTML 1.0 Transitional//EN"
    "http://www.w3.org/TR/xhtml1/DTD/xhtml1-transitional.dtd">
<html xmlns="http://www.w3.org/1999/xhtml" xml:lang="en" lang="en">
 <head>
  <title>
</title>
<meta http-equiv="Content-Type" content="text/html;charset=utf-8" />
  <meta name='ocr-system' content='tesseract 3.04.00' />
  <meta name='ocr-capabilities' content='ocr_page ocr_carea ocr_par ocr_line ocrx_word'/>
</head>
<body>
  <div class='ocr_page' id='page_1' title='image "./operaomniaiussui12thom/operaomniaiussui12thom_0416.png"; bbox 0 0 2878 4088; ppageno 0'>
   <div class='ocr_carea' id='block_1_1' title="bbox 451 184 487 209">
    <p class='ocr_par' dir='ltr' id='par_1_1' title="bbox 451 184 487 209">
     <span class='ocr_line' id='line_1_1' title="bbox 451 184 487 209; baseline 0 0"><span class='ocrx_word' id='word_1_1' title='bbox 451 184 487 209; x_wconf 89' lang='lat' dir='ltr'>1v</span> 
     </span>
    </p>
   </div>
   <div class='ocr_carea' id='block_1_2' title="bbox 450 247 1514 377">
    <p class='ocr_par' dir='ltr' id='par_1_2' title="bbox 450 247 1514 377">
     <span class='ocr_line' id='line_1_2' title="bbox 450 247 1513 289; baseline -0.002 -9"><span class='ocrx_word' id='word_1_2' title='bbox 450 261 468 281; x_wconf 88' lang='lat' dir='ltr'>a</span> <span class='ocrx_word' id='word_1_3' title='bbox 483 259 556 280; x_wconf 87' lang='lat' dir='ltr'>vera</span> <span class='ocrx_word' id='word_1_4' title='bbox 574 257 681 279; x_wconf 90' lang='lat' dir='ltr'>rerum</span> <span class='ocrx_word' id='word_1_5' title='bbox 704 247 906 278; x_wconf 87' lang='lat' dir='ltr'>connexione</span> <span class='ocrx_word' id='word_1_6' title='bbox 922 249 1038 289; x_wconf 90' lang='lat' dir='ltr'>petitis,</span> <span class='ocrx_word' id='word_1_7' title='bbox 1054 248 1347 278; x_wconf 49' lang='lat' dir='ltr'>inxconstrictiores</span> <span class='ocrx_word' id='word_1_8' title='bbox 1363 247 1513 284; x_wconf 89' lang='lat' dir='ltr'>dividere,</span> 
     </span>
     <span class='ocr_line' id='line_1_3' title="bbox 450 291 1514 333; baseline -0.001 -9"><span class='ocrx_word' id='word_1_9' title='bbox 450 294 686 333; x_wconf 83' lang='lat' dir='ltr'>divisionesque</span> <span class='ocrx_word' id='word_1_10' title='bbox 709 293 792 323; x_wconf 91' lang='lat' dir='ltr'>bene</span> <span class='ocrx_word' id='word_1_11' title='bbox 815 291 1001 323; x_wconf 81' lang='lat' dir='ltr'>describere.</span> <span class='ocrx_word' id='word_1_12' title='bbox 1025 292 1200 323; x_wconf 89' lang='lat' dir='ltr'>Videamus</span> <span class='ocrx_word' id='word_1_13' title='bbox 1216 302 1279 333; x_wconf 88' lang='lat' dir='ltr'>qua</span> <span class='ocrx_word' id='word_1_14' title='bbox 1301 293 1424 323; x_wconf 89' lang='lat' dir='ltr'>ratione</span> <span class='ocrx_word' id='word_1_15' title='bbox 1446 301 1514 322; x_wconf 87' lang='lat' dir='ltr'>rem</span> 
     </span>
     <span class='ocr_line' id='line_1_4' title="bbox 450 336 837 377; baseline -0.003 -9"><span class='ocrx_word' id='word_1_16' title='bbox 450 337 612 369; x_wconf 88' lang='lat' dir='ltr'>difficilem</span> <span class='ocrx_word' id='word_1_17' title='bbox 635 336 837 377; x_wconf 85' lang='lat' dir='ltr'>expediverit.</span> 
     </span>
    </p>
   </div>
   <div class='ocr_carea' id='block_1_3' title="bbox 446 435 1514 1116">
    <p class='ocr_par' dir='ltr' id='par_1_3' title="bbox 448 435 1514 593">
     <span class='ocr_line' id='line_1_5' title="bbox 503 435 1514 473; baseline -0.002 -9"><span class='ocrx_word' id='word_1_18' title='bbox 503 449 517 463; x_wconf 85' lang='lat'>‹</span> <span class='ocrx_word' id='word_1_19' title='bbox 536 439 605 464; x_wconf 85' lang='lat' dir='ltr'>Post</span> <span class='ocrx_word' id='word_1_20' title='bbox 626 437 682 464; x_wconf 88' lang='lat' dir='ltr'>hoc</span> <span class='ocrx_word' id='word_1_21' title='bbox 703 436 847 473; x_wconf 87' lang='lat' dir='ltr'>agendum</span> <span class='ocrx_word' id='word_1_22' title='bbox 869 443 911 464; x_wconf 90' lang='lat' dir='ltr'>est</span> <span class='ocrx_word' id='word_1_23' title='bbox 934 437 969 464; x_wconf 88' lang='lat' dir='ltr'>de</span> <span class='ocrx_word' id='word_1_24' title='bbox 991 435 1035 463; x_wconf 91' lang='lat' dir='ltr'>his</span> <span class='ocrx_word' id='word_1_25' title='bbox 1056 444 1131 472; x_wconf 90' lang='lat' dir='ltr'>quae</span> <span class='ocrx_word' id='word_1_26' title='bbox 1152 442 1282 472; x_wconf 89' lang='lat' dir='ltr'>spectant</span> <span class='ocrx_word' id='word_1_27' title='bbox 1302 436 1339 463; x_wconf 88' lang='lat' dir='ltr'>ad</span> <span class='ocrx_word' id='word_1_28' title='bbox 1359 440 1514 462; x_wconf 88' lang='lat' dir='ltr'>tractatum</span> 
     </span>
     <span class='ocr_line' id='line_1_6' title="bbox 449 474 1513 513; baseline -0.004 -7"><span class='ocrx_word' id='word_1_29' title='bbox 449 476 672 506; x_wconf 88' lang='lat' dir='ltr'>resurrectionis.</span> <span class='ocrx_word' id='word_1_30' title='bbox 691 477 850 513; x_wconf 85' lang='lat' dir='ltr'>Postquam</span> <span class='ocrx_word' id='word_1_31' title='bbox 872 476 949 504; x_wconf 90' lang='lat' dir='ltr'>enim</span> <span class='ocrx_word' id='word_1_32' title='bbox 964 476 1073 504; x_wconf 90' lang='lat' dir='ltr'>dictum</span> <span class='ocrx_word' id='word_1_33' title='bbox 1088 482 1131 503; x_wconf 91' lang='lat' dir='ltr'>est</span> <span class='ocrx_word' id='word_1_34' title='bbox 1145 476 1180 503; x_wconf 89' lang='lat' dir='ltr'>de</span> <span class='ocrx_word' id='word_1_35' title='bbox 1195 475 1391 510; x_wconf 86' lang='lat' dir='ltr'>sacramentis,</span> <span class='ocrx_word' id='word_1_36' title='bbox 1408 474 1513 512; x_wconf 90' lang='lat' dir='ltr'>quibus</span> 
     </span>
     <span class='ocr_line' id='line_1_7' title="bbox 448 515 1513 553; baseline -0.003 -7"><span class='ocrx_word' id='word_1_37' title='bbox 448 519 538 546; x_wconf 89' lang='lat' dir='ltr'>homo</span> <span class='ocrx_word' id='word_1_38' title='bbox 560 517 696 545; x_wconf 92' lang='lat' dir='ltr'>liberatur</span> <span class='ocrx_word' id='word_1_39' title='bbox 716 525 734 544; x_wconf 93' lang='lat' dir='ltr'>a</span> <span class='ocrx_word' id='word_1_40' title='bbox 759 522 852 544; x_wconf 91' lang='lat' dir='ltr'>morte</span> <span class='ocrx_word' id='word_1_41' title='bbox 873 517 983 553; x_wconf 88' lang='lat' dir='ltr'>culpae,</span> <span class='ocrx_word' id='word_1_42' title='bbox 1005 523 1216 552; x_wconf 88' lang='lat' dir='ltr'>consequenter</span> <span class='ocrx_word' id='word_1_43' title='bbox 1237 515 1392 543; x_wconf 89' lang='lat' dir='ltr'>dicendum</span> <span class='ocrx_word' id='word_1_44' title='bbox 1414 521 1456 543; x_wconf 92' lang='lat' dir='ltr'>est</span> <span class='ocrx_word' id='word_1_45' title='bbox 1477 515 1513 543; x_wconf 92' lang='lat' dir='ltr'>de</span> 
     </span>
     <span class='ocr_line' id='line_1_8' title="bbox 448 556 1411 593; baseline -0.003 -7"><span class='ocrx_word' id='word_1_46' title='bbox 448 556 665 592; x_wconf 88' lang='lat' dir='ltr'>resurrectione,</span> <span class='ocrx_word' id='word_1_47' title='bbox 687 565 738 592; x_wconf 92' lang='lat' dir='ltr'>per</span> <span class='ocrx_word' id='word_1_48' title='bbox 759 565 847 593; x_wconf 84' lang='lat' dir='ltr'>quam</span> <span class='ocrx_word' id='word_1_49' title='bbox 868 557 959 585; x_wconf 89' lang='lat' dir='ltr'>homo</span> <span class='ocrx_word' id='word_1_50' title='bbox 980 556 1116 584; x_wconf 89' lang='lat' dir='ltr'>liberatur</span> <span class='ocrx_word' id='word_1_51' title='bbox 1137 564 1154 583; x_wconf 92' lang='lat' dir='ltr'>a</span> <span class='ocrx_word' id='word_1_52' title='bbox 1175 562 1268 584; x_wconf 89' lang='lat' dir='ltr'>morte</span> <span class='ocrx_word' id='word_1_53' title='bbox 1289 564 1411 592; x_wconf 90' lang='lat' dir='ltr'>poenae.</span> 
     </span>
    </p>

    <p class='ocr_par' dir='ltr' id='par_1_4' title="bbox 446 595 1513 794">
     <span class='ocr_line' id='line_1_9' title="bbox 501 595 1511 626; baseline -0.003 0"><span class='ocrx_word' id='word_1_54' title='bbox 501 598 585 626; x_wconf 87' lang='lat' dir='ltr'>Circa</span> <span class='ocrx_word' id='word_1_55' title='bbox 601 603 753 625; x_wconf 88' lang='lat' dir='ltr'>tractatum</span> <span class='ocrx_word' id='word_1_56' title='bbox 767 602 863 624; x_wconf 89' lang='lat' dir='ltr'>autem</span> <span class='ocrx_word' id='word_1_57' title='bbox 885 595 1103 624; x_wconf 88' lang='lat' dir='ltr'>resurrectionis</span> <span class='ocrx_word' id='word_1_58' title='bbox 1124 595 1179 623; x_wconf 88' lang='lat' dir='ltr'>tria</span> <span class='ocrx_word' id='word_1_59' title='bbox 1199 595 1410 624; x_wconf 89' lang='lat' dir='ltr'>consideranda</span> <span class='ocrx_word' id='word_1_60' title='bbox 1430 601 1511 623; x_wconf 90' lang='lat' dir='ltr'>sunt:</span> 
     </span>
     <span class='ocr_line' id='line_1_10' title="bbox 446 635 1511 674; baseline -0.003 -8"><span class='ocrx_word' id='word_1_61' title='bbox 446 638 554 667; x_wconf 91' lang='lat' dir='ltr'>scilicet</span> <span class='ocrx_word' id='word_1_62' title='bbox 568 636 768 674; x_wconf 86' lang='lat' dir='ltr'>praecedentia</span> <span class='ocrx_word' id='word_1_63' title='bbox 788 637 1036 671; x_wconf 87' lang='lat' dir='ltr'>resurrectionem,</span> <span class='ocrx_word' id='word_1_64' title='bbox 1052 635 1287 671; x_wconf 87' lang='lat' dir='ltr'>concomitantia,</span> <span class='ocrx_word' id='word_1_65' title='bbox 1309 642 1336 664; x_wconf 92' lang='lat' dir='ltr'>et</span> <span class='ocrx_word' id='word_1_66' title='bbox 1353 635 1511 673; x_wconf 90' lang='lat' dir='ltr'>sequentia.</span> 
     </span>
     <span class='ocr_line' id='line_1_11' title="bbox 448 676 1513 714; baseline -0.002 -8"><span class='ocrx_word' id='word_1_67' title='bbox 448 679 484 706; x_wconf 83' lang='lat' dir='ltr'>Et</span> <span class='ocrx_word' id='word_1_68' title='bbox 497 678 563 707; x_wconf 89' lang='lat' dir='ltr'>ideo</span> <span class='ocrx_word' id='word_1_69' title='bbox 578 677 674 714; x_wconf 89' lang='lat' dir='ltr'>primo</span> <span class='ocrx_word' id='word_1_70' title='bbox 689 677 844 705; x_wconf 90' lang='lat' dir='ltr'>dicendum</span> <span class='ocrx_word' id='word_1_71' title='bbox 866 683 908 705; x_wconf 89' lang='lat' dir='ltr'>est</span> <span class='ocrx_word' id='word_1_72' title='bbox 928 678 964 705; x_wconf 91' lang='lat' dir='ltr'>de</span> <span class='ocrx_word' id='word_1_73' title='bbox 986 677 1029 704; x_wconf 90' lang='lat' dir='ltr'>his</span> <span class='ocrx_word' id='word_1_74' title='bbox 1051 685 1125 713; x_wconf 91' lang='lat' dir='ltr'>quae</span> <span class='ocrx_word' id='word_1_75' title='bbox 1140 686 1193 713; x_wconf 91' lang='lat' dir='ltr'>pro</span> <span class='ocrx_word' id='word_1_76' title='bbox 1211 683 1291 713; x_wconf 90' lang='lat' dir='ltr'>parte</span> <span class='ocrx_word' id='word_1_77' title='bbox 1306 676 1437 713; x_wconf 86' lang='lat' dir='ltr'>quamvis</span> <span class='ocrx_word' id='word_1_78' title='bbox 1451 685 1513 704; x_wconf 89' lang='lat' dir='ltr'>non</span> 
     </span>
     <span class='ocr_line' id='line_1_12' title="bbox 447 716 1512 754; baseline -0.002 -8"><span class='ocrx_word' id='word_1_79' title='bbox 447 727 481 746; x_wconf 87' lang='lat' dir='ltr'>ex</span> <span class='ocrx_word' id='word_1_80' title='bbox 495 725 557 747; x_wconf 91' lang='lat' dir='ltr'>toto</span> <span class='ocrx_word' id='word_1_81' title='bbox 572 717 811 745; x_wconf 86' lang='lat' dir='ltr'>resurrectionem</span> <span class='ocrx_word' id='word_1_82' title='bbox 825 718 1017 754; x_wconf 82' lang='lat' dir='ltr'>praecedunt3</span> <span class='ocrx_word' id='word_1_83' title='bbox 1033 718 1170 752; x_wconf 90' lang='lat' dir='ltr'>secundo,</span> <span class='ocrx_word' id='word_1_84' title='bbox 1182 717 1218 744; x_wconf 91' lang='lat' dir='ltr'>de</span> <span class='ocrx_word' id='word_1_85' title='bbox 1228 716 1290 753; x_wconf 87' lang='lat' dir='ltr'>ipsa</span> <span class='ocrx_word' id='word_1_86' title='bbox 1303 716 1512 747; x_wconf 89' lang='lat' dir='ltr'>resurrectione</span> 
     </span>
     <span class='ocr_line' id='line_1_13' title="bbox 447 757 1448 794; baseline -0.003 -6"><span class='ocrx_word' id='word_1_87' title='bbox 447 766 476 788; x_wconf 86' lang='lat' dir='ltr'>et</span> <span class='ocrx_word' id='word_1_88' title='bbox 497 757 746 787; x_wconf 81' lang='lat' dir='ltr'>circumstantibus</span> <span class='ocrx_word' id='word_1_89' title='bbox 768 765 848 793; x_wconf 89' lang='lat' dir='ltr'>eam;</span> <span class='ocrx_word' id='word_1_90' title='bbox 870 757 954 786; x_wconf 91' lang='lat' dir='ltr'>tertio</span> <span class='ocrx_word' id='word_1_91' title='bbox 976 758 1011 785; x_wconf 88' lang='lat' dir='ltr'>de</span> <span class='ocrx_word' id='word_1_92' title='bbox 1033 757 1077 785; x_wconf 90' lang='lat' dir='ltr'>his</span> <span class='ocrx_word' id='word_1_93' title='bbox 1099 766 1173 794; x_wconf 90' lang='lat' dir='ltr'>quae</span> <span class='ocrx_word' id='word_1_94' title='bbox 1195 766 1258 785; x_wconf 90' lang='lat' dir='ltr'>eam</span> <span class='ocrx_word' id='word_1_95' title='bbox 1281 763 1448 793; x_wconf 91' lang='lat' dir='ltr'>sequuntur.</span> 
     </span>
    </p>

    <p class='ocr_par' dir='ltr' id='par_1_5' title="bbox 447 797 1513 1076">
     <span class='ocr_line' id='line_1_14' title="bbox 501 797 1513 834; baseline -0.002 -7"><span class='ocrx_word' id='word_1_96' title='bbox 501 797 737 827; x_wconf 86' lang='lat' dir='ltr'>Praecedentium</span> <span class='ocrx_word' id='word_1_97' title='bbox 761 804 857 826; x_wconf 89' lang='lat' dir='ltr'>autem</span> <span class='ocrx_word' id='word_1_98' title='bbox 879 797 1119 826; x_wconf 89' lang='lat' dir='ltr'>resurrectionem</span> <span class='ocrx_word' id='word_1_99' title='bbox 1141 797 1235 834; x_wconf 88' lang='lat' dir='ltr'>prima</span> <span class='ocrx_word' id='word_1_100' title='bbox 1255 797 1449 826; x_wconf 87' lang='lat' dir='ltr'>consideratio</span> <span class='ocrx_word' id='word_1_101' title='bbox 1471 803 1513 825; x_wconf 89' lang='lat' dir='ltr'>est</span> 
     </span>
     <span class='ocr_line' id='line_1_15' title="bbox 447 837 1511 875; baseline -0.001 -8"><span class='ocrx_word' id='word_1_102' title='bbox 447 840 483 868; x_wconf 92' lang='lat' dir='ltr'>de</span> <span class='ocrx_word' id='word_1_103' title='bbox 505 838 689 875; x_wconf 87' lang='lat' dir='ltr'>receptaculis</span> <span class='ocrx_word' id='word_1_104' title='bbox 710 837 871 866; x_wconf 88' lang='lat' dir='ltr'>animarum</span> <span class='ocrx_word' id='word_1_105' title='bbox 894 845 961 874; x_wconf 92' lang='lat' dir='ltr'>post</span> <span class='ocrx_word' id='word_1_106' title='bbox 982 845 1105 866; x_wconf 89' lang='lat' dir='ltr'>mortem</span> <span class='ocrx_word' id='word_1_107' title='bbox 1128 838 1168 866; x_wconf 90' lang='lat' dir='ltr'>eis</span> <span class='ocrx_word' id='word_1_108' title='bbox 1189 837 1353 874; x_wconf 79' lang='lat' dir='ltr'>assignatis3</span> <span class='ocrx_word' id='word_1_109' title='bbox 1373 838 1511 873; x_wconf 89' lang='lat' dir='ltr'>secundo,</span> 
     </span>
     <span class='ocr_line' id='line_1_16' title="bbox 448 877 1512 917; baseline -0.002 -9"><span class='ocrx_word' id='word_1_110' title='bbox 448 881 483 908; x_wconf 92' lang='lat' dir='ltr'>de</span> <span class='ocrx_word' id='word_1_111' title='bbox 501 879 636 917; x_wconf 89' lang='lat' dir='ltr'>qualitate</span> <span class='ocrx_word' id='word_1_112' title='bbox 651 885 678 906; x_wconf 90' lang='lat' dir='ltr'>et</span> <span class='ocrx_word' id='word_1_113' title='bbox 692 887 788 915; x_wconf 92' lang='lat' dir='ltr'>poena</span> <span class='ocrx_word' id='word_1_114' title='bbox 801 878 963 906; x_wconf 90' lang='lat' dir='ltr'>animarum</span> <span class='ocrx_word' id='word_1_115' title='bbox 979 885 1175 914; x_wconf 83' lang='lat' dir='ltr'>separatarum</span> <span class='ocrx_word' id='word_1_116' title='bbox 1191 877 1231 906; x_wconf 90' lang='lat' dir='ltr'>eis</span> <span class='ocrx_word' id='word_1_117' title='bbox 1252 879 1288 906; x_wconf 92' lang='lat' dir='ltr'>ab</span> <span class='ocrx_word' id='word_1_118' title='bbox 1303 877 1368 915; x_wconf 86' lang='lat' dir='ltr'>igne</span> <span class='ocrx_word' id='word_1_119' title='bbox 1386 878 1512 914; x_wconf 87' lang='lat' dir='ltr'>inflicta;</span> 
     </span>
     <span class='ocr_line' id='line_1_17' title="bbox 447 918 1512 955; baseline -0.001 -7"><span class='ocrx_word' id='word_1_120' title='bbox 447 920 541 955; x_wconf 88' lang='lat' dir='ltr'>tertio,</span> <span class='ocrx_word' id='word_1_121' title='bbox 553 921 588 947; x_wconf 89' lang='lat' dir='ltr'>de</span> <span class='ocrx_word' id='word_1_122' title='bbox 599 918 739 955; x_wconf 84' lang='lat' dir='ltr'>suffragiis</span> <span class='ocrx_word' id='word_1_123' title='bbox 751 918 855 955; x_wconf 91' lang='lat' dir='ltr'>quibus</span> <span class='ocrx_word' id='word_1_124' title='bbox 869 918 983 946; x_wconf 90' lang='lat' dir='ltr'>animae</span> <span class='ocrx_word' id='word_1_125' title='bbox 995 919 1196 946; x_wconf 81' lang='lat' dir='ltr'>defunctorum</span> <span class='ocrx_word' id='word_1_126' title='bbox 1209 927 1226 946; x_wconf 91' lang='lat' dir='ltr'>a</span> <span class='ocrx_word' id='word_1_127' title='bbox 1239 918 1309 946; x_wconf 89' lang='lat' dir='ltr'>vivis</span> <span class='ocrx_word' id='word_1_128' title='bbox 1324 918 1512 954; x_wconf 78' lang='lat' dir='ltr'>adiuvantur3</span> 
     </span>
     <span class='ocr_line' id='line_1_18' title="bbox 447 958 1512 997; baseline -0.001 -9"><span class='ocrx_word' id='word_1_129' title='bbox 447 966 560 997; x_wconf 89' lang='lat' dir='ltr'>quarto,</span> <span class='ocrx_word' id='word_1_130' title='bbox 583 960 618 986; x_wconf 92' lang='lat' dir='ltr'>de</span> <span class='ocrx_word' id='word_1_131' title='bbox 639 958 820 986; x_wconf 89' lang='lat' dir='ltr'>orationibus</span> <span class='ocrx_word' id='word_1_132' title='bbox 841 965 1007 986; x_wconf 86' lang='lat' dir='ltr'>sanctorum</span> <span class='ocrx_word' id='word_1_133' title='bbox 1029 958 1059 985; x_wconf 90' lang='lat' dir='ltr'>in</span> <span class='ocrx_word' id='word_1_134' title='bbox 1080 958 1172 994; x_wconf 88' lang='lat' dir='ltr'>patria</span> <span class='ocrx_word' id='word_1_135' title='bbox 1187 958 1384 994; x_wconf 87' lang='lat' dir='ltr'>existentium;</span> <span class='ocrx_word' id='word_1_136' title='bbox 1400 959 1512 996; x_wconf 89' lang='lat' dir='ltr'>quinto,</span> 
     </span>
     <span class='ocr_line' id='line_1_19' title="bbox 447 998 1512 1036; baseline -0.002 -8"><span class='ocrx_word' id='word_1_137' title='bbox 447 1001 483 1028; x_wconf 91' lang='lat' dir='ltr'>de</span> <span class='ocrx_word' id='word_1_138' title='bbox 493 999 580 1036; x_wconf 90' lang='lat' dir='ltr'>signis</span> <span class='ocrx_word' id='word_1_139' title='bbox 590 999 728 1027; x_wconf 90' lang='lat' dir='ltr'>iudicium</span> <span class='ocrx_word' id='word_1_140' title='bbox 742 998 874 1035; x_wconf 88' lang='lat' dir='ltr'>generale</span> <span class='ocrx_word' id='word_1_141' title='bbox 888 998 1142 1035; x_wconf 79' lang='lat' dir='ltr'>praecedentibus3</span> <span class='ocrx_word' id='word_1_142' title='bbox 1158 1005 1248 1034; x_wconf 88' lang='lat' dir='ltr'>sexto,</span> <span class='ocrx_word' id='word_1_143' title='bbox 1264 999 1300 1026; x_wconf 91' lang='lat' dir='ltr'>de</span> <span class='ocrx_word' id='word_1_144' title='bbox 1314 998 1380 1035; x_wconf 82' lang='lat' dir='ltr'>igne</span> <span class='ocrx_word' id='word_1_145' title='bbox 1394 998 1512 1027; x_wconf 87' lang='lat' dir='ltr'>ultimae</span> 
     </span>
     <span class='ocr_line' id='line_1_20' title="bbox 447 1038 1305 1076; baseline -0.002 -8"><span class='ocrx_word' id='word_1_146' title='bbox 447 1039 682 1076; x_wconf 83' lang='lat' dir='ltr'>conflagrationis</span> <span class='ocrx_word' id='word_1_147' title='bbox 703 1038 805 1066; x_wconf 87' lang='lat' dir='ltr'>mundi</span> <span class='ocrx_word' id='word_1_148' title='bbox 827 1038 876 1075; x_wconf 85' lang='lat' dir='ltr'>qui</span> <span class='ocrx_word' id='word_1_149' title='bbox 899 1038 999 1066; x_wconf 84' lang='lat' dir='ltr'>faciem</span> <span class='ocrx_word' id='word_1_150' title='bbox 1021 1038 1123 1067; x_wconf 91' lang='lat' dir='ltr'>iudicis</span> <span class='ocrx_word' id='word_1_151' title='bbox 1144 1039 1305 1074; x_wconf 87' lang='lat' dir='ltr'>praecedet.</span> 
     </span>
    </p>

    <p class='ocr_par' dir='ltr' id='par_1_6' title="bbox 500 1078 1430 1116">
     <span class='ocr_line' id='line_1_21' title="bbox 500 1078 1430 1116; baseline -0.001 -9"><span class='ocrx_word' id='word_1_152' title='bbox 500 1080 584 1108; x_wconf 89' lang='lat' dir='ltr'>Circa</span> <span class='ocrx_word' id='word_1_153' title='bbox 604 1079 730 1116; x_wconf 89' lang='lat' dir='ltr'>primurn</span> <span class='ocrx_word' id='word_1_154' title='bbox 753 1085 930 1115; x_wconf 87' lang='lat' dir='ltr'>quaeruntur</span> <span class='ocrx_word' id='word_1_155' title='bbox 950 1085 1071 1114; x_wconf 88' lang='lat' dir='ltr'>septem.</span> <span class='ocrx_word' id='word_1_156' title='bbox 1095 1078 1203 1113; x_wconf 86' lang='lat' dir='ltr'>Primo,</span> <span class='ocrx_word' id='word_1_157' title='bbox 1225 1084 1322 1106; x_wconf 88' lang='lat' dir='ltr'>utrum</span> <span class='ocrx_word' id='word_1_158' title='bbox 1339 1089 1353 1104; x_wconf 74' lang='lat' dir='ltr'>x&gt;</span> <span class='ocrx_word' id='word_1_159' title='bbox 1377 1084 1430 1106; x_wconf 87' lang='lat' dir='ltr'>etc.</span> 
     </span>
    </p>
   </div>
   <div class='ocr_carea' id='block_1_4' title="bbox 437 1174 1516 3574">
    <p class='ocr_par' dir='ltr' id='par_1_7' title="bbox 445 1174 1513 1309">
     <span class='ocr_line' id='line_1_22' title="bbox 501 1174 1512 1216; baseline -0.004 -8"><span class='ocrx_word' id='word_1_160' title='bbox 501 1177 769 1208; x_wconf 89' lang='lat' dir='ltr'>Inconvenientiis</span> <span class='ocrx_word' id='word_1_161' title='bbox 783 1186 851 1207; x_wconf 91' lang='lat' dir='ltr'>non</span> <span class='ocrx_word' id='word_1_162' title='bbox 862 1176 973 1216; x_wconf 83' lang='lat' dir='ltr'>paucis</span> <span class='ocrx_word' id='word_1_163' title='bbox 988 1185 1048 1206; x_wconf 91' lang='lat' dir='ltr'>nec</span> <span class='ocrx_word' id='word_1_164' title='bbox 1060 1176 1183 1206; x_wconf 91' lang='lat' dir='ltr'>levibus</span> <span class='ocrx_word' id='word_1_165' title='bbox 1199 1175 1335 1216; x_wconf 88' lang='lat' dir='ltr'>analysis</span> <span class='ocrx_word' id='word_1_166' title='bbox 1353 1175 1412 1205; x_wconf 89' lang='lat' dir='ltr'>ista</span> <span class='ocrx_word' id='word_1_167' title='bbox 1423 1174 1512 1205; x_wconf 92' lang='lat' dir='ltr'>labo—</span> 
     </span>
     <span class='ocr_line' id='line_1_23' title="bbox 446 1219 1513 1262; baseline -0.005 -8"><span class='ocrx_word' id='word_1_168' title='bbox 446 1229 502 1254; x_wconf 90' lang='lat' dir='ltr'>rat.</span> <span class='ocrx_word' id='word_1_169' title='bbox 526 1222 632 1252; x_wconf 90' lang='lat' dir='ltr'>Prima</span> <span class='ocrx_word' id='word_1_170' title='bbox 647 1227 694 1252; x_wconf 90' lang='lat' dir='ltr'>est</span> <span class='ocrx_word' id='word_1_171' title='bbox 709 1221 798 1262; x_wconf 92' lang='lat' dir='ltr'>quod</span> <span class='ocrx_word' id='word_1_172' title='bbox 813 1221 878 1251; x_wconf 89' lang='lat' dir='ltr'>iam</span> <span class='ocrx_word' id='word_1_173' title='bbox 894 1221 932 1251; x_wconf 92' lang='lat' dir='ltr'>ab</span> <span class='ocrx_word' id='word_1_174' title='bbox 948 1221 1040 1251; x_wconf 91' lang='lat' dir='ltr'>initio</span> <span class='ocrx_word' id='word_1_175' title='bbox 1054 1220 1229 1250; x_wconf 90' lang='lat' dir='ltr'>dictionem</span> <span class='ocrx_word' id='word_1_176' title='bbox 1246 1219 1398 1250; x_wconf 89' lang='lat' dir='ltr'>Summae</span> <span class='ocrx_word' id='word_1_177' title='bbox 1413 1219 1513 1259; x_wconf 91' lang='lat' dir='ltr'>negli—</span> 
     </span>
     <span class='ocr_line' id='line_1_24' title="bbox 445 1265 883 1309; baseline -0.009 -10"><span class='ocrx_word' id='word_1_178' title='bbox 445 1269 506 1309; x_wconf 84' lang='lat' dir='ltr'>git;</span> <span class='ocrx_word' id='word_1_179' title='bbox 531 1267 570 1298; x_wconf 89' lang='lat' dir='ltr'>de</span> <span class='ocrx_word' id='word_1_180' title='bbox 594 1275 661 1307; x_wconf 92' lang='lat' dir='ltr'>quo</span> <span class='ocrx_word' id='word_1_181' title='bbox 685 1265 758 1296; x_wconf 92' lang='lat' dir='ltr'>vide</span> <span class='ocrx_word' id='word_1_182' title='bbox 781 1275 812 1296; x_wconf 91' lang='lat' dir='ltr'>n.</span> <span class='ocrx_word' id='word_1_183' title='bbox 834 1265 883 1295; x_wconf 85' lang='lat'>13.</span> 
     </span>
    </p>

    <p class='ocr_par' dir='ltr' id='par_1_8' title="bbox 444 1310 1514 1841">
     <span class='ocr_line' id='line_1_25' title="bbox 501 1310 1513 1350; baseline -0.004 -8"><span class='ocrx_word' id='word_1_184' title='bbox 501 1310 662 1347; x_wconf 89' lang='lat' dir='ltr'>Secundo,</span> <span class='ocrx_word' id='word_1_185' title='bbox 680 1315 875 1350; x_wconf 88' lang='lat' dir='ltr'>conceptum</span> <span class='ocrx_word' id='word_1_186' title='bbox 902 1323 915 1336; x_wconf 86' lang='lat'>‹</span> <span class='ocrx_word' id='word_1_187' title='bbox 934 1319 1022 1340; x_wconf 90' lang='lat' dir='ltr'>mors</span> <span class='ocrx_word' id='word_1_188' title='bbox 1040 1318 1166 1349; x_wconf 91' lang='lat' dir='ltr'>poenae</span> <span class='ocrx_word' id='word_1_189' title='bbox 1185 1321 1199 1335; x_wconf 83' lang='lat'><strong>»</strong></span> <span class='ocrx_word' id='word_1_190' title='bbox 1221 1313 1386 1339; x_wconf 91' lang='lat' dir='ltr'>mutuatus</span> <span class='ocrx_word' id='word_1_191' title='bbox 1409 1313 1456 1338; x_wconf 92' lang='lat' dir='ltr'>est</span> <span class='ocrx_word' id='word_1_192' title='bbox 1475 1317 1513 1338; x_wconf 82' lang='lat' dir='ltr'>ex</span> 
     </span>
     <span class='ocr_line' id='line_1_26' title="bbox 445 1352 1511 1397; baseline -0.005 -10"><span class='ocrx_word' id='word_1_193' title='bbox 445 1357 584 1397; x_wconf 88' lang='lat' dir='ltr'>Prologo</span> <span class='ocrx_word' id='word_1_194' title='bbox 609 1355 640 1386; x_wconf 91' lang='lat' dir='ltr'>S.</span> <span class='ocrx_word' id='word_1_195' title='bbox 658 1355 806 1385; x_wconf 91' lang='lat' dir='ltr'>Thomae</span> <span class='ocrx_word' id='word_1_196' title='bbox 829 1355 862 1385; x_wconf 92' lang='lat' dir='ltr'>in</span> <span class='ocrx_word' id='word_1_197' title='bbox 886 1354 929 1384; x_wconf 92' lang='lat' dir='ltr'>IV</span> <span class='ocrx_word' id='word_1_198' title='bbox 952 1354 1104 1390; x_wconf 87' lang='lat' dir='ltr'>Librum;</span> <span class='ocrx_word' id='word_1_199' title='bbox 1128 1363 1194 1394; x_wconf 94' lang='lat' dir='ltr'>quo</span> <span class='ocrx_word' id='word_1_200' title='bbox 1219 1352 1309 1383; x_wconf 88' lang='lat' dir='ltr'>fonte</span> <span class='ocrx_word' id='word_1_201' title='bbox 1325 1357 1511 1393; x_wconf 87' lang='lat' dir='ltr'>comparato</span> 
     </span>
     <span class='ocr_line' id='line_1_27' title="bbox 444 1397 1513 1442; baseline -0.005 -10"><span class='ocrx_word' id='word_1_202' title='bbox 444 1402 564 1442; x_wconf 92' lang='lat' dir='ltr'>patebit</span> <span class='ocrx_word' id='word_1_203' title='bbox 593 1409 719 1441; x_wconf 88' lang='lat' dir='ltr'>poenae</span> <span class='ocrx_word' id='word_1_204' title='bbox 750 1399 922 1429; x_wconf 86' lang='lat' dir='ltr'>convenire</span> <span class='ocrx_word' id='word_1_205' title='bbox 954 1404 1089 1429; x_wconf 87' lang='lat' dir='ltr'>mortem</span> <span class='ocrx_word' id='word_1_206' title='bbox 1112 1398 1236 1434; x_wconf 91' lang='lat' dir='ltr'>vocari,</span> <span class='ocrx_word' id='word_1_207' title='bbox 1262 1397 1393 1438; x_wconf 88' lang='lat' dir='ltr'>quando</span> <span class='ocrx_word' id='word_1_208' title='bbox 1418 1397 1513 1437; x_wconf 90' lang='lat' dir='ltr'>culpa</span> 
     </span>
     <span class='ocr_line' id='line_1_28' title="bbox 445 1441 1512 1485; baseline -0.004 -9"><span class='ocrx_word' id='word_1_209' title='bbox 445 1446 632 1485; x_wconf 85' lang='lat' dir='ltr'>intelligitur</span> <span class='ocrx_word' id='word_1_210' title='bbox 662 1444 852 1485; x_wconf 85' lang='lat' dir='ltr'>infirmitas:</span> <span class='ocrx_word' id='word_1_211' title='bbox 891 1457 905 1470; x_wconf 84' lang='lat'>‹</span> <span class='ocrx_word' id='word_1_212' title='bbox 925 1444 966 1474; x_wconf 90' lang='lat' dir='ltr'>Et</span> <span class='ocrx_word' id='word_1_213' title='bbox 995 1443 1069 1474; x_wconf 89' lang='lat' dir='ltr'>ideo</span> <span class='ocrx_word' id='word_1_214' title='bbox 1102 1443 1198 1483; x_wconf 89' lang='lat' dir='ltr'>culpa</span> <span class='ocrx_word' id='word_1_215' title='bbox 1226 1442 1267 1473; x_wconf 93' lang='lat' dir='ltr'>ad</span> <span class='ocrx_word' id='word_1_216' title='bbox 1295 1441 1512 1473; x_wconf 88' lang='lat' dir='ltr'>infirmitatem</span> 
     </span>
     <span class='ocr_line' id='line_1_29' title="bbox 445 1486 1513 1529; baseline -0.004 -8"><span class='ocrx_word' id='word_1_217' title='bbox 445 1490 616 1526; x_wconf 82' lang='lat' dir='ltr'>reducitur,</span> <span class='ocrx_word' id='word_1_218' title='bbox 634 1499 741 1529; x_wconf 90' lang='lat' dir='ltr'>poena</span> <span class='ocrx_word' id='word_1_219' title='bbox 755 1488 795 1518; x_wconf 93' lang='lat' dir='ltr'>ad</span> <span class='ocrx_word' id='word_1_220' title='bbox 810 1494 965 1518; x_wconf 90' lang='lat' dir='ltr'>mortem:</span> <span class='ocrx_word' id='word_1_221' title='bbox 986 1489 1062 1528; x_wconf 94' lang='lat' dir='ltr'>quia</span> <span class='ocrx_word' id='word_1_222' title='bbox 1077 1489 1128 1518; x_wconf 92' lang='lat' dir='ltr'>via</span> <span class='ocrx_word' id='word_1_223' title='bbox 1143 1488 1183 1518; x_wconf 88' lang='lat' dir='ltr'>ad</span> <span class='ocrx_word' id='word_1_224' title='bbox 1197 1496 1339 1527; x_wconf 88' lang='lat' dir='ltr'>poenam</span> <span class='ocrx_word' id='word_1_225' title='bbox 1355 1492 1402 1517; x_wconf 89' lang='lat' dir='ltr'>est</span> <span class='ocrx_word' id='word_1_226' title='bbox 1417 1486 1513 1526; x_wconf 89' lang='lat' dir='ltr'>culpa</span> 
     </span>
     <span class='ocr_line' id='line_1_30' title="bbox 445 1531 1514 1572; baseline -0.004 -7"><span class='ocrx_word' id='word_1_227' title='bbox 445 1536 527 1566; x_wconf 90' lang='lat' dir='ltr'>sicut</span> <span class='ocrx_word' id='word_1_228' title='bbox 549 1534 715 1564; x_wconf 89' lang='lat' dir='ltr'>infirmitas</span> <span class='ocrx_word' id='word_1_229' title='bbox 731 1532 771 1563; x_wconf 94' lang='lat' dir='ltr'>ad</span> <span class='ocrx_word' id='word_1_230' title='bbox 789 1539 928 1563; x_wconf 89' lang='lat' dir='ltr'>mortem</span> <span class='ocrx_word' id='word_1_231' title='bbox 947 1546 974 1563; x_wconf 84' lang='lat'>».</span> <span class='ocrx_word' id='word_1_232' title='bbox 1000 1533 1063 1564; x_wconf 90' lang='lat' dir='ltr'>Sed</span> <span class='ocrx_word' id='word_1_233' title='bbox 1085 1543 1146 1563; x_wconf 92' lang='lat' dir='ltr'>nec</span> <span class='ocrx_word' id='word_1_234' title='bbox 1168 1532 1298 1572; x_wconf 90' lang='lat' dir='ltr'>proprie</span> <span class='ocrx_word' id='word_1_235' title='bbox 1322 1531 1384 1562; x_wconf 92' lang='lat' dir='ltr'>dici</span> <span class='ocrx_word' id='word_1_236' title='bbox 1407 1536 1514 1571; x_wconf 89' lang='lat' dir='ltr'>potest</span> 
     </span>
     <span class='ocr_line' id='line_1_31' title="bbox 444 1575 1511 1618; baseline -0.004 -8"><span class='ocrx_word' id='word_1_237' title='bbox 444 1580 631 1610; x_wconf 83' lang='lat' dir='ltr'>resurrectio</span> <span class='ocrx_word' id='word_1_238' title='bbox 648 1579 779 1609; x_wconf 90' lang='lat' dir='ltr'>liberare</span> <span class='ocrx_word' id='word_1_239' title='bbox 808 1591 820 1604; x_wconf 86' lang='lat'>‹</span> <span class='ocrx_word' id='word_1_240' title='bbox 841 1588 858 1608; x_wconf 92' lang='lat' dir='ltr'>a</span> <span class='ocrx_word' id='word_1_241' title='bbox 880 1583 985 1608; x_wconf 88' lang='lat' dir='ltr'>morte</span> <span class='ocrx_word' id='word_1_242' title='bbox 1000 1587 1125 1618; x_wconf 90' lang='lat' dir='ltr'>poenae</span> <span class='ocrx_word' id='word_1_243' title='bbox 1145 1591 1172 1607; x_wconf 85' lang='grc'>».</span> <span class='ocrx_word' id='word_1_244' title='bbox 1197 1577 1279 1607; x_wconf 91' lang='lat' dir='ltr'>Nam</span> <span class='ocrx_word' id='word_1_245' title='bbox 1299 1576 1418 1607; x_wconf 89' lang='lat' dir='ltr'>ibidem</span> <span class='ocrx_word' id='word_1_246' title='bbox 1434 1575 1511 1606; x_wconf 92' lang='lat' dir='ltr'>dici-</span> 
     </span>
     <span class='ocr_line' id='line_1_32' title="bbox 444 1621 1511 1663; baseline -0.004 -9"><span class='ocrx_word' id='word_1_247' title='bbox 444 1630 509 1654; x_wconf 91' lang='lat' dir='ltr'>tur:</span> <span class='ocrx_word' id='word_1_248' title='bbox 538 1637 551 1650; x_wconf 83' lang='lat'><strong>«</strong></span> <span class='ocrx_word' id='word_1_249' title='bbox 571 1624 600 1653; x_wconf 94' lang='lat' dir='ltr'><strong>A</strong></span> <span class='ocrx_word' id='word_1_250' title='bbox 623 1629 727 1653; x_wconf 92' lang='lat' dir='ltr'>morte</span> <span class='ocrx_word' id='word_1_251' title='bbox 751 1632 827 1662; x_wconf 84' lang='lat' dir='ltr'>ergo</span> <span class='ocrx_word' id='word_1_252' title='bbox 852 1623 1067 1663; x_wconf 86' lang='lat' dir='ltr'>corruptionis</span> <span class='ocrx_word' id='word_1_253' title='bbox 1090 1628 1221 1652; x_wconf 87' lang='lat' dir='ltr'>naturae</span> <span class='ocrx_word' id='word_1_254' title='bbox 1245 1621 1339 1662; x_wconf 91' lang='lat' dir='ltr'>(idest</span> <span class='ocrx_word' id='word_1_255' title='bbox 1362 1631 1380 1651; x_wconf 90' lang='lat' dir='ltr'>a</span> <span class='ocrx_word' id='word_1_256' title='bbox 1402 1630 1511 1661; x_wconf 85' lang='lat' dir='ltr'>poena</span> 
     </span>
     <span class='ocr_line' id='line_1_33' title="bbox 445 1666 1510 1708; baseline -0.004 -9"><span class='ocrx_word' id='word_1_257' title='bbox 445 1668 571 1707; x_wconf 86' lang='lat' dir='ltr'>mortis)</span> <span class='ocrx_word' id='word_1_258' title='bbox 597 1668 709 1708; x_wconf 91' lang='lat' dir='ltr'>eripiet</span> <span class='ocrx_word' id='word_1_259' title='bbox 731 1668 875 1697; x_wconf 92' lang='lat' dir='ltr'>Verbum</span> <span class='ocrx_word' id='word_1_260' title='bbox 905 1668 1105 1697; x_wconf 90' lang='lat' dir='ltr'>incarnatum</span> <span class='ocrx_word' id='word_1_261' title='bbox 1128 1676 1185 1707; x_wconf 87' lang='lat' dir='ltr'>per</span> <span class='ocrx_word' id='word_1_262' title='bbox 1212 1666 1510 1697; x_wconf 89' lang='lat' dir='ltr'>resurrectionem...</span> 
     </span>
     <span class='ocr_line' id='line_1_34' title="bbox 444 1710 1511 1752; baseline -0.003 -9"><span class='ocrx_word' id='word_1_263' title='bbox 444 1713 500 1743; x_wconf 89' lang='lat' dir='ltr'>sed</span> <span class='ocrx_word' id='word_1_264' title='bbox 523 1723 541 1743; x_wconf 90' lang='lat' dir='ltr'>a</span> <span class='ocrx_word' id='word_1_265' title='bbox 564 1713 720 1742; x_wconf 84' lang='lat' dir='ltr'>mortibus</span> <span class='ocrx_word' id='word_1_266' title='bbox 730 1712 967 1751; x_wconf 83' lang='lat' dir='ltr'>poenalitatum</span> <span class='ocrx_word' id='word_1_267' title='bbox 990 1721 1048 1752; x_wconf 89' lang='lat' dir='ltr'>per</span> <span class='ocrx_word' id='word_1_268' title='bbox 1063 1712 1197 1752; x_wconf 86' lang='lat' dir='ltr'>gloriam</span> <span class='ocrx_word' id='word_1_269' title='bbox 1217 1725 1244 1742; x_wconf 78' lang='grc'>».</span> <span class='ocrx_word' id='word_1_270' title='bbox 1270 1710 1511 1750; x_wconf 92' lang='lat' dir='ltr'>Contrapositio</span> 
     </span>
     <span class='ocr_line' id='line_1_35' title="bbox 444 1755 1512 1798; baseline -0.003 -10"><span class='ocrx_word' id='word_1_271' title='bbox 444 1767 521 1798; x_wconf 91' lang='lat' dir='ltr'>ergo</span> <span class='ocrx_word' id='word_1_272' title='bbox 545 1758 656 1787; x_wconf 91' lang='lat' dir='ltr'>mortis</span> <span class='ocrx_word' id='word_1_273' title='bbox 681 1757 794 1796; x_wconf 89' lang='lat' dir='ltr'>culpae</span> <span class='ocrx_word' id='word_1_274' title='bbox 817 1757 913 1787; x_wconf 91' lang='lat' dir='ltr'>morti</span> <span class='ocrx_word' id='word_1_275' title='bbox 935 1766 1061 1797; x_wconf 89' lang='lat' dir='ltr'>poenae</span> <span class='ocrx_word' id='word_1_276' title='bbox 1083 1757 1259 1796; x_wconf 88' lang='lat' dir='ltr'>impropria</span> <span class='ocrx_word' id='word_1_277' title='bbox 1278 1760 1325 1786; x_wconf 90' lang='lat' dir='ltr'>est</span> <span class='ocrx_word' id='word_1_278' title='bbox 1348 1760 1379 1785; x_wconf 91' lang='lat' dir='ltr'>et</span> <span class='ocrx_word' id='word_1_279' title='bbox 1402 1755 1512 1795; x_wconf 87' lang='lat' dir='ltr'>aequi-</span> 
     </span>
     <span class='ocr_line' id='line_1_36' title="bbox 445 1801 1131 1841; baseline 0 -10"><span class='ocrx_word' id='word_1_280' title='bbox 445 1812 541 1837; x_wconf 92' lang='lat' dir='ltr'>voca;</span> <span class='ocrx_word' id='word_1_281' title='bbox 567 1801 736 1832; x_wconf 89' lang='lat' dir='ltr'>artificium</span> <span class='ocrx_word' id='word_1_282' title='bbox 759 1802 849 1841; x_wconf 90' lang='lat' dir='ltr'>sapit,</span> <span class='ocrx_word' id='word_1_283' title='bbox 866 1810 934 1831; x_wconf 93' lang='lat' dir='ltr'>non</span> <span class='ocrx_word' id='word_1_284' title='bbox 957 1802 1131 1831; x_wconf 90' lang='lat' dir='ltr'>veritatem.</span> 
     </span>
    </p>

    <p class='ocr_par' dir='ltr' id='par_1_9' title="bbox 443 1844 1512 2153">
     <span class='ocr_line' id='line_1_37' title="bbox 499 1844 1511 1886; baseline -0.002 -10"><span class='ocrx_word' id='word_1_285' title='bbox 499 1846 621 1882; x_wconf 90' lang='lat' dir='ltr'>Tertio,</span> <span class='ocrx_word' id='word_1_286' title='bbox 650 1851 717 1876; x_wconf 88' lang='lat' dir='ltr'>tota</span> <span class='ocrx_word' id='word_1_287' title='bbox 744 1846 875 1876; x_wconf 90' lang='lat' dir='ltr'>materia</span> <span class='ocrx_word' id='word_1_288' title='bbox 907 1847 939 1876; x_wconf 93' lang='lat' dir='ltr'>in</span> <span class='ocrx_word' id='word_1_289' title='bbox 964 1846 1084 1886; x_wconf 88' lang='lat' dir='ltr'>analysi</span> <span class='ocrx_word' id='word_1_290' title='bbox 1113 1855 1212 1886; x_wconf 91' lang='lat' dir='ltr'>penes</span> <span class='ocrx_word' id='word_1_291' title='bbox 1245 1844 1511 1874; x_wconf 88' lang='lat' dir='ltr'>resurrectionem</span> 
     </span>
     <span class='ocr_line' id='line_1_38' title="bbox 445 1888 1508 1926; baseline -0.004 -5"><span class='ocrx_word' id='word_1_292' title='bbox 445 1890 611 1926; x_wconf 89' lang='lat' dir='ltr'>dividitur;</span> <span class='ocrx_word' id='word_1_293' title='bbox 636 1890 692 1920; x_wconf 91' lang='lat' dir='ltr'>sed</span> <span class='ocrx_word' id='word_1_294' title='bbox 714 1904 728 1917; x_wconf 83' lang='grc'><strong>«</strong></span> <span class='ocrx_word' id='word_1_295' title='bbox 743 1891 932 1921; x_wconf 80' lang='lat' dir='ltr'>resurrectio</span> <span class='ocrx_word' id='word_1_296' title='bbox 948 1890 988 1921; x_wconf 92' lang='lat' dir='ltr'>ad</span> <span class='ocrx_word' id='word_1_297' title='bbox 1003 1890 1294 1921; x_wconf 87' lang='lat' dir='ltr'>remunerationem</span> <span class='ocrx_word' id='word_1_298' title='bbox 1311 1888 1475 1919; x_wconf 92' lang='lat' dir='ltr'>ordinatur</span> <span class='ocrx_word' id='word_1_299' title='bbox 1494 1901 1508 1915; x_wconf 69' lang='grc' dir='ltr'><strong><em>ι</em></strong></span> 
     </span>
     <span class='ocr_line' id='line_1_39' title="bbox 445 1933 1511 1974; baseline -0.002 -9"><span class='ocrx_word' id='word_1_300' title='bbox 445 1935 538 1974; x_wconf 91' lang='lat' dir='ltr'>(Dist.</span> <span class='ocrx_word' id='word_1_301' title='bbox 564 1934 662 1974; x_wconf 83' lang='lat' dir='ltr'>me),</span> <span class='ocrx_word' id='word_1_302' title='bbox 691 1948 704 1961; x_wconf 84' lang='lat'>‹</span> <span class='ocrx_word' id='word_1_303' title='bbox 724 1935 764 1965; x_wconf 93' lang='lat' dir='ltr'>ad</span> <span class='ocrx_word' id='word_1_304' title='bbox 786 1935 1001 1965; x_wconf 88' lang='lat' dir='ltr'>immortalem</span> <span class='ocrx_word' id='word_1_305' title='bbox 1024 1936 1122 1965; x_wconf 89' lang='lat' dir='ltr'>vitam</span> <span class='ocrx_word' id='word_1_306' title='bbox 1145 1933 1340 1973; x_wconf 87' lang='lat' dir='ltr'>resurgendo</span> <span class='ocrx_word' id='word_1_307' title='bbox 1365 1933 1511 1974; x_wconf 89' lang='lat' dir='ltr'>perveni—</span> 
     </span>
     <span class='ocr_line' id='line_1_40' title="bbox 443 1977 1511 2018; baseline -0.002 -9"><span class='ocrx_word' id='word_1_308' title='bbox 443 1989 516 2010; x_wconf 89' lang='lat' dir='ltr'>mus</span> <span class='ocrx_word' id='word_1_309' title='bbox 536 1992 562 2008; x_wconf 83' lang='lat'>».</span> <span class='ocrx_word' id='word_1_310' title='bbox 588 1978 663 2009; x_wconf 92' lang='lat' dir='ltr'>Ideo</span> <span class='ocrx_word' id='word_1_311' title='bbox 689 1979 720 2010; x_wconf 91' lang='lat' dir='ltr'>S.</span> <span class='ocrx_word' id='word_1_312' title='bbox 737 1980 881 2010; x_wconf 90' lang='lat' dir='ltr'>Thomas</span> <span class='ocrx_word' id='word_1_313' title='bbox 904 1980 943 2009; x_wconf 90' lang='lat' dir='ltr'>ab</span> <span class='ocrx_word' id='word_1_314' title='bbox 967 1980 1063 2010; x_wconf 92' lang='lat' dir='ltr'>huius</span> <span class='ocrx_word' id='word_1_315' title='bbox 1085 1980 1169 2009; x_wconf 88' lang='lat' dir='ltr'>vitae</span> <span class='ocrx_word' id='word_1_316' title='bbox 1194 1983 1354 2018; x_wconf 90' lang='lat' dir='ltr'>conceptu</span> <span class='ocrx_word' id='word_1_317' title='bbox 1383 1977 1511 2008; x_wconf 84' lang='lat' dir='ltr'>ordiens</span> 
     </span>
     <span class='ocr_line' id='line_1_41' title="bbox 444 2021 1512 2064; baseline -0.002 -11"><span class='ocrx_word' id='word_1_318' title='bbox 444 2025 565 2054; x_wconf 89' lang='lat' dir='ltr'>circum</span> <span class='ocrx_word' id='word_1_319' title='bbox 599 2033 674 2053; x_wconf 90' lang='lat' dir='ltr'>eum</span> <span class='ocrx_word' id='word_1_320' title='bbox 705 2033 837 2054; x_wconf 91' lang='lat' dir='ltr'>omnem</span> <span class='ocrx_word' id='word_1_321' title='bbox 865 2025 1029 2054; x_wconf 84' lang='lat' dir='ltr'>materiam</span> <span class='ocrx_word' id='word_1_322' title='bbox 1061 2023 1284 2064; x_wconf 88' lang='lat' dir='ltr'>disposuisset,</span> <span class='ocrx_word' id='word_1_323' title='bbox 1309 2021 1512 2062; x_wconf 90' lang='lat' dir='ltr'>Compilator</span> 
     </span>
     <span class='ocr_line' id='line_1_42' title="bbox 444 2066 1512 2108; baseline -0.002 -11"><span class='ocrx_word' id='word_1_324' title='bbox 444 2078 520 2098; x_wconf 93' lang='lat' dir='ltr'>vero</span> <span class='ocrx_word' id='word_1_325' title='bbox 545 2068 634 2108; x_wconf 89' lang='lat' dir='ltr'>quasi</span> <span class='ocrx_word' id='word_1_326' title='bbox 658 2069 847 2098; x_wconf 89' lang='lat' dir='ltr'>architector</span> <span class='ocrx_word' id='word_1_327' title='bbox 869 2069 976 2098; x_wconf 88' lang='lat' dir='ltr'>minus</span> <span class='ocrx_word' id='word_1_328' title='bbox 1000 2069 1125 2108; x_wconf 90' lang='lat' dir='ltr'>sapiens</span> <span class='ocrx_word' id='word_1_329' title='bbox 1148 2068 1247 2097; x_wconf 89' lang='lat' dir='ltr'>totius</span> <span class='ocrx_word' id='word_1_330' title='bbox 1267 2067 1383 2097; x_wconf 90' lang='lat' dir='ltr'>domus</span> <span class='ocrx_word' id='word_1_331' title='bbox 1404 2066 1512 2106; x_wconf 92' lang='lat' dir='ltr'>dispo-</span> 
     </span>
     <span class='ocr_line' id='line_1_43' title="bbox 444 2112 1093 2153; baseline 0 -11"><span class='ocrx_word' id='word_1_332' title='bbox 444 2112 566 2143; x_wconf 90' lang='lat' dir='ltr'>nendae</span> <span class='ocrx_word' id='word_1_333' title='bbox 589 2112 746 2142; x_wconf 89' lang='lat' dir='ltr'>rationem</span> <span class='ocrx_word' id='word_1_334' title='bbox 771 2123 788 2142; x_wconf 94' lang='lat' dir='ltr'>a</span> <span class='ocrx_word' id='word_1_335' title='bbox 811 2113 969 2142; x_wconf 92' lang='lat' dir='ltr'>vestibulo</span> <span class='ocrx_word' id='word_1_336' title='bbox 993 2113 1093 2153; x_wconf 91' lang='lat' dir='ltr'>petiit.</span> 
     </span>
    </p>

    <p class='ocr_par' dir='ltr' id='par_1_10' title="bbox 437 2155 1514 2685">
     <span class='ocr_line' id='line_1_44' title="bbox 500 2155 1512 2197; baseline -0.002 -11"><span class='ocrx_word' id='word_1_337' title='bbox 500 2157 642 2194; x_wconf 88' lang='lat' dir='ltr'>Quarto,</span> <span class='ocrx_word' id='word_1_338' title='bbox 669 2155 782 2187; x_wconf 90' lang='lat' dir='ltr'>divisio</span> <span class='ocrx_word' id='word_1_339' title='bbox 813 2157 963 2187; x_wconf 91' lang='lat' dir='ltr'>materiae</span> <span class='ocrx_word' id='word_1_340' title='bbox 994 2167 1051 2197; x_wconf 91' lang='lat' dir='ltr'>per</span> <span class='ocrx_word' id='word_1_341' title='bbox 1075 2167 1112 2187; x_wconf 90' lang='lat' dir='ltr'>ea</span> <span class='ocrx_word' id='word_1_342' title='bbox 1135 2165 1218 2196; x_wconf 88' lang='lat' dir='ltr'>quae</span> <span class='ocrx_word' id='word_1_343' title='bbox 1245 2155 1512 2186; x_wconf 91' lang='lat' dir='ltr'>resurrectionem</span> 
     </span>
     <span class='ocr_line' id='line_1_45' title="bbox 437 2199 1513 2242; baseline -0.001 -11"><span class='ocrx_word' id='word_1_344' title='bbox 437 2201 647 2242; x_wconf 80' lang='lat' dir='ltr'>praecedunt,</span> <span class='ocrx_word' id='word_1_345' title='bbox 664 2201 934 2238; x_wconf 85' lang='lat' dir='ltr'>concomitantur,</span> <span class='ocrx_word' id='word_1_346' title='bbox 955 2207 1144 2242; x_wconf 84' lang='lat' dir='ltr'>sequuntur,</span> <span class='ocrx_word' id='word_1_347' title='bbox 1170 2206 1392 2240; x_wconf 87' lang='lat' dir='ltr'>praeterquam</span> <span class='ocrx_word' id='word_1_348' title='bbox 1423 2199 1513 2239; x_wconf 93' lang='lat' dir='ltr'>quod</span> 
     </span>
     <span class='ocr_line' id='line_1_46' title="bbox 443 2244 1512 2286; baseline -0.003 -10"><span class='ocrx_word' id='word_1_349' title='bbox 443 2246 709 2276; x_wconf 88' lang='lat' dir='ltr'>resurrectionem</span> <span class='ocrx_word' id='word_1_350' title='bbox 732 2246 834 2286; x_wconf 91' lang='lat' dir='ltr'>ipsam</span> <span class='ocrx_word' id='word_1_351' title='bbox 859 2256 876 2276; x_wconf 93' lang='lat' dir='ltr'>a</span> <span class='ocrx_word' id='word_1_352' title='bbox 899 2247 1086 2276; x_wconf 90' lang='lat' dir='ltr'>tractatione</span> <span class='ocrx_word' id='word_1_353' title='bbox 1110 2245 1278 2276; x_wconf 88' lang='lat' dir='ltr'>excludere</span> <span class='ocrx_word' id='word_1_354' title='bbox 1300 2244 1435 2280; x_wconf 84' lang='lat' dir='ltr'>videtur,</span> <span class='ocrx_word' id='word_1_355' title='bbox 1459 2253 1512 2274; x_wconf 88' lang='lat' dir='ltr'>ex-</span> 
     </span>
     <span class='ocr_line' id='line_1_47' title="bbox 443 2288 1511 2330; baseline -0.002 -10"><span class='ocrx_word' id='word_1_356' title='bbox 443 2291 598 2321; x_wconf 89' lang='lat' dir='ltr'>trinsecus</span> <span class='ocrx_word' id='word_1_357' title='bbox 629 2292 771 2330; x_wconf 88' lang='lat' dir='ltr'>quaesita</span> <span class='ocrx_word' id='word_1_358' title='bbox 802 2296 864 2327; x_wconf 81' lang='lat' dir='ltr'>est3</span> <span class='ocrx_word' id='word_1_359' title='bbox 903 2291 1099 2321; x_wconf 89' lang='lat' dir='ltr'>materialem</span> <span class='ocrx_word' id='word_1_360' title='bbox 1130 2290 1327 2320; x_wconf 86' lang='lat' dir='ltr'>executionis</span> <span class='ocrx_word' id='word_1_361' title='bbox 1365 2288 1511 2319; x_wconf 89' lang='lat' dir='ltr'>ordinem</span> 
     </span>
     <span class='ocr_line' id='line_1_48' title="bbox 445 2332 1512 2376; baseline -0.002 -11"><span class='ocrx_word' id='word_1_362' title='bbox 445 2336 587 2375; x_wconf 91' lang='lat' dir='ltr'>sequitur</span> <span class='ocrx_word' id='word_1_363' title='bbox 610 2339 641 2364; x_wconf 89' lang='lat' dir='ltr'>et</span> <span class='ocrx_word' id='word_1_364' title='bbox 663 2336 743 2366; x_wconf 92' lang='lat' dir='ltr'>nihil</span> <span class='ocrx_word' id='word_1_365' title='bbox 762 2336 905 2365; x_wconf 91' lang='lat' dir='ltr'>continet</span> <span class='ocrx_word' id='word_1_366' title='bbox 929 2335 1018 2376; x_wconf 91' lang='lat' dir='ltr'>quod</span> <span class='ocrx_word' id='word_1_367' title='bbox 1041 2346 1059 2365; x_wconf 96' lang='lat' dir='ltr'>a</span> <span class='ocrx_word' id='word_1_368' title='bbox 1074 2336 1169 2366; x_wconf 92' lang='lat' dir='ltr'>rebus</span> <span class='ocrx_word' id='word_1_369' title='bbox 1192 2335 1268 2375; x_wconf 88' lang='lat' dir='ltr'>ipsis</span> <span class='ocrx_word' id='word_1_370' title='bbox 1283 2333 1388 2373; x_wconf 89' lang='lat' dir='ltr'>logice</span> <span class='ocrx_word' id='word_1_371' title='bbox 1412 2332 1512 2363; x_wconf 91' lang='lat' dir='ltr'>dedu-</span> 
     </span>
     <span class='ocr_line' id='line_1_49' title="bbox 443 2377 1512 2420; baseline -0.002 -11"><span class='ocrx_word' id='word_1_372' title='bbox 443 2386 531 2409; x_wconf 90' lang='lat' dir='ltr'>ctum</span> <span class='ocrx_word' id='word_1_373' title='bbox 555 2380 604 2410; x_wconf 91' lang='lat' dir='ltr'>sit.</span> <span class='ocrx_word' id='word_1_374' title='bbox 628 2379 690 2410; x_wconf 91' lang='lat' dir='ltr'>Pro</span> <span class='ocrx_word' id='word_1_375' title='bbox 724 2381 912 2410; x_wconf 91' lang='lat' dir='ltr'>notionibus</span> <span class='ocrx_word' id='word_1_376' title='bbox 935 2380 1039 2420; x_wconf 90' lang='lat' dir='ltr'>plenis</span> <span class='ocrx_word' id='word_1_377' title='bbox 1063 2385 1095 2410; x_wconf 88' lang='lat' dir='ltr'>et</span> <span class='ocrx_word' id='word_1_378' title='bbox 1117 2379 1264 2410; x_wconf 86' lang='lat' dir='ltr'>fecundis</span> <span class='ocrx_word' id='word_1_379' title='bbox 1295 2377 1512 2408; x_wconf 88' lang='lat' dir='ltr'>obtruduntur</span> 
     </span>
     <span class='ocr_line' id='line_1_50' title="bbox 444 2422 1512 2463; baseline -0.002 -9"><span class='ocrx_word' id='word_1_380' title='bbox 444 2424 594 2454; x_wconf 88' lang='lat' dir='ltr'>notiones</span> <span class='ocrx_word' id='word_1_381' title='bbox 617 2423 797 2460; x_wconf 87' lang='lat' dir='ltr'>latissimae,</span> <span class='ocrx_word' id='word_1_382' title='bbox 814 2425 899 2455; x_wconf 88' lang='lat' dir='ltr'>intus</span> <span class='ocrx_word' id='word_1_383' title='bbox 924 2434 1037 2455; x_wconf 91' lang='lat' dir='ltr'>cavae:</span> <span class='ocrx_word' id='word_1_384' title='bbox 1063 2429 1147 2459; x_wconf 85' lang='lat' dir='ltr'>ante,</span> <span class='ocrx_word' id='word_1_385' title='bbox 1164 2424 1270 2458; x_wconf 78' lang='lat' dir='ltr'>simul,</span> <span class='ocrx_word' id='word_1_386' title='bbox 1282 2427 1368 2463; x_wconf 80' lang='lat' dir='ltr'>post,</span> <span class='ocrx_word' id='word_1_387' title='bbox 1385 2422 1426 2452; x_wconf 94' lang='lat' dir='ltr'>ad</span> <span class='ocrx_word' id='word_1_388' title='bbox 1448 2422 1512 2452; x_wconf 89' lang='lat' dir='ltr'>hoc</span> 
     </span>
     <span class='ocr_line' id='line_1_51' title="bbox 444 2466 1511 2508; baseline -0.002 -10"><span class='ocrx_word' id='word_1_389' title='bbox 444 2474 570 2498; x_wconf 89' lang='lat' dir='ltr'>tantum</span> <span class='ocrx_word' id='word_1_390' title='bbox 586 2468 680 2498; x_wconf 90' lang='lat' dir='ltr'>utiles</span> <span class='ocrx_word' id='word_1_391' title='bbox 699 2474 744 2505; x_wconf 87' lang='lat' dir='ltr'>ut,</span> <span class='ocrx_word' id='word_1_392' title='bbox 756 2479 831 2499; x_wconf 90' lang='lat' dir='ltr'>cum</span> <span class='ocrx_word' id='word_1_393' title='bbox 848 2474 933 2499; x_wconf 90' lang='lat' dir='ltr'>extra</span> <span class='ocrx_word' id='word_1_394' title='bbox 956 2479 993 2499; x_wconf 87' lang='lat' dir='ltr'>ea</span> <span class='ocrx_word' id='word_1_395' title='bbox 1009 2469 1067 2498; x_wconf 89' lang='lat' dir='ltr'>tria</span> <span class='ocrx_word' id='word_1_396' title='bbox 1084 2474 1234 2508; x_wconf 91' lang='lat' dir='ltr'>quartum</span> <span class='ocrx_word' id='word_1_397' title='bbox 1250 2477 1318 2498; x_wconf 91' lang='lat' dir='ltr'>non</span> <span class='ocrx_word' id='word_1_398' title='bbox 1334 2466 1435 2503; x_wconf 88' lang='lat' dir='ltr'>detur,</span> <span class='ocrx_word' id='word_1_399' title='bbox 1452 2467 1511 2497; x_wconf 92' lang='lat' dir='ltr'>sub</span> 
     </span>
     <span class='ocr_line' id='line_1_52' title="bbox 446 2511 1513 2552; baseline -0.002 -10"><span class='ocrx_word' id='word_1_400' title='bbox 446 2522 497 2542; x_wconf 88' lang='lat' dir='ltr'>eas</span> <span class='ocrx_word' id='word_1_401' title='bbox 526 2513 673 2543; x_wconf 90' lang='lat' dir='ltr'>omnium</span> <span class='ocrx_word' id='word_1_402' title='bbox 706 2513 942 2550; x_wconf 88' lang='lat' dir='ltr'>Quaestionum</span> <span class='ocrx_word' id='word_1_403' title='bbox 964 2513 1128 2543; x_wconf 89' lang='lat' dir='ltr'>materiam</span> <span class='ocrx_word' id='word_1_404' title='bbox 1161 2513 1268 2552; x_wconf 89' lang='lat' dir='ltr'>specie</span> <span class='ocrx_word' id='word_1_405' title='bbox 1295 2511 1513 2552; x_wconf 89' lang='lat' dir='ltr'>tripartitionis</span> 
     </span>
     <span class='ocr_line' id='line_1_53' title="bbox 446 2555 1513 2598; baseline -0.001 -11"><span class='ocrx_word' id='word_1_406' title='bbox 446 2557 628 2588; x_wconf 88' lang='lat' dir='ltr'>collocaret.</span> <span class='ocrx_word' id='word_1_407' title='bbox 656 2557 727 2597; x_wconf 90' lang='lat' dir='ltr'>Ipsa</span> <span class='ocrx_word' id='word_1_408' title='bbox 750 2557 913 2598; x_wconf 89' lang='lat' dir='ltr'>disparitas</span> <span class='ocrx_word' id='word_1_409' title='bbox 936 2563 1059 2598; x_wconf 89' lang='lat' dir='ltr'>septem</span> <span class='ocrx_word' id='word_1_410' title='bbox 1082 2558 1296 2592; x_wconf 91' lang='lat' dir='ltr'>materiarum,</span> <span class='ocrx_word' id='word_1_411' title='bbox 1314 2566 1393 2596; x_wconf 91' lang='lat' dir='ltr'>quas</span> <span class='ocrx_word' id='word_1_412' title='bbox 1413 2555 1513 2586; x_wconf 84' lang='lat' dir='ltr'>Com-</span> 
     </span>
     <span class='ocr_line' id='line_1_54' title="bbox 447 2601 1514 2642; baseline -0.001 -11"><span class='ocrx_word' id='word_1_413' title='bbox 447 2601 562 2642; x_wconf 88' lang='lat' dir='ltr'>pilator</span> <span class='ocrx_word' id='word_1_414' title='bbox 585 2602 733 2641; x_wconf 87' lang='lat' dir='ltr'>hospitali</span> <span class='ocrx_word' id='word_1_415' title='bbox 757 2602 851 2632; x_wconf 91' lang='lat' dir='ltr'>titulo</span> <span class='ocrx_word' id='word_1_416' title='bbox 878 2615 892 2628; x_wconf 67' lang='grc' dir='ltr'><em>α</em></span> <span class='ocrx_word' id='word_1_417' title='bbox 911 2601 1173 2642; x_wconf 89' lang='lat' dir='ltr'>praecedentium</span> <span class='ocrx_word' id='word_1_418' title='bbox 1193 2615 1207 2629; x_wconf 82' lang='lat'><strong>»</strong></span> <span class='ocrx_word' id='word_1_419' title='bbox 1233 2602 1266 2632; x_wconf 90' lang='lat' dir='ltr'>in</span> <span class='ocrx_word' id='word_1_420' title='bbox 1282 2610 1381 2631; x_wconf 91' lang='lat' dir='ltr'>unam</span> <span class='ocrx_word' id='word_1_421' title='bbox 1400 2601 1514 2631; x_wconf 90' lang='lat' dir='ltr'>seriem</span> 
     </span>
     <span class='ocr_line' id='line_1_55' title="bbox 447 2645 1106 2685; baseline 0 -9"><span class='ocrx_word' id='word_1_422' title='bbox 447 2645 585 2685; x_wconf 88' lang='lat' dir='ltr'>collegit,</span> <span class='ocrx_word' id='word_1_423' title='bbox 601 2646 801 2677; x_wconf 85' lang='lat' dir='ltr'>inscientiam</span> <span class='ocrx_word' id='word_1_424' title='bbox 825 2647 892 2677; x_wconf 91' lang='lat' dir='ltr'>eius</span> <span class='ocrx_word' id='word_1_425' title='bbox 915 2645 1106 2677; x_wconf 89' lang='lat' dir='ltr'>manifestat.</span> 
     </span>
    </p>

    <p class='ocr_par' dir='ltr' id='par_1_11' title="bbox 447 2689 1516 3262">
     <span class='ocr_line' id='line_1_56' title="bbox 503 2689 1515 2731; baseline -0.001 -11"><span class='ocrx_word' id='word_1_426' title='bbox 503 2690 638 2728; x_wconf 92' lang='lat' dir='ltr'>Quinto,</span> <span class='ocrx_word' id='word_1_427' title='bbox 659 2692 833 2722; x_wconf 90' lang='lat' dir='ltr'>correctiva</span> <span class='ocrx_word' id='word_1_428' title='bbox 859 2703 873 2718; x_wconf 83' lang='lat'>‹</span> <span class='ocrx_word' id='word_1_429' title='bbox 893 2690 1154 2731; x_wconf 90' lang='lat' dir='ltr'>praecedentium</span> <span class='ocrx_word' id='word_1_430' title='bbox 1174 2703 1188 2717; x_wconf 87' lang='grc'><strong><em>»</em></strong></span> <span class='ocrx_word' id='word_1_431' title='bbox 1221 2690 1376 2720; x_wconf 88' lang='lat' dir='ltr'>restrictio</span> <span class='ocrx_word' id='word_1_432' title='bbox 1408 2689 1448 2719; x_wconf 91' lang='lat' dir='ltr'>ad</span> <span class='ocrx_word' id='word_1_433' title='bbox 1478 2699 1515 2720; x_wconf 90' lang='lat' dir='ltr'>ea</span> 
     </span>
     <span class='ocr_line' id='line_1_57' title="bbox 452 2733 1515 2776; baseline 0 -12"><span class='ocrx_word' id='word_1_434' title='bbox 452 2748 465 2761; x_wconf 84' lang='lat'>‹</span> <span class='ocrx_word' id='word_1_435' title='bbox 486 2744 568 2775; x_wconf 90' lang='lat' dir='ltr'>quae</span> <span class='ocrx_word' id='word_1_436' title='bbox 584 2746 643 2776; x_wconf 93' lang='lat' dir='ltr'>pro</span> <span class='ocrx_word' id='word_1_437' title='bbox 667 2741 755 2775; x_wconf 89' lang='lat' dir='ltr'>parte</span> <span class='ocrx_word' id='word_1_438' title='bbox 772 2736 917 2775; x_wconf 90' lang='lat' dir='ltr'>quamvis</span> <span class='ocrx_word' id='word_1_439' title='bbox 940 2745 1007 2765; x_wconf 91' lang='lat' dir='ltr'>non</span> <span class='ocrx_word' id='word_1_440' title='bbox 1024 2744 1062 2765; x_wconf 87' lang='lat' dir='ltr'>ex</span> <span class='ocrx_word' id='word_1_441' title='bbox 1085 2740 1155 2765; x_wconf 86' lang='lat' dir='ltr'>toto</span> <span class='ocrx_word' id='word_1_442' title='bbox 1172 2734 1368 2774; x_wconf 91' lang='lat' dir='ltr'>praecedunt</span> <span class='ocrx_word' id='word_1_443' title='bbox 1386 2747 1414 2770; x_wconf 80' lang='grc'>»,</span> <span class='ocrx_word' id='word_1_444' title='bbox 1434 2733 1515 2764; x_wconf 87' lang='lat' dir='ltr'>diffi-</span> 
     </span>
     <span class='ocr_line' id='line_1_58' title="bbox 449 2779 1515 2819; baseline 0 -10"><span class='ocrx_word' id='word_1_445' title='bbox 449 2779 509 2810; x_wconf 90' lang='lat' dir='ltr'>cile</span> <span class='ocrx_word' id='word_1_446' title='bbox 533 2779 619 2810; x_wconf 91' lang='lat' dir='ltr'>dictu</span> <span class='ocrx_word' id='word_1_447' title='bbox 643 2787 690 2811; x_wconf 89' lang='lat' dir='ltr'>est</span> <span class='ocrx_word' id='word_1_448' title='bbox 713 2779 791 2819; x_wconf 93' lang='lat' dir='ltr'>quid</span> <span class='ocrx_word' id='word_1_449' title='bbox 814 2780 874 2810; x_wconf 87' lang='lat' dir='ltr'>sibi</span> <span class='ocrx_word' id='word_1_450' title='bbox 896 2780 982 2810; x_wconf 86' lang='lat' dir='ltr'>velit.</span> <span class='ocrx_word' id='word_1_451' title='bbox 1006 2779 1111 2810; x_wconf 92' lang='lat' dir='ltr'>Verba</span> <span class='ocrx_word' id='word_1_452' title='bbox 1134 2789 1152 2809; x_wconf 94' lang='lat' dir='ltr'>a</span> <span class='ocrx_word' id='word_1_453' title='bbox 1175 2779 1286 2819; x_wconf 90' lang='lat' dir='ltr'>seipsis</span> <span class='ocrx_word' id='word_1_454' title='bbox 1308 2788 1376 2809; x_wconf 92' lang='lat' dir='ltr'>non</span> <span class='ocrx_word' id='word_1_455' title='bbox 1409 2779 1515 2809; x_wconf 90' lang='lat' dir='ltr'>minus</span> 
     </span>
     <span class='ocr_line' id='line_1_59' title="bbox 448 2823 1516 2864; baseline 0 -10"><span class='ocrx_word' id='word_1_456' title='bbox 448 2823 572 2854; x_wconf 86' lang='lat' dir='ltr'>infinita</span> <span class='ocrx_word' id='word_1_457' title='bbox 603 2830 678 2854; x_wconf 90' lang='lat' dir='ltr'>sunt</span> <span class='ocrx_word' id='word_1_458' title='bbox 708 2829 739 2854; x_wconf 92' lang='lat' dir='ltr'>et</span> <span class='ocrx_word' id='word_1_459' title='bbox 761 2825 867 2854; x_wconf 87' lang='lat' dir='ltr'>inania</span> <span class='ocrx_word' id='word_1_460' title='bbox 898 2833 996 2864; x_wconf 91' lang='lat' dir='ltr'>quam</span> <span class='ocrx_word' id='word_1_461' title='bbox 1028 2825 1162 2854; x_wconf 91' lang='lat' dir='ltr'>verbum</span> <span class='ocrx_word' id='word_1_462' title='bbox 1189 2837 1202 2850; x_wconf 89' lang='lat'><strong>‹</strong></span> <span class='ocrx_word' id='word_1_463' title='bbox 1222 2823 1412 2864; x_wconf 88' lang='lat' dir='ltr'>praecedere</span> <span class='ocrx_word' id='word_1_464' title='bbox 1430 2837 1458 2854; x_wconf 83' lang='lat'>».</span> <span class='ocrx_word' id='word_1_465' title='bbox 1483 2824 1516 2855; x_wconf 90' lang='lat' dir='ltr'>Si</span> 
     </span>
     <span class='ocr_line' id='line_1_60' title="bbox 448 2868 1515 2908; baseline 0 -10"><span class='ocrx_word' id='word_1_466' title='bbox 448 2868 624 2907; x_wconf 87' lang='lat' dir='ltr'>significare</span> <span class='ocrx_word' id='word_1_467' title='bbox 647 2868 834 2899; x_wconf 88' lang='lat' dir='ltr'>intendunt:</span> <span class='ocrx_word' id='word_1_468' title='bbox 867 2868 973 2908; x_wconf 88' lang='lat' dir='ltr'>aliqua</span> <span class='ocrx_word' id='word_1_469' title='bbox 1003 2869 1126 2899; x_wconf 90' lang='lat' dir='ltr'>ratione</span> <span class='ocrx_word' id='word_1_470' title='bbox 1156 2868 1346 2908; x_wconf 87' lang='lat' dir='ltr'>praecedere</span> <span class='ocrx_word' id='word_1_471' title='bbox 1378 2877 1515 2899; x_wconf 87' lang='lat' dir='ltr'>resurre-</span> 
     </span>
     <span class='ocr_line' id='line_1_61' title="bbox 449 2912 1515 2953; baseline 0.001 -11"><span class='ocrx_word' id='word_1_472' title='bbox 449 2913 600 2948; x_wconf 84' lang='lat' dir='ltr'>ctionem,</span> <span class='ocrx_word' id='word_1_473' title='bbox 617 2914 724 2953; x_wconf 93' lang='lat' dir='ltr'>aliqua</span> <span class='ocrx_word' id='word_1_474' title='bbox 739 2913 861 2943; x_wconf 86' lang='lat' dir='ltr'>ratione</span> <span class='ocrx_word' id='word_1_475' title='bbox 877 2914 986 2953; x_wconf 89' lang='lat' dir='ltr'>sequi;</span> <span class='ocrx_word' id='word_1_476' title='bbox 1010 2914 1075 2943; x_wconf 92' lang='lat' dir='ltr'>hoc</span> <span class='ocrx_word' id='word_1_477' title='bbox 1096 2913 1273 2953; x_wconf 88' lang='lat' dir='ltr'>aliqualiter</span> <span class='ocrx_word' id='word_1_478' title='bbox 1295 2922 1369 2943; x_wconf 91' lang='lat' dir='ltr'>vere</span> <span class='ocrx_word' id='word_1_479' title='bbox 1393 2912 1515 2943; x_wconf 89' lang='lat' dir='ltr'>dictum</span> 
     </span>
     <span class='ocr_line' id='line_1_62' title="bbox 449 2957 1514 2998; baseline 0.002 -12"><span class='ocrx_word' id='word_1_480' title='bbox 449 2963 504 2993; x_wconf 89' lang='lat' dir='ltr'>est,</span> <span class='ocrx_word' id='word_1_481' title='bbox 522 2957 596 2988; x_wconf 90' lang='lat' dir='ltr'>licet</span> <span class='ocrx_word' id='word_1_482' title='bbox 619 2957 837 2988; x_wconf 89' lang='lat' dir='ltr'>diversissimis</span> <span class='ocrx_word' id='word_1_483' title='bbox 859 2957 975 2994; x_wconf 89' lang='lat' dir='ltr'>modis,</span> <span class='ocrx_word' id='word_1_484' title='bbox 993 2957 1032 2988; x_wconf 94' lang='lat' dir='ltr'>de</span> <span class='ocrx_word' id='word_1_485' title='bbox 1055 2958 1264 2998; x_wconf 88' lang='lat' dir='ltr'>receptaculis</span> <span class='ocrx_word' id='word_1_486' title='bbox 1288 2963 1319 2988; x_wconf 92' lang='lat' dir='ltr'>et</span> <span class='ocrx_word' id='word_1_487' title='bbox 1341 2967 1457 2997; x_wconf 89' lang='lat' dir='ltr'>poena,</span> <span class='ocrx_word' id='word_1_488' title='bbox 1475 2957 1514 2988; x_wconf 91' lang='lat' dir='ltr'>de</span> 
     </span>
     <span class='ocr_line' id='line_1_63' title="bbox 448 3001 1514 3042; baseline 0.001 -11"><span class='ocrx_word' id='word_1_489' title='bbox 448 3001 567 3032; x_wconf 90' lang='lat' dir='ltr'>iudicio</span> <span class='ocrx_word' id='word_1_490' title='bbox 590 3002 730 3042; x_wconf 88' lang='lat' dir='ltr'>generali</span> <span class='ocrx_word' id='word_1_491' title='bbox 746 3002 837 3032; x_wconf 92' lang='lat' dir='ltr'>cuius</span> <span class='ocrx_word' id='word_1_492' title='bbox 859 3003 948 3042; x_wconf 85' lang='lat' dir='ltr'>signa</span> <span class='ocrx_word' id='word_1_493' title='bbox 963 3002 1169 3042; x_wconf 89' lang='lat' dir='ltr'>praecedunt,</span> <span class='ocrx_word' id='word_1_494' title='bbox 1187 3002 1226 3032; x_wconf 91' lang='lat' dir='ltr'>de</span> <span class='ocrx_word' id='word_1_495' title='bbox 1250 3003 1323 3042; x_wconf 84' lang='lat' dir='ltr'>igne</span> <span class='ocrx_word' id='word_1_496' title='bbox 1340 3001 1514 3042; x_wconf 85' lang='lat' dir='ltr'>conflagra-</span> 
     </span>
     <span class='ocr_line' id='line_1_64' title="bbox 447 3046 1515 3087; baseline 0.002 -12"><span class='ocrx_word' id='word_1_497' title='bbox 447 3046 544 3076; x_wconf 89' lang='lat' dir='ltr'>tionis</span> <span class='ocrx_word' id='word_1_498' title='bbox 568 3047 624 3086; x_wconf 92' lang='lat' dir='ltr'>qui</span> <span class='ocrx_word' id='word_1_499' title='bbox 653 3046 808 3086; x_wconf 90' lang='lat' dir='ltr'>reprobos</span> <span class='ocrx_word' id='word_1_500' title='bbox 838 3047 989 3077; x_wconf 90' lang='lat' dir='ltr'>involvet.</span> <span class='ocrx_word' id='word_1_501' title='bbox 1024 3047 1067 3077; x_wconf 88' lang='lat' dir='ltr'>At</span> <span class='ocrx_word' id='word_1_502' title='bbox 1090 3047 1116 3077; x_wconf 92' lang='lat' dir='ltr'>si</span> <span class='ocrx_word' id='word_1_503' title='bbox 1139 3047 1191 3077; x_wconf 91' lang='lat' dir='ltr'>hic</span> <span class='ocrx_word' id='word_1_504' title='bbox 1219 3056 1330 3077; x_wconf 91' lang='lat' dir='ltr'>sensus</span> <span class='ocrx_word' id='word_1_505' title='bbox 1362 3051 1425 3083; x_wconf 89' lang='lat' dir='ltr'>est,</span> <span class='ocrx_word' id='word_1_506' title='bbox 1450 3054 1515 3087; x_wconf 88' lang='lat' dir='ltr'>qua</span> 
     </span>
     <span class='ocr_line' id='line_1_65' title="bbox 447 3090 1514 3131; baseline 0.002 -11"><span class='ocrx_word' id='word_1_507' title='bbox 447 3099 523 3130; x_wconf 87' lang='lat' dir='ltr'>ergo</span> <span class='ocrx_word' id='word_1_508' title='bbox 547 3091 670 3121; x_wconf 89' lang='lat' dir='ltr'>ratione</span> <span class='ocrx_word' id='word_1_509' title='bbox 689 3090 835 3130; x_wconf 87' lang='lat' dir='ltr'>suffragia</span> <span class='ocrx_word' id='word_1_510' title='bbox 858 3091 1006 3121; x_wconf 88' lang='lat' dir='ltr'>vivorum</span> <span class='ocrx_word' id='word_1_511' title='bbox 1030 3100 1089 3131; x_wconf 91' lang='lat' dir='ltr'>pro</span> <span class='ocrx_word' id='word_1_512' title='bbox 1115 3091 1273 3122; x_wconf 88' lang='lat' dir='ltr'>defunctis</span> <span class='ocrx_word' id='word_1_513' title='bbox 1298 3096 1329 3121; x_wconf 91' lang='lat' dir='ltr'>et</span> <span class='ocrx_word' id='word_1_514' title='bbox 1352 3092 1514 3122; x_wconf 88' lang='lat' dir='ltr'>orationes</span> 
     </span>
     <span class='ocr_line' id='line_1_66' title="bbox 448 3135 1514 3175; baseline 0.002 -11"><span class='ocrx_word' id='word_1_515' title='bbox 448 3140 631 3165; x_wconf 85' lang='lat' dir='ltr'>sanctorum</span> <span class='ocrx_word' id='word_1_516' title='bbox 654 3144 722 3165; x_wconf 89' lang='lat' dir='ltr'>non</span> <span class='ocrx_word' id='word_1_517' title='bbox 745 3145 783 3165; x_wconf 87' lang='lat' dir='ltr'>ex</span> <span class='ocrx_word' id='word_1_518' title='bbox 806 3140 876 3166; x_wconf 90' lang='lat' dir='ltr'>toto</span> <span class='ocrx_word' id='word_1_519' title='bbox 900 3135 1106 3175; x_wconf 90' lang='lat' dir='ltr'>praecedunt,</span> <span class='ocrx_word' id='word_1_520' title='bbox 1129 3145 1204 3166; x_wconf 92' lang='lat' dir='ltr'>cum</span> <span class='ocrx_word' id='word_1_521' title='bbox 1228 3136 1364 3166; x_wconf 90' lang='lat' dir='ltr'>omnino</span> <span class='ocrx_word' id='word_1_522' title='bbox 1388 3145 1514 3166; x_wconf 90' lang='lat' dir='ltr'>cessura</span> 
     </span>
     <span class='ocr_line' id='line_1_67' title="bbox 447 3176 1514 3220; baseline 0.003 -12"><span class='ocrx_word' id='word_1_523' title='bbox 447 3176 527 3208; x_wconf 89' lang='lat' dir='ltr'>sint?</span> <span class='ocrx_word' id='word_1_524' title='bbox 551 3179 672 3210; x_wconf 88' lang='lat' dir='ltr'>Iudicet</span> <span class='ocrx_word' id='word_1_525' title='bbox 695 3189 771 3219; x_wconf 87' lang='lat' dir='ltr'>ergo</span> <span class='ocrx_word' id='word_1_526' title='bbox 794 3180 863 3219; x_wconf 89' lang='lat' dir='ltr'>ipse</span> <span class='ocrx_word' id='word_1_527' title='bbox 886 3179 997 3216; x_wconf 87' lang='lat' dir='ltr'>lector,</span> <span class='ocrx_word' id='word_1_528' title='bbox 1022 3190 1063 3210; x_wconf 86' lang='lat' dir='ltr'>an</span> <span class='ocrx_word' id='word_1_529' title='bbox 1086 3189 1217 3210; x_wconf 90' lang='lat' dir='ltr'>sensum</span> <span class='ocrx_word' id='word_1_530' title='bbox 1247 3189 1345 3220; x_wconf 90' lang='lat' dir='ltr'>quem</span> <span class='ocrx_word' id='word_1_531' title='bbox 1376 3179 1514 3211; x_wconf 86' lang='lat' dir='ltr'>diximus</span> 
     </span>
     <span class='ocr_line' id='line_1_68' title="bbox 447 3223 1217 3262; baseline 0.004 -10"><span class='ocrx_word' id='word_1_532' title='bbox 447 3228 502 3252; x_wconf 91' lang='lat' dir='ltr'>aut</span> <span class='ocrx_word' id='word_1_533' title='bbox 525 3232 623 3262; x_wconf 89' lang='lat' dir='ltr'>quem</span> <span class='ocrx_word' id='word_1_534' title='bbox 646 3224 744 3253; x_wconf 91' lang='lat' dir='ltr'>alium</span> <span class='ocrx_word' id='word_1_535' title='bbox 768 3233 869 3254; x_wconf 88' lang='lat' dir='ltr'>vacua</span> <span class='ocrx_word' id='word_1_536' title='bbox 891 3225 987 3254; x_wconf 92' lang='lat' dir='ltr'>verba</span> <span class='ocrx_word' id='word_1_537' title='bbox 1011 3223 1217 3255; x_wconf 86' lang='lat' dir='ltr'>abscondant.</span> 
     </span>
    </p>

    <p class='ocr_par' dir='ltr' id='par_1_12' title="bbox 446 3267 1513 3574">
     <span class='ocr_line' id='line_1_69' title="bbox 502 3267 1513 3309; baseline 0.002 -12"><span class='ocrx_word' id='word_1_538' title='bbox 502 3267 608 3302; x_wconf 80' lang='lat' dir='ltr'>Sexto,</span> <span class='ocrx_word' id='word_1_539' title='bbox 626 3267 766 3298; x_wconf 86' lang='lat' dir='ltr'>defectui</span> <span class='ocrx_word' id='word_1_540' title='bbox 788 3268 868 3298; x_wconf 88' lang='lat' dir='ltr'>alius</span> <span class='ocrx_word' id='word_1_541' title='bbox 891 3269 1015 3307; x_wconf 85' lang='lat' dir='ltr'>generis</span> <span class='ocrx_word' id='word_1_542' title='bbox 1038 3269 1236 3309; x_wconf 88' lang='lat' dir='ltr'>imputamus</span> <span class='ocrx_word' id='word_1_543' title='bbox 1259 3267 1349 3308; x_wconf 92' lang='lat' dir='ltr'>quod</span> <span class='ocrx_word' id='word_1_544' title='bbox 1376 3268 1513 3309; x_wconf 90' lang='lat' dir='ltr'>Supple—</span> 
     </span>
     <span class='ocr_line' id='line_1_70' title="bbox 447 3312 1513 3353; baseline 0.003 -13"><span class='ocrx_word' id='word_1_545' title='bbox 447 3316 557 3341; x_wconf 91' lang='lat' dir='ltr'>mento</span> <span class='ocrx_word' id='word_1_546' title='bbox 589 3312 733 3351; x_wconf 85' lang='lat' dir='ltr'>specialis</span> <span class='ocrx_word' id='word_1_547' title='bbox 764 3313 908 3352; x_wconf 88' lang='lat' dir='ltr'>quaestio</span> <span class='ocrx_word' id='word_1_548' title='bbox 939 3312 979 3342; x_wconf 87' lang='lat' dir='ltr'>de</span> <span class='ocrx_word' id='word_1_549' title='bbox 1008 3313 1196 3353; x_wconf 87' lang='lat' dir='ltr'>Purgatorio</span> <span class='ocrx_word' id='word_1_550' title='bbox 1220 3312 1317 3343; x_wconf 87' lang='lat' dir='ltr'>deest.</span> <span class='ocrx_word' id='word_1_551' title='bbox 1353 3313 1389 3343; x_wconf 93' lang='lat' dir='ltr'>In</span> <span class='ocrx_word' id='word_1_552' title='bbox 1412 3313 1513 3343; x_wconf 90' lang='lat' dir='ltr'>Corn—</span> 
     </span>
     <span class='ocr_line' id='line_1_71' title="bbox 446 3355 1511 3397; baseline 0.003 -13"><span class='ocrx_word' id='word_1_553' title='bbox 446 3355 603 3385; x_wconf 85' lang='lat' dir='ltr'>mentario</span> <span class='ocrx_word' id='word_1_554' title='bbox 636 3356 756 3386; x_wconf 88' lang='lat' dir='ltr'>scilicet</span> <span class='ocrx_word' id='word_1_555' title='bbox 788 3357 891 3396; x_wconf 89' lang='lat' dir='ltr'>agitur</span> <span class='ocrx_word' id='word_1_556' title='bbox 923 3356 963 3387; x_wconf 90' lang='lat' dir='ltr'>de</span> <span class='ocrx_word' id='word_1_557' title='bbox 995 3357 1180 3397; x_wconf 87' lang='lat' dir='ltr'>purgatorio</span> <span class='ocrx_word' id='word_1_558' title='bbox 1209 3356 1414 3387; x_wconf 87' lang='lat' dir='ltr'>distinctione</span> <span class='ocrx_word' id='word_1_559' title='bbox 1443 3367 1511 3388; x_wconf 80' lang='lat' dir='ltr'>xxi:</span> 
     </span>
     <span class='ocr_line' id='line_1_72' title="bbox 450 3399 1513 3441; baseline 0.004 -13"><span class='ocrx_word' id='word_1_560' title='bbox 450 3411 463 3425; x_wconf 67' lang='grc' dir='ltr'><strong>α</strong></span> <span class='ocrx_word' id='word_1_561' title='bbox 483 3399 545 3429; x_wconf 88' lang='lat' dir='ltr'>Hic</span> <span class='ocrx_word' id='word_1_562' title='bbox 569 3404 616 3429; x_wconf 90' lang='lat' dir='ltr'>est</span> <span class='ocrx_word' id='word_1_563' title='bbox 638 3399 752 3439; x_wconf 87' lang='lat' dir='ltr'>triplex</span> <span class='ocrx_word' id='word_1_564' title='bbox 775 3401 931 3440; x_wconf 89' lang='lat' dir='ltr'>quaestio.</span> <span class='ocrx_word' id='word_1_565' title='bbox 955 3400 1061 3431; x_wconf 88' lang='lat' dir='ltr'>Prima</span> <span class='ocrx_word' id='word_1_566' title='bbox 1084 3401 1124 3431; x_wconf 91' lang='lat' dir='ltr'>de</span> <span class='ocrx_word' id='word_1_567' title='bbox 1147 3402 1349 3441; x_wconf 64' lang='lat' dir='ltr'>purgator-im</span> <span class='ocrx_word' id='word_1_568' title='bbox 1373 3401 1513 3432; x_wconf 85' lang='lat' dir='ltr'>secunda</span> 
     </span>
     <span class='ocr_line' id='line_1_73' title="bbox 447 3442 1511 3485; baseline 0.003 -12"><span class='ocrx_word' id='word_1_569' title='bbox 447 3442 487 3473; x_wconf 91' lang='lat' dir='ltr'>de</span> <span class='ocrx_word' id='word_1_570' title='bbox 514 3443 717 3474; x_wconf 90' lang='lat' dir='ltr'>confessione</span> <span class='ocrx_word' id='word_1_571' title='bbox 746 3444 900 3484; x_wconf 84' lang='lat' dir='ltr'>generali;</span> <span class='ocrx_word' id='word_1_572' title='bbox 930 3445 1022 3474; x_wconf 89' lang='lat' dir='ltr'>tertia</span> <span class='ocrx_word' id='word_1_573' title='bbox 1051 3444 1091 3475; x_wconf 90' lang='lat' dir='ltr'>de</span> <span class='ocrx_word' id='word_1_574' title='bbox 1120 3445 1223 3485; x_wconf 90' lang='lat' dir='ltr'>sigillo</span> <span class='ocrx_word' id='word_1_575' title='bbox 1255 3445 1465 3478; x_wconf 83' lang='lat' dir='ltr'>confessionis</span> <span class='ocrx_word' id='word_1_576' title='bbox 1483 3457 1511 3476; x_wconf 68' lang='lat' dir='ltr'>s.</span> 
     </span>
     <span class='ocr_line' id='line_1_74' title="bbox 446 3487 1512 3529; baseline 0.003 -12"><span class='ocrx_word' id='word_1_577' title='bbox 446 3487 547 3517; x_wconf 88' lang='lat' dir='ltr'>Valde</span> <span class='ocrx_word' id='word_1_578' title='bbox 564 3488 728 3528; x_wconf 86' lang='lat' dir='ltr'>probabile</span> <span class='ocrx_word' id='word_1_579' title='bbox 745 3493 791 3518; x_wconf 92' lang='lat' dir='ltr'>est</span> <span class='ocrx_word' id='word_1_580' title='bbox 813 3493 850 3518; x_wconf 88' lang='lat' dir='ltr'>ut</span> <span class='ocrx_word' id='word_1_581' title='bbox 869 3488 1080 3528; x_wconf 89' lang='lat' dir='ltr'>Compilator‚</span> <span class='ocrx_word' id='word_1_582' title='bbox 1094 3488 1134 3519; x_wconf 91' lang='lat' dir='ltr'>de</span> <span class='ocrx_word' id='word_1_583' title='bbox 1151 3490 1322 3529; x_wconf 90' lang='lat' dir='ltr'>exemplari</span> <span class='ocrx_word' id='word_1_584' title='bbox 1335 3488 1512 3520; x_wconf 90' lang='lat' dir='ltr'>Commen-</span> 
     </span>
     <span class='ocr_line' id='line_1_75' title="bbox 446 3531 1511 3574; baseline 0.003 -13"><span class='ocrx_word' id='word_1_585' title='bbox 446 3531 516 3562; x_wconf 89' lang='lat' dir='ltr'>tarii</span> <span class='ocrx_word' id='word_1_586' title='bbox 532 3541 568 3562; x_wconf 84' lang='lat' dir='ltr'>ea</span> <span class='ocrx_word' id='word_1_587' title='bbox 591 3541 674 3572; x_wconf 86' lang='lat' dir='ltr'>quae</span> <span class='ocrx_word' id='word_1_588' title='bbox 690 3531 730 3562; x_wconf 87' lang='lat' dir='ltr'>ad</span> <span class='ocrx_word' id='word_1_589' title='bbox 751 3531 989 3563; x_wconf 83' lang='lat' dir='ltr'>confessionem</span> <span class='ocrx_word' id='word_1_590' title='bbox 1005 3533 1165 3573; x_wconf 88' lang='lat' dir='ltr'>pertinent</span> <span class='ocrx_word' id='word_1_591' title='bbox 1184 3542 1280 3574; x_wconf 90' lang='lat' dir='ltr'>supra</span> <span class='ocrx_word' id='word_1_592' title='bbox 1295 3534 1417 3564; x_wconf 75' lang='lat' dir='ltr'>chartas</span> <span class='ocrx_word' id='word_1_593' title='bbox 1439 3543 1511 3564; x_wconf 83' lang='lat' dir='ltr'>suas</span> 
     </span>
    </p>
   </div>
   <div class='ocr_carea' id='block_1_5' title="bbox 1566 246 2635 909">
    <p class='ocr_par' dir='ltr' id='par_1_13' title="bbox 1566 246 2635 775">
     <span class='ocr_line' id='line_1_76' title="bbox 1569 246 2635 290; baseline 0.004 -13"><span class='ocrx_word' id='word_1_594' title='bbox 1569 246 1748 278; x_wconf 90' lang='lat' dir='ltr'>describens</span> <span class='ocrx_word' id='word_1_595' title='bbox 1779 247 1851 287; x_wconf 91' lang='lat' dir='ltr'>(qq.</span> <span class='ocrx_word' id='word_1_596' title='bbox 1874 255 1904 277; x_wconf 84' lang='lat' dir='ltr'>x.</span> <span class='ocrx_word' id='word_1_597' title='bbox 1927 246 1994 286; x_wconf 86' lang='lat' dir='ltr'>x1.)‚</span> <span class='ocrx_word' id='word_1_598' title='bbox 2019 247 2169 277; x_wconf 88' lang='lat' dir='ltr'>articulos</span> <span class='ocrx_word' id='word_1_599' title='bbox 2198 247 2239 278; x_wconf 90' lang='lat' dir='ltr'>de</span> <span class='ocrx_word' id='word_1_600' title='bbox 2267 250 2452 290; x_wconf 87' lang='lat' dir='ltr'>purgatorio</span> <span class='ocrx_word' id='word_1_601' title='bbox 2479 250 2635 281; x_wconf 83' lang='lat' dir='ltr'>distulerit</span> 
     </span>
     <span class='ocr_line' id='line_1_77' title="bbox 1568 290 2633 335; baseline 0.005 -14"><span class='ocrx_word' id='word_1_602' title='bbox 1568 291 1823 322; x_wconf 88' lang='lat' dir='ltr'>transcribendos</span> <span class='ocrx_word' id='word_1_603' title='bbox 1852 291 1934 321; x_wconf 90' lang='lat' dir='ltr'>inter</span> <span class='ocrx_word' id='word_1_604' title='bbox 1957 296 2062 321; x_wconf 89' lang='lat' dir='ltr'>cetera</span> <span class='ocrx_word' id='word_1_605' title='bbox 2084 290 2124 320; x_wconf 93' lang='lat' dir='ltr'>ad</span> <span class='ocrx_word' id='word_1_606' title='bbox 2146 293 2411 324; x_wconf 87' lang='lat' dir='ltr'>resurrectionem</span> <span class='ocrx_word' id='word_1_607' title='bbox 2433 295 2633 335; x_wconf 83' lang='lat' dir='ltr'>pertinentia,</span> 
     </span>
     <span class='ocr_line' id='line_1_78' title="bbox 1568 334 2634 375; baseline 0.004 -9"><span class='ocrx_word' id='word_1_608' title='bbox 1568 336 1624 366; x_wconf 93' lang='lat' dir='ltr'>ubi</span> <span class='ocrx_word' id='word_1_609' title='bbox 1651 349 1664 362; x_wconf 85' lang='lat'>«</span> <span class='ocrx_word' id='word_1_610' title='bbox 1684 335 1862 366; x_wconf 91' lang='lat' dir='ltr'>secundum</span> <span class='ocrx_word' id='word_1_611' title='bbox 1886 334 2032 365; x_wconf 91' lang='lat' dir='ltr'>ordinem</span> <span class='ocrx_word' id='word_1_612' title='bbox 2056 334 2240 375; x_wconf 86' lang='lat' dir='ltr'>disciplinae</span> <span class='ocrx_word' id='word_1_613' title='bbox 2260 349 2272 363; x_wconf 73' lang='grc' dir='ltr'><strong><em>ι</em></strong></span> <span class='ocrx_word' id='word_1_614' title='bbox 2301 339 2544 369; x_wconf 88' lang='lat' dir='ltr'>convenientius</span> <span class='ocrx_word' id='word_1_615' title='bbox 2573 344 2634 369; x_wconf 88' lang='lat' dir='ltr'>sta-</span> 
     </span>
     <span class='ocr_line' id='line_1_79' title="bbox 1567 380 2634 423; baseline 0.004 -13"><span class='ocrx_word' id='word_1_616' title='bbox 1567 386 1654 416; x_wconf 89' lang='lat' dir='ltr'>rent;</span> <span class='ocrx_word' id='word_1_617' title='bbox 1678 385 1789 420; x_wconf 90' lang='lat' dir='ltr'>postea</span> <span class='ocrx_word' id='word_1_618' title='bbox 1809 385 1915 410; x_wconf 88' lang='lat' dir='ltr'>tamen</span> <span class='ocrx_word' id='word_1_619' title='bbox 1933 380 2132 419; x_wconf 81' lang='lat' dir='ltr'>transcriptio</span> <span class='ocrx_word' id='word_1_620' title='bbox 2149 380 2381 421; x_wconf 84' lang='lat' dir='ltr'>quinquaginta</span> <span class='ocrx_word' id='word_1_621' title='bbox 2397 388 2520 423; x_wconf 87' lang='lat' dir='ltr'>septem</span> <span class='ocrx_word' id='word_1_622' title='bbox 2537 392 2634 423; x_wconf 90' lang='lat' dir='ltr'>quae-</span> 
     </span>
     <span class='ocr_line' id='line_1_80' title="bbox 1568 423 2635 467; baseline 0.003 -12"><span class='ocrx_word' id='word_1_623' title='bbox 1568 426 1711 455; x_wconf 89' lang='lat' dir='ltr'>stionum</span> <span class='ocrx_word' id='word_1_624' title='bbox 1735 424 1915 464; x_wconf 78' lang='lat' dir='ltr'>(xri-varrr)</span> <span class='ocrx_word' id='word_1_625' title='bbox 1948 423 2079 464; x_wconf 87' lang='lat' dir='ltr'>longam</span> <span class='ocrx_word' id='word_1_626' title='bbox 2101 433 2227 454; x_wconf 90' lang='lat' dir='ltr'>moram</span> <span class='ocrx_word' id='word_1_627' title='bbox 2250 425 2422 463; x_wconf 86' lang='lat' dir='ltr'>interiecit,</span> <span class='ocrx_word' id='word_1_628' title='bbox 2446 436 2512 467; x_wconf 93' lang='lat' dir='ltr'>quo</span> <span class='ocrx_word' id='word_1_629' title='bbox 2542 426 2635 458; x_wconf 83' lang='lat' dir='ltr'>facile</span> 
     </span>
     <span class='ocr_line' id='line_1_81' title="bbox 1568 467 2635 510; baseline 0.003 -11"><span class='ocrx_word' id='word_1_630' title='bbox 1568 468 1636 499; x_wconf 89' lang='lat' dir='ltr'>fieri</span> <span class='ocrx_word' id='word_1_631' title='bbox 1659 469 1766 509; x_wconf 89' lang='lat' dir='ltr'>potuit</span> <span class='ocrx_word' id='word_1_632' title='bbox 1789 474 1825 499; x_wconf 90' lang='lat' dir='ltr'>ut</span> <span class='ocrx_word' id='word_1_633' title='bbox 1849 469 2044 509; x_wconf 82' lang='lat' dir='ltr'>quaesu‘om&#39;s</span> <span class='ocrx_word' id='word_1_634' title='bbox 2069 467 2182 499; x_wconf 90' lang='lat' dir='ltr'>dilatae</span> <span class='ocrx_word' id='word_1_635' title='bbox 2203 470 2361 500; x_wconf 90' lang='lat' dir='ltr'>memoria</span> <span class='ocrx_word' id='word_1_636' title='bbox 2382 470 2577 510; x_wconf 86' lang='lat' dir='ltr'>perderetur.</span> <span class='ocrx_word' id='word_1_637' title='bbox 2602 470 2635 502; x_wconf 90' lang='lat' dir='ltr'>Si</span> 
     </span>
     <span class='ocr_line' id='line_1_82' title="bbox 1569 512 2635 554; baseline 0.004 -11"><span class='ocrx_word' id='word_1_638' title='bbox 1569 513 1770 554; x_wconf 90' lang='lat' dir='ltr'>Compilator</span> <span class='ocrx_word' id='word_1_639' title='bbox 1791 512 1870 543; x_wconf 94' lang='lat' dir='ltr'>dum</span> <span class='ocrx_word' id='word_1_640' title='bbox 1892 512 1932 543; x_wconf 93' lang='lat' dir='ltr'>ad</span> <span class='ocrx_word' id='word_1_641' title='bbox 1957 512 2123 553; x_wconf 87' lang='lat' dir='ltr'>analyseos</span> <span class='ocrx_word' id='word_1_642' title='bbox 2143 514 2287 543; x_wconf 92' lang='lat' dir='ltr'>membra</span> <span class='ocrx_word' id='word_1_643' title='bbox 2307 515 2510 554; x_wconf 85' lang='lat' dir='ltr'>congerenda</span> <span class='ocrx_word' id='word_1_644' title='bbox 2527 525 2635 546; x_wconf 84' lang='lat' dir='ltr'>exem-</span> 
     </span>
     <span class='ocr_line' id='line_1_83' title="bbox 1567 557 2635 600; baseline 0.003 -13"><span class='ocrx_word' id='word_1_645' title='bbox 1567 558 1662 598; x_wconf 89' lang='lat' dir='ltr'>plaris</span> <span class='ocrx_word' id='word_1_646' title='bbox 1686 557 1777 593; x_wconf 89' lang='lat' dir='ltr'>folia,</span> <span class='ocrx_word' id='word_1_647' title='bbox 1801 557 1851 588; x_wconf 91' lang='lat' dir='ltr'>vel</span> <span class='ocrx_word' id='word_1_648' title='bbox 1867 557 2045 593; x_wconf 92' lang='lat' dir='ltr'>Tabulam,</span> <span class='ocrx_word' id='word_1_649' title='bbox 2069 557 2226 597; x_wconf 86' lang='lat' dir='ltr'>vertebat,</span> <span class='ocrx_word' id='word_1_650' title='bbox 2249 557 2423 589; x_wconf 89' lang='lat' dir='ltr'>Rubricam</span> <span class='ocrx_word' id='word_1_651' title='bbox 2445 559 2494 590; x_wconf 93' lang='lat' dir='ltr'>De</span> <span class='ocrx_word' id='word_1_652' title='bbox 2517 559 2635 600; x_wconf 85' lang='lat' dir='ltr'>Purga-</span> 
     </span>
     <span class='ocr_line' id='line_1_84' title="bbox 1566 600 2635 644; baseline 0.002 -12"><span class='ocrx_word' id='word_1_653' title='bbox 1566 603 1651 632; x_wconf 88' lang='lat' dir='ltr'>torio</span> <span class='ocrx_word' id='word_1_654' title='bbox 1675 602 1864 638; x_wconf 88' lang='lat' dir='ltr'>invenisset,</span> <span class='ocrx_word' id='word_1_655' title='bbox 1889 600 2021 631; x_wconf 87' lang='lat' dir='ltr'>fortasse</span> <span class='ocrx_word' id='word_1_656' title='bbox 2044 601 2078 631; x_wconf 91' lang='lat' dir='ltr'>in</span> <span class='ocrx_word' id='word_1_657' title='bbox 2101 601 2222 642; x_wconf 91' lang='lat' dir='ltr'>analysi</span> <span class='ocrx_word' id='word_1_658' title='bbox 2245 607 2318 632; x_wconf 89' lang='lat' dir='ltr'>ante</span> <span class='ocrx_word' id='word_1_659' title='bbox 2345 615 2359 629; x_wconf 66' lang='grc' dir='ltr'>ε</span> <span class='ocrx_word' id='word_1_660' title='bbox 2379 602 2473 633; x_wconf 88' lang='lat' dir='ltr'>Circa</span> <span class='ocrx_word' id='word_1_661' title='bbox 2494 604 2635 644; x_wconf 91' lang='lat' dir='ltr'>primum</span> 
     </span>
     <span class='ocr_line' id='line_1_85' title="bbox 1569 645 2634 687; baseline 0.003 -11"><span class='ocrx_word' id='word_1_662' title='bbox 1569 652 1765 686; x_wconf 89' lang='lat' dir='ltr'>quaeruntur</span> <span class='ocrx_word' id='word_1_663' title='bbox 1788 651 1911 686; x_wconf 90' lang='lat' dir='ltr'>septem</span> <span class='ocrx_word' id='word_1_664' title='bbox 1927 659 1955 682; x_wconf 78' lang='lat'>»,</span> <span class='ocrx_word' id='word_1_665' title='bbox 1978 645 2178 676; x_wconf 89' lang='lat' dir='ltr'>inseruisset:</span> <span class='ocrx_word' id='word_1_666' title='bbox 2206 659 2220 673; x_wconf 86' lang='lat'>‹</span> <span class='ocrx_word' id='word_1_667' title='bbox 2239 645 2333 677; x_wconf 89' lang='lat' dir='ltr'>Circa</span> <span class='ocrx_word' id='word_1_668' title='bbox 2352 648 2556 687; x_wconf 87' lang='lat' dir='ltr'>receptacula</span> <span class='ocrx_word' id='word_1_669' title='bbox 2578 657 2634 678; x_wconf 90' lang='lat' dir='ltr'>au-</span> 
     </span>
     <span class='ocr_line' id='line_1_86' title="bbox 1566 689 2635 731; baseline 0.001 -10"><span class='ocrx_word' id='word_1_670' title='bbox 1566 696 1632 721; x_wconf 93' lang='lat' dir='ltr'>tem</span> <span class='ocrx_word' id='word_1_671' title='bbox 1651 691 1717 721; x_wconf 93' lang='lat' dir='ltr'>duo</span> <span class='ocrx_word' id='word_1_672' title='bbox 1730 690 1960 721; x_wconf 88' lang='lat' dir='ltr'>consideranda</span> <span class='ocrx_word' id='word_1_673' title='bbox 1974 695 2059 720; x_wconf 87' lang='lat' dir='ltr'>sunt.</span> <span class='ocrx_word' id='word_1_674' title='bbox 2082 690 2200 727; x_wconf 91' lang='lat' dir='ltr'>Primo,</span> <span class='ocrx_word' id='word_1_675' title='bbox 2218 689 2257 721; x_wconf 92' lang='lat' dir='ltr'>de</span> <span class='ocrx_word' id='word_1_676' title='bbox 2272 692 2480 731; x_wconf 88' lang='lat' dir='ltr'>receptaculis</span> <span class='ocrx_word' id='word_1_677' title='bbox 2495 692 2528 722; x_wconf 87' lang='lat' dir='ltr'>in</span> <span class='ocrx_word' id='word_1_678' title='bbox 2545 701 2635 722; x_wconf 91' lang='lat' dir='ltr'>com-</span> 
     </span>
     <span class='ocr_line' id='line_1_87' title="bbox 1567 735 2385 775; baseline 0 -10"><span class='ocrx_word' id='word_1_679' title='bbox 1567 736 1668 766; x_wconf 93' lang='lat' dir='ltr'>muni.</span> <span class='ocrx_word' id='word_1_680' title='bbox 1694 735 1855 771; x_wconf 89' lang='lat' dir='ltr'>Secundo,</span> <span class='ocrx_word' id='word_1_681' title='bbox 1881 735 1920 765; x_wconf 91' lang='lat' dir='ltr'>de</span> <span class='ocrx_word' id='word_1_682' title='bbox 1943 735 2128 775; x_wconf 87' lang='lat' dir='ltr'>purgatorio</span> <span class='ocrx_word' id='word_1_683' title='bbox 2152 736 2186 765; x_wconf 92' lang='lat' dir='ltr'>in</span> <span class='ocrx_word' id='word_1_684' title='bbox 2209 735 2338 775; x_wconf 91' lang='lat' dir='ltr'>speciali</span> <span class='ocrx_word' id='word_1_685' title='bbox 2357 748 2385 765; x_wconf 85' lang='lat'>».</span> 
     </span>
    </p>

    <p class='ocr_par' dir='ltr' id='par_1_14' title="bbox 1567 778 2634 864">
     <span class='ocr_line' id='line_1_88' title="bbox 1623 778 2634 820; baseline 0.001 -11"><span class='ocrx_word' id='word_1_686' title='bbox 1623 780 1740 810; x_wconf 91' lang='lat' dir='ltr'>Nonne</span> <span class='ocrx_word' id='word_1_687' title='bbox 1765 780 1963 810; x_wconf 87' lang='lat' dir='ltr'>verissimum</span> <span class='ocrx_word' id='word_1_688' title='bbox 1988 784 2035 809; x_wconf 91' lang='lat' dir='ltr'>est</span> <span class='ocrx_word' id='word_1_689' title='bbox 2057 778 2192 810; x_wconf 88' lang='lat' dir='ltr'>infelicis</span> <span class='ocrx_word' id='word_1_690' title='bbox 2222 779 2389 820; x_wconf 89' lang='lat' dir='ltr'>analyseos</span> <span class='ocrx_word' id='word_1_691' title='bbox 2412 785 2578 810; x_wconf 89' lang='lat' dir='ltr'>auctorem</span> <span class='ocrx_word' id='word_1_692' title='bbox 2600 789 2634 810; x_wconf 88' lang='lat' dir='ltr'>se</span> 
     </span>
     <span class='ocr_line' id='line_1_89' title="bbox 1567 821 2408 864; baseline 0 -10"><span class='ocrx_word' id='word_1_693' title='bbox 1567 824 1669 854; x_wconf 90' lang='lat' dir='ltr'>labori</span> <span class='ocrx_word' id='word_1_694' title='bbox 1691 824 1847 864; x_wconf 90' lang='lat' dir='ltr'>imparem</span> <span class='ocrx_word' id='word_1_695' title='bbox 1871 821 2056 854; x_wconf 87' lang='lat' dir='ltr'>ostendere?</span> <span class='ocrx_word' id='word_1_696' title='bbox 2079 823 2252 854; x_wconf 90' lang='lat' dir='ltr'>Videamus</span> <span class='ocrx_word' id='word_1_697' title='bbox 2276 823 2316 854; x_wconf 89' lang='lat' dir='ltr'>de</span> <span class='ocrx_word' id='word_1_698' title='bbox 2331 824 2408 855; x_wconf 90' lang='lat' dir='ltr'>aliis.</span> 
     </span>
    </p>

    <p class='ocr_par' dir='ltr' id='par_1_15' title="bbox 1624 868 2588 909">
     <span class='ocr_line' id='line_1_90' title="bbox 1624 868 2588 909; baseline 0 -10"><span class='ocrx_word' id='word_1_699' title='bbox 1624 868 1654 898; x_wconf 92' lang='lat'>8.</span> <span class='ocrx_word' id='word_1_700' title='bbox 1670 887 1693 891; x_wconf 92' lang='lat'><em>-</em></span> <span class='ocrx_word' id='word_1_701' title='bbox 1709 868 1941 907; x_wconf 87' lang='lat' dir='ltr'>Quaestionem</span> <span class='ocrx_word' id='word_1_702' title='bbox 1964 878 2048 899; x_wconf 80' lang='lat' dir='ltr'>Lvm.</span> <span class='ocrx_word' id='word_1_703' title='bbox 2071 868 2278 899; x_wconf 89' lang='lat' dir='ltr'>introducens</span> <span class='ocrx_word' id='word_1_704' title='bbox 2301 869 2465 909; x_wconf 88' lang='lat' dir='ltr'>pueriliter</span> <span class='ocrx_word' id='word_1_705' title='bbox 2487 868 2588 899; x_wconf 85' lang='lat' dir='ltr'>ludit:</span> 
     </span>
    </p>
   </div>
   <div class='ocr_carea' id='block_1_6' title="bbox 1566 968 2634 1204">
    <p class='ocr_par' dir='ltr' id='par_1_16' title="bbox 1566 968 2634 1204">
     <span class='ocr_line' id='line_1_91' title="bbox 1622 968 2632 1006; baseline 0.002 -11"><span class='ocrx_word' id='word_1_706' title='bbox 1622 979 1636 994; x_wconf 65' lang='grc' dir='ltr'><strong>α</strong></span> <span class='ocrx_word' id='word_1_707' title='bbox 1654 968 1765 996; x_wconf 89' lang='lat' dir='ltr'>Deinde</span> <span class='ocrx_word' id='word_1_708' title='bbox 1790 969 2034 997; x_wconf 89' lang='lat' dir='ltr'>considerandum</span> <span class='ocrx_word' id='word_1_709' title='bbox 2060 975 2102 997; x_wconf 93' lang='lat' dir='ltr'>est</span> <span class='ocrx_word' id='word_1_710' title='bbox 2122 970 2159 997; x_wconf 88' lang='lat' dir='ltr'>de</span> <span class='ocrx_word' id='word_1_711' title='bbox 2180 968 2309 1006; x_wconf 89' lang='lat' dir='ltr'>quinque</span> <span class='ocrx_word' id='word_1_712' title='bbox 2333 968 2548 1006; x_wconf 88' lang='lat' dir='ltr'>impedimentis</span> <span class='ocrx_word' id='word_1_713' title='bbox 2573 978 2632 998; x_wconf 86' lang='lat' dir='ltr'>ma-</span> 
     </span>
     <span class='ocr_line' id='line_1_92' title="bbox 1567 1007 2634 1046; baseline 0.003 -11"><span class='ocrx_word' id='word_1_714' title='bbox 1567 1007 1696 1036; x_wconf 89' lang='lat' dir='ltr'>trimonii</span> <span class='ocrx_word' id='word_1_715' title='bbox 1711 1008 1806 1043; x_wconf 88' lang='lat' dir='ltr'>simul,</span> <span class='ocrx_word' id='word_1_716' title='bbox 1818 1008 1924 1037; x_wconf 91' lang='lat' dir='ltr'>scilicet</span> <span class='ocrx_word' id='word_1_717' title='bbox 1935 1009 1971 1037; x_wconf 93' lang='lat' dir='ltr'>de</span> <span class='ocrx_word' id='word_1_718' title='bbox 1985 1009 2194 1045; x_wconf 88' lang='lat' dir='ltr'>impedimento</span> <span class='ocrx_word' id='word_1_719' title='bbox 2208 1009 2378 1046; x_wconf 84' lang='lat' dir='ltr'>frigiditatis,</span> <span class='ocrx_word' id='word_1_720' title='bbox 2390 1009 2533 1045; x_wconf 85' lang='lat' dir='ltr'>maleficii,</span> <span class='ocrx_word' id='word_1_721' title='bbox 2544 1009 2634 1038; x_wconf 84' lang='lat' dir='ltr'>furiae</span> 
     </span>
     <span class='ocr_line' id='line_1_93' title="bbox 1567 1047 2634 1087; baseline 0.003 -12"><span class='ocrx_word' id='word_1_722' title='bbox 1567 1048 1612 1076; x_wconf 91' lang='lat' dir='ltr'>vel</span> <span class='ocrx_word' id='word_1_723' title='bbox 1635 1047 1787 1083; x_wconf 87' lang='lat' dir='ltr'>amentiae,</span> <span class='ocrx_word' id='word_1_724' title='bbox 1812 1048 1947 1083; x_wconf 87' lang='lat' dir='ltr'>incestus,</span> <span class='ocrx_word' id='word_1_725' title='bbox 1969 1055 1998 1077; x_wconf 89' lang='lat' dir='ltr'>et</span> <span class='ocrx_word' id='word_1_726' title='bbox 2021 1049 2148 1078; x_wconf 91' lang='lat' dir='ltr'>defectus</span> <span class='ocrx_word' id='word_1_727' title='bbox 2171 1050 2281 1078; x_wconf 84' lang='lat' dir='ltr'>aetatis.</span> <span class='ocrx_word' id='word_1_728' title='bbox 2305 1051 2341 1078; x_wconf 83' lang='lat' dir='ltr'>Et</span> <span class='ocrx_word' id='word_1_729' title='bbox 2365 1049 2440 1078; x_wconf 87' lang='lat' dir='ltr'>circa</span> <span class='ocrx_word' id='word_1_730' title='bbox 2464 1050 2521 1078; x_wconf 86' lang='lat' dir='ltr'>hoc</span> <span class='ocrx_word' id='word_1_731' title='bbox 2545 1058 2634 1087; x_wconf 86' lang='lat' dir='ltr'>quae-</span> 
     </span>
     <span class='ocr_line' id='line_1_94' title="bbox 1566 1087 2633 1127; baseline 0.004 -13"><span class='ocrx_word' id='word_1_732' title='bbox 1566 1094 1670 1115; x_wconf 90' lang='lat' dir='ltr'>runtur</span> <span class='ocrx_word' id='word_1_733' title='bbox 1683 1087 1820 1124; x_wconf 89' lang='lat' dir='ltr'>quinque.</span> <span class='ocrx_word' id='word_1_734' title='bbox 1843 1088 1951 1122; x_wconf 87' lang='lat' dir='ltr'>Primo,</span> <span class='ocrx_word' id='word_1_735' title='bbox 1973 1095 2071 1117; x_wconf 88' lang='lat' dir='ltr'>utrum</span> <span class='ocrx_word' id='word_1_736' title='bbox 2092 1089 2231 1126; x_wconf 87' lang='lat' dir='ltr'>frigiditas</span> <span class='ocrx_word' id='word_1_737' title='bbox 2246 1089 2464 1118; x_wconf 87' lang='lat' dir='ltr'>matrimonium</span> <span class='ocrx_word' id='word_1_738' title='bbox 2485 1089 2633 1127; x_wconf 87' lang='lat' dir='ltr'>impediat.</span> 
     </span>
     <span class='ocr_line' id='line_1_95' title="bbox 1568 1127 2632 1163; baseline 0.005 -9"><span class='ocrx_word' id='word_1_739' title='bbox 1568 1127 1713 1163; x_wconf 86' lang='lat' dir='ltr'>Secundo,</span> <span class='ocrx_word' id='word_1_740' title='bbox 1737 1134 1834 1155; x_wconf 89' lang='lat' dir='ltr'>utrum</span> <span class='ocrx_word' id='word_1_741' title='bbox 1859 1127 2043 1156; x_wconf 87' lang='lat' dir='ltr'>maleficium.</span> <span class='ocrx_word' id='word_1_742' title='bbox 2068 1129 2180 1163; x_wconf 85' lang='lat' dir='ltr'>Tertio,</span> <span class='ocrx_word' id='word_1_743' title='bbox 2203 1136 2301 1157; x_wconf 89' lang='lat' dir='ltr'>utrum</span> <span class='ocrx_word' id='word_1_744' title='bbox 2326 1129 2400 1158; x_wconf 85' lang='lat' dir='ltr'>furia</span> <span class='ocrx_word' id='word_1_745' title='bbox 2422 1130 2468 1158; x_wconf 86' lang='lat' dir='ltr'>vel</span> <span class='ocrx_word' id='word_1_746' title='bbox 2495 1130 2632 1159; x_wconf 74' lang='lat' dir='ltr'>amentia.</span> 
     </span>
     <span class='ocr_line' id='line_1_96' title="bbox 1568 1168 2543 1204; baseline 0.003 -9"><span class='ocrx_word' id='word_1_747' title='bbox 1568 1168 1690 1201; x_wconf 85' lang='lat' dir='ltr'>Quarto,</span> <span class='ocrx_word' id='word_1_748' title='bbox 1712 1174 1810 1196; x_wconf 88' lang='lat' dir='ltr'>utrum</span> <span class='ocrx_word' id='word_1_749' title='bbox 1832 1168 1968 1196; x_wconf 86' lang='lat' dir='ltr'>incestus.</span> <span class='ocrx_word' id='word_1_750' title='bbox 1991 1168 2112 1204; x_wconf 83' lang='lat' dir='ltr'>Quinto,</span> <span class='ocrx_word' id='word_1_751' title='bbox 2133 1175 2232 1197; x_wconf 84' lang='lat' dir='ltr'>utrum</span> <span class='ocrx_word' id='word_1_752' title='bbox 2253 1169 2380 1198; x_wconf 85' lang='lat' dir='ltr'>defectus</span> <span class='ocrx_word' id='word_1_753' title='bbox 2400 1170 2501 1198; x_wconf 78' lang='lat' dir='ltr'>aetatis</span> <span class='ocrx_word' id='word_1_754' title='bbox 2517 1181 2543 1198; x_wconf 62' lang='lat' dir='ltr'>t.</span> 
     </span>
    </p>
   </div>
   <div class='ocr_carea' id='block_1_7' title="bbox 1566 1263 2636 2594">
    <p class='ocr_par' dir='ltr' id='par_1_17' title="bbox 1566 1263 2636 2460">
     <span class='ocr_line' id='line_1_97' title="bbox 1622 1263 2632 1304; baseline 0.002 -10"><span class='ocrx_word' id='word_1_755' title='bbox 1622 1263 1653 1293; x_wconf 92' lang='lat' dir='ltr'><strong>A</strong></span> <span class='ocrx_word' id='word_1_756' title='bbox 1675 1268 1764 1304; x_wconf 90' lang='lat' dir='ltr'>parte</span> <span class='ocrx_word' id='word_1_757' title='bbox 1793 1264 1911 1295; x_wconf 91' lang='lat' dir='ltr'>horum</span> <span class='ocrx_word' id='word_1_758' title='bbox 1934 1263 2242 1304; x_wconf 84' lang='lat' dir='ltr'>impedimentorum</span> <span class='ocrx_word' id='word_1_759' title='bbox 2270 1265 2360 1296; x_wconf 91' lang='lat' dir='ltr'>nulla</span> <span class='ocrx_word' id='word_1_760' title='bbox 2390 1266 2563 1296; x_wconf 79' lang='lat' dir='ltr'>necessitas</span> <span class='ocrx_word' id='word_1_761' title='bbox 2583 1267 2632 1297; x_wconf 93' lang='lat' dir='ltr'>vel</span> 
     </span>
     <span class='ocr_line' id='line_1_98' title="bbox 1568 1308 2634 1349; baseline 0.002 -11"><span class='ocrx_word' id='word_1_762' title='bbox 1568 1309 1792 1339; x_wconf 88' lang='lat' dir='ltr'>convenientia</span> <span class='ocrx_word' id='word_1_763' title='bbox 1816 1310 1942 1345; x_wconf 87' lang='lat' dir='ltr'>exstitit,</span> <span class='ocrx_word' id='word_1_764' title='bbox 1962 1318 2027 1349; x_wconf 87' lang='lat' dir='ltr'>qua</span> <span class='ocrx_word' id='word_1_765' title='bbox 2048 1308 2158 1345; x_wconf 88' lang='lat' dir='ltr'>simul,</span> <span class='ocrx_word' id='word_1_766' title='bbox 2178 1309 2260 1340; x_wconf 83' lang='lat' dir='ltr'>idest</span> <span class='ocrx_word' id='word_1_767' title='bbox 2281 1310 2315 1340; x_wconf 89' lang='lat' dir='ltr'>in</span> <span class='ocrx_word' id='word_1_768' title='bbox 2338 1318 2403 1340; x_wconf 86' lang='lat' dir='ltr'>una</span> <span class='ocrx_word' id='word_1_769' title='bbox 2426 1309 2634 1348; x_wconf 79' lang='lat' dir='ltr'>Quaestione,</span> 
     </span>
     <span class='ocr_line' id='line_1_99' title="bbox 1567 1352 2636 1394; baseline 0.004 -12"><span class='ocrx_word' id='word_1_770' title='bbox 1567 1352 1760 1383; x_wconf 89' lang='lat' dir='ltr'>considerari</span> <span class='ocrx_word' id='word_1_771' title='bbox 1783 1358 1967 1394; x_wconf 87' lang='lat' dir='ltr'>poscerent:</span> <span class='ocrx_word' id='word_1_772' title='bbox 1993 1354 2160 1384; x_wconf 90' lang='lat' dir='ltr'>communi</span> <span class='ocrx_word' id='word_1_773' title='bbox 2177 1354 2272 1384; x_wconf 92' lang='lat' dir='ltr'>titulo</span> <span class='ocrx_word' id='word_1_774' title='bbox 2299 1366 2314 1381; x_wconf 91' lang='lat'>‹</span> <span class='ocrx_word' id='word_1_775' title='bbox 2333 1353 2373 1384; x_wconf 88' lang='lat' dir='ltr'>de</span> <span class='ocrx_word' id='word_1_776' title='bbox 2397 1354 2636 1394; x_wconf 81' lang='lat' dir='ltr'>impedimentis</span> 
     </span>
     <span class='ocr_line' id='line_1_100' title="bbox 1566 1397 2635 1438; baseline 0.002 -11"><span class='ocrx_word' id='word_1_777' title='bbox 1566 1397 1600 1427; x_wconf 91' lang='lat' dir='ltr'>in</span> <span class='ocrx_word' id='word_1_778' title='bbox 1623 1397 1754 1437; x_wconf 90' lang='lat' dir='ltr'>speciali</span> <span class='ocrx_word' id='word_1_779' title='bbox 1773 1411 1786 1424; x_wconf 85' lang='lat'><strong>»</strong></span> <span class='ocrx_word' id='word_1_780' title='bbox 1814 1397 1868 1438; x_wconf 88' lang='lat' dir='ltr'>(cf.</span> <span class='ocrx_word' id='word_1_781' title='bbox 1887 1407 1941 1438; x_wconf 94' lang='lat' dir='ltr'>qu.</span> <span class='ocrx_word' id='word_1_782' title='bbox 1958 1397 2013 1438; x_wconf 79' lang='lat' dir='ltr'>m.)</span> <span class='ocrx_word' id='word_1_783' title='bbox 2038 1407 2076 1428; x_wconf 86' lang='lat' dir='ltr'>ex</span> <span class='ocrx_word' id='word_1_784' title='bbox 2100 1407 2205 1438; x_wconf 88' lang='lat' dir='ltr'>aequo</span> <span class='ocrx_word' id='word_1_785' title='bbox 2228 1399 2308 1429; x_wconf 79' lang='lat' dir='ltr'>haec</span> <span class='ocrx_word' id='word_1_786' title='bbox 2331 1398 2475 1429; x_wconf 85' lang='lat' dir='ltr'>substant</span> <span class='ocrx_word' id='word_1_787' title='bbox 2498 1399 2580 1429; x_wconf 83' lang='lat' dir='ltr'>sicut</span> <span class='ocrx_word' id='word_1_788' title='bbox 2603 1403 2635 1430; x_wconf 88' lang='lat' dir='ltr'>et</span> 
     </span>
     <span class='ocr_line' id='line_1_101' title="bbox 1567 1442 2635 1483; baseline 0.002 -12"><span class='ocrx_word' id='word_1_789' title='bbox 1567 1447 1681 1478; x_wconf 89' lang='lat' dir='ltr'>cetera,</span> <span class='ocrx_word' id='word_1_790' title='bbox 1695 1451 1777 1482; x_wconf 90' lang='lat' dir='ltr'>quae</span> <span class='ocrx_word' id='word_1_791' title='bbox 1792 1452 1850 1472; x_wconf 92' lang='lat' dir='ltr'>sua</span> <span class='ocrx_word' id='word_1_792' title='bbox 1866 1442 2021 1483; x_wconf 91' lang='lat' dir='ltr'>quodque</span> <span class='ocrx_word' id='word_1_793' title='bbox 2034 1442 2233 1480; x_wconf 88' lang='lat' dir='ltr'>Quaestione</span> <span class='ocrx_word' id='word_1_794' title='bbox 2242 1447 2425 1473; x_wconf 84' lang='lat' dir='ltr'>tractantur.</span> <span class='ocrx_word' id='word_1_795' title='bbox 2446 1442 2509 1473; x_wconf 89' lang='lat' dir='ltr'>Sed</span> <span class='ocrx_word' id='word_1_796' title='bbox 2525 1443 2635 1474; x_wconf 87' lang='lat' dir='ltr'>simul-</span> 
     </span>
     <span class='ocr_line' id='line_1_102' title="bbox 1567 1486 2635 1528; baseline 0.003 -12"><span class='ocrx_word' id='word_1_797' title='bbox 1567 1491 1679 1516; x_wconf 91' lang='lat' dir='ltr'>taneae</span> <span class='ocrx_word' id='word_1_798' title='bbox 1694 1486 1958 1517; x_wconf 86' lang='lat' dir='ltr'>considerationis</span> <span class='ocrx_word' id='word_1_799' title='bbox 1977 1488 2202 1518; x_wconf 86' lang='lat' dir='ltr'>convenientia</span> <span class='ocrx_word' id='word_1_800' title='bbox 2224 1487 2274 1517; x_wconf 91' lang='lat' dir='ltr'>vel</span> <span class='ocrx_word' id='word_1_801' title='bbox 2297 1488 2406 1528; x_wconf 88' lang='lat' dir='ltr'>potius</span> <span class='ocrx_word' id='word_1_802' title='bbox 2422 1487 2635 1519; x_wconf 82' lang='lat' dir='ltr'>commodum</span> 
     </span>
     <span class='ocr_line' id='line_1_103' title="bbox 1567 1530 2635 1571; baseline 0.002 -11"><span class='ocrx_word' id='word_1_803' title='bbox 1567 1541 1585 1560; x_wconf 91' lang='lat' dir='ltr'>a</span> <span class='ocrx_word' id='word_1_804' title='bbox 1607 1536 1696 1570; x_wconf 89' lang='lat' dir='ltr'>parte</span> <span class='ocrx_word' id='word_1_805' title='bbox 1720 1530 1949 1571; x_wconf 86' lang='lat' dir='ltr'>Compilatoris</span> <span class='ocrx_word' id='word_1_806' title='bbox 1973 1532 2149 1562; x_wconf 87' lang='lat' dir='ltr'>exsistebat.</span> <span class='ocrx_word' id='word_1_807' title='bbox 2184 1531 2445 1562; x_wconf 77' lang='lat' dir='ltr'>Commentarius</span> <span class='ocrx_word' id='word_1_808' title='bbox 2476 1533 2563 1562; x_wconf 84' lang='lat' dir='ltr'>enim</span> <span class='ocrx_word' id='word_1_809' title='bbox 2585 1532 2635 1562; x_wconf 86' lang='lat' dir='ltr'>his</span> 
     </span>
     <span class='ocr_line' id='line_1_104' title="bbox 1567 1575 2635 1617; baseline 0.001 -12"><span class='ocrx_word' id='word_1_810' title='bbox 1567 1575 1712 1615; x_wconf 90' lang='lat' dir='ltr'>quinque</span> <span class='ocrx_word' id='word_1_811' title='bbox 1724 1575 1972 1616; x_wconf 86' lang='lat' dir='ltr'>impedimentis,</span> <span class='ocrx_word' id='word_1_812' title='bbox 1986 1585 2078 1607; x_wconf 92' lang='lat' dir='ltr'>secus</span> <span class='ocrx_word' id='word_1_813' title='bbox 2094 1585 2131 1607; x_wconf 86' lang='lat' dir='ltr'>ac</span> <span class='ocrx_word' id='word_1_814' title='bbox 2146 1576 2224 1613; x_wconf 87' lang='lat' dir='ltr'>aliis,</span> <span class='ocrx_word' id='word_1_815' title='bbox 2237 1577 2374 1617; x_wconf 83' lang='lat' dir='ltr'>assignat</span> <span class='ocrx_word' id='word_1_816' title='bbox 2389 1576 2520 1616; x_wconf 86' lang='lat' dir='ltr'>singulis</span> <span class='ocrx_word' id='word_1_817' title='bbox 2532 1584 2635 1607; x_wconf 87' lang='lat' dir='ltr'>unum</span> 
     </span>
     <span class='ocr_line' id='line_1_105' title="bbox 1567 1620 2635 1661; baseline 0.002 -11"><span class='ocrx_word' id='word_1_818' title='bbox 1567 1620 1737 1650; x_wconf 87' lang='lat' dir='ltr'>articulum</span> <span class='ocrx_word' id='word_1_819' title='bbox 1768 1620 1941 1651; x_wconf 91' lang='lat' dir='ltr'>indivisum</span> <span class='ocrx_word' id='word_1_820' title='bbox 1968 1630 2026 1661; x_wconf 90' lang='lat' dir='ltr'>per</span> <span class='ocrx_word' id='word_1_821' title='bbox 2056 1621 2333 1661; x_wconf 85' lang='lat' dir='ltr'>quaestiunculas;</span> <span class='ocrx_word' id='word_1_822' title='bbox 2358 1621 2409 1651; x_wconf 88' lang='lat' dir='ltr'>isti</span> <span class='ocrx_word' id='word_1_823' title='bbox 2439 1629 2516 1661; x_wconf 80' lang='lat' dir='ltr'>ergo</span> <span class='ocrx_word' id='word_1_824' title='bbox 2540 1621 2635 1661; x_wconf 88' lang='lat' dir='ltr'>quin-</span> 
     </span>
     <span class='ocr_line' id='line_1_106' title="bbox 1567 1664 2636 1706; baseline 0.001 -12"><span class='ocrx_word' id='word_1_825' title='bbox 1567 1674 1631 1704; x_wconf 93' lang='lat' dir='ltr'>que</span> <span class='ocrx_word' id='word_1_826' title='bbox 1654 1664 1778 1695; x_wconf 85' lang='lat' dir='ltr'>articuli</span> <span class='ocrx_word' id='word_1_827' title='bbox 1801 1665 1834 1695; x_wconf 92' lang='lat' dir='ltr'>in</span> <span class='ocrx_word' id='word_1_828' title='bbox 1857 1664 2126 1705; x_wconf 90' lang='lat' dir='ltr'>Supplementum</span> <span class='ocrx_word' id='word_1_829' title='bbox 2153 1666 2336 1706; x_wconf 87' lang='lat' dir='ltr'>transpositi</span> <span class='ocrx_word' id='word_1_830' title='bbox 2359 1666 2504 1706; x_wconf 87' lang='lat' dir='ltr'>quinque</span> <span class='ocrx_word' id='word_1_831' title='bbox 2527 1665 2636 1704; x_wconf 79' lang='lat' dir='ltr'>Quae-</span> 
     </span>
     <span class='ocr_line' id='line_1_107' title="bbox 1566 1709 2634 1750; baseline 0.001 -11"><span class='ocrx_word' id='word_1_832' title='bbox 1566 1709 1686 1739; x_wconf 86' lang='lat' dir='ltr'>stiones</span> <span class='ocrx_word' id='word_1_833' title='bbox 1702 1709 1840 1739; x_wconf 90' lang='lat' dir='ltr'>articulis</span> <span class='ocrx_word' id='word_1_834' title='bbox 1858 1709 2064 1740; x_wconf 84' lang='lat' dir='ltr'>indivisibiles</span> <span class='ocrx_word' id='word_1_835' title='bbox 2080 1709 2315 1747; x_wconf 86' lang='lat' dir='ltr'>efformassent;</span> <span class='ocrx_word' id='word_1_836' title='bbox 2344 1718 2427 1750; x_wconf 90' lang='lat' dir='ltr'>quae</span> <span class='ocrx_word' id='word_1_837' title='bbox 2443 1719 2518 1740; x_wconf 90' lang='lat' dir='ltr'>cum</span> <span class='ocrx_word' id='word_1_838' title='bbox 2534 1718 2634 1750; x_wconf 83' lang='lat' dir='ltr'>pecu-</span> 
     </span>
     <span class='ocr_line' id='line_1_108' title="bbox 1566 1752 2633 1796; baseline 0.002 -13"><span class='ocrx_word' id='word_1_839' title='bbox 1566 1753 1635 1783; x_wconf 89' lang='lat' dir='ltr'>liari</span> <span class='ocrx_word' id='word_1_840' title='bbox 1666 1752 1805 1783; x_wconf 89' lang='lat' dir='ltr'>formula</span> <span class='ocrx_word' id='word_1_841' title='bbox 1834 1754 1950 1784; x_wconf 80' lang='lat' dir='ltr'>initiari</span> <span class='ocrx_word' id='word_1_842' title='bbox 1979 1754 2079 1785; x_wconf 86' lang='lat' dir='ltr'>velint</span> <span class='ocrx_word' id='word_1_843' title='bbox 2102 1754 2163 1791; x_wconf 81' lang='lat' dir='ltr'>(cf.</span> <span class='ocrx_word' id='word_1_844' title='bbox 2188 1764 2221 1785; x_wconf 92' lang='lat' dir='ltr'>n.</span> <span class='ocrx_word' id='word_1_845' title='bbox 2249 1752 2304 1796; x_wconf 80' lang='lat'>5),</span> <span class='ocrx_word' id='word_1_846' title='bbox 2324 1754 2542 1794; x_wconf 80' lang='lat' dir='ltr'>Compilator‚</span> <span class='ocrx_word' id='word_1_847' title='bbox 2574 1755 2633 1794; x_wconf 88' lang='lat' dir='ltr'>qui</span> 
     </span>
     <span class='ocr_line' id='line_1_109' title="bbox 1567 1797 2635 1830; baseline 0.001 -2"><span class='ocrx_word' id='word_1_848' title='bbox 1567 1797 1674 1828; x_wconf 89' lang='lat' dir='ltr'>solitas</span> <span class='ocrx_word' id='word_1_849' title='bbox 1697 1803 1822 1828; x_wconf 91' lang='lat' dir='ltr'>tantum</span> <span class='ocrx_word' id='word_1_850' title='bbox 1846 1798 2000 1829; x_wconf 87' lang='lat' dir='ltr'>formulas</span> <span class='ocrx_word' id='word_1_851' title='bbox 2022 1799 2254 1830; x_wconf 88' lang='lat' dir='ltr'>Commentarii</span> <span class='ocrx_word' id='word_1_852' title='bbox 2278 1804 2310 1829; x_wconf 92' lang='lat' dir='ltr'>et</span> <span class='ocrx_word' id='word_1_853' title='bbox 2331 1798 2484 1830; x_wconf 85' lang='lat' dir='ltr'>Summae</span> <span class='ocrx_word' id='word_1_854' title='bbox 2507 1799 2635 1829; x_wconf 80' lang='lat' dir='ltr'>novisse</span> 
     </span>
     <span class='ocr_line' id='line_1_110' title="bbox 1567 1842 2636 1884; baseline 0.002 -12"><span class='ocrx_word' id='word_1_855' title='bbox 1567 1847 1623 1872; x_wconf 89' lang='lat' dir='ltr'>aut</span> <span class='ocrx_word' id='word_1_856' title='bbox 1652 1843 1793 1873; x_wconf 89' lang='lat' dir='ltr'>voluisse</span> <span class='ocrx_word' id='word_1_857' title='bbox 1823 1843 1965 1879; x_wconf 89' lang='lat' dir='ltr'>videtur,</span> <span class='ocrx_word' id='word_1_858' title='bbox 1991 1844 2135 1884; x_wconf 89' lang='lat' dir='ltr'>quinque</span> <span class='ocrx_word' id='word_1_859' title='bbox 2158 1843 2409 1882; x_wconf 87' lang='lat' dir='ltr'>Quaestionibus</span> <span class='ocrx_word' id='word_1_860' title='bbox 2436 1851 2505 1874; x_wconf 88' lang='lat' dir='ltr'>non</span> <span class='ocrx_word' id='word_1_861' title='bbox 2528 1842 2636 1874; x_wconf 79' lang='lat' dir='ltr'>divisis</span> 
     </span>
     <span class='ocr_line' id='line_1_111' title="bbox 1566 1886 2636 1928; baseline 0.002 -12"><span class='ocrx_word' id='word_1_862' title='bbox 1566 1896 1665 1917; x_wconf 89' lang='lat' dir='ltr'>unam</span> <span class='ocrx_word' id='word_1_863' title='bbox 1688 1886 1921 1925; x_wconf 89' lang='lat' dir='ltr'>Quaestionem</span> <span class='ocrx_word' id='word_1_864' title='bbox 1947 1888 2092 1928; x_wconf 87' lang='lat' dir='ltr'>quinque</span> <span class='ocrx_word' id='word_1_865' title='bbox 2115 1888 2322 1919; x_wconf 86' lang='lat' dir='ltr'>articulorum</span> <span class='ocrx_word' id='word_1_866' title='bbox 2344 1887 2503 1928; x_wconf 77' lang='lat' dir='ltr'>praetulit.</span> <span class='ocrx_word' id='word_1_867' title='bbox 2526 1887 2636 1925; x_wconf 82' lang='lat' dir='ltr'>Quam</span> 
     </span>
     <span class='ocr_line' id='line_1_112' title="bbox 1566 1930 2636 1973; baseline 0.001 -12"><span class='ocrx_word' id='word_1_868' title='bbox 1566 1936 1603 1961; x_wconf 92' lang='lat' dir='ltr'>ut</span> <span class='ocrx_word' id='word_1_869' title='bbox 1631 1932 1748 1962; x_wconf 90' lang='lat' dir='ltr'>habere</span> <span class='ocrx_word' id='word_1_870' title='bbox 1771 1937 1895 1971; x_wconf 88' lang='lat' dir='ltr'>posset,</span> <span class='ocrx_word' id='word_1_871' title='bbox 1920 1933 2065 1973; x_wconf 88' lang='lat' dir='ltr'>quinque</span> <span class='ocrx_word' id='word_1_872' title='bbox 2087 1933 2234 1962; x_wconf 89' lang='lat' dir='ltr'>materias</span> <span class='ocrx_word' id='word_1_873' title='bbox 2256 1933 2290 1962; x_wconf 93' lang='lat' dir='ltr'>in</span> <span class='ocrx_word' id='word_1_874' title='bbox 2313 1940 2417 1963; x_wconf 89' lang='lat' dir='ltr'>unum</span> <span class='ocrx_word' id='word_1_875' title='bbox 2446 1930 2636 1962; x_wconf 83' lang='lat' dir='ltr'>fasciculum</span> 
     </span>
     <span class='ocr_line' id='line_1_113' title="bbox 1567 1975 2635 2016; baseline 0 -10"><span class='ocrx_word' id='word_1_876' title='bbox 1567 1976 1657 2016; x_wconf 87' lang='lat' dir='ltr'>quasi</span> <span class='ocrx_word' id='word_1_877' title='bbox 1692 1975 1838 2015; x_wconf 89' lang='lat' dir='ltr'>colligat,</span> <span class='ocrx_word' id='word_1_878' title='bbox 1866 1982 1902 2007; x_wconf 89' lang='lat' dir='ltr'>ut</span> <span class='ocrx_word' id='word_1_879' title='bbox 1925 1975 2095 2007; x_wconf 86' lang='lat' dir='ltr'>fasciculus</span> <span class='ocrx_word' id='word_1_880' title='bbox 2126 1977 2246 2007; x_wconf 84' lang='lat' dir='ltr'>latioris</span> <span class='ocrx_word' id='word_1_881' title='bbox 2273 1981 2305 2007; x_wconf 90' lang='lat' dir='ltr'>et</span> <span class='ocrx_word' id='word_1_882' title='bbox 2338 1976 2502 2007; x_wconf 85' lang='lat' dir='ltr'>divisibilis</span> <span class='ocrx_word' id='word_1_883' title='bbox 2534 1981 2635 2006; x_wconf 78' lang='lat' dir='ltr'>mate·-</span> 
     </span>
     <span class='ocr_line' id='line_1_114' title="bbox 1566 2019 2635 2061; baseline 0 -11"><span class='ocrx_word' id='word_1_884' title='bbox 1566 2021 1630 2051; x_wconf 83' lang='lat' dir='ltr'>riae</span> <span class='ocrx_word' id='word_1_885' title='bbox 1645 2019 1749 2050; x_wconf 90' lang='lat' dir='ltr'>vicem</span> <span class='ocrx_word' id='word_1_886' title='bbox 1765 2026 1903 2060; x_wconf 86' lang='lat' dir='ltr'>gereret;</span> <span class='ocrx_word' id='word_1_887' title='bbox 1923 2030 1990 2060; x_wconf 92' lang='lat' dir='ltr'>quo</span> <span class='ocrx_word' id='word_1_888' title='bbox 2007 2021 2092 2051; x_wconf 87' lang='lat' dir='ltr'>facto</span> <span class='ocrx_word' id='word_1_889' title='bbox 2119 2034 2134 2047; x_wconf 85' lang='lat'><strong>‹</strong></span> <span class='ocrx_word' id='word_1_890' title='bbox 2150 2021 2232 2051; x_wconf 91' lang='lat' dir='ltr'>circa</span> <span class='ocrx_word' id='word_1_891' title='bbox 2251 2021 2324 2057; x_wconf 93' lang='lat' dir='ltr'>hoc,</span> <span class='ocrx_word' id='word_1_892' title='bbox 2339 2020 2456 2060; x_wconf 85' lang='lat' dir='ltr'>inquit,</span> <span class='ocrx_word' id='word_1_893' title='bbox 2476 2029 2635 2061; x_wconf 89' lang='lat' dir='ltr'>quaerun-</span> 
     </span>
     <span class='ocr_line' id='line_1_115' title="bbox 1566 2063 2635 2105; baseline 0.002 -11"><span class='ocrx_word' id='word_1_894' title='bbox 1566 2070 1618 2094; x_wconf 88' lang='lat' dir='ltr'>tur</span> <span class='ocrx_word' id='word_1_895' title='bbox 1634 2065 1778 2104; x_wconf 91' lang='lat' dir='ltr'>quinque</span> <span class='ocrx_word' id='word_1_896' title='bbox 1794 2078 1822 2094; x_wconf 83' lang='lat'>».</span> <span class='ocrx_word' id='word_1_897' title='bbox 1842 2064 1894 2095; x_wconf 91' lang='lat' dir='ltr'>Sic</span> <span class='ocrx_word' id='word_1_898' title='bbox 1909 2066 2113 2105; x_wconf 89' lang='lat' dir='ltr'>propositum</span> <span class='ocrx_word' id='word_1_899' title='bbox 2129 2070 2217 2096; x_wconf 90' lang='lat' dir='ltr'>tenet</span> <span class='ocrx_word' id='word_1_900' title='bbox 2235 2063 2448 2105; x_wconf 86' lang='lat' dir='ltr'>Compilator‚</span> <span class='ocrx_word' id='word_1_901' title='bbox 2463 2064 2520 2095; x_wconf 86' lang='lat' dir='ltr'>sed</span> <span class='ocrx_word' id='word_1_902' title='bbox 2534 2065 2635 2096; x_wconf 78' lang='lat' dir='ltr'>timeo</span> 
     </span>
     <span class='ocr_line' id='line_1_116' title="bbox 1566 2108 2635 2150; baseline 0.002 -12"><span class='ocrx_word' id='word_1_903' title='bbox 1566 2118 1607 2139; x_wconf 93' lang='lat' dir='ltr'>ne</span> <span class='ocrx_word' id='word_1_904' title='bbox 1632 2108 1849 2148; x_wconf 80' lang='lat' dir='ltr'>obiurgandus</span> <span class='ocrx_word' id='word_1_905' title='bbox 1872 2110 1911 2139; x_wconf 91' lang='lat' dir='ltr'>sit</span> <span class='ocrx_word' id='word_1_906' title='bbox 1927 2109 2016 2149; x_wconf 90' lang='lat' dir='ltr'>quod</span> <span class='ocrx_word' id='word_1_907' title='bbox 2032 2111 2195 2150; x_wconf 87' lang='lat' dir='ltr'>propriam</span> <span class='ocrx_word' id='word_1_908' title='bbox 2218 2118 2333 2140; x_wconf 91' lang='lat' dir='ltr'>vocem</span> <span class='ocrx_word' id='word_1_909' title='bbox 2348 2110 2484 2140; x_wconf 82' lang='lat' dir='ltr'>nesciat:</span> <span class='ocrx_word' id='word_1_910' title='bbox 2509 2114 2635 2140; x_wconf 83' lang='lat' dir='ltr'>tantum</span> 
     </span>
     <span class='ocr_line' id='line_1_117' title="bbox 1567 2153 2636 2196; baseline 0.001 -13"><span class='ocrx_word' id='word_1_911' title='bbox 1567 2154 1655 2183; x_wconf 88' lang='lat' dir='ltr'>abest</span> <span class='ocrx_word' id='word_1_912' title='bbox 1677 2158 1713 2183; x_wconf 92' lang='lat' dir='ltr'>ut</span> <span class='ocrx_word' id='word_1_913' title='bbox 1735 2153 1824 2183; x_wconf 83' lang='lat' dir='ltr'>circa</span> <span class='ocrx_word' id='word_1_914' title='bbox 1846 2154 1908 2184; x_wconf 83' lang='lat' dir='ltr'>hoc</span> <span class='ocrx_word' id='word_1_915' title='bbox 1931 2160 2123 2194; x_wconf 88' lang='lat' dir='ltr'>quaerantur</span> <span class='ocrx_word' id='word_1_916' title='bbox 2151 2153 2305 2195; x_wconf 76' lang='lat' dir='ltr'>quinque,</span> <span class='ocrx_word' id='word_1_917' title='bbox 2329 2158 2366 2184; x_wconf 90' lang='lat' dir='ltr'>ut</span> <span class='ocrx_word' id='word_1_918' title='bbox 2387 2154 2477 2184; x_wconf 84' lang='lat' dir='ltr'>circa</span> <span class='ocrx_word' id='word_1_919' title='bbox 2502 2153 2636 2196; x_wconf 77' lang='lat' dir='ltr'>singula</span> 
     </span>
     <span class='ocr_line' id='line_1_118' title="bbox 1567 2198 2635 2239; baseline 0.002 -12"><span class='ocrx_word' id='word_1_920' title='bbox 1567 2203 1736 2238; x_wconf 89' lang='lat' dir='ltr'>quaeratur</span> <span class='ocrx_word' id='word_1_921' title='bbox 1758 2198 1819 2229; x_wconf 84' lang='lat' dir='ltr'>hoc</span> <span class='ocrx_word' id='word_1_922' title='bbox 1841 2207 1954 2235; x_wconf 85' lang='lat' dir='ltr'>unum,</span> <span class='ocrx_word' id='word_1_923' title='bbox 1971 2204 2080 2229; x_wconf 86' lang='lat' dir='ltr'>utrum</span> <span class='ocrx_word' id='word_1_924' title='bbox 2101 2199 2344 2230; x_wconf 88' lang='lat' dir='ltr'>matrimonium</span> <span class='ocrx_word' id='word_1_925' title='bbox 2363 2198 2533 2239; x_wconf 63' lang='lat' dir='ltr'>impediam</span> <span class='ocrx_word' id='word_1_926' title='bbox 2555 2207 2593 2229; x_wconf 81' lang='lat' dir='ltr'>ac</span> <span class='ocrx_word' id='word_1_927' title='bbox 2607 2199 2635 2229; x_wconf 84' lang='lat' dir='ltr'>si</span> 
     </span>
     <span class='ocr_line' id='line_1_119' title="bbox 1566 2242 2636 2283; baseline 0.001 -11"><span class='ocrx_word' id='word_1_928' title='bbox 1566 2242 1687 2272; x_wconf 90' lang='lat' dir='ltr'>scilicet</span> <span class='ocrx_word' id='word_1_929' title='bbox 1701 2251 1768 2272; x_wconf 91' lang='lat' dir='ltr'>non</span> <span class='ocrx_word' id='word_1_930' title='bbox 1785 2242 1880 2273; x_wconf 90' lang='lat' dir='ltr'>simul</span> <span class='ocrx_word' id='word_1_931' title='bbox 1903 2243 1959 2273; x_wconf 93' lang='lat' dir='ltr'>sed</span> <span class='ocrx_word' id='word_1_932' title='bbox 1982 2244 2151 2283; x_wconf 86' lang='lat' dir='ltr'>separatim</span> <span class='ocrx_word' id='word_1_933' title='bbox 2167 2242 2397 2274; x_wconf 84' lang='lat' dir='ltr'>consideranda</span> <span class='ocrx_word' id='word_1_934' title='bbox 2416 2243 2636 2282; x_wconf 77' lang='lat' dir='ltr'>praenuntias-</span> 
     </span>
     <span class='ocr_line' id='line_1_120' title="bbox 1567 2286 2633 2318; baseline 0.002 -2"><span class='ocrx_word' id='word_1_935' title='bbox 1567 2292 1623 2317; x_wconf 87' lang='lat' dir='ltr'>set.</span> <span class='ocrx_word' id='word_1_936' title='bbox 1639 2305 1663 2309; x_wconf 94' lang='lat'>—-</span> <span class='ocrx_word' id='word_1_937' title='bbox 1685 2286 1720 2316; x_wconf 92' lang='lat' dir='ltr'>In</span> <span class='ocrx_word' id='word_1_938' title='bbox 1744 2287 1907 2318; x_wconf 90' lang='lat' dir='ltr'>modernis</span> <span class='ocrx_word' id='word_1_939' title='bbox 1923 2287 2116 2318; x_wconf 88' lang='lat' dir='ltr'>editionibus</span> <span class='ocrx_word' id='word_1_940' title='bbox 2131 2289 2266 2318; x_wconf 88' lang='lat' dir='ltr'>verbum</span> <span class='ocrx_word' id='word_1_941' title='bbox 2284 2287 2382 2318; x_wconf 86' lang='lat' dir='ltr'>simul</span> <span class='ocrx_word' id='word_1_942' title='bbox 2399 2287 2560 2318; x_wconf 91' lang='lat' dir='ltr'>sublatum</span> <span class='ocrx_word' id='word_1_943' title='bbox 2576 2292 2633 2318; x_wconf 84' lang='lat' dir='ltr'>est.</span> 
     </span>
     <span class='ocr_line' id='line_1_121' title="bbox 1567 2331 2636 2372; baseline 0.002 -11"><span class='ocrx_word' id='word_1_944' title='bbox 1567 2331 1641 2369; x_wconf 90' lang='lat' dir='ltr'>Qua</span> <span class='ocrx_word' id='word_1_945' title='bbox 1656 2332 1844 2362; x_wconf 85' lang='lat' dir='ltr'>auctoritate</span> <span class='ocrx_word' id='word_1_946' title='bbox 1867 2337 1922 2362; x_wconf 92' lang='lat' dir='ltr'>aut</span> <span class='ocrx_word' id='word_1_947' title='bbox 1949 2341 2017 2372; x_wconf 93' lang='lat' dir='ltr'>quo</span> <span class='ocrx_word' id='word_1_948' title='bbox 2042 2332 2177 2363; x_wconf 90' lang='lat' dir='ltr'>consilio</span> <span class='ocrx_word' id='word_1_949' title='bbox 2201 2332 2362 2363; x_wconf 81' lang='lat' dir='ltr'>sublatum</span> <span class='ocrx_word' id='word_1_950' title='bbox 2385 2332 2434 2368; x_wconf 82' lang='lat' dir='ltr'>sit,</span> <span class='ocrx_word' id='word_1_951' title='bbox 2450 2332 2556 2362; x_wconf 89' lang='lat' dir='ltr'>sciunt</span> <span class='ocrx_word' id='word_1_952' title='bbox 2579 2331 2636 2372; x_wconf 84' lang='lat' dir='ltr'>qui</span> 
     </span>
     <span class='ocr_line' id='line_1_122' title="bbox 1567 2374 2636 2417; baseline 0.002 -12"><span class='ocrx_word' id='word_1_953' title='bbox 1567 2375 1778 2411; x_wconf 88' lang='lat' dir='ltr'>sustulerunt;</span> <span class='ocrx_word' id='word_1_954' title='bbox 1812 2375 1852 2406; x_wconf 89' lang='lat' dir='ltr'>ad</span> <span class='ocrx_word' id='word_1_955' title='bbox 1874 2375 2069 2407; x_wconf 90' lang='lat' dir='ltr'>medendum</span> <span class='ocrx_word' id='word_1_956' title='bbox 2104 2377 2223 2417; x_wconf 91' lang='lat' dir='ltr'>analysi</span> <span class='ocrx_word' id='word_1_957' title='bbox 2255 2374 2461 2406; x_wconf 85' lang='lat' dir='ltr'>inefficaciter</span> <span class='ocrx_word' id='word_1_958' title='bbox 2493 2375 2636 2407; x_wconf 82' lang='lat' dir='ltr'>deletum</span> 
     </span>
     <span class='ocr_line' id='line_1_123' title="bbox 1566 2419 2383 2460; baseline 0 -10"><span class='ocrx_word' id='word_1_959' title='bbox 1566 2420 1659 2455; x_wconf 88' lang='lat' dir='ltr'>foret,</span> <span class='ocrx_word' id='word_1_960' title='bbox 1676 2420 1751 2460; x_wconf 88' lang='lat' dir='ltr'>quia</span> <span class='ocrx_word' id='word_1_961' title='bbox 1774 2419 1944 2452; x_wconf 87' lang='lat' dir='ltr'>artificium</span> <span class='ocrx_word' id='word_1_962' title='bbox 1967 2426 1999 2451; x_wconf 89' lang='lat' dir='ltr'>et</span> <span class='ocrx_word' id='word_1_963' title='bbox 2021 2421 2184 2460; x_wconf 89' lang='lat' dir='ltr'>sophisma</span> <span class='ocrx_word' id='word_1_964' title='bbox 2206 2425 2383 2452; x_wconf 82' lang='lat' dir='ltr'>remanent.</span> 
     </span>
    </p>

    <p class='ocr_par' dir='ltr' id='par_1_18' title="bbox 1566 2464 2635 2594">
     <span class='ocr_line' id='line_1_124' title="bbox 1622 2464 2634 2504; baseline 0.002 -10"><span class='ocrx_word' id='word_1_965' title='bbox 1622 2474 1652 2504; x_wconf 92' lang='lat'>9.</span> <span class='ocrx_word' id='word_1_966' title='bbox 1668 2482 1691 2486; x_wconf 91' lang='lat'>—</span> <span class='ocrx_word' id='word_1_967' title='bbox 1706 2464 1770 2502; x_wconf 91' lang='lat' dir='ltr'>Qu.</span> <span class='ocrx_word' id='word_1_968' title='bbox 1787 2474 1851 2494; x_wconf 89' lang='lat' dir='ltr'>xm.</span> <span class='ocrx_word' id='word_1_969' title='bbox 1875 2464 2009 2495; x_wconf 89' lang='lat' dir='ltr'>artificio</span> <span class='ocrx_word' id='word_1_970' title='bbox 2032 2474 2101 2495; x_wconf 92' lang='lat' dir='ltr'>non</span> <span class='ocrx_word' id='word_1_971' title='bbox 2116 2465 2252 2496; x_wconf 88' lang='lat' dir='ltr'>absimili</span> <span class='ocrx_word' id='word_1_972' title='bbox 2276 2465 2359 2495; x_wconf 86' lang='lat' dir='ltr'>duae</span> <span class='ocrx_word' id='word_1_973' title='bbox 2373 2465 2524 2495; x_wconf 84' lang='lat' dir='ltr'>materiae</span> <span class='ocrx_word' id='word_1_974' title='bbox 2546 2466 2634 2496; x_wconf 70' lang='lat' dir='ltr'>inso-</span> 
     </span>
     <span class='ocr_line' id='line_1_125' title="bbox 1566 2508 2635 2550; baseline 0.003 -12"><span class='ocrx_word' id='word_1_975' title='bbox 1566 2509 1695 2539; x_wconf 89' lang='lat' dir='ltr'>ciabiles</span> <span class='ocrx_word' id='word_1_976' title='bbox 1718 2515 1970 2549; x_wconf 86' lang='lat' dir='ltr'>componuntur,</span> <span class='ocrx_word' id='word_1_977' title='bbox 1986 2515 2022 2540; x_wconf 94' lang='lat' dir='ltr'>ut</span> <span class='ocrx_word' id='word_1_978' title='bbox 2045 2509 2217 2550; x_wconf 90' lang='lat' dir='ltr'>disputatio</span> <span class='ocrx_word' id='word_1_979' title='bbox 2242 2520 2260 2540; x_wconf 91' lang='lat' dir='ltr'>a</span> <span class='ocrx_word' id='word_1_980' title='bbox 2282 2509 2376 2540; x_wconf 87' lang='lat' dir='ltr'>solita</span> <span class='ocrx_word' id='word_1_981' title='bbox 2398 2508 2538 2540; x_wconf 76' lang='lat' dir='ltr'>formula</span> <span class='ocrx_word' id='word_1_982' title='bbox 2556 2510 2635 2541; x_wconf 78' lang='lat' dir='ltr'>inci·</span> 
     </span>
     <span class='ocr_line' id='line_1_126' title="bbox 1566 2554 1780 2594; baseline 0 -11"><span class='ocrx_word' id='word_1_983' title='bbox 1566 2562 1643 2593; x_wconf 86' lang='lat' dir='ltr'>pere</span> <span class='ocrx_word' id='word_1_984' title='bbox 1665 2554 1780 2594; x_wconf 88' lang='lat' dir='ltr'>possit:</span> 
     </span>
    </p>
   </div>
   <div class='ocr_carea' id='block_1_8' title="bbox 1568 2654 2634 2774">
    <p class='ocr_par' dir='ltr' id='par_1_19' title="bbox 1568 2654 2634 2774">
     <span class='ocr_line' id='line_1_127' title="bbox 1623 2654 2634 2693; baseline 0.002 -11"><span class='ocrx_word' id='word_1_985' title='bbox 1623 2666 1637 2681; x_wconf 66' lang='grc' dir='ltr'>α</span> <span class='ocrx_word' id='word_1_986' title='bbox 1662 2654 1773 2683; x_wconf 85' lang='lat' dir='ltr'>Deinde</span> <span class='ocrx_word' id='word_1_987' title='bbox 1801 2654 2044 2683; x_wconf 86' lang='lat' dir='ltr'>considerandum</span> <span class='ocrx_word' id='word_1_988' title='bbox 2072 2661 2115 2683; x_wconf 89' lang='lat' dir='ltr'>est</span> <span class='ocrx_word' id='word_1_989' title='bbox 2142 2655 2178 2683; x_wconf 91' lang='lat' dir='ltr'>de</span> <span class='ocrx_word' id='word_1_990' title='bbox 2202 2655 2398 2693; x_wconf 75' lang='lat' dir='ltr'>possibilitate</span> <span class='ocrx_word' id='word_1_991' title='bbox 2424 2654 2634 2684; x_wconf 80' lang='lat' dir='ltr'>satisfactionis.</span> 
     </span>
     <span class='ocr_line' id='line_1_128' title="bbox 1568 2694 2634 2733; baseline 0.002 -11"><span class='ocrx_word' id='word_1_992' title='bbox 1568 2694 1651 2723; x_wconf 88' lang='lat' dir='ltr'>Circa</span> <span class='ocrx_word' id='word_1_993' title='bbox 1672 2695 1753 2732; x_wconf 89' lang='lat' dir='ltr'>quod</span> <span class='ocrx_word' id='word_1_994' title='bbox 1774 2695 1833 2723; x_wconf 92' lang='lat' dir='ltr'>duo</span> <span class='ocrx_word' id='word_1_995' title='bbox 1849 2701 2035 2732; x_wconf 84' lang='lat' dir='ltr'>quaeruntur.</span> <span class='ocrx_word' id='word_1_996' title='bbox 2057 2695 2165 2730; x_wconf 83' lang='lat' dir='ltr'>Primo,</span> <span class='ocrx_word' id='word_1_997' title='bbox 2180 2701 2279 2723; x_wconf 85' lang='lat' dir='ltr'>utrum</span> <span class='ocrx_word' id='word_1_998' title='bbox 2293 2694 2385 2724; x_wconf 83' lang='lat' dir='ltr'>homo</span> <span class='ocrx_word' id='word_1_999' title='bbox 2403 2695 2497 2733; x_wconf 78' lang='lat' dir='ltr'>possit</span> <span class='ocrx_word' id='word_1_1000' title='bbox 2510 2696 2576 2724; x_wconf 80' lang='lat' dir='ltr'>Deo</span> <span class='ocrx_word' id='word_1_1001' title='bbox 2587 2702 2634 2724; x_wconf 85' lang='lat' dir='ltr'>sa-</span> 
     </span>
     <span class='ocr_line' id='line_1_129' title="bbox 1569 2734 2634 2774; baseline 0 -11"><span class='ocrx_word' id='word_1_1002' title='bbox 1569 2735 1716 2773; x_wconf 75' lang='lat' dir='ltr'>tisfacere.</span> <span class='ocrx_word' id='word_1_1003' title='bbox 1739 2736 1890 2770; x_wconf 86' lang='lat' dir='ltr'>Secundo,</span> <span class='ocrx_word' id='word_1_1004' title='bbox 1911 2741 2009 2763; x_wconf 89' lang='lat' dir='ltr'>utrum</span> <span class='ocrx_word' id='word_1_1005' title='bbox 2030 2734 2134 2772; x_wconf 87' lang='lat' dir='ltr'>aliquis</span> <span class='ocrx_word' id='word_1_1006' title='bbox 2154 2744 2209 2772; x_wconf 87' lang='lat' dir='ltr'>pro</span> <span class='ocrx_word' id='word_1_1007' title='bbox 2229 2735 2288 2764; x_wconf 84' lang='lat' dir='ltr'>alio</span> <span class='ocrx_word' id='word_1_1008' title='bbox 2308 2735 2481 2774; x_wconf 74' lang='lat' dir='ltr'>satisfacere</span> <span class='ocrx_word' id='word_1_1009' title='bbox 2498 2735 2594 2773; x_wconf 65' lang='lat' dir='ltr'>posci!</span> <span class='ocrx_word' id='word_1_1010' title='bbox 2607 2742 2634 2763; x_wconf 70' lang='lat'>»-</span> 
     </span>
    </p>
   </div>
   <div class='ocr_carea' id='block_1_9' title="bbox 1563 2825 2633 3574">
    <p class='ocr_par' dir='ltr' id='par_1_20' title="bbox 1563 2825 2633 3396">
     <span class='ocr_line' id='line_1_130' title="bbox 1623 2825 2631 2867; baseline 0 -11"><span class='ocrx_word' id='word_1_1011' title='bbox 1623 2826 1711 2856; x_wconf 91' lang='lat' dir='ltr'>Loca</span> <span class='ocrx_word' id='word_1_1012' title='bbox 1724 2825 1956 2856; x_wconf 87' lang='lat' dir='ltr'>Commentarii</span> <span class='ocrx_word' id='word_1_1013' title='bbox 1971 2831 2046 2856; x_wconf 87' lang='lat' dir='ltr'>sunt</span> <span class='ocrx_word' id='word_1_1014' title='bbox 2057 2826 2127 2856; x_wconf 92' lang='lat' dir='ltr'>dist.</span> <span class='ocrx_word' id='word_1_1015' title='bbox 2140 2836 2190 2857; x_wconf 78' lang='lat' dir='ltr'>xv.</span> <span class='ocrx_word' id='word_1_1016' title='bbox 2208 2835 2263 2867; x_wconf 90' lang='lat' dir='ltr'>qu.</span> <span class='ocrx_word' id='word_1_1017' title='bbox 2279 2834 2300 2856; x_wconf 88' lang='lat'>1.</span> <span class='ocrx_word' id='word_1_1018' title='bbox 2313 2831 2369 2857; x_wconf 85' lang='lat' dir='ltr'>art.</span> <span class='ocrx_word' id='word_1_1019' title='bbox 2387 2835 2405 2856; x_wconf 90' lang='lat'>2</span> <span class='ocrx_word' id='word_1_1020' title='bbox 2422 2832 2490 2856; x_wconf 84' lang='lat' dir='ltr'>non</span> <span class='ocrx_word' id='word_1_1021' title='bbox 2502 2825 2631 2862; x_wconf 84' lang='lat' dir='ltr'>divisus,</span> 
     </span>
     <span class='ocr_line' id='line_1_131' title="bbox 1569 2868 2632 2911; baseline 0 -11"><span class='ocrx_word' id='word_1_1022' title='bbox 1569 2875 1600 2900; x_wconf 87' lang='lat' dir='ltr'>et</span> <span class='ocrx_word' id='word_1_1023' title='bbox 1623 2870 1694 2900; x_wconf 82' lang='lat' dir='ltr'>dist.</span> <span class='ocrx_word' id='word_1_1024' title='bbox 1718 2880 1768 2900; x_wconf 88' lang='lat' dir='ltr'>xx.</span> <span class='ocrx_word' id='word_1_1025' title='bbox 1793 2875 1848 2900; x_wconf 89' lang='lat' dir='ltr'>art.</span> <span class='ocrx_word' id='word_1_1026' title='bbox 1875 2879 1904 2900; x_wconf 88' lang='lat'>2.</span> <span class='ocrx_word' id='word_1_1027' title='bbox 1929 2868 1997 2910; x_wconf 77' lang='lat' dir='ltr'>qu¹²</span> <span class='ocrx_word' id='word_1_1028' title='bbox 2012 2870 2041 2901; x_wconf 84' lang='lat'>3.</span> <span class='ocrx_word' id='word_1_1029' title='bbox 2079 2870 2188 2903; x_wconf 86' lang='lat' dir='ltr'>Primo</span> <span class='ocrx_word' id='word_1_1030' title='bbox 2211 2870 2287 2901; x_wconf 90' lang='lat' dir='ltr'>loco</span> <span class='ocrx_word' id='word_1_1031' title='bbox 2310 2871 2473 2911; x_wconf 85' lang='lat' dir='ltr'>quaeritur</span> <span class='ocrx_word' id='word_1_1032' title='bbox 2495 2879 2538 2900; x_wconf 86' lang='lat' dir='ltr'>an</span> <span class='ocrx_word' id='word_1_1033' title='bbox 2560 2868 2632 2900; x_wconf 86' lang='lat' dir='ltr'>Deo</span> 
     </span>
     <span class='ocr_line' id='line_1_132' title="bbox 1564 2914 2632 2956; baseline 0 -11"><span class='ocrx_word' id='word_1_1034' title='bbox 1564 2915 1669 2955; x_wconf 82' lang='lat' dir='ltr'>possit</span> <span class='ocrx_word' id='word_1_1035' title='bbox 1683 2914 1891 2955; x_wconf 76' lang='lat' dir='ltr'>aequivalens</span> <span class='ocrx_word' id='word_1_1036' title='bbox 1913 2914 2005 2945; x_wconf 83' lang='lat' dir='ltr'>reddi</span> <span class='ocrx_word' id='word_1_1037' title='bbox 2021 2919 2088 2955; x_wconf 79' lang='lat' dir='ltr'>p&#39;ro</span> <span class='ocrx_word' id='word_1_1038' title='bbox 2103 2918 2241 2956; x_wconf 78' lang='lat' dir='ltr'>peccato</span> <span class='ocrx_word' id='word_1_1039' title='bbox 2258 2915 2438 2945; x_wconf 80' lang='lat' dir='ltr'>commisso.</span> <span class='ocrx_word' id='word_1_1040' title='bbox 2462 2914 2498 2944; x_wconf 87' lang='lat' dir='ltr'>In</span> <span class='ocrx_word' id='word_1_1041' title='bbox 2521 2914 2632 2951; x_wconf 83' lang='lat' dir='ltr'>altero,</span> 
     </span>
     <span class='ocr_line' id='line_1_133' title="bbox 1567 2958 2632 3000; baseline 0 -11"><span class='ocrx_word' id='word_1_1042' title='bbox 1567 2959 1626 2989; x_wconf 92' lang='lat' dir='ltr'>sub</span> <span class='ocrx_word' id='word_1_1043' title='bbox 1649 2959 1870 2990; x_wconf 87' lang='lat' dir='ltr'>universaliori</span> <span class='ocrx_word' id='word_1_1044' title='bbox 1899 2959 2039 2990; x_wconf 88' lang='lat' dir='ltr'>themate</span> <span class='ocrx_word' id='word_1_1045' title='bbox 2071 2972 2086 2986; x_wconf 88' lang='lat'><strong>‹</strong></span> <span class='ocrx_word' id='word_1_1046' title='bbox 2105 2958 2145 2990; x_wconf 84' lang='lat' dir='ltr'>de</span> <span class='ocrx_word' id='word_1_1047' title='bbox 2168 2968 2275 3000; x_wconf 86' lang='lat' dir='ltr'>poena</span> <span class='ocrx_word' id='word_1_1048' title='bbox 2297 2968 2395 2999; x_wconf 81' lang='lat' dir='ltr'>quam</span> <span class='ocrx_word' id='word_1_1049' title='bbox 2417 2958 2570 2989; x_wconf 77' lang='lat' dir='ltr'>sacerdos</span> <span class='ocrx_word' id='word_1_1050' title='bbox 2592 2958 2632 2989; x_wconf 89' lang='lat' dir='ltr'>ad</span> 
     </span>
     <span class='ocr_line' id='line_1_134' title="bbox 1567 3003 2631 3044; baseline 0 -10"><span class='ocrx_word' id='word_1_1051' title='bbox 1567 3003 1827 3034; x_wconf 88' lang='lat' dir='ltr'>satisfaciendum</span> <span class='ocrx_word' id='word_1_1052' title='bbox 1851 3003 1989 3044; x_wconf 77' lang='lat' dir='ltr'>imponit</span> <span class='ocrx_word' id='word_1_1053' title='bbox 2004 3016 2036 3040; x_wconf 84' lang='lat'>›‚</span> <span class='ocrx_word' id='word_1_1054' title='bbox 2061 3004 2223 3044; x_wconf 89' lang='lat' dir='ltr'>quaeritur</span> <span class='ocrx_word' id='word_1_1055' title='bbox 2245 3009 2354 3034; x_wconf 86' lang='lat' dir='ltr'>utrum</span> <span class='ocrx_word' id='word_1_1056' title='bbox 2371 3010 2516 3044; x_wconf 65' lang='lat' dir='ltr'>poenam⁴</span> <span class='ocrx_word' id='word_1_1057' title='bbox 2536 3003 2631 3034; x_wconf 75' lang='lat' dir='ltr'>satis·</span> 
     </span>
     <span class='ocr_line' id='line_1_135' title="bbox 1563 3047 2629 3089; baseline 0 -11"><span class='ocrx_word' id='word_1_1058' title='bbox 1563 3048 1743 3089; x_wconf 76' lang='lat' dir='ltr'>factoriam</span> <span class='ocrx_word' id='word_1_1059' title='bbox 1766 3057 1850 3078; x_wconf 86' lang='lat' dir='ltr'>unus</span> <span class='ocrx_word' id='word_1_1060' title='bbox 1867 3048 1974 3089; x_wconf 78' lang='lat' dir='ltr'>possit</span> <span class='ocrx_word' id='word_1_1061' title='bbox 1994 3048 2127 3088; x_wconf 77' lang='lat' dir='ltr'>explere</span> <span class='ocrx_word' id='word_1_1062' title='bbox 2146 3056 2206 3088; x_wconf 89' lang='lat' dir='ltr'>pro</span> <span class='ocrx_word' id='word_1_1063' title='bbox 2229 3047 2310 3084; x_wconf 84' lang='lat' dir='ltr'>alio;</span> <span class='ocrx_word' id='word_1_1064' title='bbox 2334 3048 2384 3078; x_wconf 86' lang='lat' dir='ltr'>his</span> <span class='ocrx_word' id='word_1_1065' title='bbox 2406 3047 2509 3078; x_wconf 76' lang='lat' dir='ltr'>verbis</span> <span class='ocrx_word' id='word_1_1066' title='bbox 2533 3048 2629 3078; x_wconf 87' lang='lat' dir='ltr'>etiam</span> 
     </span>
     <span class='ocr_line' id='line_1_136' title="bbox 1566 3091 2632 3133; baseline -0.001 -10"><span class='ocrx_word' id='word_1_1067' title='bbox 1566 3093 1680 3133; x_wconf 89' lang='lat' dir='ltr'>incipit</span> <span class='ocrx_word' id='word_1_1068' title='bbox 1713 3092 1864 3123; x_wconf 84' lang='lat' dir='ltr'>articulus</span> <span class='ocrx_word' id='word_1_1069' title='bbox 1898 3092 2061 3123; x_wconf 90' lang='lat' dir='ltr'>secundus</span> <span class='ocrx_word' id='word_1_1070' title='bbox 2089 3091 2324 3132; x_wconf 84' lang='lat' dir='ltr'>Supplementi.</span> <span class='ocrx_word' id='word_1_1071' title='bbox 2363 3092 2511 3122; x_wconf 74' lang='lat' dir='ltr'>Mate-rias</span> <span class='ocrx_word' id='word_1_1072' title='bbox 2543 3096 2632 3132; x_wconf 85' lang='lat' dir='ltr'>patet</span> 
     </span>
     <span class='ocr_line' id='line_1_137' title="bbox 1567 3135 2632 3178; baseline -0.001 -11"><span class='ocrx_word' id='word_1_1073' title='bbox 1567 3146 1665 3177; x_wconf 89' lang='lat' dir='ltr'>quam</span> <span class='ocrx_word' id='word_1_1074' title='bbox 1681 3136 1940 3178; x_wconf 62' lang='lat' dir='ltr'>disparatissimae</span> <span class='ocrx_word' id='word_1_1075' title='bbox 1955 3146 2033 3167; x_wconf 87' lang='lat' dir='ltr'>esse.</span> <span class='ocrx_word' id='word_1_1076' title='bbox 2051 3135 2253 3176; x_wconf 85' lang='lat' dir='ltr'>Compilator</span> <span class='ocrx_word' id='word_1_1077' title='bbox 2266 3144 2344 3166; x_wconf 83' lang='lat' dir='ltr'>vero</span> <span class='ocrx_word' id='word_1_1078' title='bbox 2368 3135 2511 3167; x_wconf 85' lang='lat' dir='ltr'>callidior</span> <span class='ocrx_word' id='word_1_1079' title='bbox 2534 3145 2632 3176; x_wconf 88' lang='lat' dir='ltr'>quam</span> 
     </span>
     <span class='ocr_line' id='line_1_138' title="bbox 1566 3179 2633 3222; baseline -0.001 -10"><span class='ocrx_word' id='word_1_1080' title='bbox 1566 3181 1775 3222; x_wconf 88' lang='lat' dir='ltr'>prudentior,</span> <span class='ocrx_word' id='word_1_1081' title='bbox 1798 3181 1833 3212; x_wconf 84' lang='lat' dir='ltr'>in</span> <span class='ocrx_word' id='word_1_1082' title='bbox 1856 3181 1976 3222; x_wconf 83' lang='lat' dir='ltr'>analysi</span> <span class='ocrx_word' id='word_1_1083' title='bbox 2002 3180 2203 3211; x_wconf 84' lang='lat' dir='ltr'>locutionem</span> <span class='ocrx_word' id='word_1_1084' title='bbox 2231 3180 2313 3210; x_wconf 92' lang='lat' dir='ltr'>initii</span> <span class='ocrx_word' id='word_1_1085' title='bbox 2343 3180 2466 3211; x_wconf 82' lang='lat' dir='ltr'>articuli</span> <span class='ocrx_word' id='word_1_1086' title='bbox 2499 3179 2633 3211; x_wconf 77' lang='lat' dir='ltr'>sectmdi</span> 
     </span>
     <span class='ocr_line' id='line_1_139' title="bbox 1566 3224 2633 3266; baseline 0 -10"><span class='ocrx_word' id='word_1_1087' title='bbox 1566 3231 1678 3260; x_wconf 83' lang='lat' dir='ltr'>mutat,</span> <span class='ocrx_word' id='word_1_1088' title='bbox 1696 3231 1728 3256; x_wconf 92' lang='lat' dir='ltr'>et</span> <span class='ocrx_word' id='word_1_1089' title='bbox 1738 3226 1786 3256; x_wconf 93' lang='lat' dir='ltr'>bis</span> <span class='ocrx_word' id='word_1_1090' title='bbox 1801 3225 1901 3256; x_wconf 88' lang='lat' dir='ltr'>utitur</span> <span class='ocrx_word' id='word_1_1091' title='bbox 1911 3225 2014 3255; x_wconf 88' lang='lat' dir='ltr'>verbis</span> <span class='ocrx_word' id='word_1_1092' title='bbox 2028 3224 2221 3266; x_wconf 77' lang='lat' dir='ltr'>satisfacere</span> <span class='ocrx_word' id='word_1_1093' title='bbox 2229 3232 2335 3264; x_wconf 76' lang='lat' dir='ltr'>posse.</span> <span class='ocrx_word' id='word_1_1094' title='bbox 2356 3224 2401 3255; x_wconf 92' lang='lat' dir='ltr'>Ita</span> <span class='ocrx_word' id='word_1_1095' title='bbox 2416 3226 2522 3265; x_wconf 86' lang='lat' dir='ltr'>specie</span> <span class='ocrx_word' id='word_1_1096' title='bbox 2538 3230 2633 3256; x_wconf 86' lang='lat' dir='ltr'>tenus</span> 
     </span>
     <span class='ocr_line' id='line_1_140' title="bbox 1566 3268 2633 3310; baseline 0 -10"><span class='ocrx_word' id='word_1_1097' title='bbox 1566 3270 1706 3300; x_wconf 80' lang='lat' dir='ltr'>obtinuit</span> <span class='ocrx_word' id='word_1_1098' title='bbox 1721 3269 1918 3310; x_wconf 84' lang='lat' dir='ltr'>quaestionis</span> <span class='ocrx_word' id='word_1_1099' title='bbox 1933 3268 2195 3304; x_wconf 85' lang='lat' dir='ltr'>subdivisionem,</span> <span class='ocrx_word' id='word_1_1100' title='bbox 2212 3268 2269 3299; x_wconf 83' lang='lat' dir='ltr'>sed</span> <span class='ocrx_word' id='word_1_1101' title='bbox 2283 3269 2316 3299; x_wconf 93' lang='lat' dir='ltr'>in</span> <span class='ocrx_word' id='word_1_1102' title='bbox 2331 3269 2462 3300; x_wconf 85' lang='lat' dir='ltr'>veritate</span> <span class='ocrx_word' id='word_1_1103' title='bbox 2478 3268 2544 3300; x_wconf 92' lang='lat' dir='ltr'>duo</span> <span class='ocrx_word' id='word_1_1104' title='bbox 2561 3270 2633 3300; x_wconf 86' lang='lat' dir='ltr'>arti—</span> 
     </span>
     <span class='ocr_line' id='line_1_141' title="bbox 1566 3313 2632 3354; baseline -0.001 -9"><span class='ocrx_word' id='word_1_1105' title='bbox 1566 3314 1631 3345; x_wconf 90' lang='lat' dir='ltr'>culi</span> <span class='ocrx_word' id='word_1_1106' title='bbox 1657 3314 1831 3344; x_wconf 86' lang='lat' dir='ltr'>verborum</span> <span class='ocrx_word' id='word_1_1107' title='bbox 1853 3313 1960 3343; x_wconf 88' lang='lat' dir='ltr'>sonitu</span> <span class='ocrx_word' id='word_1_1108' title='bbox 1984 3313 2093 3353; x_wconf 90' lang='lat' dir='ltr'>potius</span> <span class='ocrx_word' id='word_1_1109' title='bbox 2116 3321 2214 3352; x_wconf 90' lang='lat' dir='ltr'>quam</span> <span class='ocrx_word' id='word_1_1110' title='bbox 2237 3314 2375 3343; x_wconf 84' lang='lat' dir='ltr'>univoca</span> <span class='ocrx_word' id='word_1_1111' title='bbox 2399 3313 2632 3354; x_wconf 83' lang='lat' dir='ltr'>significatione</span> 
     </span>
     <span class='ocr_line' id='line_1_142' title="bbox 1566 3357 2175 3396; baseline -0.002 -8"><span class='ocrx_word' id='word_1_1112' title='bbox 1566 3358 1606 3389; x_wconf 87' lang='lat' dir='ltr'>ad</span> <span class='ocrx_word' id='word_1_1113' title='bbox 1627 3367 1727 3388; x_wconf 89' lang='lat' dir='ltr'>unam</span> <span class='ocrx_word' id='word_1_1114' title='bbox 1750 3357 1983 3396; x_wconf 79' lang='lat' dir='ltr'>Quaestionem</span> <span class='ocrx_word' id='word_1_1115' title='bbox 2005 3357 2175 3396; x_wconf 81' lang='lat' dir='ltr'>pertinent.</span> 
     </span>
    </p>

    <p class='ocr_par' dir='ltr' id='par_1_21' title="bbox 1564 3400 2632 3574">
     <span class='ocr_line' id='line_1_143' title="bbox 1625 3400 2632 3441; baseline 0.001 -9"><span class='ocrx_word' id='word_1_1116' title='bbox 1625 3410 1674 3432; x_wconf 88' lang='grc' dir='ltr'>ιο.</span> <span class='ocrx_word' id='word_1_1117' title='bbox 1687 3420 1710 3424; x_wconf 99' lang='grc'>-</span> <span class='ocrx_word' id='word_1_1118' title='bbox 1724 3401 1835 3432; x_wconf 84' lang='lat' dir='ltr'>Alium</span> <span class='ocrx_word' id='word_1_1119' title='bbox 1847 3400 2008 3432; x_wconf 85' lang='lat' dir='ltr'>defectum</span> <span class='ocrx_word' id='word_1_1120' title='bbox 2020 3409 2058 3431; x_wconf 90' lang='lat' dir='ltr'>ex</span> <span class='ocrx_word' id='word_1_1121' title='bbox 2071 3409 2125 3440; x_wconf 90' lang='lat' dir='ltr'>qu.</span> <span class='ocrx_word' id='word_1_1122' title='bbox 2138 3410 2199 3431; x_wconf 68' lang='grc' dir='ltr'>ιιι.</span> <span class='ocrx_word' id='word_1_1123' title='bbox 2213 3402 2457 3441; x_wconf 85' lang='lat' dir='ltr'>cognoscimus:</span> <span class='ocrx_word' id='word_1_1124' title='bbox 2477 3413 2493 3429; x_wconf 87' lang='lat'><em>‹</em></span> <span class='ocrx_word' id='word_1_1125' title='bbox 2506 3400 2632 3433; x_wconf 88' lang='lat' dir='ltr'>Deinde</span> 
     </span>
     <span class='ocr_line' id='line_1_144' title="bbox 1565 3444 2632 3487; baseline 0.001 -11"><span class='ocrx_word' id='word_1_1126' title='bbox 1565 3445 1834 3476; x_wconf 87' lang='lat' dir='ltr'>considerandum</span> <span class='ocrx_word' id='word_1_1127' title='bbox 1850 3450 1897 3476; x_wconf 84' lang='lat' dir='ltr'>est</span> <span class='ocrx_word' id='word_1_1128' title='bbox 1912 3444 1952 3476; x_wconf 88' lang='lat' dir='ltr'>de</span> <span class='ocrx_word' id='word_1_1129' title='bbox 1967 3444 2205 3485; x_wconf 85' lang='lat' dir='ltr'>impedimentis</span> <span class='ocrx_word' id='word_1_1130' title='bbox 2221 3454 2304 3486; x_wconf 88' lang='lat' dir='ltr'>quae</span> <span class='ocrx_word' id='word_1_1131' title='bbox 2320 3447 2550 3487; x_wconf 82' lang='lat' dir='ltr'>superveniunt</span> <span class='ocrx_word' id='word_1_1132' title='bbox 2564 3454 2632 3477; x_wconf 85' lang='lat' dir='ltr'>ma-</span> 
     </span>
     <span class='ocr_line' id='line_1_145' title="bbox 1564 3488 2632 3530; baseline 0.001 -10"><span class='ocrx_word' id='word_1_1133' title='bbox 1564 3490 1728 3520; x_wconf 83' lang='lat' dir='ltr'>trimonio.</span> <span class='ocrx_word' id='word_1_1134' title='bbox 1753 3489 1795 3520; x_wconf 92' lang='lat' dir='ltr'>Et</span> <span class='ocrx_word' id='word_1_1135' title='bbox 1816 3490 1955 3530; x_wconf 90' lang='lat' dir='ltr'>primo...</span> <span class='ocrx_word' id='word_1_1136' title='bbox 1980 3489 2020 3519; x_wconf 90' lang='lat' dir='ltr'>de</span> <span class='ocrx_word' id='word_1_1137' title='bbox 2042 3494 2120 3520; x_wconf 90' lang='lat' dir='ltr'>voto</span> <span class='ocrx_word' id='word_1_1138' title='bbox 2144 3488 2291 3526; x_wconf 89' lang='lat' dir='ltr'>solemni,</span> <span class='ocrx_word' id='word_1_1139' title='bbox 2308 3490 2485 3521; x_wconf 86' lang='lat' dir='ltr'>secundo...</span> <span class='ocrx_word' id='word_1_1140' title='bbox 2505 3490 2545 3521; x_wconf 87' lang='lat' dir='ltr'>de</span> <span class='ocrx_word' id='word_1_1141' title='bbox 2567 3489 2632 3521; x_wconf 88' lang='lat' dir='ltr'>for-</span> 
     </span>
     <span class='ocr_line' id='line_1_146' title="bbox 1564 3533 2631 3574; baseline 0.002 -10"><span class='ocrx_word' id='word_1_1142' title='bbox 1564 3534 1728 3564; x_wconf 82' lang='lat' dir='ltr'>nicatione</span> <span class='ocrx_word' id='word_1_1143' title='bbox 1745 3546 1773 3565; x_wconf 80' lang='lat'>».</span> <span class='ocrx_word' id='word_1_1144' title='bbox 1800 3533 1874 3564; x_wconf 81' lang='lat' dir='ltr'>Hoc</span> <span class='ocrx_word' id='word_1_1145' title='bbox 1897 3534 2102 3574; x_wconf 84' lang='lat' dir='ltr'>repentinum</span> <span class='ocrx_word' id='word_1_1146' title='bbox 2126 3539 2189 3565; x_wconf 91' lang='lat' dir='ltr'>est:</span> <span class='ocrx_word' id='word_1_1147' title='bbox 2214 3533 2375 3566; x_wconf 75' lang='lat' dir='ltr'>distinctio</span> <span class='ocrx_word' id='word_1_1148' title='bbox 2394 3534 2448 3566; x_wconf 86' lang='lat' dir='ltr'>hic</span> <span class='ocrx_word' id='word_1_1149' title='bbox 2461 3535 2631 3571; x_wconf 76' lang='lat' dir='ltr'>insinuata,</span> 
     </span>
    </p>
   </div>
  </div>
 </body>
</html>
