2918 4088
216 1971 227 1981 '¹
235 1970 292 1998 cap.
300 1975 428 1998 111,vers.4.

313 2027 330 2044 α

216 2561 226 2571 ·
237 2560 272 2582 De
280 2559 340 2581 Fide
349 2559 427 2586 Orth„

215 2587 255 2608 lib.
267 2586 307 2613 1v,
319 2592 370 2614 cap.
380 2592 428 2608 xm.

215 2720 225 2729 ·
232 2717 330 2739 Primus.
336 2728 346 2733 —
352 2717 427 2744 Epist.

216 2744 249 2766 ad
258 2743 399 2772 Elphidium.

312 2876 327 2910 β

217 3225 228 3235 '
237 3224 333 3246 Malach.
344 3230 394 3252 cap.
404 3230 429 3251 ιι,

215 3258 275 3273 vers.
291 3258 310 3274 2.

461 211 536 257 264

512 293 569 327 AD
589 302 724 327 PR1MUM
739 301 837 326 ERGO
856 301 1037 327 mCENDUM
1052 290 1158 338 quod
1174 287 1407 325 consecratio
1427 286 1522 323 chri·
1549 287 1551 335 l

458 344 608 387 smmis,
637 345 699 380 vel
726 342 1007 392 cuiuscumque
1035 341 1187 379 alterius
1215 340 1412 386 materiae,
1442 351 1521 376 non

460 404 515 434 est
534 396 778 441 sacrificium,
798 395 894 432 sicut
921 395 1154 432 consecratio
1175 392 1446 431 Eucharistiae.
1475 393 1523 429 Et

459 449 547 486 ideo
576 461 656 486 non
684 456 740 486 est
768 447 899 485 similis
928 448 1034 485 ratio.

512 504 569 539 AD
598 513 787 540 SECUNDUM
813 513 994 538 mcENDUM
1023 500 1130 549 quod
1154 506 1437 536 sacramentum
1456 498 1522 534 ba-

458 555 588 605 ptismi
614 554 811 605 perficitur
838 554 877 590 in
905 553 988 602 ipso
1017 565 1091 589 usu
1120 551 1311 589 materiae.
1350 552 1398 588 Et
1434 550 1522 587 ideo

459 609 587 645 nullus
614 615 738 658 potest
765 606 956 656 baptizare
984 605 1170 654 seipsum:
1210 604 1301 654 quia
1333 604 1372 640 in
1401 614 1522 640 sacra-

459 668 591 699 mento
629 672 709 698 non
743 667 867 709 potest
894 671 976 695 esse
1014 658 1117 695 idem
1155 669 1270 706 agens
1298 664 1335 694 et
1361 656 1520 706 patiens.

458 714 570 752 Unde
599 713 728 750 necin
751 714 827 749 hoc
851 718 1090 748 sacramento
1120 710 1298 748 sacerdos
1326 716 1523 746 consecrat

458 767 649 816 seipsum,
679 765 746 802 sed
780 776 923 814 panem
961 772 996 801 et
1023 764 1176 810 vinum,
1206 763 1245 800 in
1278 774 1356 812 qua
1390 774 1522 799 conse-

459 819 625 857 cratione
654 817 856 856 conficitur
882 818 958 854 hoc
993 824 1288 854 sacramentum.
1327 816 1429 853 Usus
1457 827 1523 852 au-

457 881 536 910 tem
572 871 798 909 sacramenti
832 879 886 908 est
914 878 1195 919 consequenter
1227 882 1266 906 se
1300 868 1446 906 habens
1475 867 1523 905 ad

459 927 534 963 hoc
563 932 857 962 sacramentum.
891 925 939 961 Et
967 923 1164 960 ideonon
1199 930 1254 959 est
1282 922 1415 959 simile.

511 1055 534 1090 ε)
546 1057 590 1090 fit.
609 1070 628 1075 -
646 1056 708 1082 Om.
727 1055 803 1085 BDE,
823 1055 902 1081 edere
920 1056 981 1081 licet
1000 1055 1097 1080 addunt
1115 1054 1135 1079 F
1155 1060 1180 1079 et
1198 1054 1281 1079 tertia.

1112 209 1375 257 QUAESTIO
1403 207 1597 255 LXXXII,
1627 207 1920 245 ARTICULUS
1947 207 1983 244 V

1630 288 1686 323 An
1714 298 1873 324 TERTIUM
1901 298 2082 325 mcENnUM
2111 287 2230 336 quod,
2252 287 2282 324 si
2309 288 2538 325 miraculose
2557 300 2639 325 cor-

1576 351 1650 388 pus
1686 338 1825 376 Christi
1863 339 1902 376 in
1940 339 2046 376 altari
2083 340 2155 377 sub
2192 340 2318 389 specie
2359 341 2483 379 carnis
2523 353 2639 391 appa-

1577 399 1676 439 reat,
1719 399 1784 428 aut
1825 392 1978 440 sanguis
2020 392 2092 437 sub
2134 393 2260 442 specie
2302 394 2516 442 sanguinis,
2558 405 2639 432 non

1577 452 1632 481 est
1673 445 1921 481 sumendum.
1970 445 2070 482 Dicit
2110 445 2215 482 enim
2255 446 2538 496 Hieronymus,
2579 459 2639 484 su-

1571 509 1644 547 per
1680 499 1798 535 Levit.
1831 497 1875 534 ⁹¹⁸:
1918 498 1977 534 De
2011 499 2083 535 hac
2125 499 2271 548 quidem
2311 501 2428 536 hostia
2469 511 2565 549 quae
2600 502 2639 537 in

1580 551 1717 587 Christi
1747 553 2102 588 commemoratione
2135 552 2356 589 mirabiliter
2373 554 2422 601 fit
2439 557 2468 599 ⁸,
2504 553 2550 590 de
2577 553 2640 590 illa

1576 614 1666 641 vero
1707 615 1820 652 quam
1865 605 2029 640 Christus
2070 605 2108 641 in
2150 617 2220 641 ara
2261 607 2381 642 crucis
2421 606 2548 642 obtulit
2586 617 2641 642 se-

1577 656 1740 693 cundum
1766 668 1817 701 se,
1857 657 1950 693 nulli
1985 657 2094 693 edere
2126 657 2219 694 licet.
2257 658 2342 695 Nec
2375 666 2533 707 propter
2566 659 2642 696 hoc

1577 708 1756 746 sacerdos
1783 716 2038 757 transgressor
2069 709 2248 747 efficitur:
2279 710 2370 760 quia
2389 722 2435 748 ea
2454 722 2554 760 quae
2572 710 2641 748 mi-

1578 763 1751 799 raculose
1778 761 1889 808 fiunt,
1919 761 2065 810 legibus
2093 773 2174 800 non
2211 763 2440 801 subduntur.
2475 785 2501 790 —
2539 763 2642 801 Con-

1579 814 1786 852 sulendum
1827 822 1957 852 tamen
1999 823 2096 852 esset
2133 816 2320 853 sacerdoti
2361 817 2469 866 quod
2510 815 2642 854 iterato

1578 879 1719 917 corpus
1748 875 1784 904 et
1811 868 2039 916 sanguinem
2067 869 2226 906 Domini
2255 877 2494 907 consecraret
2521 878 2558 907 et
2580 881 2643 907 su-

1578 928 1709 958 meret.

1133 1150 1468 1184 Commentaria
1490 1147 1743 1180 Cardinalis
1766 1148 1967 1183 Caietani

461 1260 508 1324 IN
532 1251 619 1282 calce
643 1252 747 1291 quarti
763 1251 896 1287 articuli,
921 1250 1047 1281 adverte
1063 1249 1262 1280 sacerdotem
1278 1259 1372 1291 posse
1389 1250 1520 1291 quidem

489 1295 527 1326 de
558 1296 694 1326 consilio
725 1296 841 1325 iterum
872 1303 1057 1325 consecrare
1089 1299 1120 1324 et
1142 1304 1282 1331 sumere,
1307 1295 1438 1336 quando
1461 1296 1520 1326 sub

457 1340 563 1380 specie
586 1340 688 1370 carnis
711 1345 765 1370 aut
789 1340 951 1379 sanguinis
974 1344 1208 1369 sacramentum
1227 1345 1368 1379 apparet,
1391 1349 1459 1370 non
1474 1346 1521 1370 te-

1574 1251 1642 1282 neri
1665 1256 1773 1281 tamen
1797 1249 1837 1279 ad
1860 1249 1939 1279 hoc:
1969 1250 2124 1289 quoniam
2148 1249 2249 1280 Actor
2270 1249 2416 1281 miraculi
2445 1250 2643 1282 sacerdotem

1575 1305 1593 1326 a
1616 1296 1687 1336 lege
1710 1293 1859 1325 sumendi
1882 1293 2028 1323 absolvit.
2062 1293 2104 1324 Et
2133 1299 2304 1334 propterea
2333 1295 2458 1325 Auctor
2483 1295 2517 1326 in
2540 1295 2644 1326 littera

1575 1341 1664 1380 prius
1687 1339 1864 1369 libertatem
1888 1337 2060 1368 sacerdotis
2084 1337 2180 1374 dixit,
2211 1338 2327 1369 deinde
2351 1339 2523 1370 consilium
2546 1339 2644 1371 dedit.

1199 1523 1201 1525 ’
1246 1520 1567 1563 ARTICULUS
1597 1519 1856 1572 QUINTUS

841 1625 999 1656 UTRUM
1023 1624 1171 1655 MALUS
1194 1623 1420 1655 SACERDos
1443 1623 1776 1655 EUCHARISTIAM
1800 1622 2091 1654 CONSECRARE
2114 1623 2262 1655 Possm*
2289 1671 2292 1674 Α

1374 1713 1466 1746 Supra,
1485 1721 1529 1746 qu.
1549 1720 1615 1742 Lxlv,
1635 1718 1682 1738 art.
1703 1712 1726 1739 5.

490 1824 537 1850 >0x
670 1819 692 1843 D
721 1817 881 1848 QUINTUM
900 1816 952 1841 sm
972 1816 1207 1841 PROCEDITUR.
1235 1803 1396 1840 Videtur
1415 1803 1522 1852 quod

491 1851 649 1918 &³5²⁴
669 1860 794 1896 malus
818 1858 996 1894 sacerdos
1015 1857 1296 1895 Eucharistiam
1324 1868 1522 1893 consecra-

476 1913 524 1962 '15¹2
535 1900 640 1963 xor,
670 1924 710 1949 re
734 1924 815 1949 non
842 1911 972 1961 possit.
1002 1910 1101 1948 Dicit
1120 1910 1225 1947 enim
1245 1909 1520 1959 Hieronymus

475 1962 490 1974 ²
515 1943 613 2003 ἐξΨ)
629 1960 787 2015 Ksuper⁴
807 1965 1035 2015 Sophoniam
1053 1963 1090 2000 *z
1121 1963 1348 2009 Sacerdotes,
1369 1964 1433 2012 qui
1449 1963 1521 2000 Eu-

456 2020 653 2056 charistiae
670 2020 834 2056 serviunt
851 2024 885 2054 et
902 2018 1125 2067 sanguinem
1140 2017 1295 2054 Domini
1313 2016 1477 2054 dividunt
1492 2020 1520 2062 ²,

456 2073 568 2122 impie
595 2077 714 2121 agunt
741 2073 778 2108 in
807 2071 929 2121 legem
962 2071 1116 2116 Christi,
1140 2075 1312 2120 putantes
1339 2069 1521 2106 Euchari-

454 2128 562 2163 stiam
592 2126 782 2174 precantis
805 2125 936 2171 facere
968 2125 1100 2169 verba,
1131 2135 1205 2160 non
1234 2124 1367 2167 vitam;
1395 2128 1428 2158 et
1460 2133 1521 2158 ne-

455 2180 656 2216 cessariam
675 2190 752 2215 esse
769 2178 971 2215 solemnem
999 2177 1218 2222 orationem,
1239 2182 1272 2213 et
1296 2188 1370 2212 non
1399 2187 1522 2212 sacer-

455 2233 547 2270 dotis
574 2233 717 2269 merita.
747 2233 806 2268 De
825 2232 954 2281 quibus
981 2230 1134 2267 dicitur:
1162 2229 1353 2275 Sacerdos,
1375 2229 1411 2265 in
1433 2240 1521 2278 quo-

454 2297 612 2335 cumque
634 2285 750 2332 fuerit
776 2285 938 2330 macula,
967 2296 1041 2320 non
1071 2283 1222 2320 accedat
1250 2281 1388 2332 offerre
1419 2282 1520 2320 obla-

454 2341 571 2377 tiones
597 2339 776 2376 Domino.
812 2337 890 2375 Sed
918 2336 1096 2374 sacerdos
1128 2344 1327 2386 peccator,
1356 2347 1448 2373 curn
1476 2334 1522 2372 sit

455 2393 689 2437 maculosus,
710 2403 781 2428 nec
799 2390 919 2428 vitam
938 2389 1053 2427 habet
1071 2401 1143 2426 nec
1162 2388 1297 2426 merita
1316 2388 1407 2426 huic
1430 2399 1521 2426 con-

454 2443 648 2483 venientia
667 2451 917 2481 sacramento.
939 2443 1041 2491 Ergo
1056 2442 1234 2479 sacerdos
1249 2449 1427 2492 peccator
1441 2453 1522 2479 non

454 2506 579 2549 potest
607 2509 830 2535 consecrare
859 2495 1152 2534 Eucharistiam.

511 2564 545 2588 2.
576 2552 808 2597 PRAETEREA,
837 2550 1102 2587 Damascenus
1126 2547 1225 2595 dicit,
1246 2546 1286 2585 in
1304 2548 1355 2585 IV
1373 2547 1470 2594 libro
1489 2547 1520 2592 ²³²,

455 2605 563 2655 quod
585 2605 698 2654 panis
726 2610 759 2640 et
785 2604 934 2649 vinum,
958 2615 1031 2652 per
1058 2602 1257 2639 adventum
1289 2602 1417 2638 Sancti
1442 2601 1521 2651 Spi-

454 2660 557 2704 ritus,
585 2656 916 2707 supernaturaliter
933 2657 1064 2693 transit
1092 2656 1128 2691 in
1158 2667 1293 2704 corpus
1311 2655 1469 2705 Domini
1490 2660 1522 2691 et

453 2712 689 2762 sanguinem.
719 2709 796 2747 Sed
816 2708 991 2747 Gelasius
1010 2708 1116 2757 Papa
1134 2707 1154 2729 '⁸
1183 2705 1282 2754 dicit,
1304 2715 1340 2745 et
1358 2706 1522 2744 habetur

454 2764 495 2802 in
522 2762 709 2810 Decretis,
729 2764 760 2810 I,
781 2774 846 2811 qu.
867 2775 893 2809 1,
916 2774 999 2812 cap.
1024 2763 1292 2798 Sacrosancta:
1326 2760 1521 2804 Quomodo

454 2818 505 2856 ad
522 2817 639 2855 divini
655 2817 826 2867 mysterii
843 2816 1159 2853 consecrationem
1178 2814 1341 2851 caelestis
1367 2814 1522 2864 Spiritus

454 2873 645 2909 invocatus
672 2869 840 2908 adveniet
858 2866 892 2915 β,
919 2870 954 2905 si
977 2868 1150 2905 sacerdos
1179 2869 1242 2917 qui
1274 2879 1358 2904 eum
1395 2867 1522 2904 adesse

454 2925 685 2974 deprecatur,
714 2923 922 2960 criminosis
942 2922 1078 2971 plenus
1114 2922 1318 2958 actionibus
1349 2932 1519 2970 compro-

455 2977 591 3015 betur?
618 2978 720 3025 Ergo
747 2988 817 3026 per
844 2976 992 3012 malum
1021 2973 1260 3012 sacerdotem
1288 2985 1368 3011 non
1395 2980 1520 3024 potest

456 3030 695 3068 Eucharistia
723 3027 949 3067 consecrari.

511 3083 546 3120 3.
575 3084 807 3129 PRAETEREA‚
828 3082 904 3119 hoc
923 3089 1207 3119 sacramentum
1226 3079 1432 3118 sacerdotis
1454 3079 1519 3118 be-

456 3135 671 3174 nedictione
690 3142 946 3173 consecratur.
977 3134 1055 3172 Sed
1073 3132 1288 3172 benedictio
1314 3132 1520 3171 sacerdotis

455 3189 665 3239 peccatoris
683 3201 764 3226 non
792 3195 848 3225 est
874 3188 1010 3225 efficax
1028 3187 1078 3224 ad
1096 3187 1425 3224 consecrationem
1449 3188 1519 3224 hu-

456 3242 515 3279 ius
535 3241 778 3279 sacramenti:
808 3253 900 3278 curn
919 3239 1104 3290 scripturn
1123 3239 1169 3278 sit
1187 3245 1203 3269 Υ
1221 3239 1259 3277 *;
1288 3239 1520 3278 Maledicam

578 1838 630 1865 vsss<

509 3374 537 3409 α)
556 3374 689 3400 dividunt.
715 3388 734 3392 -
758 3374 866 3405 populis
885 3373 1009 3398 dividunt
1028 3373 1047 3397 F
1067 3379 1091 3398 et
1110 3374 1191 3398 tertia.
1218 3387 1237 3392 -
1263 3374 1348 3406 Iegem
1367 3373 1391 3404 13
1409 3373 1475 3406 lege.
1502 3387 1522 3391 -

456 3418 508 3436 non
528 3415 587 3435 ante
604 3410 754 3435 sacerdotis
771 3417 825 3433 om.
845 3410 872 3434 P.
889 3423 909 3428 -
931 3409 980 3433 Pro
999 3415 1170 3441 quocumque,
1190 3415 1355 3441 quacumque
1373 3408 1477 3433 BDEsC
1495 3413 1521 3432 et

457 3446 590 3471 editiones.
611 3445 648 3471 Cf.
668 3453 714 3478 qu.
732 3453 795 3470 Lxxx
814 3450 860 3469 art.
880 3452 906 3476 7.
925 3443 948 3477 β.

510 3479 536 3516 β)
555 3481 687 3506 adveniet.
704 3496 723 3500 —
741 3481 842 3512 Tertia;
861 3480 978 3505 advenit.
998 3479 1035 3504 Cf.
1055 3479 1220 3505 solutionem.

1575 1803 1886 1840 benedictionibus
1907 1805 2045 1842 vestris.
2076 1804 2125 1841 Et
2143 1803 2353 1854 Dionysius
2373 1804 2472 1853 dicit,
2493 1805 2533 1843 in
2552 1806 2643 1856 Epi-

1575 1858 1670 1894 stola
1698 1857 1750 1894 ad
1775 1857 2038 1906 Demophilum
2065 1858 2302 1894 Monachum
2321 1857 2356 1894 *ε
2390 1859 2558 1907 Perfecte
2584 1872 2642 1897 ce-

1575 1911 1661 1947 cidit
1679 1908 1692 1931 δ
1720 1922 1744 1947 α
1762 1910 1986 1947 sacerdotali
2002 1910 2134 1947 ordine
2153 1912 2216 1959 qui
2233 1923 2307 1947 non
2329 1916 2379 1948 est
2397 1911 2661 1951 illuminatus?

1575 1969 1608 1999 et
1635 1963 1765 2000 audax
1792 1963 1938 2012 quidem
1965 1964 2058 2000 mihi
2082 1963 2225 2000 videtur
2242 1963 2336 2010 talis,
2355 1965 2644 2003 sacerdotalibus

1575 2028 1731 2053 manum
1765 2028 1974 2067 apponens‚·
2010 2021 2043 2052 et
2069 2016 2180 2053 audet
2211 2017 2422 2054 immundas
2453 2018 2643 2067 infamias,

1575 2081 1650 2106 non
1679 2070 1778 2105 enim
1807 2068 1929 2106 dicam
1958 2070 2156 2116 orationes,
2183 2081 2296 2120 super
2323 2070 2449 2108 divina
2470 2072 2644 2120 symbola

1579 2121 1887 2170 Chrz'stiformiter
1914 2124 2120 2160 enuntiare.

1630 2174 1704 2212 SED
1720 2187 1864 2212 CONTRA
1883 2186 1949 2212 asi·
1963 2175 2071 2224 quod
2085 2175 2323 2225 Augustinus
2336 2175 2357 2198 '¹‘
2375 2175 2476 2226 dicit,
2491 2176 2532 2215 in
2545 2176 2643 2216 libro

1575 2228 1620 2265 de
1652 2229 1822 2278 Corpore
1856 2229 2015 2266 Domini
2030 2228 2067 2266 *z
2104 2230 2212 2267 Intra
2243 2229 2450 2268 Ecclesiam
2482 2231 2643 2270 Catholi-

1575 2294 1679 2328 cam,
1709 2283 1746 2319 in
1775 2283 1954 2330 mysterio
1989 2284 2159 2332 corporis
2186 2288 2220 2320 et
2245 2285 2442 2333 sanguinis
2474 2284 2641 2332 Domini,

1576 2335 1668 2372 nihil
1694 2348 1718 2372 a
1746 2337 1843 2372 bono
1871 2336 2003 2381 maius,
2025 2335 2117 2372 nihil
2134 2349 2158 2373 a
2176 2337 2277 2374 malo
2306 2337 2428 2374 minus
2447 2338 2645 2387 perficitur

1573 2388 1783 2426 sacerdote:
1820 2389 1907 2437 quia
1940 2400 2014 2425 non
2048 2389 2085 2425 in
2114 2390 2246 2426 merito
2282 2392 2551 2437 consecrantis,
2579 2391 2646 2430 sed

1575 2444 1612 2479 in
1641 2443 1755 2480 verbo
1767 2443 1965 2492 perficitur
1996 2443 2195 2489 Creatoris,
2216 2448 2249 2479 et
2277 2444 2314 2479 in
2337 2444 2469 2481 virtute
2487 2444 2644 2494 Spiritus

1576 2496 1712 2533 Sancti.

1636 2549 1862 2585 RESPONDEO
1890 2559 2072 2593 DlCENDUM
2111 2548 2236 2597 quod,
2266 2547 2363 2586 sicut
2395 2561 2511 2599 supra
2533 2548 2554 2572 *
2587 2548 2642 2590 di-

1575 2609 1681 2638 ctum
1709 2609 1781 2648 est,
1811 2600 1989 2638 sacerdos
2021 2609 2218 2639 consecrat
2252 2602 2329 2639 hoc
2357 2610 2642 2643 sacramentum

1574 2666 1655 2691 non
1674 2654 1714 2691 in
1733 2653 1871 2691 virtute
1895 2652 2063 2704 propria,
2084 2654 2152 2692 sed
2174 2654 2271 2692 sicut
2289 2653 2461 2693 minister
2490 2655 2642 2706 Christi,

1575 2706 1614 2744 in
1651 2707 1762 2745 euius
1797 2719 1964 2757 persona
2002 2715 2199 2745 consecrat
2235 2708 2312 2746 hoc
2343 2717 2639 2748 sacramentum.

1575 2760 1667 2798 Non
1695 2768 1823 2798 autern
1854 2773 1900 2798 ex
1928 2761 2004 2798 hoc
2030 2760 2115 2810 ipso
2139 2760 2277 2798 desinit
2304 2761 2440 2811 aliquis
2459 2774 2541 2800 esse
2568 2760 2640 2801 mi-

1576 2812 1692 2851 nister
1721 2813 1859 2851 Christi
1887 2813 1995 2863 quod
2023 2821 2078 2851 est
2105 2814 2250 2852 malus:
2287 2815 2403 2853 habet
2429 2814 2534 2852 enim
2561 2814 2640 2853 Do-

1576 2867 1706 2904 minus
1720 2866 1846 2904 bonos
1861 2874 1897 2904 et
1911 2867 2035 2904 malos
2053 2866 2248 2905 ministros
2267 2879 2336 2905 seu
2355 2879 2498 2906 servos.
2514 2867 2639 2916 Unde,

1574 2920 1710 2958 Matth.
1738 2932 1821 2957 xmv
1838 2919 1869 2967 *,
1891 2918 2085 2958 Dominus
2113 2919 2214 2967 dicit,
2249 2920 2351 2968 Quis,
2367 2927 2490 2972 putas,
2519 2927 2571 2958 est
2585 2921 2640 2971 fi·
2667 2926 2678 2938 ·

1575 2973 1664 3011 delis
1681 2985 1809 3011 servus
1828 2979 1861 3010 et
1873 2972 2053 3023 prudenS‚
2069 2981 2155 3021 etc.;
2176 2981 2213 3011 et
2230 2981 2363 3024 postea
2381 2973 2402 2995 *¹
2423 2973 2571 3011 subdit:
2601 2973 2643 3012 Si
2666 2975 2677 2986 '

1575 3033 1698 3064 autem
1727 3025 1862 3064 dixerit
1888 3026 2008 3064 malus
2035 3026 2096 3064 ille
2119 3039 2247 3065 servus
2273 3028 2311 3064 in
2339 3026 2452 3064 corde
2468 3039 2548 3074 suo,
2569 3034 2638 3066 etc.
2659 3048 2661 3050 ·

1576 3079 1624 3118 Et
1651 3080 1860 3130 Apostolus
1887 3077 1987 3127 dicit,
2008 3080 2023 3116 I
2045 3079 2132 3117 Cor.
2152 3091 2187 3117 iv
2205 3078 2242 3116 *:
2273 3081 2334 3117 Sic
2360 3091 2427 3117 nos
2461 3081 2641 3118 existimet
2667 3085 2678 3096 ·

1574 3135 1686 3171 homo
1715 3139 1752 3170 ut
1779 3134 1965 3170 ministros
1992 3132 2144 3170 Christi:
2169 3139 2205 3169 et
2231 3139 2362 3170 tamen
2389 3140 2523 3182 postea
2550 3132 2639 3171 sub-

1575 3186 1629 3224 dit
1642 3186 1677 3223 *z
1693 3186 1801 3224 Nihil
1818 3186 1911 3222 mihi
1926 3186 2094 3223 conscius
2110 3197 2211 3228 sum:
2227 3185 2293 3222 sed
2309 3197 2384 3223 non
2400 3187 2437 3222 in
2452 3186 2523 3223 hoc
2541 3186 2639 3224 iusti·
2665 3190 2676 3201 ·

1563 3241 1704 3288 ficatus
1730 3251 1824 3276 sum.
1853 3237 1945 3275 Erat
1972 3249 2061 3286 ergo
2090 3245 2216 3275 certus
2242 3249 2282 3275 se
2311 3250 2393 3276 esse
2421 3237 2640 3278 ministrum

1599 3407 1605 3413 θ
1629 3371 1656 3406 γ)
1675 3372 1719 3397 sit.
1730 3386 1750 3390 -
1767 3370 1884 3396 Malach.
1899 3376 1929 3395 ιι
1947 3370 2017 3395 addit
2035 3370 2116 3395 tertia.
2128 3384 2147 3389 —
2160 3370 2210 3395 Pro
2228 3370 2460 3400 benedictionibus,
2475 3370 2640 3397 maledictio-

1576 3408 1654 3476 ω’ἕῖ)
1671 3406 1776 3468 {ggii
1794 3454 1813 3460 -
1831 3441 1918 3466 Tertia
1936 3445 2039 3473 praeter
2051 3440 2088 3472 G;
2108 3440 2208 3467 aaran
2226 3441 2281 3472 ro,
2294 3441 2366 3467 ceatt
2384 3441 2470 3468 ceteri.
2488 3442 2556 3467 Ante
2575 3441 2640 3467 ..ιι-ιιι·

1575 3478 1644 3502 addit
1657 3477 1768 3502 nimium
1784 3477 1812 3502 Ρ.
1823 3490 1842 3495 -
1854 3479 1880 3501 et
1892 3476 1975 3501 audet
1987 3476 2007 3500 F
2021 3481 2046 3501 et
2059 3477 2130 3501 tertia
2138 3483 2146 3506 3
2164 3477 2255 3502 audet.
2266 3490 2286 3495 —
2301 3476 2526 3510 Christisormiter
2542 3475 2639 3508 Pol-113

1577 3512 1677 3538 Giristi
1687 3511 1786 3546 flacc-'u
1804 3512 1834 3541 E,
1856 3511 1956 3537 Christi
1973 3511 2147 3545 conformiter
2164 3512 2193 3542 F,
2215 3512 2316 3538 Christi
2325 3512 2447 3545 firmiter
2464 3512 2550 3538 ceteri.

2666 504 2676 515 '
2697 503 2754 525 Clu.
2777 502 2814 524 De
2835 503 2882 526 hac

2667 529 2808 578 quaer-aiff-
2817 529 2880 578 ‘itu’

2667 561 2736 584 seer„
2846 572 2851 579 .

2669 1866 2680 1877 ·
2693 1864 2769 1893 Epist.
2783 1864 2848 1887 vm.

2670 2182 2681 2193 ·
2694 2181 2840 2204 Paschasius.

2669 2233 2728 2283 ἐξ·
2745 2250 2751 2257 ·
2766 2234 2886 2284 “ait

2670 2287 2744 2343 ἑίέηιι,
2767 2287 2838 2310 Ceus.
2859 2287 2884 2316 1,
