2878 4088
107 537 117 546 '
125 534 184 557 Dist.
191 539 255 558 xxiv.
266 539 317 560 esp.

107 561 274 583 macenorum.

106 761 117 771 ·
122 758 243 786 1bid.‚cap.
249 758 319 786 Quin-

107 787 145 807 tus
160 787 203 807 est.

107 984 120 995 ·
139 983 214 1011 ibid„
241 988 292 1011 cap.

106 1010 203 1038 Quarto
217 1009 278 1031 loco.

107 2396 182 2423 '3²-

112 2747 325 2797 Ῐςωᾶξῖῧῖἂῗρ·

114 2803 136 2814 ··
174 2816 181 2823 .
187 2800 290 2823 Grati-n.
300 2799 325 2821 in

112 2827 211 2878 ῗίἷῆῑ.
223 2826 253 2849 ad
260 2826 326 2855 gdiut.

114 3011 198 3060 ''unm-¹3.
211 3010 261 3034 Sed
273 3017 328 3033 con-

959 189 1223 238 QUAESTIO
1253 187 1439 234 XXXVII,
1460 185 1754 223 ARTICULUS
1782 185 1840 232 ΙΙΙ,
1866 186 1915 221 IV

398 270 595 311 Cooperatio
626 275 734 300 autem
765 270 984 300 ministrorum
1015 274 1062 299 est
1091 269 1143 299 vel
1172 269 1205 298 in
1235 267 1346 298 ordine
1371 265 1411 296 ad

343 316 451 355 ipsum
482 320 733 350 sacramentum,
763 314 814 344 vel
845 314 878 344 in
910 313 1021 343 ordine
1054 312 1094 343 ad
1124 312 1342 352 suscipientes.
1376 309 1410 340 Si

343 359 448 399 primo
472 359 590 395 modo,
615 359 660 389 sic
683 358 856 398 tripliciter.
887 358 994 388 Primo
1020 357 1106 387 enim
1130 362 1176 387 est
1198 355 1409 386 ministerium

344 413 411 444 quo
445 403 588 433 minister
621 408 813 443 cooperatur
839 401 995 432 sacerdoti
1023 402 1056 431 in
1087 401 1158 441 ipso
1193 404 1407 434 sacrament0,

345 453 503 488 quantum
526 447 565 478 ad
588 447 869 487 dispensationem,
886 445 943 476 sed
961 455 1030 476 non
1053 450 1210 485 quantum
1233 444 1273 474 ad
1296 452 1408 474 conse-

345 492 530 528 crationem,
555 501 653 531 quam
675 491 763 521 solus
787 490 933 521 sacerdos
956 489 1040 520 facit.
1065 490 1106 520 Et
1127 490 1191 519 hoc
1214 488 1351 529 pertinet
1369 486 1409 517 ad

344 536 527 567 diaconum.
558 535 652 567 Unde
681 536 716 566 in
744 535 846 566 littera
861 535 878 552 ⁴*
901 534 1015 565 dicitur
1044 532 1133 574 quod
1163 532 1206 563 ad
1235 532 1408 563 diaconum

339 580 482 621 pertinet
503 580 690 611 ministrare
711 578 931 610 sacerdotibus
946 578 979 608 in
997 577 1143 608 omnibus
1165 585 1248 617 quae
1262 580 1410 617 aguntur

346 625 378 655 in
402 625 614 655 sacramentis
639 624 768 654 Christi.
799 622 893 654 Unde
919 628 951 653 et
973 622 1034 662 ipsi
1063 621 1251 661 sanguinem
1281 619 1408 659 dispen-

346 674 424 699 sant.
448 687 472 691 -
494 668 644 700 Secundo
668 673 715 698 est
737 667 949 698 ministerium
977 665 1159 696 ordinatum
1182 664 1222 694 ad
1243 663 1409 694 materiam
1424 675 1449 690 10

346 714 534 744 sacramenti
555 711 763 744 ordinandam
777 712 812 741 in
827 711 921 741 sacris
935 710 1017 739 vasis
1032 709 1132 749 ipsius
1154 708 1351 738 sacramenti.
1368 706 1409 737 Et

346 758 410 788 hoc
425 758 562 797 pertinet
576 756 616 787 ad
630 755 871 787 subdiaconum.
889 753 982 785 Unde
998 752 1113 783 dicitur
1128 754 1162 782 in
1177 752 1280 782 littera
1290 752 1307 768 ³*
1319 750 1410 791 quod

347 802 490 842 corporis
513 806 544 831 et
564 800 725 840 sanguinis
745 799 877 829 Domini
893 807 965 827 vasa
980 801 1118 837 portant,
1135 801 1167 826 et
1182 795 1360 825 oblationes
1376 795 1409 825 in

347 846 435 876 altari
449 850 586 885 ponunt.
610 844 651 874 Et
665 843 739 874 ideo
755 842 918 882 accipiunt
933 841 1064 871 calicem
1083 839 1123 870 de
1138 849 1237 870 manu
1253 839 1408 879 episcopi,

346 889 403 920 sed
424 898 579 924 vacuum,
603 897 679 918 cum
707 886 901 917 ordinantur.
929 903 952 908 —
982 884 1093 914 Tertio
1124 889 1170 914 est
1198 883 1410 914 ministerium
1425 894 1448 914 ις

347 933 529 964 ordinatum
544 931 584 962 ad
599 929 866 971 praesentandum
888 929 1053 959 materiam
1069 928 1265 958 sacramenti.
1290 927 1331 957 Et
1346 927 1410 957 hoc

347 976 502 1016 competit
523 975 687 1016 acolytho.
718 974 788 1014 Ipse
812 974 912 1010 enim,
937 978 974 1003 ut
995 973 1029 1002 in
1052 972 1154 1002 littera
1170 973 1186 989 ⁸*
1210 971 1334 1007 dicitur,
1358 981 1410 1002 ur-

346 1020 475 1051 ceolum
499 1028 574 1050 cum
596 1019 672 1049 vino
697 1023 728 1049 et
750 1027 834 1059 aqua
856 1022 1031 1058 praeparat.
1055 1016 1149 1048 Unde
1173 1017 1335 1056 accipiunt
1357 1026 1410 1046 ur-

347 1064 476 1094 ceolum
498 1072 648 1094 vacuum.

400 1107 463 1138 Sed
485 1107 698 1138 ministerium
720 1106 760 1137 ad
782 1106 1058 1147 praeparationem
1080 1105 1303 1145 recipientium
1327 1104 1411 1135 ordi·
1424 1115 1452 1129 ιο

344 1157 458 1182 natum
480 1161 548 1182 non
571 1156 677 1192 potest
706 1160 774 1182 esse
804 1151 865 1181 nisi
895 1159 991 1190 super
1019 1149 1223 1180 immundos:
1256 1150 1331 1190 quia
1355 1150 1411 1189 qui

344 1195 459 1227 mundi
482 1201 572 1232 sunt,
595 1196 660 1226 iam
683 1201 757 1226 sunt
780 1195 820 1225 ad
843 1199 1039 1225 sacramenta
1063 1193 1269 1234 percipienda
1291 1193 1410 1224 idonei.

346 1240 477 1281 Triplex
499 1245 608 1277 autem
631 1245 678 1270 est
700 1249 802 1280 genus
822 1238 1076 1275 immundorum,
1093 1238 1271 1269 secundum
1287 1238 1410 1279 Diony-

254 1303 261 1311 ·
312 1304 318 1310 ·
345 1285 430 1315 sium
445 1285 472 1315 ⁴¹¹.
497 1284 639 1324 Quidam
662 1285 748 1314 enim
771 1289 845 1314 sunt
869 1284 1003 1314 omnino
1027 1282 1182 1319 infideles,
1202 1282 1329 1313 credere
1351 1292 1411 1313 no-

328 1329 462 1359 lentes.
473 1328 522 1359 ‘Et
536 1329 570 1359 hi
584 1329 723 1359 totaliter
746 1329 842 1361 etiarn
857 1338 876 1358 a
890 1328 1013 1358 visione
1037 1327 1219 1357 divinorum
1235 1332 1266 1357 et
1281 1337 1299 1357 a
1315 1332 1411 1357 coetu

345 1372 490 1404 fidelium
509 1372 638 1404 arcendi
660 1378 744 1403 sunt.
768 1373 810 1403 Et
825 1373 888 1403 hoc
903 1372 1040 1412 pertinet
1058 1371 1098 1401 ad
1114 1372 1275 1402 ostiarios.
1292 1389 1315 1394 -
1330 1371 1411 1409 Qui-

345 1416 420 1447 dam
443 1422 552 1448 autem
575 1422 649 1448 sunt
670 1417 816 1447 volentes
843 1416 980 1452 credere,
1005 1415 1061 1446 sed
1083 1425 1150 1446 non
1173 1416 1328 1452 instructi,
1352 1416 1411 1446 sci-

344 1461 420 1492 licet
442 1462 675 1492 catechumeni.
707 1461 748 1491 Et
771 1460 811 1491 ad
833 1461 951 1491 horum
979 1461 1222 1491 instructionem
1249 1459 1413 1490 ordinatur

345 1505 427 1536 ordo
451 1506 618 1537 lectorum.
646 1506 688 1536 Et
710 1504 784 1536 ideo
807 1506 910 1545 prima
937 1504 1117 1535 rudimenta
1141 1503 1303 1535 doctrinae
1326 1503 1411 1540 fidei,

345 1550 467 1580 scilicet
488 1555 580 1581 vetus
603 1550 858 1585 Testamentum,
883 1550 927 1580 eis
950 1548 1122 1589 legendum
1148 1549 1367 1579 committitur.
1390 1567 1414 1571 —
1428 1560 1453 1581 ³⁰

345 1593 488 1632 Quidam
509 1604 586 1625 vero
610 1599 685 1624 sunt
706 1593 817 1624 fideles
841 1599 873 1624 et
895 1593 1050 1629 instructi,
1067 1592 1123 1623 sed
1145 1592 1413 1633 impedimentum

345 1639 498 1669 habentes
522 1648 560 1669 ex
583 1638 749 1674 daemonis
778 1643 952 1678 potestate,
977 1637 1097 1668 scilicet
1127 1637 1344 1677 energumeni.
1372 1637 1414 1667 Et

345 1682 386 1713 ad
407 1683 472 1713 hoc
494 1683 590 1713 habet
611 1683 823 1713 ministerium
847 1681 927 1712 ordo
951 1681 1197 1712 exorcistarum.

400 1726 443 1757 Et
464 1727 510 1757 sic
532 1731 620 1767 patet
642 1727 722 1756 ratio
745 1727 872 1757 numeri
895 1732 927 1756 et
949 1725 1065 1766 gradus
1089 1725 1249 1756 ordinum.

400 1771 452 1801 An
475 1781 593 1801 PRIMUM
615 1780 698 1801 nmo
722 1780 882 1800 memnon
905 1769 995 1810 quod
1015 1770 1190 1811 Dionysius
1213 1770 1357 1809 loquitur
1373 1768 1413 1799 de

346 1814 512 1846 ordinibus
534 1825 604 1846 non
626 1814 805 1846 secundum
829 1814 919 1855 quod
948 1819 1023 1845 sunt
1049 1819 1261 1850 sacramenta,
1286 1813 1342 1844 sed
1364 1823 1412 1844 se-

346 1859 490 1890 cundum
507 1859 596 1899 quod
611 1859 651 1890 ad
666 1860 874 1890 hierarchicas
896 1859 1038 1890 actiones
1062 1858 1258 1889 ordinantur.
1282 1858 1323 1888 Et
1338 1857 1412 1888 ideo

345 1903 526 1934 secundum
555 1904 697 1934 actiones
720 1904 788 1934 illas
811 1909 873 1934 tres
897 1903 1025 1934 ordines
1056 1902 1228 1943 distinguit.
1262 1902 1413 1940 Quorum

345 1948 468 1989 primus
500 1948 596 1978 habet
627 1957 741 1978 omnes
770 1953 848 1984 tres,
880 1948 1000 1978 scilicet
1029 1948 1219 1988 episcopus3
1253 1946 1413 1977 secundus

345 1992 441 2023 habet
464 1991 552 2029 duas,
569 1993 688 2023 scilicet
712 1991 878 2028 sacerdos;
903 1991 959 2022 sed
981 1993 1091 2022 tertius
1113 1992 1209 2022 habet
1228 2001 1337 2027 unam,
1354 1992 1409 2022 sci·
1427 2005 1454 2025 40

345 2037 421 2068 licet
434 2046 581 2077 purgare,
598 2037 718 2067 scilicet
733 2036 897 2072 diaconus,
915 2037 972 2076 qui
991 2036 1137 2066 minister
1152 2035 1283 2072 dicitur;
1307 2041 1338 2066 et
1354 2036 1412 2066 sub

346 2081 411 2112 hoc
439 2090 552 2111 omnes
579 2080 745 2111 inferiores
776 2081 903 2111 ordines
934 2080 1277 2120 comprehenduntur.,
1294 2098 1317 2102 —
1350 2079 1414 2110 Sed

347 2124 476 2157 ordines
498 2126 617 2155 habent
639 2124 729 2165 quod
752 2126 814 2155 sint
837 2130 1032 2155 sacramenta
1055 2134 1094 2155 ex
1117 2124 1270 2154 relatione
1292 2123 1331 2157 ad
1346 2134 1413 2154 ma-

347 2170 472 2200 ximum
495 2175 777 2200 sacramentorum.
802 2170 843 2199 Et
857 2169 931 2200 ideo
956 2168 1135 2199 secundum
1157 2169 1221 2199 hoc
1244 2168 1338 2199 debet
1353 2178 1413 2199 nu-

347 2223 455 2245 merus
479 2213 630 2244 ordinum
654 2214 765 2253 accipi.

403 2258 454 2288 An
478 2267 641 2288 snctmnum
664 2267 823 2287 menmium
842 2256 932 2297 quod
947 2257 980 2287 in
995 2257 1155 2297 primitiva
1170 2257 1323 2293 Ecclesia,
1339 2267 1414 2297 pro-

349 2307 420 2342 pter
443 2302 636 2342 paucitatem
665 2302 901 2338 ministrorum,
926 2302 1035 2332 omnia
1064 2300 1214 2331 inferiora
1242 2302 1415 2332 ministeria

350 2346 538 2377 diaconibus
569 2346 866 2376 committebantur:
898 2351 935 2376 ut
957 2351 1044 2386 patet
1066 2355 1124 2385 per
1147 2346 1356 2386 Dionysium,
1380 2356 1415 2376 m

350 2399 420 2431 cap.
436 2390 559 2421 Eccies.
575 2390 670 2420 Hier.
686 2391 714 2426 *,
738 2391 794 2420 ubi
817 2390 909 2421 dicit:
934 2390 1163 2420 lWinistrorum
1187 2390 1246 2421 alii
1267 2395 1355 2420 stant
1372 2390 1415 2421 ad

343 2439 462 2475 portas
477 2435 586 2475 templi
604 2435 741 2469 clausas,
758 2434 818 2465 alii
840 2434 931 2465 aliud
953 2434 1030 2475 quid
1046 2435 1178 2475 proprii
1201 2434 1325 2465 ordinis
1342 2444 1415 2475 ope-
1430 2445 1456 2466 50

351 2484 485 2515 rantur,
510 2479 569 2509 alii
591 2484 698 2509 autem
725 2479 945 2510 sacerdotibus
968 2483 1161 2519 proponunt
1186 2489 1284 2520 super
1310 2479 1416 2510 altare

349 2533 479 2555 sacrum
497 2533 617 2563 panem
633 2528 664 2554 et
678 2523 906 2554 benedictionis
928 2524 1070 2554 calicem.
1094 2523 1312 2554 Nihilominus
1327 2529 1416 2554 erant

351 2577 466 2598 omnes
488 2567 668 2608 praedictae
690 2572 873 2608 potestates,
890 2567 946 2598 sed
968 2568 1133 2608 implicite,
1148 2568 1182 2598 in
1201 2578 1266 2599 una
1289 2568 1416 2599 diaconi

350 2617 517 2653 potestate.
553 2611 617 2643 Sed
647 2617 759 2652 postea
792 2612 960 2652 ampliatus
994 2617 1042 2643 est
1072 2612 1176 2643 cultus
1211 2612 1353 2649 divinus,
1385 2617 1416 2643 et

352 2656 496 2687 Ecclesia
519 2656 609 2696 quod
630 2656 784 2696 implicite
807 2657 943 2687 habebat
965 2657 999 2687 in
1022 2665 1090 2687 uno
1118 2655 1244 2693 ordine,
1269 2657 1417 2697 explicite

351 2700 478 2731 tradidit
507 2701 541 2730 in
571 2700 710 2731 diversis.
741 2701 783 2731 Et
805 2700 984 2731 secundum
1012 2701 1076 2731 hoc
1106 2700 1182 2731 dicit
1212 2701 1361 2741 Magister
1383 2702 1417 2732 in

352 2745 455 2776 littera
469 2746 486 2762 ⁴*
510 2745 599 2785 quod
621 2745 768 2776 Ecclesia
791 2745 870 2775 alios
893 2745 1020 2775 ordines
1043 2745 1104 2776 sibi
1126 2745 1264 2776 instituit
1277 2746 1322 2776 **.

408 2790 459 2819 At>
482 2799 619 2819 reru-nm
641 2799 801 2819 nrcnnnma
827 2789 917 2829 quod
940 2789 1067 2820 ordines
1090 2789 1278 2820 ordinantur
1299 2790 1417 2830 princi-

352 2833 466 2874 paliter
488 2833 528 2864 ad
551 2839 785 2864 sacramentum
815 2834 1047 2869 Eucharistiae,
1073 2833 1112 2863 ad
1135 2834 1195 2864 alia
1224 2839 1332 2864 autem
1361 2844 1418 2874 per

354 2887 575 2917 consequens:
607 2879 682 2918 quia
713 2878 808 2908 etiam
839 2878 898 2908 alia
928 2883 1123 2908 sacramenta
1146 2879 1184 2908 ab
1208 2888 1248 2908 eo
1273 2878 1362 2919 quod
1384 2879 1418 2909 in
1431 2886 1458 2906 σο

354 2922 560 2953 Sacramento
577 2922 768 2959 continetur,
786 2922 976 2953 derivantur.
993 2922 1086 2953 Unde
1102 2932 1170 2952 non
1186 2928 1314 2963 oportet
1329 2922 1419 2963 quod

354 2966 589 3006 distinguantur
612 2966 739 2997 ordines
763 2966 941 2997 secundum
964 2971 1168 2997 sacramenta.

409 3011 459 3041 An
485 3021 633 3041 auam-un
648 3012 664 3027 ⁴*
688 3021 847 3041 DICENDUM
870 3010 959 3051 quod
982 3011 1097 3051 Angeli
1121 3010 1270 3041 differunt
1292 3011 1416 3051 specie:

355 3060 387 3085 et
401 3060 533 3096 propter
547 3055 611 3085 hoc
626 3055 660 3085 in
676 3056 720 3085 eis
736 3061 842 3095 potest
858 3065 925 3085 esse
941 3054 1058 3085 modus
1082 3055 1223 3085 diversus
1245 3055 1419 3095 recipiendi

355 3099 471 3129 divina.
502 3099 544 3130 Et
569 3099 644 3130 ideo
674 3100 769 3130 etiam
800 3099 940 3130 diversae
970 3100 1161 3130 hierarchiae
1185 3100 1219 3129 in
1242 3100 1286 3130 eis
1310 3099 1420 3130 distin·
1433 3106 1457 3132 65

357 3148 508 3182 guuntur.
532 3143 596 3174 Sed
610 3144 645 3174 in
661 3143 825 3174 ordinibus
848 3149 973 3174 tanturn
997 3149 1043 3174 est
1058 3153 1123 3174 una
1145 3144 1329 3180 hierarchia,
1345 3153 1420 3184 pro-

357 3192 428 3226 pter
456 3197 560 3218 unum
591 3187 728 3218 modum
761 3188 937 3229 accipiendi
970 3187 1094 3224 divina,
1127 3188 1183 3228 qui
1213 3189 1421 3228 consequitur

357 3230 532 3262 humanam
553 3233 711 3272 speciem,
735 3233 854 3263 scilicet
876 3242 934 3273 per
957 3232 1198 3263 similitudinem
1221 3242 1327 3263 rerum
1350 3242 1421 3262 sen-

359 3274 508 3305 sibilium.
531 3275 573 3306 Et
587 3276 661 3307 ideo
685 3276 846 3307 distinctio
870 3276 1020 3307 ordinum
1036 3277 1069 3307 in
1085 3277 1204 3317 angelis
1226 3286 1294 3307 non
1315 3282 1421 3316 potest

360 3327 428 3348 esse
444 3327 502 3358 per
516 3321 789 3360 comparationem
805 3321 844 3351 ad
867 3321 998 3362 aliquod
1018 3326 1260 3357 sacramentum,
1277 3322 1359 3351 sicut
1375 3327 1422 3352 est
1435 3334 1462 3354 70

360 3361 447 3401 apud
461 3371 540 3393 nos:
572 3363 628 3394 sed
656 3365 762 3395 solum
787 3375 845 3405 per
861 3366 1136 3406 comparationem
1159 3365 1199 3395 ad
1213 3365 1421 3396 hierarchicas

361 3406 502 3444 actiones
525 3415 605 3446 quas
618 3408 652 3438 in
667 3408 832 3440 inferiores
848 3415 972 3440 exercet
996 3410 1129 3450 quilibet
1153 3409 1232 3440 ordo
1252 3410 1286 3440 in
1302 3410 1356 3440 eis.
1381 3410 1422 3440 Et

361 3449 539 3480 secundum
561 3451 625 3481 hoc
647 3453 747 3483 nostri
770 3453 897 3484 ordines
913 3454 957 3484 eis
977 3453 1190 3494 respondent:
1216 3454 1291 3494 quia
1306 3454 1339 3484 in
1362 3463 1421 3484 no-

361 3499 424 3524 stra
435 3494 609 3525 hierarchia
620 3501 694 3526 sunt
704 3501 766 3527 tres
778 3497 905 3528 ordines
917 3498 1096 3529 secundum
1107 3499 1314 3529 hierarchicas
1327 3499 1421 3528 actio-

1430 451 1440 472 5

1425 1339 1449 1360 ²5

1428 1781 1450 1801 ³5

1428 2226 1451 2245 45

1431 2667 1454 2687 55

2474 184 2524 231 69

1518 264 1570 295 An
1588 273 1728 294 omn-run
1743 264 1759 280 ⁴*
1776 272 1935 292 mmmmm
1951 262 2040 302 quod
2056 263 2267 303 psalmistatus
2283 272 2351 294 non
2370 267 2417 293 est
2432 262 2523 299 ordo,

1464 308 1520 339 sed
1536 308 1678 339 officium
1694 307 1798 338 ordini
1814 316 1992 337 annexum:
2019 308 2093 346 quia
2108 308 2193 337 enim
2209 307 2322 347 psalmi
2338 317 2413 337 cum
2429 312 2525 337 cantu

1463 353 1722 393 pronuntiantur,
1738 351 1812 382 ideo
1829 350 1944 381 dicitur
1958 350 2120 390 psalmista
2136 357 2255 381 cantor.
2278 351 2402 381 Cantor
2417 356 2525 381 autem

1462 406 1530 427 non
1554 402 1601 427 est
1623 405 1744 427 nomen
1771 394 1891 426 ordinis
1914 394 2067 434 specialis.
2098 394 2186 425 Tum
2209 396 2284 435 quia
2306 401 2431 425 cantare
2454 404 2525 435 per-

1462 442 1542 472 tinet
1565 440 1604 471 ad
1627 446 1733 471 totum
1750 440 1895 470 chorum.
1925 456 1949 460 —
1971 438 2058 468 Turn
2082 439 2157 478 quia
2179 448 2246 469 non
2269 439 2363 469 habet
2386 439 2525 479 aliquam

1462 485 1633 525 specialem
1648 484 1835 515 relationem
1851 482 1890 513 ad
1905 482 2120 513 Eucharistiae
2136 488 2378 513 sacramentum.
2392 501 2416 505 -
2438 483 2526 513 Tum

1463 530 1539 569 quia
1570 529 1713 559 officium
1750 527 1914 568 quoddam
1946 532 2010 557 est:
2047 525 2136 566 quod
2171 527 2253 557 inter
2282 526 2408 557 ordines
2437 527 2525 567 largo

1461 573 1562 604 modo
1587 578 1736 613 acceptos
1760 576 1965 612 computatur
1988 570 2195 611 quandoque.

1595 643 1695 674 ART.
1715 643 1766 673 111.
1790 652 1895 673 mmm
1919 651 2050 672 oimnms
2074 650 2215 670 DEBEANT
2238 650 2394 670 ms‘rmom

1754 697 1813 717 PER
1835 695 1949 716 saeuos
1973 695 2011 715 nr
2035 694 2099 715 NON
2123 694 2237 715 sacRos

1549 742 1582 763 1v
1595 742 1669 769 Sent„
1684 741 1737 764 dist.
1752 747 1794 768 vn,
1808 747 1831 768 p.
1846 746 1880 767 ιιι,
1895 743 1937 762 nrt.
1954 747 1974 767 i,
1988 740 2033 768 qu*
2046 746 2071 768 3:
2085 739 2119 761 1v
2134 739 2201 761 Cone.
2218 739 2294 765 Gent„
2309 744 2360 766 cap.
2375 744 2443 760 uxv.

1528 803 1548 822 1)
1573 802 1707 823 rem-nm
1730 802 1776 823 sic
1799 801 2003 822 PROCEm'rUR.
2035 790 2170 821 Videtur
2193 790 2282 831 quod
2306 790 2432 821 ordines
2459 799 2528 820 non

1465 806 1665 867 Adebeant
1699 836 1851 876 distingui
1882 845 1938 876 per
1966 845 2071 866 sacros
2098 840 2130 866 et
2155 844 2223 866 non
2257 844 2372 865 sacros.
2406 834 2527 865 Omnes

1465 881 1552 911 enim
1568 881 1695 912 ordines
1718 886 1914 911 sacramenta
1937 879 2094 920 quaedam
2117 885 2200 910 sunt.
2225 878 2287 910 Sed
2304 879 2413 909 omnia
2428 888 2528 909 sacra-

1464 930 1572 955 menta
1595 931 1669 956 sunt
1692 935 1788 956 sacra.
1812 925 1898 965 Ergo
1922 934 2035 955 omnes
2058 923 2186 954 ordines
2209 929 2283 954 sunt
2306 923 2394 954 sacri.

1522 979 1550 1000 2.
1574 969 1775 1006 Fami-nana,
1800 968 1978 1000 secundum
2002 968 2128 999 ordines
2151 968 2313 999 Ecclesiae
2336 977 2404 998 non
2427 967 2527 1008 depu-

1464 1018 1548 1044 tatur
1571 1014 1684 1054 aliquis
1707 1014 1768 1044 nisi
1791 1013 1830 1044 ad
1854 1013 1959 1044 divina
1990 1012 2104 1043 officia.
2136 1012 2198 1043 Sed
2221 1013 2331 1043 omnia
2357 1011 2431 1042 talia
2454 1017 2529 1042 sunt

1465 1068 1561 1088 sacra.
1585 1059 1671 1099 Ergo
1695 1068 1808 1089 omnes
1831 1057 1958 1088 ordines
1981 1062 2055 1088 sunt
2078 1058 2166 1087 sacri.

1520 1102 1582 1133 SED
1607 1112 1731 1133 CONTRA
1754 1113 1807 1133 nsr
1835 1101 1923 1142 quod
1953 1101 2079 1132 ordines
2110 1102 2189 1132 sacri
2218 1100 2399 1141 impediunt
2421 1101 2528 1130 matri-

1464 1147 1613 1177 monium
1629 1146 1883 1177 contrahendum
1907 1152 1938 1177 et
1954 1146 2105 1177 dirimunt
2125 1146 2188 1176 iam
2204 1150 2404 1176 contractum
2419 1145 2445 1174 *.
2466 1144 2529 1175 Sed

1465 1196 1604 1231 quatuor
1630 1191 1795 1222 inferiores
1825 1190 1952 1222 ordines
1974 1200 2042 1220 non
2065 1190 2244 1230 impediunt
2275 1188 2529 1220 contrahendum

1465 1245 1526 1266 nec
1550 1235 1703 1266 dirimunt
1726 1241 1936 1266 contractum.
1960 1235 2046 1275 Ergo
2064 1244 2132 1265 non
2148 1240 2222 1265 sunt
2245 1234 2323 1264 sacri
2347 1233 2483 1264 ordines.

1520 1281 1710 1310 Ruspommo
1733 1290 1892 1310 memnon
1909 1279 1998 1319 quod
2014 1278 2094 1309 ordo
2111 1288 2197 1309 sacer
2221 1278 2335 1309 dicitur
2350 1277 2528 1317 dupliciter.

1465 1325 1540 1355 Uno
1564 1323 1675 1360 modo,
1692 1324 1871 1354 secundum
1890 1333 1933 1354 se.
1960 1324 2002 1354 Et
2024 1324 2069 1353 sic
2092 1323 2226 1363 quilibet
2251 1322 2331 1353 ordo
2355 1329 2402 1352 est
2424 1331 2527 1352 sacer:

1466 1378 1542 1399 cum
1557 1369 1597 1399 sit
1612 1374 1845 1399 sacramentum
1861 1367 2035 1408 quoddam.
2050 1386 2073 1390 —
2096 1367 2169 1398 Alio
2193 1366 2304 1402 modo,
2321 1366 2442 1396 ratione
2462 1375 2529 1396 ma-

1465 1413 1563 1443 teriae
1586 1414 1669 1443 circa
1687 1422 1785 1453 quam
1801 1413 1896 1443 habet
1915 1413 2056 1452 aliquem
2079 1417 2199 1442 actum.·
2221 1411 2262 1441 Et
2277 1411 2322 1441 sic
2338 1410 2418 1440 ordo
2442 1420 2530 1440 sacer

1467 1456 1581 1488 dicitur
1597 1458 1653 1497 qui
1674 1457 1770 1487 habet
1793 1457 1933 1497 aliquem
1956 1462 2063 1487 actum
2087 1457 2169 1487 circa
2191 1465 2260 1486 rem
2282 1455 2422 1495 aliquam
2452 1464 2530 1485 con-

1467 1507 1630 1532 secratam.
1661 1502 1702 1532 Et
1724 1502 1770 1532 sic
1793 1507 1867 1532 sunt
1889 1506 2014 1531 tantum
2036 1506 2099 1531 tres
2122 1500 2250 1531 ordines
2280 1500 2378 1530 sacri:
2411 1498 2531 1529 scilicet

1467 1545 1632 1582 saeerdos;
1658 1551 1689 1576 et
1705 1545 1869 1581 diaconus,
1887 1546 1943 1585 qui
1970 1546 2066 1576 habet
2081 1550 2189 1575 actum
2205 1545 2287 1574 circa
2303 1553 2420 1583 corpus
2437 1542 2530 1573 Chri-

1466 1591 1506 1620 sti
1530 1595 1561 1620 et
1583 1590 1772 1630 sanguinem
1795 1595 2033 1625 consecratum3
2059 1595 2090 1619 et
2113 1588 2337 1624 subdiaconus,
2355 1588 2411 1627 qui
2436 1587 2531 1617 habet

1467 1639 1574 1664 actum
1603 1635 1686 1664 circa
1708 1644 1782 1664 vasa
1798 1639 1990 1664 consecrata.
2021 1634 2062 1664 Et
2085 1633 2158 1663 ideo
2177 1633 2272 1663 etiam
2295 1632 2339 1662 eis
2364 1632 2531 1662 continen-

1466 1679 1510 1708 tia
1539 1678 1706 1714 indicitur,
1730 1684 1766 1708 ut
1795 1677 1908 1708 mundi
1938 1678 2000 1708 sint
2030 1678 2086 1718 qui
2109 1682 2217 1707 sancta
2238 1681 2372 1707 tractant
2386 1677 2413 1705 ἦ

1523 1723 1565 1753 Et
1587 1732 1644 1763 per
1666 1723 1730 1753 hoc
1753 1728 1839 1762 patet
1863 1722 1981 1752 solutio
2006 1721 2045 1752 ad
2069 1722 2203 1752 obiecta.

1573 1815 1673 1846 ART.
1698 1815 1750 1845 IV.
1775 1825 1880 1845 imum
1904 1825 1999 1846 Aci-ns
2023 1825 2163 1845 oanmum
2187 1824 2423 1845 convulsam-ER

1789 1875 1821 1895 rN
1845 1875 1975 1895 LITTERA
1999 1875 2208 1896 ASSIGNENTUR

1822 1919 1852 1941 lv
1870 1919 1938 1942 Cont.
1954 1919 2030 1946 Geni„
2045 1926 2096 1947 cap.
2111 1926 2180 1941 Lxxv.

1532 2003 1552 2022 r>
1577 2001 1726 2022 anaim-mr
1749 2001 1794 2022 s1c
1825 2001 2029 2022 PROCEDITUR.
2061 1991 2195 2022 Videtur
2218 1991 2307 2031 quod
2330 1997 2418 2022 actus
2448 1991 2532 2022 ordi-

1469 2004 1612 2067 Anum
1634 2036 1897 2066 inconvenienter
1920 2036 1954 2066 in
1976 2036 2078 2066 littera
2093 2037 2109 2052 ’θ
2132 2036 2339 2076 assignentur.
2368 2036 2453 2073 Quia
2476 2046 2533 2077 per

1467 2080 1705 2111 absolutionem
1734 2085 1939 2120 praeparatur
1968 2080 2082 2120 aliquis
2113 2080 2153 2110 ad
2183 2090 2300 2120 corpus
2332 2080 2450 2111 Christi
2480 2090 2532 2111 su-

1467 2125 1633 2156 mendum.
1659 2124 1721 2155 Sed
1735 2125 1934 2164 praeparatio
1951 2125 2193 2164 suscipientium
2212 2130 2446 2155 sacramentum
2460 2134 2532 2165 per-

1467 2170 1547 2200 tinet
1571 2169 1611 2200 ad
1633 2169 1798 2199 inferiores
1821 2168 1958 2199 ordines.
1983 2169 2068 2209 Ergo
2087 2169 2350 2199 inconvenienter
2372 2169 2531 2200 absolutio

1468 2223 1487 2244 a
1508 2214 1647 2254 peccatis
1670 2214 1752 2243 inter
1775 2218 1863 2243 actus
1886 2214 2018 2253 ponitur
2040 2213 2221 2244 sacerdotis.

1526 2268 1556 2288 2.
1579 2258 1775 2293 Pluinnam,
1799 2257 1900 2287 homo
1917 2267 1974 2297 per
1990 2258 2183 2298 baptismum
2200 2263 2247 2288 est
2261 2257 2444 2288 immediate
2460 2257 2532 2287 Deo

1469 2302 1702 2342 configuratus,
1727 2301 1941 2332 characterem
1970 2301 2224 2342 configurantem
2254 2302 2440 2341 suscipiens.
2471 2301 2534 2332 Sed

1469 2356 1559 2376 orare
1576 2352 1607 2376 et
1622 2346 1735 2376 offerre
1760 2346 1938 2376 oblationes
1961 2351 2035 2376 sunt
2058 2351 2146 2376 actus
2169 2346 2352 2376 immediate
2371 2346 2411 2376 ad
2426 2346 2533 2376 Deum

1470 2390 1616 2421 ordinati.
1640 2391 1726 2430 Ergo
1751 2390 1884 2430 quilibet
1906 2391 2083 2431 baptizatus
2105 2395 2212 2430 potest
2234 2391 2294 2421 hos
2314 2396 2403 2420 actus
2418 2390 2532 2426 facere,

1470 2441 1501 2466 et
1523 2445 1592 2466 non
1615 2435 1675 2465 soli
1699 2434 1888 2465 sacerdotes.

1526 2480 1556 2510 3.
1579 2480 1776 2514 Pium-mum,
1801 2478 1999 2509 diversorum
2023 2477 2174 2509 ordinum
2201 2478 2315 2508 diversi
2338 2484 2412 2508 sunt
2435 2484 2533 2508 actus.

1470 2523 1533 2555 Sed
1557 2524 1733 2554 oblationes
1749 2523 1782 2553 in
1799 2523 1886 2553 altari
1908 2532 2030 2563 ponere
2046 2528 2078 2553 et
2094 2522 2262 2562 epistolam
2285 2522 2389 2562 legere
2405 2522 2445 2553 ad
2460 2523 2535 2553 sub-

1470 2568 1644 2599 diaconum
1662 2568 1808 2608 pertinet.
1829 2567 1969 2598 Crucem
1991 2568 2086 2598 etiam
2101 2567 2208 2597 ferunt
2223 2566 2411 2597 subdiaconi
2426 2577 2535 2597 coram

1469 2613 1565 2653 Papa.
1589 2613 1676 2652 Ergo
1699 2612 1733 2642 hi
1756 2621 1824 2642 non
1847 2611 1966 2643 debent
1987 2612 2067 2652 poni
2091 2617 2180 2642 actus
2203 2611 2341 2642 diaconi.

1524 2666 1556 2696 4.
1579 2657 1776 2692 Pharii-anna,
1801 2655 1913 2687 eadem
1936 2657 2049 2687 veritas
2076 2656 2259 2686 continetur
2280 2656 2314 2685 in
2337 2665 2424 2686 novo
2449 2661 2480 2686 et
2501 2656 2535 2685 in

1469 2701 1570 2732 veteri
1601 2701 1821 2731 Testamento.
1857 2700 1920 2732 Sed
1952 2701 2058 2741 legere
2089 2706 2180 2731 vetus
2213 2700 2457 2730 Testamentum
2490 2706 2537 2730 est

1470 2747 1639 2777 lectorum.
1663 2745 1760 2785 Ergo,
1785 2744 1897 2775 eadem
1919 2746 2053 2781 ratione,
2071 2750 2102 2775 et
2120 2745 2224 2785 legere
2247 2754 2389 2775 novum:
2414 2750 2445 2775 et
2467 2754 2536 2775 non

1471 2790 1694 2821 diaconorum.

1529 2835 1557 2865 5.
1581 2834 1778 2870 pannum,
1794 2833 1944 2874 Apostoli
1959 2833 2038 2864 nihil
2054 2832 2141 2863 aliud
2161 2832 2423 2873 praedicaverunt
2438 2842 2536 2873 quam

1472 2879 1683 2918 Evangelium
1700 2878 1826 2914 Christi,
1844 2883 1879 2908 ut
1901 2882 1989 2918 patet
2009 2878 2102 2908 Rom.
2120 2887 2131 2907 1
2145 2878 2172 2907 ’ἦ
2197 2877 2260 2908 Sed
2287 2877 2431 2907 doctrina
2445 2878 2536 2918 Apo-

1473 2923 1630 2954 stolorum
1655 2923 1865 2953 committitur
1887 2921 2136 2952 subdiaconibus
2159 2920 2363 2952 enuntianda.
2396 2921 2481 2962 Ergo
2506 2927 2537 2952 et

1473 2967 1619 2998 doctrina
1641 2967 1816 3007 Evangelii.

1530 3012 1560 3042 6.
1583 3012 1780 3047 PRAnrnan,
1804 3010 1983 3041 secundum
2006 3010 2200 3051 Dionysium
2215 3010 2242 3046 ἦ
2260 3008 2350 3050 quod
2373 3014 2420 3040 est
2442 3019 2537 3050 supe-

1473 3056 1564 3086 rioris
1580 3055 1710 3091 ordinis,
1726 3065 1793 3085 non
1810 3055 1904 3085 debet
1919 3054 2061 3085 inferiori
2077 3054 2259 3084 convenire.
2283 3053 2346 3085 Sed
2361 3054 2537 3084 ministrare

1475 3109 1550 3131 cum
1572 3099 1705 3130 urceolo
1729 3105 1776 3129 est
1798 3105 1886 3130 actus
1917 3098 2198 3129 subdiaconorum.
2230 3098 2316 3138 Ergo
2345 3107 2414 3128 non
2443 3098 2538 3128 debet

1474 3144 1630 3184 acolythis
1654 3143 1790 3174 attribui.

1529 3198 1560 3228 7.
1573 3188 1768 3224 Pamisum,
1781 3192 1870 3218 actus
1886 3187 2063 3228 spirituales
2079 3187 2197 3218 debent
2213 3186 2432 3226 corporalibus
2446 3195 2538 3226 prae-

1475 3233 1625 3262 eminere.
1650 3231 1713 3262 Sed
1728 3232 1894 3272 acolythus
1910 3241 1978 3262 non
1993 3232 2088 3262 habet
2110 3232 2170 3261 nisi
2194 3236 2302 3261 actum
2325 3231 2536 3270 corporalem.

1474 3277 1561 3316 Ergo
1585 3277 1739 3306 exorcista
1758 3285 1826 3306 non
1841 3276 1937 3306 habet
1960 3281 2067 3306 actum
2089 3275 2286 3316 spiritualem
2307 3274 2449 3316 pellendi
2465 3274 2538 3305 dae-

1474 3330 1607 3351 mones:
1633 3330 1709 3350 cum
1732 3321 1771 3350 sit
1793 3319 1934 3350 inferior.

1533 3365 1562 3395 8.
1586 3365 1782 3400 Pinus-renna,
1800 3374 1882 3404 quae
1898 3364 1998 3404 magis
2014 3364 2220 3399 conveniunt,
2237 3364 2324 3394 iuxta
2339 3373 2372 3393 se
2387 3362 2539 3403 ponenda

1476 3414 1559 3440 sunt.
1583 3408 1646 3440 Sed
1669 3409 1773 3448 legere
1795 3414 1886 3439 vetus
1910 3408 2154 3438 Testamentum
2181 3409 2319 3438 maxime
2343 3407 2438 3438 debet
2461 3416 2539 3437 con-

1475 3454 1583 3484 venire
1607 3462 1683 3483 cum
1706 3453 1823 3483 lectore
1846 3453 1923 3483 novi
1939 3452 2146 3489 Testamenti,
2163 3452 2253 3493 quod
2274 3452 2429 3492 competit
2444 3461 2538 3491 supe-

1475 3498 1611 3528 rioribus
1641 3497 1801 3527 ministris.
1836 3497 1922 3537 Ergo
1952 3497 2056 3537 legere
2085 3502 2176 3527 vetus
2205 3497 2448 3527 Testamentum
2470 3505 2539 3526 non

360 3547 419 3568 >nes
442 3538 589 3575 distincti,
610 3540 692 3570 sicut
713 3540 747 3570 in
770 3541 911 3581 qualibet
938 3542 1113 3573 hierarchia
1135 3552 1199 3573 una
1223 3543 1420 3583 angelorum.
1436 3555 1460 3575 75
1477 3542 1571 3573 debet
1593 3542 1672 3582 poni
1695 3547 1783 3572 actus
1799 3541 1936 3577 lectoris,
1953 3541 2008 3571 sed
2023 3542 2123 3581 magis
2139 3541 2297 3582 acolythi:
2322 3546 2353 3571 et
2367 3540 2539 3581 praecipue

2552 269 2563 279 ¹¹
2577 268 2633 295 Arg.
2647 267 2695 290 Sed
2708 274 2765 290 con-

2552 297 2591 316 tra
2605 300 2626 316 2.

2555 1148 2605 1170 ·Cf.
2610 1151 2764 1176 qu.¹.1n,art.3.

2559 1675 2568 1684 ·
2575 1672 2667 1694 CLIssi.
2675 1678 2768 1700 capa-¹¹,

2559 1705 2617 1721 vers.
2634 1706 2666 1721 ιι.

2559 2044 2569 2054 '
2583 2043 2642 2065 Dist.
2657 2048 2719 2064 xxiv.

2564 2887 2574 2897 ·
2584 2886 2651 2908 Vers.
2665 2893 2684 2909 ι.
2695 2886 2775 2909 -Cf.1

2564 2912 2598 2934 ad
2614 2913 2678 2940 Cor„
2693 2919 2743 2941 cap.
2758 2919 2774 2940 ι,

2564 2945 2623 2961 vers.
2640 2946 2673 2967 ¹7·

2564 3017 2642 3039 Ἐει-Ι.
2648 3017 2716 3039 Hier.
2724 3022 2775 3044 cap.

2563 3050 2586 3070 v,
2598 3047 2656 3072 part.
2667 3050 2682 3071 1,
2694 3044 2702 3070 5
2717 3049 2739 3071 7.
