2918 4088
427 164 501 201 268

1071 162 1334 209 QUAESTIO
1363 162 1554 206 LXXXII,
1585 158 1878 197 ARTICULUS
1906 159 1958 195 IX

424 249 597 279 testatem
615 241 782 278 auferre:
805 240 900 278 sicut
919 239 990 277 nec
1009 239 1068 277 ille
1089 239 1156 288 qui
1175 239 1338 289 baptizat
1366 245 1489 288 potest
1543 245 1605 274 tur
1632 236 1804 273 executio
1834 235 2075 272 sacerdotalis
2102 236 2297 285 potestatis
2317 236 2427 286 quasi
2453 236 2494 274 in
2521 249 2606 286 per-

425 295 572 332 auferre
600 293 859 331 characterem
888 293 1166 342 baptismalem.

1542 297 1717 339 petuum,
1738 289 1806 325 sed
1834 289 1882 326 ad
1902 288 2191 336 correctionem,
2213 301 2338 348 usque
2366 290 2415 326 ad
2432 297 2605 349 tempus.

477 349 534 384 Ao
553 359 711 385 TERTIUM
730 359 911 384 memnon
931 346 1039 395 quod
1059 344 1405 383 excommunicatio
1434 351 1489 380 est
1543 341 1765 390 Degradatis
1785 349 1915 378 autem
1943 341 2112 378 aufertur
2131 341 2304 379 executio
2333 342 2442 391 quasi
2465 342 2505 379 in
2523 354 2608 392 per-

425 400 671 438 medicinalis.
702 401 750 437 Et
778 400 865 437 ideo
890 398 1231 436 excommunicatis
1258 410 1338 434 non
1367 397 1488 434 aufer-

1543 403 1707 445 petuum
1735 393 2011 432 condemnatis.

1238 586 1561 630 ARTICULUS
1592 585 1794 627 NONUS

522 702 679 733 UTRUM
702 701 875 739 ALIQUIS
899 700 1044 731 LICITE
1068 699 1216 730 POSSIT
1242 698 1579 730 COMMUNIONEM
1602 697 1816 728 RECIPERE
1839 698 1868 727 A
1892 696 2223 728 SACERDOTIBUS
2247 697 2510 728 HAERETICIS

615 746 700 776 VEL
724 744 1142 780 EXCOMMUNICATIS,
1166 744 1251 774 VEL
1275 743 1414 773 ETIAM
1437 741 1789 778 PECCATORIBUS,
1814 742 1872 772 ET
1896 742 1952 772 AB
1977 742 2042 773 EIS
2065 741 2227 773 MISSAM
2251 741 2416 773 AUDIRE

656 836 747 868 Supra.
768 842 812 867 qu.
831 842 898 866 LxxV,
918 839 964 860 art.
983 842 1008 867 9,
1028 834 1059 858 ad
1081 833 1111 863 3;
1131 834 1165 858 IV
1185 833 1267 862 Sent„
1289 833 1347 858 dist.
1366 840 1420 862 xm,
1440 840 1484 864 qu.
1502 840 1520 861 1.
1540 836 1586 857 an.
1607 831 1630 862 3,
1650 831 1700 864 qu*
1720 831 1750 862 3;
1771 831 1829 857 dist.
1848 838 1914 862 xxW,
1935 839 1980 864 qu.
1997 839 2015 860 ι,
2034 836 2080 856 art.
2102 830 2125 862 3,
2145 831 2195 863 qu*
2216 829 2240 859 5.
2259 831 2290 855 ad
2312 831 2334 862 3,
2353 838 2386 863 4;

1289 868 1387 898 Quodl.
1407 868 1449 897 XI,
1469 875 1513 900 qu.
1532 875 1586 897 vm,
1606 872 1653 892 art.
1675 874 1697 898 ι,
1719 874 1742 892 2.

477 1004 485 1011 ·
510 980 519 994 »
543 996 558 1008 1,
591 985 594 988 ,
634 973 656 997 D
686 971 813 996 NONUM
841 971 894 995 sm
922 970 1160 1004 pnoeenrrun.
1195 957 1355 994 Videtur
1383 957 1490 1006 quod

463 1007 499 1034 '⁴⁹³
564 1013 611 1061 ²⁸²]
634 1011 770 1061 aliquis
805 1011 903 1048 licite
930 1010 1050 1059 possit
1082 1010 1405 1047 communionem
1434 1008 1494 1046 re-‘

582 1064 760 1113 (cipere
789 1077 811 1100 a
840 1063 1102 1100 sacerdotibus
1130 1062 1328 1100 haereticis
1347 1062 1409 1098 vel
1428 1074 1490 1098 ex-

613 1116 949 1162 communicatis,
978 1117 1040 1152 vel
1068 1114 1183 1152 etiam
1210 1114 1490 1165 peccatoribUS,

423 1177 459 1208 et
477 1128 569 1207 313]Δ
564 1162 617 1207 eis
637 1169 795 1207 missam
815 1168 958 1206 audire.
990 1168 1096 1206 Sicut
1115 1168 1220 1205 enim
1241 1166 1490 1216 Augustinus,

280 1239 296 1255 α
423 1229 552 1260 contra
571 1223 793 1260 Petilz'anum
814 1227 830 1243 α
849 1221 880 1269 *,
910 1221 1010 1267 dicit,
1033 1234 1150 1271 neque
1169 1223 1205 1258 in
1226 1222 1376 1258 homine
1394 1222 1491 1257 hono

182 1265 263 1313 mus
282 1264 324 1312 ¹c¹f¹’
343 1269 394 1312 323:
424 1289 541 1326 neque
569 1278 605 1313 in
634 1278 784 1313 homine
818 1275 919 1312 malo
947 1276 1079 1325 aliquis
1112 1275 1186 1311 Dei
1209 1275 1334 1325 fugiat
1364 1285 1491 1310 sacra-

182 1317 395 1371 ᾖῖῗῗξιιζῗιρἴἰ.
423 1335 558 1367 menta.
594 1329 671 1367 Sed
699 1329 934 1373 sacerdotes,
963 1327 1143 1377 quamvis
1171 1327 1244 1364 sint
1271 1333 1492 1377 peccatores

424 1392 460 1422 et
487 1382 666 1420 haeretici
685 1384 746 1420 vel
765 1380 1101 1428 excommunicati,
1122 1393 1261 1417 verum
1281 1378 1493 1417 conficiunt

423 1443 719 1474 sacramentum.
749 1436 851 1483 Ergo
879 1434 1032 1472 videtur
1057 1434 1164 1484 quod
1192 1446 1274 1470 non
1307 1433 1353 1470 sit
1371 1432 1492 1469 vitan-

423 1491 520 1527 dum
548 1489 596 1526 ab
625 1489 679 1526 eis
706 1488 1028 1525 communionem
1057 1487 1228 1537 accipere
1257 1488 1319 1524 vel
1353 1497 1492 1523 eorum

424 1543 583 1580 missam
611 1542 755 1579 audire.

479 1608 513 1632 2.
543 1597 783 1640 PRAETEREA‚
813 1606 954 1644 corpus
989 1593 1129 1631 Christi
1156 1605 1296 1630 verum
1324 1591 1492 1641 figurati—

183 1655 397 1710 iffi-3332?
424 1661 521 1686 vum
549 1656 603 1685 est
631 1647 802 1697 corporis
834 1647 1001 1698 mystici,
1032 1647 1129 1684 sicut
1163 1659 1279 1696 supra
1297 1646 1317 1668 ’¹‘
1345 1645 1492 1682 dictum

183 1698 226 1731 art:
243 1698 361 1736 Cass-2-
391 1699 396 1709 '
425 1710 490 1739 est.
522 1702 598 1739 Sed
627 1714 649 1738 a
676 1701 877 1750 praedictis
906 1700 1167 1738 sacerdotibus
1192 1712 1331 1737 verum
1350 1711 1493 1758 corpus

426 1755 566 1793 Christi
593 1762 849 1791 consecratur.
887 1755 988 1802 Ergo
1017 1753 1169 1790 videtur
1204 1753 1311 1803 quod
1347 1751 1398 1789 illi
1425 1751 1493 1801 qui

425 1816 514 1846 sunt
542 1809 589 1845 de
618 1819 779 1867 corpore
808 1807 982 1857 mystico,
1007 1806 1156 1856 possint
1184 1818 1321 1844 eorum
1350 1804 1492 1843 sacrifi-

425 1862 491 1899 ciis
520 1861 821 1898 communicare.

481 1915 514 1951 3.
554 1915 799 1961 PRAETEREA,
835 1915 957 1950 multa
992 1921 1148 1963 peccata
1189 1920 1277 1949 sunt
1318 1911 1494 1960 graviora

425 1979 546 2018 quam
573 1967 782 2004 fornicatio.
814 1966 891 2004 Sed
910 1978 991 2003 non
1019 1974 1074 2003 est
1092 1966 1332 2015 prohibitum
1360 1964 1493 2002 audire

425 2021 560 2058 missas
581 2021 824 2057 sacerdotum
844 2019 950 2056 aliter
967 2019 1222 2069 peccantium.
1253 2020 1354 2066 Ergo
1378 2018 1493 2054 etiam

426 2085 506 2111 non
534 2074 647 2111 debet
675 2085 757 2110 esse
785 2072 1025 2122 prohibitum
1053 2072 1186 2109 audire
1214 2071 1350 2108 missas
1373 2082 1494 2108 sacer-

425 2128 563 2164 dotum
591 2126 897 2164 fornicariorum.

481 2181 555 2218 SED
571 2192 716 2217 CONTRA
731 2191 796 2217 EST
810 2179 918 2228 quod
938 2190 1064 2216 canon
1084 2178 1184 2226 dicit,
1201 2178 1340 2215 XXXII
1358 2177 1442 2214 dist.
1458 2177 1493 2214 *z

426 2234 563 2271 Nullus
582 2233 707 2270 audiat
726 2234 878 2270 missam
900 2233 1101 2269 sacerdotis
1120 2244 1228 2282 quem
1248 2231 1496 2268 indubitanter

427 2289 674 2325 concubinam
711 2287 812 2324 novit
845 2287 992 2323 habere.
1022 2308 1048 2312 -
1076 2286 1124 2322 Et
1157 2284 1365 2333 Gregorius
1393 2283 1494 2331 dicit,

427 2341 467 2378 in
486 2342 532 2377 III
550 2339 743 2390 Dialog*
747 2369 754 2387 ,
785 2339 891 2388 quod
905 2345 1016 2389 pater
1029 2339 1197 2388 perfidus
1214 2339 1403 2376 Arianum
1422 2339 1496 2387 epi-

352 2405 385 2420 us·
427 2406 580 2444 scopum
607 2395 704 2430 misit
731 2393 782 2430 ad
796 2393 938 2441 filium,
967 2398 1006 2429 ut
1033 2404 1082 2429 ex
1109 2394 1186 2428 eius
1204 2404 1320 2428 manu
1347 2391 1497 2428 sacrile-

428 2459 504 2498 gae
521 2447 807 2484 consecrationis
821 2447 1122 2482 communionem
1142 2447 1342 2494 acciperet:
1359 2445 1424 2481 sed
1439 2445 1499 2482 vir

287 2508 302 2542 β
429 2502 511 2538 Deo
531 2501 679 2538 devotus
698 2498 872 2536 ssAriano
892 2500 1063 2548 episcopo
1080 2500 1242 2537 venienti
1258 2498 1500 2547 exprobravit

431 2560 469 2591 ut
496 2554 627 2591 debuit.

483 2608 709 2644 RESPONDEO
728 2617 911 2642 DICENDUM
931 2605 1051 2654 quod,
1072 2604 1168 2641 sicut
1188 2603 1333 2653 supra*
1353 2603 1498 2640 dictum

431 2668 498 2707 est,
519 2659 747 2706 sacerdotes,
768 2658 799 2695 si
818 2657 891 2694 sint
910 2657 1089 2695 haeretici
1107 2659 1170 2694 vel
1189 2656 1419 2694 schismatici
1438 2657 1500 2693 vel

431 2711 765 2759 excommunicati,
780 2711 843 2748 vel
859 2710 971 2748 etiam
993 2718 1224 2760 peccatores,
1241 2709 1421 2759 quamvis
1435 2710 1499 2746 ha-

430 2767 547 2804 beant
573 2772 801 2815 potestatem
827 2763 1077 2801 consecrandi
1105 2763 1398 2811 Eucharistiam,
1419 2774 1500 2799 non

431 2828 562 2857 tamen
582 2831 627 2856 ea
645 2826 744 2855 recte
764 2825 936 2865 utuntur,
957 2818 1025 2854 sed
1043 2824 1204 2866 peccant
1222 2824 1383 2854 utentes.
1405 2816 1500 2863 Qui—

432 2884 602 2922 cumque
638 2879 768 2909 autem
804 2870 1067 2908 communicat
1103 2869 1216 2907 alicui
1252 2870 1291 2907 in
1327 2877 1499 2919 peccato,

431 2925 513 2975 ipse
547 2925 736 2975 particeps
763 2923 908 2973 peccati
944 2923 1122 2960 efficitur:
1159 2923 1263 2960 unde
1302 2930 1338 2960 et
1365 2922 1405 2959 in
1434 2923 1500 2960 Se-

433 2979 561 3016 cunda
591 2977 787 3015 Canonica
810 2976 963 3014 Ioannis
981 2976 1002 2999 *
1029 2976 1164 3025 legitur
1182 2976 1290 3026 quod
1310 2977 1374 3026 qui
1397 2976 1500 3013 dixe-

434 3034 480 3069 rit
499 3033 543 3078 ei,
563 3032 654 3078 Ave,
675 3030 814 3067 scilicet
838 3029 1042 3076 haeretico,
1062 3031 1312 3067 communicat
1331 3030 1501 3079 operibus

434 3085 529 3122 illius
547 3085 734 3133 malignis.
756 3084 804 3120 Et
822 3083 910 3120 ideo
930 3095 1011 3120 non
1029 3083 1115 3120 licet
1133 3094 1155 3120 a
1174 3082 1376 3132 praedictis
1394 3093 1500 3119 com-

434 3137 664 3174 munionem
692 3136 863 3185 accipere
892 3143 957 3173 aut
994 3147 1132 3173 eorum
1159 3135 1318 3173 missam
1354 3135 1499 3172 audire.

184 2191 195 2201 '¹
214 2190 277 2221 'Cam
301 2188 384 2211 Nullus

184 2222 290 2239 missam.

187 2346 285 2395 egid.
296 2351 386 2394 2¹¹¹&-
376 2355 387 2360 “

188 2400 302 2425 umente,

187 2427 206 2452 1,
221 2432 260 2454 qu.
278 2431 294 2447 1.

189 2619 200 2628 ·
221 2617 271 2639 Art.
289 2622 308 2644 5,
331 2615 360 2637 ad
377 2622 401 2641 ¹3

189 2647 231 2666 art.
248 2650 269 2671 7.

192 2984 203 2995 '¹
217 2983 285 3005 Vers.
302 2990 334 3005 u.

491 3284 519 3319 α)
538 3285 707 3311 Petilianum.
725 3299 744 3304 -
761 3286 861 3317 Tei-tiu
884 3286 1044 3311 Celicianum
1063 3287 1093 3316 E.
1115 3287 1277 3312 Cecilianum
1297 3287 1383 3312 ceteri.

491 3320 517 3355 β)
538 3321 658 3346 devotus.
675 3335 694 3339 -
712 3321 819 3346 deditus
838 3321 866 3346 P.

491 3356 518 3390 γ)
538 3360 586 3381 est.
603 3370 622 3375 —
639 3357 676 3380 ad
694 3363 722 3380 se
740 3356 779 3381 Pl.

492 3391 517 3427 δ)
535 3392 676 3417 hominem.
694 3406 714 3410 -
730 3391 787 3416 FsB
807 3396 832 3416 et
850 3391 938 3421 tertiam
958 3399 1011 3416 om.

1599 956 1736 993 Differt
1754 964 1885 994 tamen
1904 955 2002 993 inter
2019 956 2231 1006 praedictas
2245 965 2376 994 sectas.
2398 957 2502 994 Nam
2522 957 2611 995 hae-

1546 1009 1650 1045 retici
1678 1017 1714 1046 et
1741 1009 1970 1046 schismatici
1999 1017 2034 1046 et
2070 1009 2392 1047 excommunicati
2428 1018 2516 1047 sunt
2542 1022 2613 1059 per

1546 1061 1773 1098 sententiam
1793 1062 1985 1098 Ecclesiae
2008 1062 2233 1099 executione
2261 1062 2510 1100 consecrandi
2536 1062 2612 1112 pri-

1545 1113 1634 1150 vati.
1665 1114 1713 1150 Et
1741 1114 1829 1150 ideo
1857 1122 1989 1162 peccat
2016 1114 2254 1164 quicumque
2283 1127 2422 1152 eorum
2453 1115 2612 1152 missam

1546 1165 1653 1202 audit
1678 1167 1741 1202 vel
1768 1166 1817 1202 ab
1846 1166 1899 1203 eis
1927 1166 2062 1215 accipit
2089 1175 2337 1204 sacramenta.
2366 1189 2392 1194 -—
2420 1167 2499 1205 Sed
2531 1180 2613 1206 non

1547 1231 1684 1255 omnes
1712 1226 1932 1267 peccatores
1959 1227 2049 1255 sunt
2075 1231 2145 1268 per
2172 1219 2399 1257 sententiam
2420 1220 2612 1258 Ecclesiae

1547 1271 1773 1309 executione
1793 1271 1909 1317 huius
1922 1272 2123 1321 'potestatis
2141 1271 2289 1321 privati.
2320 1273 2368 1310 Et
2391 1272 2457 1319 sic,
2477 1285 2614 1322 quam-

1546 1324 1605 1361 vis
1633 1325 1707 1362 sint
1734 1324 1911 1374 suspensi
1939 1333 2130 1374 quantum
2154 1333 2210 1362 est
2227 1330 2243 1353 Υ
2272 1337 2318 1362 ex
2346 1325 2532 1372 sententia
2559 1326 2614 1363 di·
2736 1335 2753 1362 Υ

1546 1377 1649 1425 vina,
1678 1390 1759 1415 non
1787 1385 1917 1415 tamen
1946 1386 2134 1428 quantum
2165 1378 2213 1415 ad
2233 1378 2326 1415 alios
2355 1391 2401 1415 ex
2429 1377 2616 1416 sententia

1547 1430 1751 1469 Ecclesiae.
1789 1432 1837 1468 Et
1864 1431 1968 1479 ideo,
1998 1443 2123 1480 usque
2151 1432 2200 1468 ad
2229 1431 2456 1469 sententiam
2484 1432 2614 1469 Eccle-

1547 1483 1636 1529 siae,
1666 1484 1751 1521 licet
1778 1485 1828 1522 ab
1854 1484 1908 1521 eis
1935 1484 2258 1522 communionem
2286 1484 2458 1534 accipere
2486 1492 2524 1522 et
2549 1497 2615 1522 eo-

1547 1549 1633 1574 rum
1655 1537 1815 1575 missam
1838 1537 1983 1575 audire.
2012 1538 2125 1575 Unde
2145 1550 2263 1587 super
2285 1537 2378 1575 illud
2396 1539 2411 1575 I
2434 1539 2522 1575 Cor.
2541 1550 2566 1575 v
2581 1539 2614 1586 ⁸²,

1550 1592 1646 1627 Cum
1673 1591 1885 1628 huiusmodi
1911 1603 1979 1628 nec
2011 1592 2133 1628 cibum
2160 1603 2327 1637 sumere,
2357 1590 2447 1628 dicit
2478 1591 2616 1629 Glossa

1547 1644 1750 1693 Augustini
1768 1644 1805 1680 *z
1835 1645 1925 1681 Hoc
1959 1644 2132 1690 dicendo,
2162 1644 2288 1681 noluit·
2311 1645 2500 1682 hominem
2521 1642 2534 1666 δ
2567 1646 2616 1682 ab

1546 1698 1696 1734 homine
1724 1697 1883 1734 iudicari
1909 1709 1958 1734 ex
1985 1699 2139 1734 arbitrio
2166 1699 2394 1747 suspicionis,
2419 1698 2478 1735 vel
2505 1699 2616 1735 etiam

1547 1750 1849 1788 extraordinario
1869 1756 2045 1798 usurpato
2064 1750 2216 1787 iudicio:
2242 1751 2308 1788 sed
2323 1752 2447 1800 potius
2466 1763 2516 1787 ex
2533 1751 2617 1800 lege

1547 1805 1630 1850 Dei,
1655 1804 1856 1840 secundum
1885 1804 2054 1841 ordinem
2081 1804 2282 1850 Ecclesiae,
2301 1805 2377 1841 sive
2404 1804 2500 1841 ultro
2528 1816 2616 1841 con-

1537 1858 1697 1905 sessum,
1725 1858 1784 1895 vel
1810 1863 2025 1895 accusatum
2053 1863 2086 1893 et
2113 1858 2334 1894 convictum.

1601 1912 1658 1947 AD
1687 1922 1824 1948 PRIMUM
1852 1917 1950 1947 ERGO
1978 1922 2161 1947 DICENDUM
2189 1909 2297 1959 quod
2329 1909 2369 1946 in
2396 1910 2473 1946 hoc
2509 1909 2618 1959 quod

1548 1963 1758 2011 refugimus
1786 1963 1919 2001 audire
1938 1963 2073 2000 talium
2101 1963 2347 2000 sacerdotum
2365 1962 2525 2000 missam
2552 1969 2619 2000 aut

1549 2017 1598 2054 ab
1635 2016 1689 2053 eis
1721 2016 2044 2054 communionem
2076 2015 2261 2065 recipere,
2295 2027 2376 2052 non
2409 2014 2619 2064 refugimus

1548 2069 1622 2106 Dei
1650 2076 1900 2116 sacramenta,
1921 2070 1988 2106 sed
2007 2069 2136 2118 potius
2164 2081 2210 2106 ea
2233 2080 2484 2106 veneramur:
2513 2068 2618 2107 unde

1549 2122 1674 2160 hostia
1702 2135 1724 2160 a
1751 2122 1890 2160 talibus
1918 2122 2180 2160 sacerdotibus
2208 2128 2429 2159 consecrata
2452 2128 2508 2158 est
2526 2121 2618 2159 ado-

1549 2176 1681 2223 randa,
1711 2184 1758 2223 et,
1788 2175 1819 2213 si
1847 2183 2073 2219 reservetur,
2103 2175 2201 2212 licite
2228 2181 2354 2225 potest
2381 2174 2483 2212 sumi
2511 2187 2533 2212 a
2560 2185 2618 2212 sa—

1550 2230 1703 2266 cerdote
1732 2228 1911 2278 legitimo.
1942 2229 2020 2267 Sed
2048 2228 2256 2277 refugimus
2284 2229 2438 2277 culpam
2463 2226 2619 2276 indigne

1549 2282 1861 2320 ministrantium.

1603 2338 1661 2373 An
1696 2348 1887 2373 SECUNDUM
1918 2347 2100 2373 mci-:Noun
2117 2334 2244 2394 'quod
2280 2333 2407 2371 unitas
2446 2333 2619 2383 corporis

1551 2389 1701 2439 mystici
1729 2396 1785 2426 est
1802 2389 1947 2426 fructus
1974 2387 2146 2448 corporis
2165 2387 2247 2425 veri
2265 2386 2446 2437 percepti.
2475 2386 2529 2424 Illi
2551 2398 2619 2424 au-

1550 2450 1630 2479 tem
1658 2442 1726 2491 qui
1753 2442 1908 2490 indigne
1940 2441 2156 2491 percipiunt
2187 2441 2250 2478 vel
2281 2439 2515 2488 ministrant,
2544 2439 2620 2490 pri-

2641 1545 2652 1555 ·
2667 1542 2734 1566 vm.
2750 1550 2782 1566 ιι.

2642 1647 2654 1659 ·
2666 1645 2838 1699 Αριάδιοιιιὴ.

1550 2503 1693 2533 vantur
1710 2495 1846 2542 fructu,
1867 2502 1911 2532 ut
1929 2506 2046 2544 supra
2058 2494 2078 2516 *
2101 2494 2248 2531 dictum
2267 2500 2333 2531 est.
2363 2494 2412 2530 Et
2430 2469 2519 2530 idec'›
2538 2504 2620 2531 non
2645 2496 2776 2549 2¹3¹ss
2786 2502 2859 2549 ψῃ·

1552 2556 1608 2586 est
1644 2549 1882 2586 sumendum
1915 2560 1962 2585 ex
1996 2559 2136 2585 eorum
2177 2546 2461 2597 dispensatione
2497 2557 2621 2584 sacra·

1552 2609 1729 2639 mentum
1764 2602 1813 2639 ab
1841 2601 1895 2638 eis
1923 2601 1991 2651 qui
2018 2608 2107 2638 sunt
2125 2606 2138 2622 ⁸
2166 2600 2205 2637 in
2233 2599 2376 2637 unitate
2414 2598 2618 2638 Ecclesiae.
2744 2605 2756 2622 ⁸

1606 2656 1664 2692 AD
1682 2667 1842 2692 mimum
1861 2666 2043 2692 mcENDUM
2067 2653 2186 2703 quod,
2207 2653 2293 2690 licet
2317 2652 2516 2690 fornicatio
2539 2663 2621 2690 non

1553 2708 1599 2745 sit
1625 2707 1779 2757 gravior
1805 2707 1937 2745 ceteris
1965 2707 2148 2756 peccatis,
2177 2714 2308 2744 tamen
2335 2706 2384 2743 ad
2412 2717 2500 2743 eam
2531 2713 2621 2743 sunt

1553 2761 1732 2799 homines
1759 2760 1981 2810 proniores,
2010 2767 2168 2810 propter
2194 2759 2318 2797 carnis
2345 2758 2620 2808 concupiscen-

1552 2815 1657 2852 tiam.
1688 2815 1736 2851 Et
1754 2814 1843 2851 ideo
1863 2813 2075 2863 specialiter
2101 2814 2178 2851 hoc
2195 2819 2399 2862 peccatum
2417 2824 2440 2849 a
2459 2810 2471 2837 ‘
2497 2822 2620 2848 sacer·
2743 2812 2759 2842 ζ

1553 2868 1708 2905 dotibus
1726 2866 1967 2917 prohibitum
1986 2875 2042 2904 est
2060 2867 2108 2904 ab
2128 2865 2309 2912 Ecclesia,
2329 2876 2379 2902 ne
2397 2863 2534 2913 aliquis
2553 2875 2620 2902 au-

1553 2921 1631 2959 diat
1651 2920 1810 2958 missam
1829 2919 2092 2957 concubinarii
2110 2917 2316 2957 sacerdotis
2334 2917 2365 2955 ²⁸⁸.
2393 2939 2419 2944 -
2448 2917 2526 2954 Sed
2544 2917 2621 2955 hoc
2646 2915 2715 2966 ξοξῖξ·
2739 2921 2788 2945 ⁸¹⁸·
2810 2915 2861 2940 Μ

1553 2974 1843 3023 intelligendum
1870 2981 1926 3010 est
1953 2973 2001 3010 de
2029 2972 2201 3010 notorio:
2230 2972 2293 3008 vel
2313 2982 2387 3020 per
2403 2973 2619 3007 sententiam

1554 3039 1654 3090 quae
1691 3027 1809 3064 fertur
1840 3026 1880 3063 in
1911 3023 2151 3071 convictum,
2180 3025 2243 3062 vel
2277 3024 2548 3071 confessionem
2581 3024 2618 3060 in
2743 3053 2760 3079 η

1554 3083 1636 3118 iure
1665 3081 1827 3128 factam,
1855 3080 1918 3116 vel
1937 3084 1956 3106 ἢ
1983 3078 2142 3127 quando
2179 3088 2253 3114 non
2281 3082 2400 3126 potest
2423 3082 2620 3126 peccatum
2646 3078 2860 3134 gssffissggm

2647 3123 2733 3156 Cleric.
2746 3132 2842 3156 “uul-

1554 3134 1680 3183 aliqua
1706 3133 2012 3183 tergiversatione
2037 3131 2155 3168 celari
2169 3129 2200 3166 *.

1653 3287 1724 3310 sunt.
1740 3297 1761 3303 —
1778 3290 1830 3309 non
1849 3286 1912 3309 sunt
1929 3282 2038 3307 FGHsD
2057 3287 2083 3307 et
2099 3282 2155 3308 nbc.

1655 3327 1682 3344 a.
1698 3333 1718 3338 —
1736 3318 1797 3344 Om.
1816 3318 1867 3343 PF.
1886 3317 1937 3342 Pro
1956 3324 1995 3347 ne,
2014 3321 2041 3342 et
2059 3324 2092 3342 ne
2112 3316 2140 3342 P.

1657 3355 1706 3380 vel.
1723 3367 1743 3374 -
1760 3353 1856 3384 PsBG;
1875 3360 1929 3378 om.

1528 3283 1637 3415 m}

2912 4080 2916 4088 -
2915 4023 2918 4050 -..
2913 3961 2918 4012 ...μ
2914 3892 2918 3947 .-ψ
2912 3756 2918 3878 .--..-..
2912 3691 2918 3748 ..-1,
2910 3616 2918 3679 ..fl-⁶
2901 3533 2918 3605 -.-..'-
2903 3452 2918 3507 *k..
2916 3423 2918 3426 .
2915 3391 2918 3402 ..
2916 3363 2918 3375 ..
2916 3324 2918 3333 -
