2918 4088
225 1795 438 1823 *eap.v,n.11·

224 1829 245 1844 s.
252 1822 298 1844 Th.
308 1812 384 1843 ledt.x
370 1828 414 1843 x.1v

225 1849 262 1871 Cf.
274 1854 316 1876 cap

225 1881 244 1897 s.
259 1875 304 1896 Th.
302 1855 374 1896 ΡΙεοῐ.
388 1881 418 1896 xv
421 1881 436 1896 ι.

333 1848 435 1875 ν,ῃ.ι6;

224 1903 235 1913 ·
258 1902 308 1923 Art.
334 1908 367 1928 4;

224 1934 308 1954 Lxxvn
339 1931 380 1949 art.
407 1930 437 1955 o,

225 1954 254 1976 ad
268 1961 288 1983 3.

224 2583 438 2636 {iix-fiatis

223 2636 250 2658 M
250 2637 261 2658 i
260 2642 299 2658 ssa
303 2642 322 2658 r.

475 191 550 227 204

473 271 583 307 agere
612 266 648 296 et
675 258 753 307 pati
781 258 927 308 possint
964 258 1153 308 quidquid
1182 267 1307 307 ageret
1333 261 1395 296 vel
1429 267 1532 308 pate-

472 319 575 349 retur
603 311 811 349 substantia
839 311 869 348 si
888 311 940 348 ibi
959 323 1139 361 praesens
1158 311 1330 349 existeret
1348 311 1378 349 ³⁸.
1408 311 1532 349 Mani-

471 365 612 402 festum
631 372 686 402 est
705 372 834 402 autem
854 364 973 413 quod,
990 364 1020 402 si
1039 372 1136 401 esset
1150 364 1202 402 ibi
1217 364 1426 402 substantia
1439 364 1531 412 vini,

471 417 598 467 liquor
625 417 760 466 aliquis
788 425 917 466 posset
945 417 980 454 ei
1006 416 1238 466 permisceri.

525 470 652 508 Huius
679 478 809 516 tamen
836 469 1100 518 permixtionis
1129 469 1304 507 diversus
1325 477 1423 507 esset
1442 470 1532 507 effe-

471 531 553 561 ctus
581 531 617 560 et
645 523 860 560 secundum
879 523 1044 561 formam
1063 522 1232 571 liquoris,
1261 530 1297 559 et
1316 523 1531 561 secundum

471 576 732 626 quantitatem.
757 575 797 614 Si
817 575 921 612 enirn
939 574 1233 624 permisceretur
1251 574 1387 624 aliquis
1406 575 1533 624 liquor

470 629 510 666 in
537 637 641 666 tanta
668 628 875 678 quantitate
904 628 1011 677 quod
1038 635 1167 676 posset
1194 627 1360 665 diffundi
1387 640 1457 676 per
1475 635 1531 666 to-

470 690 555 720 tum
581 682 731 728 vinum,
761 689 886 718 totum
913 680 1022 718 fieret
1049 679 1294 729 permixtum.
1325 681 1443 727 Quod
1464 693 1531 718 au-

470 742 549 772 tem
577 743 632 772 est
659 734 915 772 commixtum
943 745 989 770 ex
1009 733 1175 778 duobus,
1204 741 1387 771 neutrum
1406 733 1531 771 misci-

470 787 605 825 bilium
633 795 707 834 est,
744 787 811 824 sed
844 794 1054 834 utrumque
1090 785 1223 823 transit
1258 786 1297 824 in
1331 786 1531 835 quoddam

469 840 623 878 tertium
660 852 707 877 ex
743 839 802 877 his
839 838 1111 887 compositum.
1158 839 1270 877 Unde
1308 846 1532 887 sequeretur

470 893 577 942 quod
604 892 742 929 vinum
777 891 883 941 prius
916 891 1079 929 existens
1116 903 1197 929 non
1230 899 1461 939 remaneret,
1500 892 1533 929 si

468 946 596 995 liquor
622 944 833 994 permixtus
862 951 959 981 esset
986 943 1139 981 alterius
1162 943 1302 993 speciei
1316 949 1340 981 ⁶.
1360 966 1385 971 —
1406 944 1446 983 Si
1466 957 1530 982 au-

468 1006 547 1035 tem
575 1005 672 1035 esset
696 997 871 1034 eiusdem
891 996 1030 1045 speciei
1050 996 1176 1045 liquor
1194 996 1408 1042 adiunctus,
1437 1004 1531 1045 puta

468 1050 499 1087 si
526 1050 664 1087 vinum
691 1049 985 1098 permisceretur
1002 1048 1107 1095 vino,
1137 1056 1352 1086 remaneret
1370 1049 1530 1097 quidem

467 1103 604 1140 eadem
641 1102 807 1151 species,
845 1101 912 1138 sed
947 1113 1027 1138 non
1065 1108 1280 1138 remaneret
1315 1101 1418 1138 idem
1458 1114 1529 1139 nu·

466 1166 575 1192 mero
602 1154 751 1192 vinum.
791 1153 911 1200 Quod
939 1153 1104 1190 declarat
1131 1153 1328 1191 diversitas
1357 1153 1529 1191 acciden-

465 1208 578 1245 tium:
607 1215 701 1256 puta
728 1206 759 1244 si
778 1218 904 1244 unum
923 1206 1060 1244 vinum
1080 1213 1177 1243 esset
1196 1206 1340 1251 album,
1370 1213 1406 1243 et
1425 1206 1528 1244 aliud

466 1261 644 1298 rubeum.

518 1313 559 1351 Si
594 1325 688 1350 vero
726 1311 852 1361 liquor
893 1311 1095 1349 adiunctus
1132 1318 1230 1348 esset
1270 1318 1349 1348 tam
1385 1323 1528 1360 parvae

465 1366 683 1416 quantitatis
704 1365 811 1414 quod
831 1377 911 1402 non
930 1371 1059 1413 posset
1077 1364 1256 1423 perfundi
1275 1376 1345 1413 per
1363 1364 1527 1412 totum‘,

464 1433 544 1458 non
572 1418 679 1456 fieret
706 1426 832 1455 totum
859 1417 998 1454 vinum
1025 1416 1275 1466 permixtum,
1305 1417 1372 1454 sed
1401 1417 1529 1466 aliqua

463 1485 552 1523 pars
581 1472 673 1509 eius.
709 1472 821 1518 Quae
850 1470 1010 1520 quidem
1038 1482 1119 1507 non
1147 1477 1363 1507 remaneret
1390 1471 1528 1508 eadem

463 1538 641 1572 numero,
670 1532 826 1574 propter
853 1522 1151 1573 permixtionem
1180 1530 1380 1560 extraneae
1409 1531 1527 1564 mate-

465 1580 554 1617 riae.
593 1579 824 1615 Remaneret
860 1584 991 1614 tamen
1019 1576 1156 1613 eadem
1184 1575 1330 1627 specie,
1358 1588 1439 1614 non
1467 1589 1527 1614 so-

464 1634 547 1670 lum
583 1631 614 1667 si
641 1643 784 1680 parvus
812 1630 939 1689 liquor
975 1628 1186 1678 permixtus
1219 1636 1316 1666 esset
1353 1629 1527 1667 eiusdem

465 1684 615 1734 speciei,
645 1684 714 1721 sed
741 1683 856 1720 etiam
885 1682 915 1719 si
943 1689 1040 1719 esset
1067 1681 1220 1719 alterius
1248 1681 1406 1731 speciei:
1437 1683 1528 1732 quia

463 1746 567 1797 gutta
595 1749 719 1797 aquae
747 1737 870 1773 multo
898 1735 990 1772 vino
1019 1734 1207 1784 permixta
1234 1734 1366 1772 transit
1384 1735 1423 1772 in
1443 1748 1527 1785 spe-

464 1791 563 1829 ciem
590 1790 681 1837 vini,
711 1797 753 1826 ut
781 1788 950 1826 dicitur
942 1801 981 1825 1n
999 1789 1014 1825 Ι
1034 1788 1079 1825 de
1101 1788 1348 1825 Generatione
1365 1787 1396 1825 *.

517 1843 765 1881 Manifestum
800 1850 855 1879 est
888 1849 1016 1878 autem
1056 1853 1102 1877 ex
1136 1840 1337 1890 praedictis
1363 1841 1383 1862 '¹‘
1420 1842 1527 1890 quod

414 1908 436 1923 ¹¹·
464 1909 605 1946 corpus
638 1903 674 1933 et
706 1895 859 1943 sanguis
889 1893 1028 1931 Christi
1065 1901 1265 1930 remanent
1299 1893 1339 1930 in
1366 1894 1442 1931 hoc
1470 1907 1527 1931 sa-

464 1956 659 1987 cramento
694 1947 869 1997 quandiu
896 1947 980 1984 illae
1008 1946 1153 1996 species
1181 1954 1339 1983 manent
1367 1947 1528 1985 eaedem

463 2003 502 2039 in
530 2014 694 2039 numero
709 2007 744 2037 ⁷¹:
774 2007 1020 2037 consecratur
1038 1999 1143 2036 enim
1169 1999 1231 2036 hic
1250 1999 1360 2048 panis
1389 2007 1425 2036 et
1452 2001 1528 2037 hoc

462 2055 611 2105 vinum.
654 2054 766 2092 Unde
803 2054 835 2090 si
853 2051 866 2074 ⁰
894 2052 961 2089 fiat
988 2060 1092 2089 tanta
1128 2051 1331 2101 permixtio
1369 2052 1528 2102 liquoris

463 2109 743 2156 cuiuscumque
782 2106 889 2155 quod
926 2105 1113 2155 pertingat
1150 2105 1199 2142 ad
1234 2112 1360 2142 totum
1388 2105 1527 2143 vinum

463 2168 730 2199 consecratum
765 2167 800 2196 et
838 2159 905 2196 fiat
939 2158 1197 2208 permixtum,
1240 2165 1276 2195 et
1319 2157 1389 2195 erit
1425 2158 1528 2196 aliud

462 2225 649 2262 numero,
679 2220 715 2249 et
742 2224 822 2249 non
859 2211 1072 2249 remanebit
1099 2211 1151 2248 ibi
1186 2210 1339 2260 sanguis
1376 2211 1526 2249 Christi.

464 2267 504 2305 Si
531 2278 624 2303 vero
659 2265 726 2303 fiat
753 2273 834 2302 tam
862 2277 982 2314 parva
1010 2263 1169 2302 alicuius
1204 2263 1363 2314 liquoris
1391 2264 1527 2302 adiun-

463 2320 536 2357 ctio
574 2319 682 2368 quod
719 2331 799 2355 non
827 2317 946 2368 possit
982 2317 1147 2354 diffundi
1183 2329 1254 2367 per
1284 2324 1429 2365 totum,
1459 2318 1526 2355 sed

462 2384 586 2422 usque
606 2372 655 2409 ad
674 2371 844 2420 aliquam
861 2378 1011 2421 partem
1029 2370 1258 2420 specierum,
1279 2370 1426 2407 desinet
1445 2383 1527 2408 esse

463 2424 616 2474 sanguis
637 2424 776 2462 Christi
804 2424 876 2461 sub
905 2423 966 2460 illa
993 2431 1098 2473 parte
1117 2423 1198 2460 vini
1221 2423 1441 2471 consecrati,
1470 2436 1527 2462 re-

463 2477 634 2516 manebit
660 2485 791 2514 tamen
819 2477 892 2514 sub
921 2476 1004 2514 alia.

517 2531 574 2568 An
594 2543 729 2568 PRIMUM
753 2542 851 2567 ERGO
874 2541 1056 2567 mesanum
1082 2529 1190 2578 quod
1218 2528 1462 2566 Innocentius
1481 2531 1527 2567 III

463 2583 562 2630 dicit,
591 2583 631 2620 in
655 2583 826 2632 quadarn
844 2582 1031 2620 Decretali
1045 2582 1075 2629 ²¹²,
1097 2582 1204 2632 quod
1223 2584 1303 2631 ipsa
1322 2582 1528 2620 accidentia

463 2638 591 2675 vinum
619 2638 826 2686 appositum
854 2636 1023 2674 videntur
1050 2635 1223 2684 afficere:
1251 2636 1349 2684 quia,
1377 2638 1409 2672 si
1429 2648 1527 2685 aqua

453 2691 574 2738 fuerit
601 2691 779 2739 apposita,
807 2691 887 2727 vini
902 2701 1076 2739 saporem
1104 2694 1305 2725 assumeret
1324 2694 1342 2725 ².
1377 2689 1527 2725 Contin—

463 2745 518 2793 git
545 2744 659 2793 igitur
686 2742 889 2779 accidentia
917 2747 1063 2778 mutare
1088 2743 1290 2779 subiectum
1310 2740 1346 2787 ³¹⁶,
1375 2743 1467 2778 sicut
1494 2748 1528 2778 et

462 2797 663 2833 subiectum
699 2797 880 2845 contingit
916 2794 1119 2832 accidentia
1148 2800 1377 2844 permutare.
1424 2795 1527 2831 Cedit

465 2850 597 2899 quippe
624 2854 759 2886 natura
787 2848 982 2894 miraculo,
1011 2854 1045 2884 et
1071 2849 1186 2885 virtus
1204 2860 1319 2897 supra
1338 2853 1527 2885 consuetu-

465 2902 588 2939 dinem
616 2907 802 2951 operatur.
845 2901 932 2937 Hoc
959 2908 1089 2938 tamen
1124 2912 1204 2937 non
1233 2907 1288 2937 est
1315 2899 1369 2937 sic
1395 2900 1527 2938 intelli-

464 2955 636 3003 gendum
650 2954 759 3004 quasi
778 2954 882 2991 idem
901 2965 1066 2991 numero
1086 2952 1262 2990 accidens
1288 2953 1396 3004 quod
1421 2953 1528 3003 prius

465 3007 534 3045 fuit
568 3007 607 3044 in
639 3007 731 3044 vino
766 3014 853 3044 ante
887 3006 1236 3054 consecrationem,
1274 3007 1528 3056 postmodum

519 3127 541 3162 ε)
560 3129 584 3153 si
601 3129 713 3161 liquor...
733 3129 837 3160 speciei.
853 3142 873 3147 —
889 3129 937 3154 sed
954 3129 978 3154 si
996 3127 1055 3163 (sed
1072 3137 1126 3155 om.
1145 3130 1195 3162 pG,
1213 3131 1237 3156 si
1255 3130 1342 3164 om.1)
1361 3131 1450 3164 liquor
1463 3138 1528 3164 per-

466 3163 569 3188 mixtus
586 3168 655 3189 esset
671 3164 783 3188 alterius
805 3164 907 3195 speciei,
923 3168 992 3196 puta
1011 3165 1035 3190 si
1049 3165 1258 3197 permisceretur
1279 3173 1358 3198 aqua,
1382 3166 1529 3191 solveretur

466 3199 564 3231 species
583 3199 639 3224 vini
655 3203 681 3223 et
699 3202 766 3224 esset
783 3199 871 3231 liquor
888 3200 999 3225 alterius
1017 3201 1113 3232 speciei
1131 3201 1213 3227 tertia.

519 3233 545 3267 ζ)
561 3234 690 3268 perfundi
705 3241 755 3266 per
773 3237 867 3259 totum.
881 3248 900 3253 -
918 3236 952 3260 sF
972 3241 997 3260 et
1015 3236 1237 3270 tertia;d1ffundi
1249 3243 1302 3270 per
1320 3239 1405 3262 totum
1420 3237 1450 3267 E,
1461 3244 1528 3270 per-

460 3269 545 3301 fundi
562 3272 647 3293 totum
665 3270 751 3295 ceteri.

521 3303 548 3338 η)
569 3304 594 3328 in
615 3311 733 3329 numero.
750 3319 770 3324 -
788 3312 898 3330 numero
917 3305 989 3331 PBF.

1105 181 1367 228 QUAESTIO
1397 182 1586 228 LXXVII,
1617 181 1908 220 ARTICULUS
1937 182 2017 219 VIII

1586 258 1654 297 fiat
1690 258 1729 295 in
1757 258 1849 296 vino
1884 258 2080 308 apposito:
2119 260 2187 297 sed
2223 260 2305 298 talis
2339 262 2569 310 permutatio
2604 261 2648 300 fit

1586 323 1656 361 per
1687 311 1888 349 actionem.
1928 311 2032 348 Nam
2066 311 2274 350 accidentia
2300 313 2381 351 vini
2405 315 2648 353 'remanentia

1587 364 1748 402 retinent
1780 364 1968 403 actionem
2005 363 2236 402 substantiae
2249 394 2258 412 ‚
2295 367 2512 405 secundum
2538 379 2646 416 prae-

1587 417 1686 454 dicta
1704 417 1741 454 *z
1772 425 1808 454 et
1835 416 1885 454 ita
1912 416 2157 455 immutando
2185 417 2356 456 afficiunt
2374 418 2565 468 liquorem
2583 432 2647 470 ap-

1585 470 1766 520 positum.

1638 524 1695 560 AD
1723 534 1912 561 SECUNDUM
1943 534 2125 561 DICENDUM
2162 522 2270 572 quod
2297 522 2424 572 liquor
2450 524 2647 574 appositus

1585 575 1677 613 vino
1702 583 1923 614 consecrato
1947 577 2054 613 nullo
2074 576 2195 614 modo
2214 575 2397 614 miscetur
2414 577 2647 615 substantiae

1585 628 1779 676 sanguinis
1807 628 1957 666 Christi.
1993 628 2177 666 Miscetur
2203 636 2333 666 tamen
2361 629 2561 678 speciebus
2589 642 2647 668 sa-

1585 681 1894 719 cramentalibus:
1915 681 1965 719 ita
1984 689 2113 719 tamen
2133 681 2250 732 quod,
2267 681 2520 730 permixtione
2538 683 2646 728 facta,

1584 741 1887 783 corrumpuntur
1913 734 2129 783 praedictae
2158 734 2315 783 species,
2343 736 2406 772 vel
2427 734 2466 772 in
2485 742 2566 772 toto
2585 737 2649 773 vel

1585 786 1624 824 in
1651 794 1769 838 parte,
1799 787 2014 825 secundum
2035 788 2200 825 modum
2228 799 2308 836 quo
2328 787 2478 837 supra*
2501 788 2647 826 dictum
2674 794 2685 805 ·

1585 847 1640 877 est
1667 840 1775 889 quod
1803 852 1849 878 ex
1878 840 2078 889 speciebus
2106 839 2176 878 illis
2210 847 2335 889 potest
2362 840 2506 890 aliquid
2533 853 2647 889 gene-

1585 892 1669 930 rari.
1707 893 1756 930 Et
1783 892 1814 930 si
1842 892 2000 942 quidem
2028 901 2326 943 corrumpantur
2352 893 2393 931 in
2419 901 2513 940 toto,
2542 895 2648 931 nulla

1584 944 1662 983 iam
1690 953 1862 983 remanet
1889 945 2081 995 quaestio:
2111 945 2203 995 quia
2229 946 2308 984 iam
2326 953 2452 984 totum
2475 946 2544 984 erit
2561 946 2646 984 uni-

1583 997 1717 1035 forme.
1747 997 1788 1036 Si
1816 1005 1947 1036 autem
1965 1006 2264 1048 corrumpantur
2281 998 2320 1036 in
2338 1007 2457 1048 parte,
2478 999 2548 1037 erit
2565 999 2647 1049 qui-

1584 1050 1675 1087 dem
1689 1062 1768 1087 una
1782 1050 1971 1088 dimensio
1991 1052 2208 1088 secundum
2222 1051 2512 1089 continuitatem
2527 1064 2647 1101 quan-

1583 1102 1706 1149 titatis,
1722 1115 1803 1140 non
1821 1111 1952 1141 tamen
1966 1115 2046 1141 una
2064 1105 2279 1142 secundum
2295 1105 2461 1142 modum
2476 1104 2645 1143 essendi:

1583 1154 1675 1204 quia
1701 1167 1781 1193 una
1807 1167 1896 1204 pars
1924 1155 2007 1193 eius
2034 1163 2091 1194 est
2108 1162 2125 1178 ²
2152 1156 2233 1194 sine
2261 1156 2449 1204 subiecto,
2479 1157 2551 1195 alia
2578 1157 2648 1195 erit

1583 1207 1623 1244 in
1651 1207 1845 1254 subiecto;
1874 1207 1983 1254 sicut,
2003 1208 2034 1245 si
2052 1207 2210 1258 aliquod
2229 1221 2370 1258 corpus
2397 1210 2649 1247 constituatur

1583 1271 1631 1297 ex
1658 1260 1813 1298 duobus
1835 1236 2014 1308 metalliS,
2034 1261 2104 1298 erit
2122 1273 2248 1299 unum
2260 1273 2409 1311 corpus
2430 1262 2647 1300 secundum

1583 1311 1772 1350 rationem
1791 1313 2020 1362 quantitatis,
2037 1325 2118 1351 non
2136 1321 2268 1352 tamen
2285 1326 2412 1352 unum
2430 1315 2647 1353 secundum

1582 1365 1751 1415 speciem
1779 1373 1950 1403 naturae.

1634 1419 1692 1456 An
1729 1430 1889 1457 τεκτιυΜ
1930 1431 2113 1458 DICENDUM
2154 1420 2284 1469 quod,
2327 1419 2424 1458 sicut
2460 1421 2647 1458 Innocen-

1581 1471 1656 1508 tius
1675 1472 1720 1508 111
1749 1471 1848 1518 dicit,
1878 1471 1918 1508 in
1946 1472 2135 1509 Decretali
2162 1472 2356 1522 praedicta
2374 1473 2405 1520 ³⁸,
2434 1475 2468 1510 si
2482 1479 2568 1523 post
2585 1485 2647 1511 ca-

1581 1525 1660 1562 licis
1688 1526 2004 1562 consecrationem
2032 1525 2136 1562 aliud
2160 1527 2288 1564 vinum
2313 1527 2478 1564 mittatur
2505 1528 2542 1563 in
2561 1526 2648 1564 cali-

1581 1589 1674 1624 cem,
1696 1578 1788 1615 illud
1805 1577 1950 1627 quidem
1971 1590 2045 1615 non
2065 1580 2196 1616 transit
2216 1580 2253 1615 in
2273 1581 2510 1629 sanguinem,
2531 1591 2650 1630 neque

1580 1632 1760 1680 sanguini
1771 1633 2031 1668 commiscetur
2041 1645 2052 1667 :
2069 1632 2144 1678 sed,
2160 1632 2407 1669 accidentibus
2415 1634 2558 1682 prioris
2570 1633 2652 1670 vini

1581 1685 1839 1730 commixtum,
1867 1686 2021 1734 corpori
2036 1682 2050 1706 λ
2079 1685 2179 1734 quod
2203 1686 2270 1722 suh
2296 1687 2347 1722 eis
2373 1685 2460 1722 latet
2487 1685 2649 1735 undique

1581 1737 1902 1785 circumfunditur,
1919 1749 1993 1774 non
2009 1737 2205 1775 madidans
2219 1739 2496 1786 circumfusum.
2527 1737 2648 1785 Quod

1582 1789 1743 1838 quidem
1770 1789 2057 1838 intelligendum
2087 1798 2143 1827 est
2175 1791 2333 1840 quando
2362 1803 2443 1828 non
2474 1790 2518 1827 fit
2544 1797 2648 1828 tanta

1581 1842 1786 1892 permixtio
1815 1842 1974 1892 liquoris
2002 1843 2170 1880 extranei
2198 1844 2305 1893 quod
2334 1843 2488 1892 sanguis
2507 1842 2648 1881 Christi

1582 1894 1730 1932 desinat
1758 1907 1840 1932 esse
1862 1895 1934 1932 sub
1953 1902 2046 1932 toto.
2075 1897 2191 1933 Tunc
2209 1896 2314 1933 enim
2333 1897 2494 1946 undique
2511 1895 2649 1933 dicitur

1582 1949 1854 1996 circumfundi,
1883 1960 1965 1985 non
1993 1948 2085 1997 quia
2111 1956 2239 1997 tangat
2261 1949 2489 1997 sanguinem
2509 1948 2650 1986 Christi

1582 2001 1800 2038 secundum
1836 2000 1918 2038 eius
1954 2001 2130 2051 proprias
2168 2001 2447 2039 dimensiones:
2486 2002 2555 2039 sed
2591 2013 2649 2039 se-

1581 2053 1758 2091 cundum
1785 2053 2047 2091 dimensiones
2075 2055 2380 2103 sacramentales,
2409 2054 2482 2092 sub
2504 2053 2647 2104 quibus

1582 2106 1809 2144 continetur.
1830 2129 1855 2133 -
1874 2107 1959 2143 Nec
1987 2114 2042 2144 est
2070 2107 2192 2145 simile
2220 2107 2268 2144 de
2295 2119 2398 2159 aqua
2424 2107 2644 2146 benedicta:

1582 2159 1674 2209 quia
1701 2159 1763 2197 illa
1790 2159 2006 2197 benedictio
2043 2161 2190 2198 nullam
2222 2159 2534 2199 immutationem
2559 2159 2648 2198 facit

1581 2212 1681 2249 circa
1708 2211 1959 2250 substantiam
1987 2225 2133 2265 aquae,
2169 2213 2266 2251 sicut
2298 2213 2385 2251 facit
2411 2212 2646 2253 consecratio

1581 2277 1673 2303 vim.

1635 2319 1692 2355 An
1712 2330 1884 2361 QUARTUM
1907 2331 2090 2359 mcENDUM
2117 2318 2225 2369 quod
2252 2318 2414 2368 quidam
2431 2326 2646 2371 posuerunt

1582 2371 1700 2422 quod,
1730 2378 2090 2421 quantumcumque
2109 2384 2230 2423 parva
2248 2371 2315 2409 fiat
2334 2371 2503 2411 extranei
2521 2371 2645 2422 liquo-

1581 2424 1632 2461 ris
1652 2424 1868 2473 permixtio,
1897 2423 2107 2462 substantia
2125 2424 2321 2473 sanguinis
2341 2424 2481 2462 Christi
2499 2423 2647 2462 desinet

1582 2489 1664 2514 esse
1693 2477 1765 2515 sub
1793 2484 1885 2514 toto.
1924 2478 1972 2514 Et
1999 2478 2075 2514 hoc
2107 2477 2252 2515 ratione
2285 2477 2479 2515 inducta*
2532 2477 2684 2526 Quae‘

1581 2537 1712 2567 tamen
1740 2542 1821 2567 non
1844 2529 1954 2580 cogit.
1985 2530 2089 2577 Quia
2116 2543 2304 2579 magnum
2332 2538 2369 2568 et
2396 2542 2564 2582 parvum
2593 2530 2647 2570 di-

1581 2582 1801 2620 versificant
1835 2582 2118 2658 quantitatem*
2119 2583 2377 2621 dimensivam
2409 2595 2491 2621 non
2551 2594 2646 2621 uan-

1581 2643 1667 2673 tum
1694 2635 1744 2673 ad
1771 2635 1853 2673 eius
1877 2636 2118 2673 essentiam*
2120 2665 2130 2684 ,
2159 2636 2226 2674 sed
2246 2643 2436 2687 quantum
2456 2636 2505 2674 ad
2551 2643 2646 2677 eter-

1582 2688 1836 2726 minationem
1863 2701 2080 2727 mensurae.

1636 2741 1816 2779 Similiter
1847 2741 1962 2779 etiam
1997 2741 2124 2791 liquor
2159 2742 2357 2793 appositus
2394 2742 2493 2780 adeo
2519 2749 2646 2793 potest

1582 2807 1665 2832 esse
1692 2807 1836 2844 parvus
1864 2795 1972 2844 quod
1991 2807 2062 2833 sua
2079 2794 2264 2846 parvitate
2282 2795 2491 2846 impeditur
2508 2807 2557 2832 ne
2576 2793 2644 2832 dif-

1581 2847 1764 2886 fundatur
1781 2860 1851 2899 per
1868 2855 2006 2896 totum,
2027 2855 2063 2885 et
2081 2860 2162 2885 non
2176 2849 2304 2887 solum
2319 2846 2642 2885 dimensionibus:

1582 2912 1701 2950 quae,
1740 2900 1825 2938 licet
1853 2900 1927 2938 sint
1958 2900 2040 2938 sine
2068 2900 2257 2948 subiecto,
2295 2908 2425 2938 tamen
2457 2899 2610 2938 obstant
2626 2905 2644 2929 Ι*

1582 2953 1687 2991 alteri
1714 2953 1854 3004 liquori
1882 2953 1979 2991 sicut
2007 2961 2043 2991 et
2070 2953 2280 2991 substantia
2307 2952 2338 2990 si
2364 2952 2417 2990 ibi
2444 2960 2557 3001 esset,
2587 2964 2643 2990 se-

1582 3007 1757 3045 cundum
1785 3019 1831 3045 ea
1858 3018 1958 3057 quae
1984 3005 2195 3057 praemissa
2222 3013 2310 3044 sunt
2326 3005 2358 3043 *.

1635 3129 1660 3164 Θ)
1683 3131 1758 3157 Unde
1775 3131 1807 3157 si.
1825 3145 1845 3150 -
1863 3131 1895 3156 Si
1911 3134 2000 3156 auten·
2019 3131 2107 3156 GHbc.

1635 3165 1654 3200 t)
1673 3169 1829 3192 assumor-ee.
1845 3169 2000 3191 —assumet
2017 3166 2100 3198 HlsG,
2118 3165 2232 3191 assumit
2249 3165 2279 3190 P.

1634 3202 1661 3236 ιι)
1679 3205 1726 3228 est.
1747 3215 1767 3223 -
1789 3202 1842 3229 erit
1865 3201 1947 3232 tertia,
1964 3209 2019 3227 om
2040 3201 2072 3227 D.
2091 3214 2111 3221 -
2132 3201 2185 3227 erit
2207 3208 2261 3227 om.
2279 3199 2308 3230 F.
2327 3201 2383 3226 a11'a
2406 3201 2460 3227 erit
2481 3202 2508 3228 in
2526 3201 2644 3229 subtecto

1581 3244 1634 3262 om
1628 3237 1796 3304 λΒξιξνμονί.
1813 3286 1833 3291 -
1850 3271 1918 3302 ΡΕΙς
1937 3278 2042 3304 corpus.

1633 3271 1663 3341 μζ
1680 3308 1795 3333 obstant.
1813 3320 1833 3328 -·
1850 3307 1895 3338 1²13
1911 3290 2045 3333 'substan
2061 3320 2080 3326 -
2098 3306 2148 3332 Pro
2165 3310 2242 3338 esset,
2261 3307 2366 3335 adesset
2382 3307 2465 3333 tenu.

1026 3461 1766 3496 —-——-—<‡ea>-——

2673 426 2684 436 ·
2698 425 2724 447 ln
2739 430 2844 453 corpore.

2673 1479 2684 1491 ·
2697 1478 2766 1507 keep.
2780 1478 2809 1501 ud
2825 1486 2845 1502 ι.

2698 2477 2723 2500 ln
2737 2483 2786 2506 ιτς.

2671 2639 2725 2662 ·D.
2739 2645 2783 2668 5¹5.

2670 2987 2742 3042 Ροῐὲ.
2741 2987 2815 3016 princ.
2830 2994 2884 3011 eor-
