2918 4088
919 372 1227 425 THOMAE
1267 372 1354 424 DE
1393 371 1525 423 VIO
1566 370 1911 423 CAIETANI

1180 499 1320 525 ORDINlS
1348 498 1647 524 PRAEDICATORUM

1127 593 1166 630 S.
1196 593 1242 630 R.
1273 593 1317 630 E.
1349 592 1700 630 CARDINALIS

353 724 1276 835 QUAESTIONES
1337 725 1491 808 DE
1554 724 2470 809 SACRAMENTIS

856 902 1274 940 COMMENTARIOS
1298 903 1403 941 EIUS
1427 904 1479 939 IN
1503 903 1735 940 TERTIAM
1759 904 1970 941 PARTEM

484 1028 782 1093 SUMMAE
820 1029 1282 1094 THEOLOGIAE
1322 1029 1581 1093 SANCTI
1621 1030 1921 1094 THOMAE
1959 1030 2346 1106 AQUINATIS

1233 1176 1593 1214 COMPLENTES

1044 1313 1785 1342 ——oaoaewaoeoe

1169 1473 1658 1529 PROLOGUS

437 1637 491 1671 ⁶7:
528 1633 662 1654 ΝΤιΝι-ιο
678 1625 1086 1665 meainsubsequentibus‚
1100 1634 1183 1665 quae
1194 1626 1233 1656 ab
1246 1626 1388 1656 Auctore
1442 1627 1532 1666 gotio
1556 1632 1587 1656 et
1610 1636 1774 1666 cognosco
1795 1631 1826 1657 et
1848 1626 1966 1657 fateor:
1991 1626 2047 1657 sed
2066 1626 2162 1658 dubia
2185 1627 2291 1678 aliqua
2313 1628 2411 1664 utilia,
2427 1637 2503 1658 nec-

382 1684 388 1696 ι
436 1669 490 1713 :¹225
527 1668 690 1699 tractanda
705 1674 793 1699 erant
808 1668 848 1699 ad
863 1668 1095 1709 perfectionem
1113 1670 1229 1709 operis,
1247 1675 1304 1706 est,
1319 1679 1388 1700 non
1442 1679 1511 1701 non
1534 1669 1732 1700 discussione
1754 1670 1858 1710 digna,
1875 1676 2016 1706 tractare,
2033 1676 2074 1707 et,
2090 1672 2178 1702 iuxta
2203 1672 2323 1712 ingenii
2345 1673 2436 1708 vires,
2457 1672 2504 1702 di-

367 1743 379 1752 x
441 1731 456 1740 -.
528 1711 656 1752 aggredi
685 1712 832 1744 ordinem
861 1723 919 1753 per
949 1714 1153 1753 quaestiones
1180 1719 1212 1744 et
1238 1714 1388 1744 articulos
1442 1715 1515 1744 vina
1538 1714 1716 1754 adspirante
1738 1715 1850 1754 gratia,
1875 1714 2092 1746 determinare.
2124 1715 2330 1757 Servaboque
2357 1715 2504 1747 ordinem

481 1764 492 1781 τ’
527 1756 709 1796 singillatim
741 1756 934 1793 decidendo,
959 1758 1050 1797 quasi
1077 1758 1240 1798 complere
1272 1758 1388 1788 vellem
1446 1763 1718 1789 sacramentorum
1741 1760 1868 1799 supra*
1890 1760 2043 1799 positum.
2530 1752 2683 1801 Πΐπξῇῃξῑ
2703 1758 2743 1806 ἓξ·

477 1800 670 1832 --Tertiam
692 1801 828 1838 Partem,
851 1802 1007 1842 imparem
1030 1803 1117 1833 enim
1144 1811 1198 1847 me
1220 1807 1310 1833 tanto
1332 1811 1389 1832 ne-
2530 1796 2592 1832 uvi,
2607 1795 2695 1827 introi.
2735 1795 2742 1801 ”

759 1977 1335 2055 QUAESTIONES
1350 1996 1354 1999 ’
1372 1978 1481 2033 DE
1520 1977 2070 2034 CONTRITIONE

1118 2134 1458 2188 QUAESITUM
1489 2134 1711 2176 PRIMUM

963 2238 1024 2269 AN
1053 2237 1266 2268 ATTRITIO
1297 2237 1446 2269 Possm*
1476 2237 1589 2268 FIERI
1620 2236 1861 2268 CONTRITIO

82 2349 176 2406 qnffm,
172 2349 295 2400 ῘΙΙιιὮΙΙΙ,
1442 2343 1540 2379 stitia,
1564 2342 1731 2373 manifeste
1754 2347 1841 2382 patet
1864 2341 1953 2382 quod
1975 2342 2097 2372 tristitia
2119 2343 2188 2383 ipsa
2215 2351 2297 2382 quae
2321 2347 2368 2372 est
2389 2343 2423 2373 in
2445 2351 2503 2373 vo-

83 2567 95 2578 ·
108 2565 145 2589 ef.
159 2571 224 2588 num.
238 2572 270 2589 vr.

385 2353 404 2374 n
432 2343 574 2384 partibus
600 2343 696 2383 igitur
725 2343 942 2383 poenitentiae
964 2343 998 2373 in
1021 2343 1183 2383 speciali*
1206 2342 1387 2378 tractando,

326 2355 383 2418 D
385 2388 527 2429 primum
548 2389 696 2424 occurrit,
713 2387 753 2418 de
774 2387 878 2427 prima
899 2392 988 2427 parte
1008 2387 1236 2427 poenitentiae,
1253 2387 1388 2418 dubium

324 2433 408 2463 circa
424 2431 634 2472 quidditatem
649 2432 736 2462 eius:
754 2441 837 2472 quae
853 2441 891 2461 ex
907 2430 1082 2462 differentia
1098 2432 1179 2462 inter
1194 2432 1388 2462 attritionem

324 2481 357 2507 et
379 2476 606 2507 contritionem
628 2475 751 2507 facilius
775 2481 997 2526 cognoscetur.
1028 2475 1069 2506 Et
1091 2481 1261 2526 propterea
1290 2485 1388 2516 quae-

323 2521 402 2552 ritur
424 2521 549 2561 primo:
573 2520 627 2550 An
650 2520 767 2550 attritio
790 2520 892 2560 possit
914 2519 984 2550 fieri
1006 2520 1166 2550 contritio.

378 2564 513 2595 Videtur
528 2565 615 2595 enim
631 2564 720 2604 quod
735 2574 803 2595 non
818 2565 845 2594 ’ἱ
863 2563 950 2594 Tum
966 2565 1042 2604 quia
1058 2564 1207 2595 contritio
1224 2570 1255 2595 et
1270 2565 1387 2595 attritio

324 2608 475 2640 differunt
490 2618 589 2649 penes
604 2609 769 2648 principia.
793 2608 960 2646 Quoniam
982 2609 1132 2639 contritio
1149 2613 1196 2638 est
1211 2618 1229 2639 a
1245 2610 1386 2640 caritate:

324 2654 441 2684 attritio
466 2658 573 2684 autem
596 2658 644 2683 est
667 2663 686 2683 a
703 2652 868 2682 voluntate
891 2653 959 2683 sine
983 2653 1121 2683 caritate.

379 2697 468 2728 Tum
490 2698 566 2737 quia
583 2696 784 2738 imperfectio
801 2697 968 2727 attritionis
984 2701 1030 2727 est
1046 2697 1085 2727 de
1100 2697 1223 2728 ratione
1238 2697 1315 2727 eius.
1340 2697 1388 2727 Ac

323 2751 381 2782 per
403 2742 483 2777 hoc,
511 2746 635 2772 remota
659 2741 918 2781 imperfectione,
950 2750 1018 2771 non
1047 2747 1190 2771 remanet
1221 2742 1388 2772 attritionis

324 2791 423 2822 actus,
448 2786 505 2826 qui
527 2787 629 2826 possit
651 2784 762 2826 perfici
785 2795 842 2826 per
865 2786 1037 2816 caritatem.

380 2830 417 2861 11.
442 2830 494 2861 Ad
524 2830 716 2860 evidentiam
747 2830 852 2865 huius,
884 2830 942 2860 tria
972 2828 1117 2860 facienda
1148 2834 1238 2860 sunt:
1271 2830 1388 2869 primo,

324 2873 447 2905 dicetur
471 2873 549 2915 quid
571 2874 730 2910 nominis3
759 2873 913 2910 secundo,
936 2873 1189 2904 manifestabitur
1212 2874 1389 2914 quotuplex

325 2923 372 2950 est
401 2924 467 2949 tam
502 2919 619 2949 attritio
654 2927 752 2958 quam
783 2918 932 2948 contritio
949 2919 982 2954 ἢ
1017 2918 1121 2954 tertio,
1145 2917 1390 2958 respondebitur

325 2963 470 3004 quaesito
494 2964 521 2993 ἦ

377 3007 497 3045 Quoad
511 3007 663 3058 primum,
676 3006 800 3037 attritio
814 3011 906 3036 sonat
921 3005 1141 3046 imperfectam
1158 3005 1390 3046 displicentiam

325 3052 466 3093 peccati:
502 3051 654 3082 contritio
686 3056 793 3081 autem
824 3056 917 3081 sonat
951 3050 1183 3090 displicentiam
1216 3049 1390 3090 perfectam

324 3096 459 3137 peccati.
482 3096 524 3126 Et
547 3101 594 3126 est
616 3105 721 3126 sermo
746 3095 785 3126 de
801 3100 934 3135 peccato
951 3095 1087 3125 mortali.
1110 3094 1267 3125 Notanter
1283 3099 1390 3124 autem

326 3139 399 3171 dico
426 3139 678 3180 displicentiam,
709 3145 741 3170 et
766 3149 834 3170 non
861 3138 934 3169 dico
958 3139 1104 3169 dolorem
1133 3148 1190 3169 seu
1217 3138 1390 3169 tristitiam.

326 3183 491 3222 Quoniam
514 3184 664 3215 contritio
694 3184 824 3224 proprie
851 3182 1007 3223 significat
1030 3182 1276 3223 displicentiam,
1308 3191 1391 3222 quae

327 3234 374 3259 est
397 3238 491 3259 causa
513 3229 656 3259 nistitiae
677 3238 735 3259 seu
759 3228 895 3258 doloris:
921 3228 1066 3267 quamvis
1089 3226 1248 3267 frequenti
1264 3236 1325 3257 usu
1345 3226 1391 3257 di-

327 3277 416 3303 catur
447 3272 537 3312 quod
567 3273 716 3303 contritio
745 3278 791 3303 est
817 3272 925 3307 dolor,
956 3270 1165 3312 significando
1197 3280 1325 3301 causam
1352 3271 1391 3301 ab

328 3315 453 3347 effectu.
477 3316 606 3354 Quanta
629 3321 737 3347 autem
761 3315 937 3347 differentia
953 3317 992 3346 sit
1013 3316 1096 3346 inter
1111 3315 1344 3355 displicentiam
1361 3320 1392 3345 et

326 3361 484 3391 tristitiam
506 3369 589 3401 quae
613 3366 660 3391 est
681 3361 716 3391 in
738 3361 912 3396 voluntate,
929 3359 1109 3390 manifestat
1132 3364 1229 3389 status
1251 3359 1392 3389 caelestis

327 3405 464 3445 patriae,
495 3404 529 3435 in
553 3414 617 3445 qua
639 3405 754 3435 sanctis
785 3404 999 3445 displicebunt
1022 3409 1152 3444 peccata
1179 3404 1258 3434 olim
1285 3403 1323 3433 ab
1348 3404 1392 3434 eis

329 3449 515 3485 commissa,
546 3449 669 3479 nullam
695 3454 804 3479 tamen
831 3449 988 3479 tristitiam
1012 3448 1051 3479 de
1075 3449 1120 3479 eis
1143 3448 1323 3478 habebunt:
1355 3457 1393 3478 ex

327 3493 391 3523 hoc
415 3493 502 3523 enim
525 3492 615 3533 quod
637 3493 670 3523 in
693 3494 793 3534 patria
816 3493 874 3524 erit
897 3492 1096 3534 displicentia
1119 3498 1150 3523 et
1172 3502 1240 3523 non
1264 3493 1321 3522 erit
1340 3492 1393 3522 tri-

1442 2387 1573 2423 luntate‚
1589 2397 1657 2417 non
1674 2392 1720 2417 est
1736 2386 1940 2417 essentialiter
1955 2386 2162 2426 displicentia.
2188 2386 2251 2417 Sed
2274 2386 2313 2417 ad
2334 2386 2503 2427 displicen-

1442 2432 1519 2461 tiam
1542 2431 1687 2471 sequitur
1708 2431 1831 2461 tristitia
1846 2431 1879 2460 in
1894 2431 1942 2460 his
1959 2431 2015 2471 qui
2035 2435 2110 2461 sunt
2131 2431 2272 2461 tristitiae
2296 2440 2437 2470 capaces.
2462 2431 2504 2461 Et

1442 2476 1525 2506 hanc
1548 2475 1726 2506 doctrinam
1748 2475 1845 2505 habes
1868 2475 2013 2515 superius
2037 2475 2075 2505 ab
2093 2475 2246 2511 Auctore,
2270 2476 2303 2505 in
2320 2484 2374 2515 qu.
2391 2485 2501 2511 mxxv,

1443 2525 1498 2551 art.
1513 2529 1545 2559 4.
1569 2538 1593 2542 -
1614 2520 1704 2550 Haec
1727 2518 1767 2550 de
1789 2519 1904 2559 primo.

1498 2564 1549 2594 111.
1566 2563 1685 2602 Quoad
1700 2563 1878 2594 secundum
1893 2564 1920 2600 ⁴³,
1938 2564 2014 2603 quia
2028 2562 2253 2604 imperfectum
2269 2563 2345 2594 dicit
2359 2564 2534 2604 negatio-

1442 2618 1518 2639 nem
1540 2607 1683 2648 perfecfi,
1708 2613 1739 2638 et
1761 2608 1889 2647 negatio
1912 2617 1970 2648 per
1984 2607 2229 2638 affirmationem
2245 2608 2428 2648 oppositam
2448 2617 2503 2638 co-

1442 2653 1622 2693 gnoscitur,
1654 2651 1728 2682 ideo
1756 2651 1975 2682 inchoandum
1999 2657 2046 2682 est
2069 2661 2087 2682 a
2110 2652 2318 2688 contritione,
2351 2661 2433 2692 quae
2457 2658 2504 2682 est

1443 2697 1641 2737 displicentia
1655 2695 1805 2736 perfecta.
1827 2696 1876 2726 Ex
1891 2697 1990 2726 tribus
2005 2695 2163 2736 siquidem
2180 2701 2303 2726 constat
2318 2695 2503 2726 huiusmodi

1443 2740 1583 2781 perfecta
1606 2739 1821 2780 displicentia:
1846 2741 1987 2780 primum
2003 2745 2049 2770 est
2067 2741 2135 2779 ipsa
2151 2739 2348 2780 displicentia
2363 2741 2502 2780 peccati;

1443 2784 1622 2815 secundum
1645 2789 1692 2814 est
1714 2785 1918 2824 propositum
1941 2783 1980 2814 de
1997 2789 2103 2814 cetero
2126 2793 2194 2814 non
2216 2783 2370 2824 peccandi
2385 2789 2503 2814 morta-

1443 2830 1531 2865 liter;
1554 2829 1684 2858 tertium
1701 2833 1747 2858 est
1763 2827 1852 2868 quod
1867 2829 1906 2858 sit
1922 2828 2049 2858 caritate
2063 2827 2242 2858 informata.
2267 2828 2308 2858 Et
2330 2828 2356 2857 si
2372 2827 2503 2867 quidem

1443 2874 1585 2913 primum
1608 2872 1758 2902 defecerit
1780 2872 1932 2908 totaliter,
1956 2881 2016 2902 nec
2039 2872 2156 2902 attritio
2179 2881 2240 2902 nec
2263 2872 2412 2902 contritio
2437 2877 2501 2902 est:

1445 2918 1599 2957 quoniam
1622 2916 1820 2956 displicentia
1843 2917 2025 2946 communis
2045 2921 2091 2945 est
2113 2916 2251 2955 utrique.
2276 2915 2308 2946 Si
2323 2925 2399 2946 vero
2417 2914 2503 2946 defe-

1445 2962 1521 2992 cerit
1543 2960 1722 2991 secundum
1746 2959 1833 3000 quid,
1857 2965 1935 3000 puta
1958 2960 2034 3000 quia
2051 2959 2138 2990 adest
2159 2960 2283 2999 peccati
2306 2959 2504 2999 displicentia

1443 3005 1572 3036 modica
1594 3014 1651 3035 seu
1674 3004 1762 3039 levis,
1786 3009 1863 3034 tunc
1886 3004 2002 3034 attritio
2026 3013 2094 3034 esse
2116 3009 2231 3043 potest.
2255 3003 2376 3034 Verum
2399 3013 2504 3043 usque

1445 3049 1484 3080 ad
1507 3059 1605 3089 quem
1628 3049 1801 3079 terminum
1825 3048 1982 3088 quantitas
2002 3047 2217 3088 displicentiae
2241 3047 2356 3078 limites
2378 3047 2502 3083 habeat,

1444 3095 1487 3124 ita
1511 3092 1600 3133 quod
1630 3093 1674 3122 ibi
1700 3093 1762 3122 sint
1789 3091 1932 3122 confines
1960 3092 2076 3122 attritio
2104 3097 2135 3122 et
2161 3092 2325 3127 contritio,
2357 3092 2391 3122 in
2413 3092 2504 3122 tertia

1446 3138 1631 3168 conditione
1654 3136 1862 3166 declarabitur
1877 3138 1903 3166 ἦ

1501 3181 1534 3212 Si
1551 3191 1628 3212 vero
1652 3179 1792 3211 secunda
1814 3179 1964 3211 defecerit
1983 3179 2135 3216 conditio,
2160 3180 2279 3211 scilicet
2301 3180 2504 3220 propositum

1445 3226 1484 3257 de
1508 3231 1614 3256 cetero
1637 3234 1705 3255 non
1728 3223 1883 3264 peccandi
1902 3225 2085 3260 mortaliter,
2108 3224 2270 3264 tripliciter
2292 3225 2356 3255 hoc
2380 3224 2504 3254 contin-

1444 3279 1518 3310 gere
1533 3274 1648 3310 potest.
1668 3269 1728 3299 Vel
1744 3277 1802 3308 per
1816 3269 2011 3308 positionem
2027 3269 2176 3299 contrarii
2191 3268 2348 3308 propositi
2364 3268 2398 3298 in
2413 3273 2503 3298 actu:

1445 3320 1522 3355 puta
1545 3314 1620 3354 quia
1643 3312 1806 3343 actualiter
1835 3312 1970 3343 intendit
1991 3322 2124 3353 peccare
2146 3313 2330 3343 mortaliter.
2365 3312 2406 3342 Et
2427 3318 2505 3342 tunc

1444 3368 1512 3389 non
1535 3358 1630 3388 habet
1650 3357 1761 3387 locum
1784 3357 1911 3387 attritio.
1934 3375 1958 3379 -
1979 3357 2040 3388 Vel
2062 3366 2120 3397 per
2139 3357 2335 3397 positionem
2358 3356 2506 3386 contrarii

1445 3402 1645 3433 habitualiter
1659 3406 1799 3432 tantum:
1824 3407 1902 3441 puta
1917 3402 1992 3442 quia
2006 3411 2074 3431 non
2089 3400 2224 3431 intendit
2239 3400 2401 3431 actualiter
2417 3409 2506 3430 com-

1446 3448 1570 3478 mittere
1581 3451 1751 3486 peccatum
1762 3445 1907 3482 mortale,
1918 3455 1979 3476 nec
1990 3444 2126 3476 intendit
2136 3450 2259 3475 mutare
2271 3450 2387 3475 statum
2399 3453 2504 3480 suum,

1448 3501 1513 3532 quo
1541 3490 1700 3521 detinetur
1725 3490 1759 3520 in
1779 3495 1914 3530 peccato
1938 3490 2081 3526 mortali;
2112 3494 2148 3520 ut
2173 3494 2260 3530 patet
2286 3490 2319 3519 in
2346 3489 2504 3524 usurariis,

2529 2570 2582 2593 ‘Cf.
2587 2576 2649 2592 num.
2655 2576 2741 2598 praec„

2530 3137 2542 3148 ·
2565 3136 2625 3159 Infra
2650 3136 2672 3158 in
2697 3136 2742 3157 hoc

2531 3169 2611 3189 num.‚
2635 3163 2665 3185 Et
2689 3163 2743 3184 hinc

2531 3189 2626 3212 habere.
