2918 4088
91 2668 103 2680 ·
112 2668 161 2696 Qu.
168 2674 223 2696 ux,
233 2671 275 2690 ιη.
285 2675 304 2690 ι.

266 2515 297 2530 ¹*
337 2497 568 2543 Clericorum
585 2506 617 2553 ²¹⁸,
647 2507 752 2544 dicit:
781 2509 878 2544 Ante
896 2510 1128 2558 baptismum,
1149 2509 1399 2556 catechizandi

1030 208 1292 255 QUAESTIO
1321 209 1461 254 LXXI,
1491 208 1782 246 ARTICULUS
1810 211 1824 246 1

2441 224 2506 249 121

753 433 1161 512 QUAESTIO
1200 432 2103 490 SEPTUAGESIMAPRIMA

922 553 1005 593 DE
1040 551 1432 592 CATECHISMO
1467 552 1546 591 ET
1580 552 1930 593 EXORCISMO

1126 669 1160 693 IN
1189 668 1361 699 QUATUOR
1387 668 1588 693 ARTICULOS
1615 668 1727 693 DlVISA

421 779 527 804 EmDE
569 764 892 803 considerandum
927 770 983 799 est
1019 763 1067 800 de
1107 761 1399 812 praeparatoriis

339 777 521 869 unae
550 819 664 856 simul
691 824 849 855 currunt
869 821 885 837 α
913 828 1005 853 cum
1031 815 1223 866 baptismo
1242 815 1272 852 ²³.

337 873 387 910 Et
414 872 512 909 circa
539 873 615 908 hoc
643 876 881 920 quaeruntur
908 876 1084 918 quatuor.

389 925 542 961 Primo:
571 931 703 961 utrum
731 921 984 960 catechismus
1012 921 1149 959 debeat
1169 922 1398 970 praecedere

443 976 690 1026 baptismum.

373 1029 589 1067 Secundo:
610 1036 742 1066 utrum
761 1027 998 1076 baptismum
1013 1027 1151 1065 debeat
1168 1027 1398 1076 praecedere

442 1081 692 1119 exorcismus.

1507 765 1659 802 Tertio:
1689 774 1821 803 utrum
1850 779 1894 804 ea
1923 780 2023 816 quae
2043 778 2207 817 aguntur
2225 770 2263 807 in
2283 773 2512 812 catechismo

1560 852 1596 881 et
1625 845 1839 882 exorcismo
1868 846 2012 896 aliquid
2037 848 2212 895 efficiant,
2232 852 2293 887 vel
2322 853 2447 889 solum
2467 853 2512 890 si-

1559 924 1749 973 gnificent.

1507 1003 1677 1050 Quarto:
1707 1012 1838 1042 utrum
1857 1006 2074 1055 baptizandi
2102 1008 2266 1047 debeant
2293 1011 2513 1049 catechizari

1559 1084 1621 1119 vel
1649 1084 1854 1121 exorcizari
1880 1097 1951 1134 per
1978 1087 2202 1124 sacerdotes.

1147 1190 1465 1233 ARTICULUS
1497 1192 1702 1235 PRIMUS

791 1285 947 1317 UTRUM
972 1284 1280 1316 CATECHISMUS
1304 1286 1479 1317 DEBEAT
1502 1287 1789 1319 PRAECEDERE
1812 1290 2063 1323 BAPTISMUM

1126 1365 1160 1390 1v
1179 1365 1262 1394 Sent„
1282 1365 1341 1391 dist.
1359 1373 1393 1396 vr,
1412 1373 1457 1398 qu.
1476 1373 1503 1397 11,
1523 1371 1570 1391 art.
1591 1374 1614 1396 2,
1633 1367 1683 1400 qu·
1704 1375 1727 1393 1.

396 1476 407 1481 2
512 1470 517 1480 ι
544 1460 567 1485 1)
596 1458 731 1484 PRIMUM
759 1458 811 1483 sm
840 1458 1075 1494 Paocssmrmz.
1105 1446 1266 1483 Videtur
1291 1446 1398 1500 quod

357 1484 512 1558 {A
545 1499 800 1537 catechismus
828 1511 909 1536 non
928 1499 1066 1536 debeat
1083 1499 1314 1548 praecedere
1333 1499 1398 1537 ba-

348 1544 395 1601 f
408 1570 469 1598 ην,
480 1539 511 1593 ³¹6
526 1552 530 1555 “
544 1553 742 1602 ptismum.
786 1553 860 1589 Per
887 1551 1124 1601 baptismum
1152 1552 1257 1589 enim
1292 1565 1396 1601 rege-

350 1602 362 1611 ’”
388 1583 484 1641 ,ζέὲῆ
500 1599 532 1641 N
545 1613 729 1642 nerantur
747 1605 926 1642 homines
945 1605 994 1642 ad
1009 1605 1128 1642 vitam
1148 1605 1395 1654 spiritualem.

333 1658 409 1696 Sed
438 1658 545 1708 prius
574 1657 709 1708 accipit
736 1659 858 1695 homo
880 1658 1000 1695 vitam
1024 1670 1144 1707 quam
1168 1658 1395 1696 doctrinam.

330 1710 425 1748 Non
457 1723 547 1759 ergo
584 1711 692 1760 prius
729 1710 842 1748 debet
873 1712 996 1748 homo
1029 1712 1266 1760 catechizari,
1301 1712 1397 1749 idest
1422 1711 1425 1766 ζ

331 1763 472 1810 doceri,
502 1776 620 1814 quam
649 1764 843 1813 baptizari.

387 1829 422 1854 2.
451 1817 684 1864 PRAETEREA,
714 1817 926 1867 baptismus
949 1817 1150 1854 exhibetur
1168 1830 1248 1855 non
1268 1819 1396 1855 solum

331 1869 479 1918 adultis,
509 1870 575 1907 sed
603 1869 719 1907 etiam
746 1870 887 1920 pueris,
908 1870 975 1920 qui
994 1883 1075 1908 non
1094 1879 1183 1908 sunt
1201 1871 1396 1908 doctrinae

330 1922 606 1973 perceptibiles,
635 1935 681 1960 eo
702 1924 810 1972 quod
828 1936 909 1961 non
928 1924 1072 1961 habent
1090 1937 1207 1961 usum
1227 1924 1394 1961 rationis.

331 1977 434 2026 Ergo
463 1975 669 2013 ridiculum
697 1984 752 2013 est
780 1989 847 2014 eos
876 1977 1110 2015 catechizari.

387 2029 421 2066 3.
446 2029 679 2075 PRAETEREA,
700 2029 740 2066 in
759 2030 992 2067 catechismo
1012 2031 1216 2068 confitetur
1235 2030 1395 2067 catechi-

331 2089 437 2119 zatus
466 2095 578 2120 suam
605 2081 737 2120 fidem.
769 2083 955 2120 Confiteri
983 2091 1113 2120 autem
1140 2083 1262 2120 fidem
1283 2096 1395 2120 suam

331 2147 413 2172 non
440 2142 565 2184 potest
595 2147 695 2185 puer
713 2133 738 2184 β,
773 2149 900 2185 neque
936 2149 1007 2186 per
1041 2137 1229 2186 seipsum,
1267 2149 1395 2186 neque

332 2187 447 2226 etiam
466 2188 602 2238 aliquis
617 2188 712 2225 alius
731 2201 802 2239 pro
819 2202 885 2226 eo:
910 2197 995 2226 tum
1014 2189 1106 2239 quia
1124 2190 1252 2226 nullus
1271 2198 1396 2239 potest

332 2241 452 2278 alium
480 2241 529 2278 ad
557 2241 700 2291 aliquid
729 2242 918 2290 obligare3
947 2250 1031 2279 tum
1059 2242 1150 2292 quia
1174 2255 1254 2279 non
1273 2251 1396 2292 potest

332 2294 469 2343 aliquis
497 2294 592 2332 scire
620 2302 752 2332 utrum
779 2308 887 2345 puer,
917 2307 1009 2332 cum
1037 2297 1087 2333 ad
1106 2295 1314 2344 legitimam
1334 2309 1395 2334 ae-

331 2354 449 2384 tatem
476 2348 703 2397 pervenerit,
734 2348 911 2386 assentiat
929 2348 1031 2385 fidei.
1061 2350 1153 2386 Non
1173 2360 1262 2396 ergo
1282 2350 1396 2387 debet

332 2400 587 2437 catechismus
613 2402 842 2450 praecedere
871 2401 1118 2451 baptismum.

386 2453 460 2490 SED
489 2465 633 2490 CONTRA
657 2467 722 2491 Esr
750 2455 858 2504 quod
886 2455 1081 2502 Rabanus,
1103 2456 1148 2492 de
1166 2457 1397 2492 Institutione

366 1472 393 1494 ,2
416 1465 425 1491 ἓ
480 1477 485 1482 τ’

332 2558 436 2595 debet
462 2560 650 2595 hominem
672 2563 897 2607 praevenire
924 2562 1113 2609 officium,
1143 2568 1181 2598 ut
1196 2562 1296 2610 fidei
1315 2563 1395 2612 pri-

332 2623 436 2648 mum
465 2613 746 2649 catechumenus
773 2615 930 2663 accipiat
957 2615 1216 2652 rudimentum.

386 2665 610 2702 REspoNnEo
625 2677 806 2703 DICENDUM
826 2667 943 2715 quod,
960 2666 1056 2704 sicut
1074 2680 1191 2717 supra
1209 2667 1229 2689 ’¹‘
1250 2668 1396 2705 dictum

333 2724 408 2764 est,
442 2717 655 2767 baptismus
693 2725 748 2754 est
771 2719 870 2767 fidei
901 2726 1196 2757 sacramentum:
1232 2733 1323 2758 cum
1352 2721 1397 2758 sit

333 2771 527 2819 quaedam
554 2770 739 2820 professio
763 2771 855 2808 fidei
876 2771 1124 2810 Christianae.
1154 2774 1214 2810 Ad
1235 2775 1311 2811 hoc
1329 2787 1395 2811 au-

332 2830 411 2860 tem
439 2823 546 2872 quod
575 2823 710 2873 aliquis
737 2824 857 2861 fidem
877 2824 1045 2873 accipiat,
1067 2825 1270 2874 requiritur
1288 2827 1395 2875 quod

333 2876 382 2914 de
414 2875 493 2913 fide
531 2876 757 2914 instruatur:
797 2878 1013 2914 secundum
1048 2877 1140 2914 illud
1176 2880 1287 2916 Rom.
1313 2891 1337 2915 x
1355 2879 1394 2916 *z

338 2930 535 2972 Quomodo
554 2930 704 2968 credent
722 2943 829 2980 quem
850 2943 924 2967 non
944 2930 1168 2967 audierunt?
1201 2932 1397 2974 Quomodo

386 3060 414 3094 α)
432 3063 555 3086 currunt.
572 3075 592 3079 -
608 3064 772 3086 concurrunt
789 3061 827 3086 Fa
847 3066 872 3086 et
889 3061 1022 3087 editiones.

385 3095 413 3130 β)
426 3099 519 3128 potest
531 3104 610 3129 puer.
622 3110 642 3115 -
659 3097 707 3122 Ed.
725 3104 756 3127 ας
771 3100 862 3129 potest
885 3097 1082 3130 ABCDFHpG,
1097 3098 1229 3129 parvulus
1246 3098 1283 3128 E;
1303 3098 1352 3122 lsG
1370 3103 1395 3123 et

332 3131 457 3156 editiones
475 3132 578 3165 legunt:
599 3132 653 3158 Sed
668 3132 749 3164 pueri
772 3140 824 3158 non
849 3135 963 3164 possunt
988 3140 1065 3157 suam
1085 3133 1169 3165 fidem
1188 3133 1318 3166 confiteri.
1336 3133 1394 3158 Mox

327 3173 380 3199 per
391 3167 491 3199 seipsos
509 3173 534 3192 et
547 3175 600 3200 pro
619 3168 656 3193 eis
670 3168 740 3193 PlsG
759 3173 783 3193 et
801 3175 823 3197 c,
838 3173 863 3192 et
874 3168 979 3200 pueri...
994 3168 1167 3200 pervenerint
1184 3169 1333 3194 assentiant
1352 3169 1394 3194 Pc.

473 3572 584 3597 Sanun:
600 3573 704 3599 Tnssot..
723 3574 754 3599 D.
768 3574 882 3600 Tnouu
896 3575 928 3601 T.
948 3576 990 3601 lx.

1452 1453 1574 1484 autem
1612 1449 1759 1486 audient
1798 1452 1878 1487 sine
1907 1452 2180 1500 praedicante?
2220 1455 2268 1491 Et
2304 1454 2391 1491 ideo
2424 1463 2510 1492 ante

1451 1499 1688 1548 baptismum
1723 1503 1994 1540 convenienter
2025 1506 2217 1554 praecedit
2244 1508 2508 1546 catechismus.

1451 1553 1562 1590 Unde
1592 1562 1628 1590 et
1655 1555 1857 1603 Dominus,
1886 1566 2134 1607 praeceptum
2163 1559 2378 1609 baptizandi
2401 1561 2510 1598 disci-

1450 1606 1550 1655 pulis
1591 1608 1765 1656 tradens,
1807 1610 2011 1659 praemittit
2052 1612 2265 1649 doctrinam
2306 1614 2508 1663 baptismo,

1451 1658 1581 1696 dicens
1600 1660 1638 1698 ²¹⁶:
1668 1664 1817 1709 Euntes,
1845 1664 1970 1700 docete
1988 1676 2115 1701 omnes
2132 1672 2271 1715 gentes,
2291 1668 2510 1716 baptizantes
2536 1674 2683 1727 {xiffiffisse‘rsf

1451 1724 1523 1758 eos,
1546 1720 1613 1754 etc.

1503 1767 1560 1802 AD
1598 1779 1732 1804 PRIMUM
1770 1780 1867 1805 ERGO
1901 1781 2082 1806 DICENDUM
2119 1770 2226 1818 quod
2253 1770 2330 1808 vita
2357 1772 2508 1821 gratiae,

1450 1818 1489 1855 in
1518 1831 1595 1868 qua
1624 1829 1865 1868 regeneratur
1887 1821 2023 1871 aliquis
2041 1827 2068 1869 Υ,
2097 1824 2372 1872 praesupponit
2390 1825 2509 1863 vitam

1450 1879 1607 1909 naturae
1636 1873 1837 1921 rationalis,
1867 1874 1907 1911 in
1935 1887 2012 1924 qua
2039 1883 2163 1924 potest
2181 1877 2303 1913 homo
2322 1877 2509 1928 particeps

1451 1937 1531 1962 esse
1561 1926 1766 1963 doctrinae.

1502 1979 1559 2014 AD
1592 1991 1780 2017 SECUNDUM
1812 1992 1994 2018 DICENDUM
2017 1982 2135 2030 quod,
2165 1981 2261 2019 sicut
2288 1991 2410 2020 mater
2437 1985 2508 2021 Ec-

1450 2031 1573 2077 clesia,
1594 2040 1636 2068 ut
1664 2044 1779 2081 supra
1797 2032 1817 2054 ²⁸
1845 2033 1991 2070 dictum
2019 2042 2085 2079 est,
2106 2036 2363 2073 accommodat
2381 2039 2510 2086 pueris
2535 2041 2747 2096 {33:³¹¹’³“'⁶’

1449 2084 1684 2133 baptizandis
1713 2086 1873 2123 aliorum
1895 2087 2009 2136 pedes
2036 2094 2074 2124 ut
2099 2089 2259 2134 veniant,
2289 2095 2322 2125 et
2348 2090 2508 2127 aliorum

1449 2149 1516 2174 cor
1537 2143 1574 2174 ut
1593 2139 1755 2184 credant,
1780 2138 1830 2175 ita
1849 2139 1963 2176 etiam
1982 2141 2251 2178 accommodat
2272 2141 2325 2178 eis
2344 2142 2508 2180 aliorum

1449 2202 1560 2227 aures
1588 2199 1630 2227 ut
1658 2191 1826 2237 audiant,
1855 2200 1892 2228 et
1919 2192 2151 2230 intellectum
2178 2202 2220 2230 ut
2246 2206 2316 2243 per
2342 2195 2436 2232 alios
2454 2196 2508 2232 in-

1449 2251 1652 2280 struantur.
1696 2245 1743 2281 Et
1770 2244 1858 2282 ideo
1887 2246 2024 2282 eadem
2051 2247 2195 2283 ratione
2228 2255 2316 2283 sunt
2347 2248 2508 2285 catechi-

1449 2296 1560 2333 zandi
1589 2309 1666 2346 qua
1694 2305 1783 2334 sunt
1810 2297 2037 2347 baptizandi.

1502 2350 1559 2386 AD
1587 2362 1746 2388 TERTIUM
1774 2363 1954 2388 DICENDUM
1983 2352 2090 2401 quod
2113 2351 2173 2389 ille
2201 2352 2268 2401 qui
2295 2365 2366 2402 pro
2386 2365 2508 2403 puero

1449 2402 1638 2451 baptizato
1654 2404 1871 2452 respondet,
1891 2405 2023 2451 Credo,
2044 2417 2124 2442 non
2142 2406 2324 2454 praedicit
2342 2418 2509 2455 puerum

1449 2455 1685 2493 crediturum
1717 2469 1808 2493 cum
1836 2457 1884 2493 ad
1912 2457 2099 2505 legitimos
2127 2470 2250 2495 annos
2281 2459 2508 2508 pervenerit,

1450 2508 1620 2558 alioquin
1640 2509 1790 2554 diceret,
1815 2510 1967 2547 Credet:
1994 2511 2061 2547 sed
2080 2511 2281 2560 profitetur
2298 2512 2418 2548 fidem
2438 2513 2508 2549 Ec-

1450 2561 1584 2599 clesiae
1604 2561 1643 2598 in
1662 2575 1827 2611 persona
1846 2563 1966 2612 pueri,
1987 2563 2050 2600 cui
2065 2564 2382 2612 communicatur,
2399 2564 2509 2602 cuius

1450 2622 1734 2652 sacramentum
1762 2615 1796 2651 ei
1816 2616 2039 2662 attribuitur,
2061 2624 2097 2653 et
2116 2617 2165 2654 ad
2184 2630 2303 2666 quarn
2323 2618 2510 2666 obligatur

1449 2680 1519 2718 per
1537 2668 1667 2705 alium.
1697 2669 1789 2711 Non
1818 2676 1874 2705 est
1892 2669 1996 2706 enim
2025 2669 2300 2707 inconveniens
2319 2671 2425 2719 quod
2445 2670 2508 2708 ali-

1450 2721 1536 2770 quis
1556 2720 1743 2769 obligetur
1760 2733 1829 2770 per
1857 2721 1975 2758 alium
1994 2721 2033 2758 in
2057 2722 2115 2759 his
2144 2735 2243 2772 quae
2263 2731 2351 2760 sunt
2379 2724 2426 2760 de
2445 2735 2508 2759 ne-

1451 2773 1621 2811 cessitate
1650 2774 1790 2811 salutis.
1811 2797 1836 2801 —
1866 2774 2045 2811 Similiter
2063 2774 2076 2797 ⁶
2105 2775 2219 2812 etiam
2246 2776 2418 2824 patrinus
2436 2788 2507 2825 pro

1450 2839 1574 2877 puero
1603 2827 1840 2876 respondens
1868 2827 2052 2876 promittit
2080 2840 2119 2864 se
2149 2841 2307 2877 operam
2327 2829 2507 2865 daturum

1452 2880 1501 2917 ad
1521 2880 1596 2916 hoc
1615 2880 1723 2928 quod
1741 2892 1840 2928 puer
1858 2881 1996 2917 credat.
2020 2881 2139 2927 Quod
2158 2889 2286 2917 tamen
2306 2893 2386 2918 non
2405 2880 2507 2918 suffi-

1452 2939 1552 2969 ceret
1571 2931 1611 2968 in
1639 2932 1775 2969 adultis
1803 2945 1919 2969 usum
1939 2932 2094 2969 rationis
2122 2933 2363 2970 habentibus.

1502 3063 1529 3097 γ)
1548 3064 1654 3096 aliquis.
1670 3078 1690 3082 -
1703 3071 1755 3096 per
1773 3064 1932 3096 baptismum
1951 3065 2048 3089 addunt
2066 3064 2075 3088 1
2094 3069 2120 3089 et
2137 3064 2270 3090 editiones.

1501 3098 1526 3133 ὅ)
1546 3099 1686 3124 Similiter.
1703 3114 1722 3118 —
1740 3099 1800 3124 PsG
1819 3105 1844 3124 et
1862 3107 1893 3131 a;
1913 3099 2006 3124 Simul.

2332 3575 2364 3601 16

2631 1841 2648 1866 γ

2631 2783 2645 2808 δ

2685 1680 2721 1701 ap.

2687 1707 2722 1728 ¹9.
