2918 4088
88 924 98 935 ⁶
108 923 144 945 ef.
152 929 194 971 gn.
203 929 300 950 mxiv,

87 949 151 972 Intro
169 965 175 972 .

87 1033 98 1044 ·
112 1033 160 1060 Qu.
175 1038 277 1054 uxxvu.

86 1085 98 1096 '¹
112 1083 161 1112 Qu.
175 1089 285 1106 ιιιινιιι.

86 1135 98 1147 ·
113 1135 161 1163 Qu.
177 1140 272 1157 Luxu.

185 1238 203 1262 ἁ

986 230 1250 278 QUAESTIO
1278 230 1490 277 LXXXVI,
1520 229 1812 267 ARTICULUS
1840 232 1854 267 Ι

2431 233 2504 281 307

787 429 1200 508 QUAESTIO
1240 428 2051 485 OCTOGESIMASEXTA

975 568 1060 607 DE
1092 566 1373 607 EFFECTU
1405 565 1861 606 POENITENTIAE

550 638 858 692 QUANTUM
891 638 977 678 AD
1011 636 1428 678 REMISSIONEM
1460 636 1880 677 PECCATORUM
1913 636 2285 679 MORTALIUM

1172 761 1206 786 IN
1235 761 1302 786 SEX
1328 761 1531 787 ARTICULOS
1558 761 1672 786 DlVlSA

411 878 516 903 ElNDE
551 864 876 902 considerandum
912 871 967 900 est
1002 863 1050 900 de
1086 863 1225 900 effectu
1260 863 1393 912 poeni-

329 876 548 958 Dtentiae
567 917 598 954 ²⁸.
637 918 686 954 Et
716 917 863 966 primo,
893 924 1083 965 quantum
1118 916 1167 953 ad
1202 915 1393 959 remissio-

329 983 420 1008 nem
443 977 691 1020 peccatorum
719 968 957 1015 mortalium;
988 969 1172 1016 secundo,
1201 976 1393 1018 quantum

328 1023 377 1061 ad
405 1023 672 1060 remissionem
699 1030 948 1072 peccatorum
975 1021 1186 1060 venialium
1204 1021 1240 1068 *;
1269 1022 1392 1068 tertio,

328 1083 519 1126 quantum
547 1076 596 1113 ad
624 1075 791 1113 reditum
818 1082 1066 1125 peccatorum
1086 1075 1332 1112 dimissorum
1353 1075 1391 1122 *;

328 1137 477 1178 quarto,
507 1136 697 1178 quantum
725 1128 774 1165 ad
803 1128 1081 1166 restitutionem
1107 1128 1294 1165 virtutum
1308 1128 1338 1165 ²¹⁸.

330 1181 441 1219 Circa
468 1181 640 1232 primum
673 1189 913 1231 quaeruntur
941 1193 1017 1218 sex.

382 1235 534 1272 Primo:
573 1242 706 1272 utrum
740 1242 896 1284 peccata
915 1240 931 1256 α
959 1234 1136 1272 mortalia
1163 1247 1233 1284 per
1260 1233 1394 1283 poeni-

434 1287 594 1325 tentiam
622 1287 853 1325 auferantur.

1504 863 1703 900 Secundo:
1733 871 1865 900 utrum
1893 862 2040 912 possint
2068 863 2149 900 sine
2170 863 2403 912 poenitentia
2422 864 2511 901 tolli.

1502 916 1653 953 Tertio:
1689 924 1820 953 utrum
1848 916 1968 966 possit
1996 916 2134 953 remitti
2163 928 2288 953 unum
2317 916 2396 953 sine
2425 917 2510 954 alio.

1503 970 1672 1016 Quarto:
1704 977 1835 1006 utrum
1862 969 2099 1019 poenitentia
2118 970 2263 1006 auferat
2282 971 2437 1019 culpam
2456 982 2512 1006 re-

1556 1030 1737 1059 manente
1766 1030 1884 1059 reatu.

1503 1075 1675 1122 Quinto:
1719 1083 1851 1113 utrum
1892 1083 2116 1112 remaneant
2157 1075 2338 1125 reliquiae
2379 1088 2512 1125 pecca-

1556 1136 1697 1165 torum.

1504 1182 1640 1218 Sexto:
1684 1189 1816 1218 utrum
1853 1181 2000 1218 auferre
2037 1189 2240 1231 peccatum
2277 1181 2323 1218 sit
2355 1182 2513 1219 effectus

1555 1234 1812 1284 poenitentiae
1846 1234 2077 1283 inquantum
2111 1243 2166 1271 est
2198 1234 2328 1282 virtus,
2363 1237 2424 1272 vel
2457 1235 2512 1271 in-

1557 1295 1748 1337 quantum
1777 1295 1832 1324 est
1860 1295 2158 1324 sacramentum.

1137 1407 1458 1449 ARTICULUS
1489 1407 1697 1449 PRIMUS

735 1509 893 1540 UTRUM
916 1509 999 1540 PER
1021 1509 1356 1540 POENITENTIAM
1379 1492 1716 1541 REMOVEANTUR
1740 1509 1882 1540 OMNIA
1906 1510 2111 1542 PECCATA

709 1598 744 1622 11⁸
763 1597 820 1629 11⁸⁹,
840 1605 884 1630 qu.
902 1605 954 1628 xiv,
973 1603 1020 1622 art.
1041 1597 1070 1629 3;
1090 1598 1124 1622 lV
1143 1598 1227 1626 Sent„
1249 1597 1308 1623 dist.
1326 1605 1377 1628 xxv,
1397 1605 1441 1630 qu.
1459 1605 1487 1628 11,
1506 1603 1553 1623 art.
1574 1605 1597 1627 ι,
1617 1598 1666 1630 qu*
1687 1605 1717 1628 1;
1737 1598 1768 1622 lll
1790 1599 1866 1623 Cont.
1889 1599 1976 1627 Gent„
1995 1606 2050 1630 cap.
2070 1605 2139 1623 ch.

444 1704 455 1720 ὓ

365 1702 371 1718 )
394 1705 428 1741 ἢ)
450 1727 451 1730 ¹

391 1731 457 1795 A

364 1795 382 1832 w

466 1708 516 1747 ᾳ(
539 1699 562 1723 D
586 1698 722 1723 PRIMUM
750 1698 802 1723 sm
831 1698 1069 1723 PROCEDITUR.
1099 1685 1261 1722 Videtur
1288 1686 1397 1734 quod

459 1728 518 1798 {21³9
541 1750 609 1789 per
634 1738 913 1788 poenitentiam
940 1750 1021 1775 non
1050 1746 1326 1775 removeantur
1354 1751 1395 1775 o-

482 1788 646 1830 (mnia
679 1798 847 1841 peccata.
891 1790 991 1828 Dicit
1026 1790 1131 1828 enim
1167 1792 1393 1840 Apostolus,

462 1836 639 1882 1,kHeh.
669 1856 716 1881 ΧΠ
734 1843 770 1891 *,
799 1844 908 1893 quod
936 1845 1041 1881 Esau
1070 1857 1145 1881 non
1175 1846 1314 1882 inuenit
1342 1845 1395 1882 lo-

329 1908 415 1934 cum
438 1899 697 1947 poenitentiae,
719 1899 886 1946 quamvis
905 1909 990 1934 cum
1009 1898 1175 1934 lacrimis
1194 1899 1397 1947 inquisisset

294 1975 302 1983 ·
329 1961 436 1988 eam.-
454 1950 591 1988 Glossa
609 1950 648 1987 *ε
670 1950 759 1987 idest
772 1949 798 1997 β,
820 1962 894 1987 non
915 1952 1053 1988 invenit
1071 1951 1194 1987 locum
1213 1953 1346 1988 veniae
1364 1957 1397 1988 et

329 2003 589 2042 benedictionis
610 2016 683 2054 per
704 2004 983 2053 poenitentiam.
1014 2004 1062 2040 Et
1083 2004 1112 2040 ΙΙ
1131 2004 1396 2041 Machab.1x*

329 2056 467 2094 dicitur
494 2057 542 2094 de
570 2056 785 2094 Antiocho:
820 2056 960 2094 Orabat
985 2057 1155 2093 scelestus
1182 2057 1243 2094 ille
1269 2058 1396 2094 Domi-

330 2122 433 2156 num,
461 2123 486 2147 a
513 2123 585 2160 quo
614 2122 689 2147 non
710 2115 790 2147 erat
808 2110 1103 2147 misericordiam
1122 2116 1394 2147 consecuturus.

329 2164 423 2201 Non
442 2174 532 2211 ergo
552 2162 706 2200 videtur
733 2162 840 2212 quod
869 2174 939 2211 per
958 2161 1235 2212 poenitentiam
1264 2163 1397 2200 omnia

329 2220 487 2266 peccata
513 2217 704 2253 tollantur.

385 2280 421 2306 2.
456 2268 695 2315 PRAETEREA,
732 2267 822 2305 dicit
857 2267 1115 2317 AugustinUS,
1152 2268 1192 2305 in
1221 2268 1318 2306 libro
1353 2269 1398 2306 de

297 2344 304 2356 .
331 2323 512 2360 Sermone
538 2323 650 2358 Dom.
681 2323 718 2358 in
746 2323 880 2358 Monte
897 2321 929 2368 ²¹²,
959 2321 1067 2370 quod
1094 2327 1197 2358 tanta
1225 2328 1276 2358 est
1296 2323 1398 2359 labes

331 2376 427 2412 illius
457 2376 605 2424 peccati
635 2373 807 2422 (scilicet,
837 2386 922 2411 cum
953 2380 1037 2424 post
1068 2376 1298 2424 agnitionem
1326 2376 1400 2412 Dei

325 2439 399 2478 per
428 2427 594 2478 gratiam
626 2429 771 2473 Christi,
801 2433 994 2477 oppugnat
1020 2428 1152 2477 aliquis
1181 2429 1396 2474 fraternita-

331 2487 422 2527 tem,
458 2486 492 2517 et
518 2480 694 2517 adversus
722 2482 840 2530 ipsam
867 2481 1032 2531 gratiam
1061 2481 1221 2518 invidiae
1244 2482 1398 2529 facibus

332 2534 529 2584 agitatur),
559 2538 596 2569 ut
624 2533 850 2583 deprecandi
882 2534 1123 2571 humilitatem
1160 2535 1284 2571 subire
1322 2545 1396 2571 non

325 2588 460 2636 possit,
498 2587 607 2623 etiam
634 2588 667 2623 si
687 2591 883 2635 peccatum
909 2599 1017 2623 suum
1044 2587 1147 2624 mala
1175 2589 1397 2624 conscientia

332 2651 540 2690 agnoscere
562 2644 595 2675 et
613 2640 838 2676 annuntiare
856 2645 1026 2689 cogatur.
1056 2640 1149 2677 Non
1169 2651 1259 2688 ergo
1279 2652 1396 2678 omne

332 2700 536 2743 peccatum
563 2699 688 2741 potest
715 2703 785 2741 per
811 2691 1086 2740 poenitentiam
1114 2692 1194 2729 tolli
1213 2693 1243 2729 ²¹⁸.

389 2745 423 2782 3.
453 2746 685 2791 PRAETEREA,
705 2744 899 2782 Dominus
919 2744 1018 2792 dicit,
1038 2746 1174 2782 Matth.
1196 2757 1242 2782 ΧΠ
1260 2746 1298 2783 *ι
1325 2748 1401 2789 Qui

333 2799 468 2836 dixerit
494 2804 625 2835 contra
654 2799 829 2847 Spiritum
850 2799 1026 2835 Sanctum
1053 2800 1218 2844 verbum,
1245 2811 1319 2836 non
1341 2812 1398 2836 re-

333 2853 493 2889 mittetur
521 2853 556 2888 ei
582 2862 699 2900 neque
726 2852 763 2887 in
792 2852 862 2887 hoc
888 2851 1036 2888 saeculo
1056 2863 1174 2900 neque
1192 2853 1229 2888 in
1248 2852 1396 2899 futuro.

333 2906 426 2942 Non
449 2916 538 2952 ergo
559 2916 676 2941 omne
695 2911 898 2952 peccatum
918 2903 1056 2940 remitti
1075 2912 1199 2953 potest
1218 2916 1288 2953 per
1305 2917 1398 2954 poe-

334 2965 544 2995 nitentiam.

387 3011 461 3048 SED
497 3022 643 3047 CONTRA
676 3021 742 3047 EST
779 3010 887 3059 quod
922 3009 1059 3046 dicitur
1097 3010 1225 3046 Ezech
1252 3022 1335 3047 xvm
1358 3010 1396 3047 *z

337 3064 514 3102 Omnium
542 3064 772 3113 iniquitatum
801 3064 878 3099 eius
906 3075 997 3112 quas
1025 3068 1197 3112 operatus
1225 3069 1292 3109 est,
1322 3076 1397 3100 non

335 3115 562 3154 recordabor
588 3117 757 3166 amplius.

387 3171 612 3207 Responnso
645 3181 827 3207 mcssNDUM
860 3169 967 3218 quod
1003 3170 1078 3206 hoc
1105 3169 1212 3218 quod
1241 3169 1399 3218 aliquod

334 3230 537 3273 peccatum
564 3234 634 3272 per
660 3222 936 3272 poenitentiam
955 3221 1034 3259 tolli
1054 3234 1134 3259 non
1153 3221 1284 3272 possit,
1314 3234 1399 3271 pos-

336 3284 392 3313 set
406 3280 421 3304 Υ
435 3275 654 3324 contingere
669 3275 886 3325 dupliciter:
903 3287 984 3312 uno
1005 3275 1137 3322 modo,
1154 3275 1244 3324 quia
1263 3274 1399 3324 aliquis

390 3407 417 3440 α)
434 3411 554 3440 peccata.
571 3422 591 3427 —
608 3408 698 3433 omnia
712 3411 825 3440 peccata
843 3409 925 3434 tertia.

389 3442 415 3477 β)
437 3444 546 3468 Glossa:
564 3443 640 3469 idest.
658 3458 678 3462 -
694 3444 715 3468 F
734 3449 759 3468 et
778 3444 865 3474 tertia;
884 3452 938 3469 om.

388 3479 415 3512 γ)
430 3481 528 3511 posset.
547 3493 566 3497 -
580 3479 666 3510 possit
684 3479 716 3508 Η,
733 3482 821 3511 potest
840 3479 974 3504 editiones.

389 3514 414 3547 ὃ)
434 3515 471 3539 Et
490 3514 590 3546 primo.
608 3528 627 3532 -
645 3514 736 3539 Primo
754 3515 774 3539 F
794 3519 819 3538 et
840 3515 921 3546 tertia,
947 3515 982 3539 Et
1007 3514 1055 3539 hoc
1075 3514 1166 3546 primo
1192 3514 1277 3539 ceteri.
1295 3528 1314 3532 —
1333 3515 1399 3538 Ante

337 3551 420 3575 deleri
438 3549 457 3574 F
477 3555 502 3574 et
519 3549 593 3574 tertia
611 3549 708 3574 addunt
722 3557 773 3581 per
786 3549 991 3582 poenitentiam.

1450 1686 1498 1722 de
1517 1694 1675 1735 peccato
1694 1686 1892 1736 poenitere
1913 1699 1993 1723 non
2011 1694 2157 1735 posset,
2178 1686 2251 1723 alio
2271 1687 2403 1732 modo,
2425 1687 2516 1735 quia

1449 1739 1684 1788 poenitentia
1713 1751 1793 1776 non
1813 1747 1942 1788 posset
1970 1739 2096 1776 delere
2121 1747 2334 1788 peccatum.
2365 1740 2413 1776 Et
2440 1739 2514 1788 pri-

1450 1804 1517 1828 mo
1537 1790 1551 1813 ὃ
1579 1792 1738 1841 quidem
1758 1792 1891 1839 modo,
1917 1804 1997 1829 non
2025 1799 2187 1841 possunt
2215 1792 2333 1829 deleri
2359 1800 2515 1841 peccata

1451 1844 1711 1892 daemonum,
1750 1852 1786 1881 et
1823 1844 1938 1882 etiam
1976 1844 2185 1882 hominum
2219 1845 2513 1882 damnatorum:

1450 1897 1542 1946 quia
1561 1898 1720 1935 affectus
1740 1910 1879 1934 eorum
1899 1905 1987 1934 sunt
2006 1897 2045 1934 in
2064 1899 2168 1934 malo
2188 1897 2406 1935 confirmati
2419 1898 2449 1945 ³¹⁶,
2466 1898 2515 1935 ita
2543 1906 2552 1914 ·
2614 1910 2620 1925 ¹
2639 1910 2645 1924 ¹

1450 1951 1558 2000 quod
1587 1963 1667 1988 non
1686 1958 1812 2000 potest
1831 1951 1884 1988 eis
1904 1950 2103 2000 displicere
2122 1958 2325 2000 peccatum
2353 1950 2515 2000 inquan-

1450 2011 1534 2041 tum
1563 2012 1619 2042 est
1637 2005 1762 2054 culpa,
1783 2004 1850 2041 sed
1870 2004 1999 2041 solum
2018 2003 2190 2053 displicet
2209 2003 2263 2041 eis
2284 2003 2515 2053 inquantum

1451 2065 1506 2094 est
1525 2063 1536 2078 ²
1565 2069 1693 2106 poena
1730 2070 1851 2106 quam
1882 2057 2099 2106 patiuntur;
2140 2056 2285 2094 ratione
2314 2057 2423 2094 cuius
2451 2056 2515 2094 ali-

1451 2122 1570 2159 quam
1606 2109 1903 2159 poenitentiam,
1943 2109 2009 2146 sed
2045 2109 2323 2146 infructuosam
2359 2110 2513 2157 habent,

1450 2163 1668 2199 secundum
1696 2162 1788 2199 illud
1817 2164 1902 2212 Sap.
1923 2175 1947 2199 v
1972 2162 2007 2198 *z
2046 2164 2314 2200 Poenitentiam
2346 2169 2513 2212 agentes,
2542 2172 2552 2182 ·
2591 2177 2602 2191 e

1451 2221 1484 2252 et
1496 2228 1594 2266 prae
1612 2218 1786 2266 angustia
1804 2217 1953 2265 spiritus
1970 2222 2168 2265 gementes.
2191 2216 2303 2253 Unde
2322 2215 2404 2252 talis
2423 2228 2515 2264 poe—

1451 2268 1608 2306 nitentia
1636 2281 1716 2305 non
1745 2276 1800 2305 est
1832 2281 1923 2305 cum
1952 2280 2019 2317 spe
2047 2268 2202 2316 veniae,
2236 2269 2303 2305 sed
2331 2281 2423 2306 cum
2450 2269 2515 2305 de-

1451 2321 1678 2372 speratione.

1504 2376 1599 2412 Tale
1629 2383 1759 2412 autem
1788 2387 1868 2412 non
1890 2382 2014 2423 potest
2034 2387 2116 2411 esse
2137 2382 2339 2424 peccatum
2358 2374 2515 2424 aliquod

1451 2428 1620 2465 hominis
1648 2427 1803 2465 viatoris
1822 2427 1856 2474 ²¹⁵,
1887 2427 1996 2464 cuius
2030 2427 2194 2464 liberum
2222 2427 2421 2464 arbitrium
2449 2427 2515 2464 fle·
2543 2440 2553 2450 ·
2613 2445 2649 2460 ιοι

1451 2481 1564 2518 xibile
1593 2489 1648 2518 est
1677 2481 1724 2517 ad
1753 2481 1904 2518 bonum
1933 2488 1969 2517 et
1997 2481 2046 2517 ad
2067 2481 2226 2517 malum.
2256 2481 2367 2518 Unde
2391 2480 2515 2517 dicere

1451 2534 1558 2583 quod
1594 2534 1751 2583 aliquod
1779 2541 1982 2583 peccatum
2015 2533 2061 2570 sit
2088 2533 2127 2570 in
2156 2534 2229 2570 hac
2254 2533 2332 2570 vita
2360 2533 2407 2570 de
2436 2546 2515 2582 quo

1451 2587 1588 2636 aliquis
1607 2587 1804 2636 poenitere
1824 2598 1904 2623 non
1924 2586 2054 2636 possit,
2075 2594 2131 2623 est
2145 2599 2363 2623 erroneum.
2385 2586 2515 2623 Primo

1451 2640 1624 2689 quidem,
1644 2639 1735 2689 quia
1753 2652 1823 2689 per
1841 2640 1917 2676 hoc
1935 2640 2130 2676 tolleretur
2148 2639 2298 2676 libertas
2318 2639 2470 2676 arbitrii.
2492 2661 2516 2665 —

1452 2693 1651 2739 Secundo,
1681 2692 1772 2742 quia
1800 2693 2048 2740 derogaretur
2066 2692 2078 2716 ζ
2106 2692 2234 2729 virtuti
2262 2692 2418 2740 gratiae,
2448 2704 2518 2741 per

1451 2759 1571 2796 quam
1599 2745 1749 2783 moveri
1776 2753 1901 2795 potest
1924 2758 1992 2782 cor
2009 2745 2289 2794 cuiuscumque
2308 2745 2516 2794 peccatoris

1451 2799 1500 2836 ad
1527 2798 1827 2848 poenitendum:
1858 2799 2075 2836 secundum
2094 2798 2186 2835 illud
2205 2800 2382 2836 Proverb.
2403 2811 2460 2834 xm
2475 2798 2514 2834 *ε
2543 2804 2553 2813 ·
2591 2809 2602 2823 e
2616 2809 2626 2823 ⁵

1456 2853 1533 2889 Cor
1565 2853 1665 2901 regis
1698 2853 1735 2888 in
1768 2864 1884 2888 manu
1913 2853 2003 2897 Dei,
2040 2857 2073 2888 et
2101 2863 2332 2900 quocumque
2361 2851 2517 2888 voluerit

1452 2910 1565 2943 vertet
1593 2904 1693 2941 illud.

1507 2957 1626 3004 Quod
1645 2964 1776 2993 autem
1796 2957 1967 2993 secundo
1987 2957 2107 2993 modo
2127 2969 2206 2993 non
2226 2956 2346 3005 possit
2364 2968 2434 3005 per
2452 2968 2515 2992 ve-

1453 3022 1536 3047 ram
1565 3009 1841 3058 poenitentiam
1869 3009 2027 3058 aliquod
2054 3017 2256 3058 peccatum
2285 3008 2434 3051 remitti,
2462 3016 2516 3045 est

1454 3062 1569 3100 etiam
1598 3074 1817 3099 erroneum.
1848 3061 1978 3099 Primo
2012 3061 2183 3111 quidem,
2213 3061 2304 3111 quia
2332 3069 2517 3111 repugnat

1454 3115 1607 3153 divinae
1636 3114 1937 3163 misericordiae,
1972 3115 2020 3152 de
2048 3127 2126 3164 qua
2154 3114 2306 3161 dicitur,
2339 3115 2416 3151 Ioel
2444 3126 2465 3151 11
2483 3114 2514 3161 ⁹⁸,
2543 3118 2553 3127 '
2604 3123 2627 3138 ¹⁵

1454 3169 1562 3218 quod
1590 3170 1773 3218 benignus
1800 3174 1833 3204 et
1860 3169 2072 3205 misericors
2099 3174 2160 3214 est,
2191 3173 2224 3204 et
2242 3173 2260 3195 η
2289 3168 2426 3205 multae
2448 3169 2514 3204 mi—

1453 3221 1688 3266 sericordiae,
1718 3227 1750 3257 et
1772 3221 2004 3270 praestabilis
2030 3233 2141 3270 super
2159 3221 2310 3258 malitia.
2339 3220 2516 3257 Vincere-

1454 3283 1517 3312 tur
1553 3274 1848 3323 quodammodo
1884 3273 1988 3310 enim
2007 3272 2020 3295 ⁰
2049 3274 2156 3311 Deus
2193 3274 2241 3310 ab
2275 3273 2451 3321 homine,
2486 3273 2516 3309 si

1508 3406 1531 3438 ε)
1551 3407 1708 3439 inquantum
1729 3411 1776 3432 est.
1794 3421 1813 3425 —
1831 3407 1987 3439 inquantum
2009 3407 2101 3440 DEpc.
2120 3415 2174 3432 om.
2192 3407 2273 3433 tertia.

1507 3442 1533 3476 ζ)
1554 3443 1740 3475 derogaretur.
1757 3457 1776 3461 —
1790 3450 1842 3475 per
1860 3443 1908 3467 hoc
1926 3443 2105 3476 derogaretur
2123 3443 2162 3467 Pl.

1507 3478 1534 3510 η)
1554 3481 1588 3503 et.
1606 3492 1625 3496 -
1643 3481 1669 3503 et
1683 3478 1791 3510 patiens
1809 3481 1835 3502 et
1854 3478 1921 3507 PGc,
1936 3479 2044 3509 patiens
2062 3482 2089 3503 et
2108 3479 2125 3508 Ι,
2143 3482 2169 3503 et
2182 3478 2290 3510 patiens
2309 3478 2332 3502 b.

1507 3512 1532 3548 Θ)
1551 3514 1746 3545 quodammodo
1765 3515 1843 3538 enim.
1862 3528 1880 3533 -
1898 3514 1967 3538 enim
1987 3514 2184 3546 quodammodo
2202 3514 2240 3538 Fa
2259 3520 2284 3538 et
2302 3514 2382 3538 tertia.
