2918 4088
113 321 124 332 ·
137 319 193 342 Can.
211 318 325 340 Concedi-

112 351 170 368 m.

111 793 160 816 'Ad
165 793 265 821 Coloe-r.,
272 800 323 822 cap.

111 825 309 869 vastam...

71 1990 357 2034 ‘ummah-

111 2590 194 2640 ’011ὶ-
211 2590 325 2613 Eccteeiis

111 2617 244 2694 Ero-{2⁶⁶⁶
212 2644 294 2666 ineert-

4 2712 7 2719 ,
62 2705 65 2731 j
111 2669 301 2724 diotLXVfflm
274 2700 323 2718 nox.

989 189 1251 236 QUAESTIO
1280 191 1488 238 LXXXIII,
1517 191 1809 228 ARTICULUS
1837 193 1882 229 III

351 265 446 301 Non
464 272 594 301 tamen
622 264 702 301 sine
727 266 831 302 altari
856 267 1023 316 portatili
1039 275 1277 305 consecrato:
1307 268 1412 305 unde

352 316 393 354 in
421 317 558 354 eadem
586 317 824 355 distinctione
844 318 864 340 ’¹‘
891 319 1044 367 legitur:
1077 321 1332 366 Concedimus,
1361 322 1394 357 si
1406 326 1413 342 ¹

351 370 526 407 ecclesiae
542 371 689 418 fuerint
715 372 886 408 incensae
911 373 970 410 vel
995 374 1216 419 combustae,
1237 386 1273 409 m
1293 373 1413 422 capel-

351 423 406 469 lis,
426 435 513 459 cum
540 423 666 460 tabula
685 430 912 470 consecrata,
932 426 1062 462 missas
1081 426 1280 462 celebrare.
1311 425 1414 471 Quia

352 475 456 512 enim
485 475 660 513 sanctitas
689 476 828 513 Christi
855 477 940 513 fons
977 484 1032 513 est
1058 477 1174 514 totius
1210 477 1413 514 sanctitatis

352 527 636 575 ecclesiasticae,
666 528 754 566 ideo
781 529 822 566 in
849 529 1069 566 necessitate
1097 530 1235 566 sufficit
1262 530 1310 566 ad
1330 541 1413 579 per-

352 581 546 629 agendum
574 581 650 618 hoc
678 589 961 618 sacramentum
988 583 1104 618 altare
1122 581 1412 619 sanctificatum.

352 634 514 683 Propter
545 634 653 682 quod
687 634 802 670 etiarn
836 633 996 671 ecclesia
1022 646 1226 683 nunquam
1254 634 1335 671 sine
1363 636 1414 671 al-

350 686 421 723 tari
448 693 713 723 consecratur:
741 694 872 723 tamen
892 686 973 722 sine
992 686 1150 724 ecclesia
1177 687 1414 736 quandoque

351 746 596 776 consecratur
614 740 740 785 altare,
760 750 852 775 cum
878 738 1046 787 reliquiis
1064 747 1297 785 sanctorum,
1318 752 1414 788 quo-

351 803 440 828 rum
474 793 549 829 vita
585 791 799 828 abscondita
836 797 887 827 est
914 803 999 827 cum
1035 793 1180 838 Christo
1215 794 1252 828 in
1280 794 1362 829 Deo
1381 793 1412 829 ²¹².

350 845 463 881 Unde
490 843 530 880 in
558 843 695 880 eadem
723 843 964 880 distinctione
982 843 1003 865 *
1030 844 1178 892 legitur:
1208 845 1352 882 Placuit
1378 852 1415 882 ut

350 897 486 933 altaria
505 898 543 932 in
563 897 692 945 quibus
711 895 853 932 nullum
872 908 1007 945 corpus
1033 903 1097 933 aut
1119 898 1298 946 reliquiae
1314 910 1414 935 mar-

349 950 443 997 tyris
469 949 639 987 conditae
665 950 968 997 comprobantur,
989 951 1037 986 ab
1065 951 1242 999 episcopis
1262 953 1325 1000 qui
1350 953 1414 988 eis-

349 1001 432 1038 dem
460 1002 551 1038 locis
572 1007 765 1050 praesunt,
793 1003 827 1038 si
840 1003 936 1049 fieri
954 1008 1085 1051 potest,
1115 1009 1337 1040 evertantur.

403 1055 461 1091 AD
487 1065 647 1091 Tssa’rmm
674 1065 857 1091 DICENDUM
889 1055 996 1103 quod
1034 1055 1191 1093 ecclesia
1229 1065 1264 1092 et
1301 1058 1414 1094 altare

349 1114 387 1143 et
413 1106 486 1143 alia
513 1106 739 1143 huiusmodi
776 1107 984 1144 inanimata
1018 1117 1305 1155 consecrantur,
1334 1121 1415 1146 non

349 1159 442 1209 quia
468 1159 542 1196 sint
568 1159 708 1207 gratiae
736 1160 963 1209 susceptiva,
994 1162 1061 1198 sed
1089 1162 1179 1210 quia
1207 1174 1254 1198 ex
1281 1173 1415 1199 conse-

349 1212 517 1249 cratione
555 1212 820 1261 adipiscuntur
846 1213 1044 1262 quandam
1077 1214 1312 1263 spiritualem
1340 1216 1414 1252 vir-

349 1272 469 1302 tutem
499 1277 569 1314 per
603 1277 722 1314 quam
750 1273 838 1315 apta
872 1266 1086 1303 redduntur
1118 1267 1250 1304 divino
1279 1269 1413 1305 cultui:

349 1326 393 1356 ut
419 1318 559 1356 scilicet
586 1318 764 1355 homines
784 1318 1032 1356 devotionem
1052 1320 1251 1369 quandam
1278 1320 1414 1358 exinde

294 1394 297 1395 ν
327 1368 561 1420 Ῥεῖῆἰρἰηῖ
579 1377 614 1417 ”,
643 1379 686 1408 ut
721 1371 794 1408 sint
829 1371 1038 1421 paratiores
1073 1373 1121 1410 ad
1159 1373 1309 1419 divina,
1343 1374 1415 1411 nisi

349 1425 427 1461 hoc
453 1431 610 1473 propter
646 1424 932 1462 irreverentiam
960 1425 1202 1474 impediatur.
1238 1427 1350 1464 Unde
1379 1435 1415 1464 et

245 1495 252 1506 ι
295 1495 303 1501 -
349 1476 389 1514 in
418 1478 447 1513 11
474 1478 654 1514 Machab.
676 1477 746 1514 111*
774 1477 924 1514 dicitur:
963 1479 1056 1515 Vere
1073 1480 1147 1514 Dei
1171 1481 1286 1516 virtus
1305 1493 1414 1529 quae-

349 1530 437 1566 dam
465 1535 516 1566 est
543 1531 579 1566 in
599 1530 702 1567 loco:
730 1542 818 1566 nam
838 1532 915 1579 ipse
933 1532 997 1579 qui
1021 1532 1128 1568 habet
1156 1533 1193 1567 in
1222 1532 1334 1569 caelis
1351 1534 1414 1570 ha·

349 1583 580 1628 bitationem,
608 1584 774 1619 visitator
801 1588 834 1618 et
861 1583 1009 1620 adiutor
1036 1589 1086 1620 est
1113 1584 1186 1620 loci
1219 1585 1324 1621 illius.

402 1635 451 1672 Et
469 1634 560 1671 inde
588 1642 646 1671 est
662 1635 770 1684 quod
798 1635 1023 1672 huiusmodi
1047 1642 1134 1672 ante
1162 1637 1414 1674 consecratio-

349 1698 442 1725 nem
461 1687 723 1724 emundantur
749 1694 786 1723 et
813 1687 1087 1735 exorcizantur,
1107 1695 1150 1725 ut
1177 1689 1314 1726 exinde
1340 1690 1415 1727 vir-

347 1747 411 1777 tus
437 1738 583 1777 inimici
601 1741 780 1801 pellatur.
810 1741 859 1777 Et
886 1741 1024 1777 eadem
1055 1740 1200 1778 ratione
1235 1742 1414 1780 ecclesiae

349 1805 445 1842 quae
469 1794 664 1842 sanguinis
690 1792 871 1841 effusione
897 1799 961 1830 aut
988 1795 1251 1843 cuiuscumque
1275 1797 1416 1832 semine

260 1845 510 1900 cu'fpollutae
526 1846 727 1894 fiterint,
696 1845 716 1867 ²¹²
751 1845 1076 1883 reconciliantur
1085 1847 1214 1896 :quia
1232 1859 1303 1897 per
1328 1860 1416 1898 pec-

349 1905 479 1936 catum
497 1898 550 1935 ibi
569 1898 823 1935 commissum
843 1906 1001 1948 apparet
1019 1898 1083 1936 ibi
1090 1899 1218 1949 aliqua
1244 1901 1415 1950 operatio

349 1950 505 2001 inimici.
525 1951 687 2001 Propter
714 1951 822 2000 quod
850 1951 965 1990 etiam
983 1951 1024 1989 in
1043 1953 1180 1990 eadem
1208 1953 1415 1991 distinctio-

348 2016 399 2042 ne
417 2003 437 2026 *
460 2004 611 2052 legitur:
640 2005 825 2042 Ecclesias
850 2005 1084 2042 Arianorum
1114 2007 1334 2056 ubicumque
1360 2011 1415 2044 in-

348 2058 530 2100 vener-itis,
555 2058 765 2094 Catholicas
792 2058 963 2094 ecclesias
981 2063 998 2086 μ
1025 2058 1158 2095 divinis
1178 2061 1354 2108 precibus
1383 2067 1416 2097 et

349 2112 521 2161 operibus
539 2112 676 2159 absque
694 2110 771 2147 ulla
789 2122 899 2147 mora
917 2117 1140 2148 consecrate.

402 2163 515 2201 Unde
535 2170 571 2199 et
593 2162 754 2212 quidam
779 2162 1027 2212 probabiliter
1053 2163 1185 2200 dicunt
1211 2165 1319 2214 quod
1346 2177 1416 2215 per

349 2214 565 2264 ingressum
593 2215 774 2253 ecclesiae
792 2223 1035 2253 consecratae
1060 2217 1183 2254 homo
1211 2218 1414 2267 consequi-

349 2276 413 2306 tur
437 2268 705 2306 remissionem
732 2276 981 2318 peccatorum
1017 2268 1239 2317 venialium,
1259 2270 1355 2308 sicut
1380 2279 1416 2308 et

349 2333 421 2371 per
455 2321 718 2371 aspersionem
754 2333 879 2370 aquae
915 2321 1155 2359 benedictae:
1192 2323 1415 2361 inducentes

290 2397 297 2408 ‚
350 2375 459 2424 quod
486 2374 526 2413 in
554 2375 708 2411 Psalmo
731 2373 752 2396 *
779 2374 935 2411 dicitur:
964 2375 1202 2421 Benedixisti,
1231 2377 1414 2424 Domine,

350 2434 492 2465 terram
513 2428 633 2473 Tuam,
654 2428 825 2464 remisisti
849 2429 1075 2476 iniquitatem
1098 2429 1217 2477 plebis
1243 2435 1337 2466 tuae.

405 2481 455 2518 Et
481 2480 580 2526 ideo,
605 2487 762 2529 propter
786 2479 968 2517 virtutem
995 2492 1115 2530 quam
1143 2493 1190 2518 ex
1217 2479 1415 2519 consecra-

350 2533 455 2571 tione
489 2531 650 2582 acquirit
668 2539 698 2579 ν,
727 2532 963 2571 consecratio
991 2533 1170 2571 ecclesiae
1200 2546 1280 2571 non
1308 2534 1416 2572 itera-

350 2593 423 2624 tur.
453 2586 565 2624 Unde
585 2585 625 2622 in
643 2585 781 2622 eadem
799 2585 1040 2623 distinctione
1048 2586 1080 2634 *,
1101 2598 1147 2623 ex
1166 2587 1328 2624 concilio
1348 2588 1416 2625 Ni-

351 2651 472 2677 caeno
491 2638 528 2686 *,
560 2638 713 2687 legitur:
743 2639 916 2675 Ecclesiis
942 2639 1055 2675 semel
1083 2640 1165 2676 Deo
1194 2643 1416 2678 consecratis

351 2705 426 2730 non
456 2692 559 2729 debet
586 2693 717 2728 iterum
736 2693 964 2728 consecratio
992 2692 1170 2738 adhiberi,
1191 2694 1262 2730 nisi
1278 2699 1342 2731 aut
1369 2696 1416 2731 ab

350 2747 440 2795 igne
467 2750 638 2790 exustae,
667 2750 731 2781 aut
756 2746 953 2794 sanguinis
980 2744 1178 2793 effusione,
1207 2752 1271 2782 aut
1297 2748 1416 2783 cuius-

351 2811 464 2848 quam
490 2799 631 2835 semine
648 2798 813 2847 pollutae
833 2798 1008 2844 fuerint:·
1023 2799 1120 2846 quia,
1140 2800 1232 2835 sicut
1250 2800 1375 2846 infans
1393 2812 1417 2836 a

351 2852 611 2901 qualicumque
627 2851 818 2887 sacerdote
836 2852 873 2887 in
903 2852 1054 2887 nomine
1070 2852 1192 2888 Patris
1219 2857 1252 2888 et
1279 2852 1368 2888 Filii
1384 2858 1418 2888 et

351 2906 508 2954 Spiritus
527 2905 654 2941 Sancti
678 2904 792 2940 semel
817 2905 1029 2953 baptizatus,
1055 2915 1129 2940 non
1154 2904 1257 2940 debet
1285 2905 1416 2941 iterum

350 2958 549 3007 baptizari,
578 2958 629 2994 ita
657 2969 725 2993 nec
751 2957 853 2993 locus
880 2958 963 2994 Deo
996 2957 1180 2994 dedicatus
1207 2963 1258 2994 est
1284 2959 1416 2994 iterum

350 3010 634 3056 consecrandus,
651 3011 722 3046 nisi
733 3015 889 3059 propter
907 3022 1038 3046 causas
1057 3022 1148 3059 quas
1165 3011 1333 3060 superius
1351 3022 1416 3047 no-

350 3065 594 3107 minavimus,·
611 3064 645 3099 si
655 3068 778 3100 tamen
788 3063 910 3111 fidem
923 3068 1073 3099 sanctae
1092 3064 1278 3100 Trinitatis
1297 3068 1416 3100 tenue-

405 3175 425 3211 ι)
443 3176 475 3202 si.
492 3191 512 3196 —
530 3177 566 3207 P;
586 3180 616 3202 ut
632 3176 664 3202 si·
683 3177 735 3201 Pro
748 3176 891 3206 celebrare,
907 3176 1004 3201 iterum
1021 3177 1175 3202 consecrari
1192 3180 1219 3202 et
1235 3177 1371 3202 celebrare
1385 3177 1416 3207 G,

352 3213 389 3238 tuit
407 3212 560 3238 consecrari
576 3215 604 3237 et
621 3212 751 3238 celebrari
769 3212 802 3243 Η,
822 3212 918 3237 iterum
937 3212 1067 3237 ceIebrari
1086 3212 1124 3237 Pl.

404 3245 430 3279 x)
445 3247 607 3280 percipiant.
625 3261 645 3266 -
660 3245 682 3271 F
701 3253 727 3272 et
744 3247 832 3278 εει-τίεις
851 3247 980 3278 atomo...)
995 3247 1130 3280 percipiat
1148 3247 1189 3272 ed.
1207 3255 1233 3277 a,
1247 3247 1417 3280 participant

352 3282 438 3308 ceteri.
454 3297 475 3302 —
491 3283 542 3307 Pro
561 3282 773 3311 irreverentiam,
792 3282 970 3308 reverentiam
988 3282 1101 3308 BGI-lbc.

404 3316 434 3347 λ)
452 3317 669 3344 reconciliantur.
684 3332 705 3337 —
722 3318 756 3349 Ρ,
775 3318 989 3343 reconcilientur.

395 3352 436 3422 5)
449 3353 774 3420 mocclemagx-czasnml’
774 3395 824 3414 one
854 3388 979 3421 acquirit.
1009 3402 1029 3407 -
1058 3395 1137 3421 quam
1165 3388 1192 3413 in
1220 3389 1419 3414 conseoeatione

352 3423 470 3456 aequb-ie
495 3424 605 3450 ecclesia
631 3424 696 3456 (non
725 3424 850 3449 iteratur
867 3424 1040 3450 consecratio.
1062 3424 1149 3456 Unde)
1176 3424 1217 3449 ed.
1235 3431 1261 3454 a,
1285 3431 1354 3457 quae
1381 3431 1419 3449 ex

352 3458 552 3484 consecratione
569 3458 694 3484 ecclesiae
710 3459 862 3492 acquiritur
880 3459 928 3490 Pc,
947 3459 1071 3485 ecclesiae
1088 3459 1164 3484 etiam
1183 3459 1207 3485 b.

407 3493 432 3529 ξ)
449 3494 625 3519 solemnitate.
646 3507 667 3514 -
686 3494 831 3520 sanctitate
847 3497 875 3520 et
891 3494 1060 3520 solemnitate
1081 3495 1155 3520 tertia
1174 3499 1276 3527 praeter
1294 3495 1313 3519 1.
1329 3509 1350 3514 -
1367 3495 1417 3520 Pro

2447 200 2519 246 275

1468 275 1554 305 runt
1572 270 1636 318 qui
1660 276 1978 306 consecraverunt.
2008 271 2199 320 Alioquin,
2220 273 2285 321 qui
2314 283 2400 311 sunt
2421 282 2525 312 extra

1468 320 1689 367 Ecclesiam,
1710 332 1932 358 consecrare
1956 334 2036 359 non
2058 333 2229 372 possunt.
2261 327 2346 372 Sed,
2368 327 2462 364 sicut
2485 327 2523 364 in

1468 374 1605 410 eadem
1628 372 1866 410 distinctione
1885 374 1905 395 ’⁸‘
1933 375 2083 422 legitur:
2113 378 2299 414 Ecclesiae
2317 380 2374 415 vel
2392 381 2562 417 altaria'

1469 438 1563 475 quae
1581 427 1760 475 ambigua
1778 432 1861 462 sunt
1886 427 1931 462 de
1955 431 2239 475 consecratione,
2256 439 2523 469 consecrentur.

1522 479 1684 527 Propter
1710 479 1785 514 hoc
1822 478 1935 515 etiam
1964 481 2070 528 quod
2096 481 2266 540 aliquam
2295 483 2525 531 spiritualem

1467 531 1647 567 virtutem
1667 530 1929 579 adipiscuntur
1955 544 2024 580 per
2051 534 2387 582 consecrationem,
2408 536 2446 572 in
2466 549 2526 573 ea-

1468 583 1559 620 dem
1596 583 1868 620 distinctione*
1887 584 2020 632 legitur
2046 593 2243 622 statutum:
2269 589 2392 648 Ligna
2417 590 2526 626 eccle-

1467 638 1545 672 siae
1565 636 1753 672 dedicatae
1771 648 1845 672 non
1865 637 1994 673 debent
2013 638 2063 674 ad
2086 638 2189 674 aliud
2212 652 2304 688 opus
2322 642 2438 690 iungi,
2460 644 2530 678 nisi

1468 689 1519 725 ad
1544 689 1659 725 aliam
1687 689 1892 735 ecclesiam,
1912 690 1970 726 vel
1997 692 2079 740 igni
2104 693 2367 738 comburenda,
2396 694 2454 731 vel
2481 695 2530 731 acl

1464 742 1675 790 profectum
1711 743 1747 777 in
1784 744 2008 779 monasterio
2038 744 2247 790 fratribus:
2274 746 2310 781 in
2348 746 2528 783 laicorum

1469 799 1591 830 autem
1620 805 1734 843 opera
1763 807 1837 831 non
1857 795 1986 831 debent
2013 796 2163 832 admitti.
2198 798 2246 833 Et
2274 797 2416 835 ibidem
2434 799 2454 820 '¹‘
2479 801 2528 836 le·
2556 810 2565 818 ·

1469 846 1585 894 gitur:
1614 847 1754 883 Altaris
1774 847 1889 896 palla,
1910 848 2096 894 cathedra,
2126 850 2390 887 candelabrum
2411 858 2443 888 et
2470 864 2529 888 ve-

1469 900 1557 945 lum,
1582 902 1614 935 si
1637 900 1778 945 fuerint
1804 906 1976 937 vetustate
2000 908 2227 951 consumpta,
2248 904 2415 940 incendio
2443 905 2529 941 den·

1469 957 1546 988 tur:
1563 954 1704 989 cineres
1724 965 1866 1002 quoque
1884 965 2013 990 eorum
2029 956 2065 990 in
2081 956 2289 1004 baptisterio
2308 957 2528 1005 inferantur,

1469 1011 1532 1042 aut
1551 1006 1588 1041 in
1603 1007 1748 1055 pariete
1766 1011 1828 1042 aut
1847 1009 1883 1042 in
1901 1007 2010 1052 fossis
2022 1009 2323 1056 pavimentorum
2339 1011 2528 1058 iactentur,

1470 1070 1518 1097 ne
1544 1059 1804 1095 introeuntium
1827 1059 1982 1108 pedibus
2009 1061 2255 1109 inquinentur.

1523 1112 1580 1147 An
1609 1123 1779 1153 QUARTUM
1807 1123 1987 1162 nicENDUM
2015 1113 2142 1162 quod,
2172 1114 2263 1162 quia
2294 1116 2528 1153 consecratio

1470 1163 1594 1200 altaris
1622 1172 1877 1213 repraesentat
1896 1165 2130 1202 sanctitatem
2160 1166 2310 1213 Christi,
2331 1180 2528 1206 consecra-

1468 1216 1521 1253 tio
1540 1228 1634 1253 vero
1658 1217 1799 1253 domus
1824 1217 2059 1255 sanctitatem
2084 1219 2198 1256 totius
2218 1220 2420 1267 Ecclesiae,
2441 1221 2528 1258 ideo

1469 1269 1760 1306 convenientius
1789 1270 1967 1307 recolitur
1984 1283 2074 1308 cum
2103 1272 2370 1309 solemnitatee
2397 1286 2527 1312 conse—

1469 1322 1587 1359 cratio
1615 1322 1794 1359 ecclesiae
1814 1325 1874 1359 vel
1905 1323 2039 1360 altaris.
2078 1325 2238 1373 Propter
2257 1326 2362 1374 quod
2383 1327 2495 1364 etiarn
2514 1334 2527 1349 ⁰

1469 1383 1556 1411 octo
1576 1375 1712 1412 diebus
1741 1375 1959 1412 solemnitas
1987 1376 2233 1414 dedicationis
2262 1378 2392 1427 agitur,
2413 1380 2461 1416 ad
2481 1380 2528 1416 si—

1468 1427 1727 1475 gnificandam
1768 1428 1919 1465 beatam
1961 1430 2277 1467 resurrectionem
2315 1431 2453 1468 Christi
2493 1441 2529 1470 et

1469 1480 1737 1517 membrorum
1757 1481 1958 1518 Ecclesiae.
1988 1483 2071 1519 Nec
2090 1491 2145 1519 est
2163 1489 2181 1503 π
2205 1495 2304 1532 opus
2324 1484 2440 1521 solius
2459 1486 2528 1522 ho-

1468 1532 1583 1569 minis
1600 1533 1836 1569 consecratio
1855 1534 2034 1571 ecclesiae
2054 1542 2090 1571 et
2109 1535 2247 1572 altaris:
2278 1548 2365 1573 curn
2392 1538 2529 1575 habeat

1469 1585 1703 1634 spiritualem
1731 1585 1921 1622 virtutem.
1958 1588 2069 1623 Unde
2102 1588 2147 1623 de
2178 1589 2349 1625 Consecr.
2364 1619 2372 1634 ,
2401 1590 2528 1627 distin-

1468 1637 1593 1674 ctione
1622 1638 1758 1674 eadem
1776 1637 1807 1684 *,
1837 1638 1991 1675 dicitur:
2022 1640 2273 1677 Solemnitates
2292 1642 2528 1680 ecclesiarum

1469 1690 1739 1727 dedicationum
1760 1703 1833 1740 per
1859 1692 2026 1741 singulos
2060 1702 2179 1729 annos
2211 1694 2422 1731 solemniter
2447 1702 2530 1733 sunt

1469 1743 1723 1780 celebrandae.
1770 1744 1881 1785 Quod
1914 1750 2036 1781 autem
2073 1751 2154 1782 octo
2191 1746 2316 1783 diebus
2351 1751 2530 1785 encaenia

1467 1798 1539 1832 sint
1565 1796 1798 1842 celebranda,
1827 1797 1873 1833 III
1893 1802 1906 1826 Ρ
1935 1798 2030 1834 libro
2057 1799 2219 1848 Regum,
2245 1800 2405 1848 perlecta
2432 1801 2530 1838 dedi-

1469 1850 1614 1886 catione
1645 1849 1799 1897 Templi,
1829 1853 2001 1898 reperies,
2031 1850 2170 1887 scilicet
2195 1852 2303 1888 V111*.

1523 1903 1580 1938 AD
1613 1913 1773 1944 QUINTUM
1810 1914 1991 1940 mOENDUM
2028 1904 2151 1952 quod,
2186 1904 2281 1941 sicut
2317 1905 2451 1953 legitur
2486 1907 2531 1944 de

1473 1955 1667 2001 Consecr.,
1697 1954 1780 1991 dist.
1810 1955 1882 1992 1*:
1911 1956 2078 2002 Altaria,
2105 1960 2138 1994 si
2164 1970 2238 1994 non
2266 1959 2337 1995 sint
2363 1959 2528 2008 lapidea,

1468 2009 1674 2044 chrismatis
1701 2009 1874 2045 unctione
1901 2022 1975 2046 non
2003 2016 2274 2047 consecrentur.
2304 2011 2423 2057 Quod
2446 2012 2530 2061 qui-

1469 2060 1560 2096 dem
1587 2060 1770 2109 competit
1798 2068 1834 2097 et
1860 2060 2124 2109 significationi
2152 2063 2267 2100 huius
2287 2065 2527 2102 sacramenti·

1468 2119 1552 2149 tum
1581 2113 1674 2162 quia
1699 2114 1813 2150 altare
1841 2113 2026 2161 significat
2054 2115 2269 2161 Christum,
2300 2116 2436 2154 dicitur
2463 2130 2529 2154 au-

1468 2173 1546 2202 tem
1574 2167 1589 2202 Ι
1621 2167 1707 2202 Cor.
1728 2178 1751 2202 x
1769 2165 1800 2212 ²¹⁸,
1829 2167 1940 2204 Petra
1967 2173 2089 2204 autem
2117 2175 2197 2206 erat
2227 2145 2410 2214 Christus,·
2444 2177 2566 2207 tum·

1469 2217 1584 2255 etiam
1612 2218 1704 2267 quia
1739 2230 1880 2268 corpus
1918 2219 2056 2257 Christi
2092 2220 2132 2258 in
2167 2223 2343 2270 sepulcro
2379 2222 2528 2272 lapideo

1468 2270 1538 2308 fuit
1565 2271 1807 2308 reconditum
1824 2271 1855 2308 ²⁸.
1893 2272 2086 2322 Competit
2113 2274 2227 2311 etiam
2255 2275 2384 2323 quoad
2412 2288 2529 2313 usum

1469 2324 1715 2361 sacramenti:
1746 2324 1840 2373 lapis
1868 2325 1971 2362 enim
2000 2333 2036 2362 et
2064 2326 2208 2364 solidus
2236 2335 2310 2374 est⁷
2340 2335 2376 2364 et
2403 2328 2451 2365 de
2479 2329 2529 2365 fa-

1469 2376 1528 2413 cili
1555 2384 1679 2426 potest
1706 2377 1868 2414 inveniri
1905 2378 2060 2428 ubique.
2100 2379 2219 2426 Quod
2251 2356 2331 2417 no⁷n
2360 2389 2438 2418 erat
2465 2393 2529 2418 ne-

1469 2429 1678 2466 cessarium
1706 2429 1745 2466 in
1772 2430 1891 2467 veteri
1919 2432 2010 2479 lege,
2039 2431 2107 2468 ubi
2134 2431 2250 2469 fiebat
2277 2433 2316 2469 in
2335 2445 2414 2470 uno
2443 2435 2528 2472 loco

1469 2483 1583 2519 altare
1597 2482 1628 2519 *.
1649 2505 1675 2508 —
1695 2483 1813 2529 Quod
1841 2491 1971 2521 autern
1998 2484 2203 2522 mandatur
2230 2486 2344 2523 altare
2371 2486 2454 2523 fieri
2481 2487 2530 2524 de

1468 2543 1567 2572 terra
1594 2537 1655 2572 vel
1692 2536 1740 2572 de
1776 2535 1966 2584 lapidibus
1998 2537 2169 2585 insectis,
2197 2538 2266 2575 fuit
2297 2539 2346 2576 ad
2374 2538 2529 2576 idolola-

1468 2587 1582 2625 triam
1609 2589 1888 2626 removendam
1907 2589 1937 2625 ²¹².

1522 2643 1579 2677 An
1599 2653 1740 2681 saxi-um
1759 2653 1941 2679 monimum
1960 2643 2079 2691 quod,
2101 2642 2197 2680 sicut
2224 2642 2264 2679 in
2291 2643 2570 2682 distinctionea

1470 2693 1607 2730 eadem
1639 2693 1792 2740 dicitur,
1821 2706 1903 2743 cap.
1938 2696 2055 2732 Vasa:
2093 2697 2291 2738 Quondam
2325 2698 2530 2735 sacerdotes

1471 2759 1544 2784 non
1565 2748 1699 2792 aureis,
1719 2747 1785 2783 sed
1801 2747 1933 2796 ligneis
1952 2749 2126 2785 calicibus
2144 2750 2357 2794 utebantur‚·
2384 2751 2528 2799 Zephy-

1470 2801 1574 2836 rinus
1601 2805 1722 2836 autem
1748 2801 1854 2849 Papa
1875 2802 2021 2849 patenis
2048 2803 2170 2838 vitreis
2195 2803 2323 2838 missas
2351 2803 2532 2840 celebrari

1469 2853 1639 2896 instituit;
1673 2852 1804 2888 deinde
1843 2854 2016 2890 Urbanus
2053 2856 2180 2891 omnia
2206 2855 2301 2902 fecit
2336 2861 2526 2904 argentea.

1470 2904 1726 2941 Postmodum
1759 2912 1889 2941 autem
1923 2913 2106 2943 statutum
2134 2914 2189 2943 est
2206 2906 2227 2928 '¹‘
2254 2913 2297 2950 ut
2325 2908 2426 2944 calix
2451 2909 2527 2945 Do-

1469 2959 1580 3003 mini,
1614 2969 1699 2994 cum
1728 2963 1886 3006 patena,
1921 2961 1997 2995 sive
2031 2971 2080 2996 ex
2113 2971 2208 2996 auro
2234 2965 2251 2980 ⁶
2281 2961 2358 2998 sive
2387 2972 2437 2997 ex
2467 2974 2527 2998 ar-

1468 3015 1581 3060 gento
1597 3011 1692 3058 fiat:
1718 3010 1776 3047 vel
1792 3010 1920 3047 saltem
1945 3017 2117 3048 stanneus
2135 3012 2237 3048 calix
2253 3013 2442 3050 habeatur.
2471 3015 2530 3050 De

1469 3075 1558 3100 aere
1584 3068 1706 3100 autem
1734 3069 1798 3100 aut
1824 3075 1874 3100 ex
1900 3065 2112 3101 aurichalco
2142 3077 2215 3101 non
2233 3066 2328 3112 fiat:
2355 3067 2441 3115 quia
2459 3067 2530 3103 hoc

1469 3177 1510 3202 vel
1528 3177 1632 3206 altaris,
1650 3183 1730 3209 qnam
1748 3177 1844 3203 altaris
1857 3178 1887 3209 E,
1900 3178 1943 3203 vel
1959 3178 2056 3204 altaris
2074 3179 2115 3204 vel
2126 3177 2217 3212 (quam
2235 3179 2319 3214 tertia)
2333 3180 2448 3206 aliorum
2461 3189 2530 3214 quae

1470 3215 1661 3238 consecrantur
1678 3212 1699 3236 F
1718 3217 1743 3237 et
1762 3213 1843 3238 tertia.

1524 3256 1538 3272 ο
1570 3248 1661 3273 etiam.
1677 3262 1696 3266 -
1716 3247 1775 3278 P1c;
1793 3248 1873 3273 etiam
1893 3249 1919 3273 in
1939 3249 1967 3279 F,
1987 3257 2040 3275 om.
2059 3249 2132 3280 GHb,
2152 3250 2178 3274 in
2197 3250 2282 3276 ceteri.

1523 3290 1541 3307 π
1571 3283 1629 3308 Nec
1646 3285 1693 3308 est.
1705 3297 1724 3301 -
1742 3283 1889 3314 Editiones3
1907 3287 1933 3309 et
1947 3267 2003 3313 D'H.
2017 3292 2068 3309 non
2088 3288 2128 3309 est
2144 3288 2233 3310 autem
2245 3285 2275 3317 F,
2288 3293 2368 3318 quam
2387 3293 2439 3312 non
2458 3289 2499 3312 est
2510 3287 2528 3316 l,

1471 3325 1524 3343 non
1543 3321 1583 3343 est
1601 3318 1642 3344 ed.
1660 3325 1685 3348 a,
1704 3322 1744 3344 est
1761 3319 1846 3344 ceteri.
1864 3333 1884 3339 —-
1900 3322 1928 3344 et
1944 3319 2041 3345 altaris
2055 3319 2093 3345 sG
2108 3325 2133 3345 et
2145 3320 2284 3351 editiones;
2304 3322 2345 3346 vel
2361 3321 2457 3347 altar-123
2469 3321 2528 3352 Fla,

1471 3353 1569 3378 altaris
1587 3354 1672 3379 ceteri.

1525 3387 1550 3422 ρ)
1570 3388 1651 3413 III.—
1668 3388 1716 3414 Ed.
1734 3396 1765 3420 a;
1785 3389 1820 3414 in.
1833 3390 1981 3422 —perlecta
1999 3389 2038 3414 Fa
2057 3394 2083 3415 et
2100 3391 2173 3415 tertia
2189 3396 2293 3423 praeter
2311 3391 2343 3421 P,
2359 3392 2481 3425 per-secta
2500 3391 2528 3421 P,

1466 3425 1587 3456 per-Ietta
1611 3424 1645 3449 de
1668 3425 1754 3450 ceteri.
1770 3438 1790 3444 -
1808 3423 1858 3450 Pro
1880 3425 1980 3451 scilicet
2004 3425 2074 3455 VIII,
2092 3426 2192 3452 scilicet
2212 3426 2256 3451 111
2269 3425 2307 3460 (in
2328 3427 2373 3452 111
2387 3427 2416 3457 F,
2435 3434 2488 3452 om.
2507 3426 2528 3460 1)

1471 3459 1538 3492 Reg.
1563 3459 1630 3484 VIII
1644 3460 1664 3484 F
1683 3465 1708 3484 et
1727 3460 1809 3485 tertia.

1511 3467 1551 3529 gc)
1569 3502 1647 3520 auro.
1663 3510 1682 3514 -
1700 3495 1809 3520 omnino
1828 3495 1896 3520 addit
1914 3496 1987 3520 tertia
2005 3500 2105 3528 praeter
2124 3497 2141 3521 1.

2577 385 2632 406 Can.
2644 385 2766 407 Ecclesiae

2561 412 2589 431 ‹.-l
2611 412 2713 438 altaria,
2735 412 2765 433 de

2553 417 2672 464 ¹(.*m1s.,ecr
2684 438 2705 459 di
2709 439 2763 460 51.1

2555 597 2563 605 “
2586 595 2642 617 Can
2661 595 2738 623 Ligna

2556 622 2674 643 eccelsiae.

2621 814 2642 829 n.
2662 809 2753 830 Altaris

2555 835 2628 861 palla.

2557 1654 2566 1661 ·
2579 1651 2627 1672 Can
2647 1658 2701 1677 xvn,
2723 1652 2766 1674 So«

2557 1677 2686 1699 lemm'mtes
2725 1679 2766 1700 de-

2574 1705 2625 1725 icat.
2646 1705 2766 1726 ecclesiar.

2557 1732 2612 1751 sunt
2626 1731 2766 1753 solemniter.

2558 1865 2567 1873 '
2583 1863 2646 1885 Vers.
2663 1864 2699 1886 66.

2557 1969 2643 1992 ‘Cam
2664 1970 2758 1992 Altaria

2557 1997 2579 2017 si
2593 2002 2645 2018 non.

2581 2181 2647 2203 Vers.
2662 2188 2684 2207 4.

2558 2286 2665 2308 *.Manh
2689 2292 2740 2313 cap.

2559 2319 2602 2334 xxv
2603 2319 2628 2339 n,
2634 2319 2693 2335 ven.
2700 2313 2740 2339 6o;

2556 2329 2628 2361 Mai-c.¹
2641 2345 2717 2367 cnp.x

2557 2372 2616 2387 vers.
2630 2366 2673 2392 46;
2684 2366 2740 2387 Luc.

2557 2398 2607 2419 cap.
2651 2398 2740 2418 xxxin,

2557 2424 2662 2447 γε··Ι“553

2558 2497 2613 2519 ‘.Cs
2628 2497 2695 2519 Dent.
2715 2504 2766 2525 cap.

2557 2530 2767 2577 ἲοᾉξὲρῖξιὲῗιζ

2558 2583 2624 2624 -e‘e‘f,
2631 2582 2668 2624 ²?-
2670 2603 2688 2615 ω
2707 2603 2752 2624 11·

2557 2635 2595 2656 qu.
2620 2635 2658 2656 en,
2683 2633 2724 2651 am
2742 2619 2766 2656 4',

2556 2916 2636 2938 ·can.
2657 2916 2685 2938 Ut
2703 2917 2767 2937 calix

2555 2942 2767 2996 entier*
