<?xml version="1.0" encoding="UTF-8"?>
<!DOCTYPE html PUBLIC "-//W3C//DTD XHTML 1.0 Transitional//EN"
    "http://www.w3.org/TR/xhtml1/DTD/xhtml1-transitional.dtd">
<html xmlns="http://www.w3.org/1999/xhtml" xml:lang="en" lang="en">
 <head>
  <title>
</title>
<meta http-equiv="Content-Type" content="text/html;charset=utf-8" />
  <meta name='ocr-system' content='tesseract 3.04.00' />
  <meta name='ocr-capabilities' content='ocr_page ocr_carea ocr_par ocr_line ocrx_word'/>
</head>
<body>
  <div class='ocr_page' id='page_1' title='image "./operaomniaiussui12thom/operaomniaiussui12thom_0066.png"; bbox 0 0 2918 4088; ppageno 0'>
   <div class='ocr_carea' id='block_1_1' title="bbox 195 384 338 411">
    <p class='ocr_par' dir='ltr' id='par_1_1' title="bbox 195 384 338 411">
     <span class='ocr_line' id='line_1_1' title="bbox 195 384 338 411; baseline 0 -6"><span class='ocrx_word' id='word_1_1' title='bbox 195 386 205 396; x_wconf 86' lang='lat'><strong>·</strong></span> <span class='ocrx_word' id='word_1_2' title='bbox 220 384 286 405; x_wconf 85' lang='lat' dir='ltr'>Vers.</span> <span class='ocrx_word' id='word_1_3' title='bbox 305 389 338 411; x_wconf 75' lang='grc' dir='ltr'>ις.</span> 
     </span>
    </p>
   </div>
   <div class='ocr_carea' id='block_1_2' title="bbox 191 1725 402 1753">
    <p class='ocr_par' dir='ltr' id='par_1_2' title="bbox 191 1725 402 1753">
     <span class='ocr_line' id='line_1_2' title="bbox 191 1725 402 1753; baseline 0.005 -7"><span class='ocrx_word' id='word_1_4' title='bbox 191 1727 201 1737; x_wconf 91' lang='grc'>·</span> <span class='ocrx_word' id='word_1_5' title='bbox 211 1725 257 1753; x_wconf 88' lang='lat' dir='ltr'>Qu.</span> <span class='ocrx_word' id='word_1_6' title='bbox 268 1731 320 1753; x_wconf 73' lang='lat' dir='ltr'>an,</span> <span class='ocrx_word' id='word_1_7' title='bbox 331 1728 372 1747; x_wconf 80' lang='lat' dir='ltr'>art.</span> <span class='ocrx_word' id='word_1_8' title='bbox 384 1732 402 1747; x_wconf 78' lang='grc' dir='ltr'>ι.</span> 
     </span>
    </p>
   </div>
   <div class='ocr_carea' id='block_1_3' title="bbox 435 161 485 197">
    <p class='ocr_par' dir='ltr' id='par_1_3' title="bbox 435 161 485 197">
     <span class='ocr_line' id='line_1_3' title="bbox 435 161 485 197; baseline 0 -11"><span class='ocrx_word' id='word_1_9' title='bbox 435 161 485 197; x_wconf 85' lang='lat'>42</span> 
     </span>
    </p>
   </div>
   <div class='ocr_carea' id='block_1_4' title="bbox 1118 144 1935 196">
    <p class='ocr_par' dir='ltr' id='par_1_4' title="bbox 1118 144 1935 196">
     <span class='ocr_line' id='line_1_4' title="bbox 1118 144 1935 196; baseline 0 -10"><span class='ocrx_word' id='word_1_10' title='bbox 1118 148 1381 196; x_wconf 76' lang='lat' dir='ltr'>QUAEs‘rlo</span> <span class='ocrx_word' id='word_1_11' title='bbox 1410 149 1550 196; x_wconf 81' lang='lat' dir='ltr'>Lxlv,</span> <span class='ocrx_word' id='word_1_12' title='bbox 1586 144 1877 187; x_wconf 83' lang='lat' dir='ltr'><strong>ARTICULUS</strong></span> <span class='ocrx_word' id='word_1_13' title='bbox 1905 150 1935 186; x_wconf 93' lang='lat'>11</span> 
     </span>
    </p>
   </div>
   <div class='ocr_carea' id='block_1_5' title="bbox 435 226 2618 276">
    <p class='ocr_par' dir='ltr' id='par_1_5' title="bbox 435 226 2618 276">
     <span class='ocr_line' id='line_1_5' title="bbox 435 226 2618 276; baseline 0.001 -12"><span class='ocrx_word' id='word_1_14' title='bbox 435 234 574 264; x_wconf 88' lang='lat' dir='ltr'>cuntur</span> <span class='ocrx_word' id='word_1_15' title='bbox 601 226 641 263; x_wconf 91' lang='lat' dir='ltr'>in</span> <span class='ocrx_word' id='word_1_16' title='bbox 669 234 999 264; x_wconf 89' lang='lat' dir='ltr'>sacramentorum</span> <span class='ocrx_word' id='word_1_17' title='bbox 1028 226 1242 274; x_wconf 85' lang='lat' dir='ltr'>collatione,</span> <span class='ocrx_word' id='word_1_18' title='bbox 1271 239 1498 276; x_wconf 92' lang='lat' dir='ltr'>proponun-</span> <span class='ocrx_word' id='word_1_19' title='bbox 1524 230 1528 270; x_wconf 61' lang='grc' dir='ltr'><em>ξ</em></span> <span class='ocrx_word' id='word_1_20' title='bbox 1553 235 1616 264; x_wconf 91' lang='lat' dir='ltr'>tur</span> <span class='ocrx_word' id='word_1_21' title='bbox 1643 227 1682 264; x_wconf 91' lang='lat' dir='ltr'>in</span> <span class='ocrx_word' id='word_1_22' title='bbox 1711 228 1977 273; x_wconf 87' lang='lat' dir='ltr'>sacramentis,</span> <span class='ocrx_word' id='word_1_23' title='bbox 2006 235 2049 264; x_wconf 92' lang='lat' dir='ltr'>ut</span> <span class='ocrx_word' id='word_1_24' title='bbox 2076 228 2223 266; x_wconf 91' lang='lat' dir='ltr'>dictum</span> <span class='ocrx_word' id='word_1_25' title='bbox 2252 236 2307 266; x_wconf 90' lang='lat' dir='ltr'>est</span> <span class='ocrx_word' id='word_1_26' title='bbox 2326 229 2357 265; x_wconf 80' lang='lat'>*.</span> <span class='ocrx_word' id='word_1_27' title='bbox 2387 228 2499 266; x_wconf 91' lang='lat' dir='ltr'>Unde</span> <span class='ocrx_word' id='word_1_28' title='bbox 2528 229 2618 266; x_wconf 87' lang='lat' dir='ltr'>effe-</span> 
     </span>
    </p>
   </div>
   <div class='ocr_carea' id='block_1_6' title="bbox 434 279 1498 432">
    <p class='ocr_par' dir='ltr' id='par_1_6' title="bbox 434 279 1498 432">
     <span class='ocr_line' id='line_1_6' title="bbox 434 279 1498 329; baseline 0 -12"><span class='ocrx_word' id='word_1_29' title='bbox 434 289 495 318; x_wconf 91' lang='lat' dir='ltr'>tur</span> <span class='ocrx_word' id='word_1_30' title='bbox 522 281 607 317; x_wconf 91' lang='lat' dir='ltr'>Deo</span> <span class='ocrx_word' id='word_1_31' title='bbox 635 291 715 316; x_wconf 89' lang='lat' dir='ltr'>non</span> <span class='ocrx_word' id='word_1_32' title='bbox 748 292 795 316; x_wconf 90' lang='lat' dir='ltr'>ex</span> <span class='ocrx_word' id='word_1_33' title='bbox 822 287 928 328; x_wconf 92' lang='lat' dir='ltr'>parte</span> <span class='ocrx_word' id='word_1_34' title='bbox 965 279 1164 328; x_wconf 86' lang='lat' dir='ltr'>singularis</span> <span class='ocrx_word' id='word_1_35' title='bbox 1192 292 1401 329; x_wconf 86' lang='lat' dir='ltr'>personae,</span> <span class='ocrx_word' id='word_1_36' title='bbox 1432 280 1498 317; x_wconf 90' lang='lat' dir='ltr'>sed</span> 
     </span>
     <span class='ocr_line' id='line_1_7' title="bbox 435 332 1498 382; baseline 0.001 -13"><span class='ocrx_word' id='word_1_37' title='bbox 435 346 481 370; x_wconf 85' lang='lat' dir='ltr'>ex</span> <span class='ocrx_word' id='word_1_38' title='bbox 499 341 605 382; x_wconf 91' lang='lat' dir='ltr'>parte</span> <span class='ocrx_word' id='word_1_39' title='bbox 625 332 739 370; x_wconf 90' lang='lat' dir='ltr'>totius</span> <span class='ocrx_word' id='word_1_40' title='bbox 759 332 968 370; x_wconf 86' lang='lat' dir='ltr'>Ecclesiae:</span> <span class='ocrx_word' id='word_1_41' title='bbox 999 333 1109 370; x_wconf 90' lang='lat' dir='ltr'>cuius</span> <span class='ocrx_word' id='word_1_42' title='bbox 1128 345 1261 382; x_wconf 91' lang='lat' dir='ltr'>preces</span> <span class='ocrx_word' id='word_1_43' title='bbox 1287 341 1375 370; x_wconf 92' lang='lat' dir='ltr'>sunt</span> <span class='ocrx_word' id='word_1_44' title='bbox 1394 333 1498 382; x_wconf 93' lang='lat' dir='ltr'>apud</span> 
     </span>
     <span class='ocr_line' id='line_1_8' title="bbox 434 385 1497 432; baseline -0.001 -9"><span class='ocrx_word' id='word_1_45' title='bbox 434 388 563 424; x_wconf 91' lang='lat' dir='ltr'>Deum</span> <span class='ocrx_word' id='word_1_46' title='bbox 588 385 833 432; x_wconf 78' lang='lat' dir='ltr'>exaudibiles,</span> <span class='ocrx_word' id='word_1_47' title='bbox 854 386 1070 424; x_wconf 91' lang='lat' dir='ltr'>secundum</span> <span class='ocrx_word' id='word_1_48' title='bbox 1097 386 1190 424; x_wconf 93' lang='lat' dir='ltr'>illud</span> <span class='ocrx_word' id='word_1_49' title='bbox 1215 387 1350 424; x_wconf 86' lang='lat' dir='ltr'>Matth.</span> <span class='ocrx_word' id='word_1_50' title='bbox 1366 386 1497 423; x_wconf 80' lang='lat' dir='ltr'>xvm*:</span> 
     </span>
    </p>
   </div>
   <div class='ocr_carea' id='block_1_7' title="bbox 435 439 1502 489">
    <p class='ocr_par' dir='ltr' id='par_1_7' title="bbox 435 439 1502 489">
     <span class='ocr_line' id='line_1_9' title="bbox 435 439 1502 489; baseline -0.001 -13"><span class='ocrx_word' id='word_1_51' title='bbox 435 442 476 477; x_wconf 87' lang='lat' dir='ltr'>Si</span> <span class='ocrx_word' id='word_1_52' title='bbox 493 440 566 476; x_wconf 87' lang='lat' dir='ltr'>duo</span> <span class='ocrx_word' id='word_1_53' title='bbox 588 452 638 477; x_wconf 86' lang='lat' dir='ltr'>ex</span> <span class='ocrx_word' id='word_1_54' title='bbox 654 441 757 477; x_wconf 79' lang='lat' dir='ltr'>vobis</span> <span class='ocrx_word' id='word_1_55' title='bbox 776 441 1026 476; x_wconf 80' lang='lat' dir='ltr'>consenserint</span> <span class='ocrx_word' id='word_1_56' title='bbox 1044 451 1156 489; x_wconf 82' lang='lat' dir='ltr'>super</span> <span class='ocrx_word' id='word_1_57' title='bbox 1172 446 1313 476; x_wconf 89' lang='lat' dir='ltr'>terram</span> <span class='ocrx_word' id='word_1_58' title='bbox 1333 439 1378 475; x_wconf 90' lang='lat' dir='ltr'>de</span> <span class='ocrx_word' id='word_1_59' title='bbox 1396 440 1502 475; x_wconf 82' lang='lat' dir='ltr'>omni</span> 
     </span>
    </p>
   </div>
   <div class='ocr_carea' id='block_1_8' title="bbox 434 494 1499 711">
    <p class='ocr_par' dir='ltr' id='par_1_8' title="bbox 434 494 1498 648">
     <span class='ocr_line' id='line_1_10' title="bbox 435 494 1497 542; baseline -0.003 -12"><span class='ocrx_word' id='word_1_60' title='bbox 435 505 476 530; x_wconf 91' lang='lat' dir='ltr'>re</span> <span class='ocrx_word' id='word_1_61' title='bbox 503 505 775 542; x_wconf 85' lang='lat' dir='ltr'>quamcumque</span> <span class='ocrx_word' id='word_1_62' title='bbox 793 497 811 519; x_wconf 71' lang='grc' dir='ltr'><strong>η</strong></span> <span class='ocrx_word' id='word_1_63' title='bbox 834 494 1019 542; x_wconf 84' lang='lat' dir='ltr'>petierint,</span> <span class='ocrx_word' id='word_1_64' title='bbox 1035 494 1107 540; x_wconf 89' lang='lat' dir='ltr'>fiet</span> <span class='ocrx_word' id='word_1_65' title='bbox 1135 494 1186 529; x_wconf 88' lang='lat' dir='ltr'>eis</span> <span class='ocrx_word' id='word_1_66' title='bbox 1213 505 1237 529; x_wconf 88' lang='lat' dir='ltr'>a</span> <span class='ocrx_word' id='word_1_67' title='bbox 1264 494 1376 528; x_wconf 84' lang='lat' dir='ltr'>Patre</span> <span class='ocrx_word' id='word_1_68' title='bbox 1403 503 1497 528; x_wconf 88' lang='lat' dir='ltr'>meo.</span> 
     </span>
     <span class='ocr_line' id='line_1_11' title="bbox 434 543 1498 595; baseline -0.002 -13"><span class='ocrx_word' id='word_1_69' title='bbox 434 545 541 583; x_wconf 91' lang='lat' dir='ltr'>Nihil</span> <span class='ocrx_word' id='word_1_70' title='bbox 566 553 695 582; x_wconf 90' lang='lat' dir='ltr'>tamen</span> <span class='ocrx_word' id='word_1_71' title='bbox 723 545 902 595; x_wconf 87' lang='lat' dir='ltr'>prohibet</span> <span class='ocrx_word' id='word_1_72' title='bbox 930 545 1024 594; x_wconf 91' lang='lat' dir='ltr'>quin</span> <span class='ocrx_word' id='word_1_73' title='bbox 1052 544 1208 582; x_wconf 90' lang='lat' dir='ltr'>devotio</span> <span class='ocrx_word' id='word_1_74' title='bbox 1236 543 1308 581; x_wconf 89' lang='lat' dir='ltr'>viri</span> <span class='ocrx_word' id='word_1_75' title='bbox 1336 543 1422 580; x_wconf 90' lang='lat' dir='ltr'>iusti</span> <span class='ocrx_word' id='word_1_76' title='bbox 1450 544 1498 580; x_wconf 90' lang='lat' dir='ltr'>ad</span> 
     </span>
     <span class='ocr_line' id='line_1_12' title="bbox 435 598 899 648; baseline 0 -13"><span class='ocrx_word' id='word_1_77' title='bbox 435 600 510 636; x_wconf 93' lang='lat' dir='ltr'>hoc</span> <span class='ocrx_word' id='word_1_78' title='bbox 538 598 682 648; x_wconf 89' lang='lat' dir='ltr'>aliquid</span> <span class='ocrx_word' id='word_1_79' title='bbox 710 606 899 648; x_wconf 86' lang='lat' dir='ltr'>operetur.</span> 
     </span>
    </p>

    <p class='ocr_par' dir='ltr' id='par_1_9' title="bbox 487 650 1499 711">
     <span class='ocr_line' id='line_1_13' title="bbox 487 650 1499 711; baseline -0.003 -23"><span class='ocrx_word' id='word_1_80' title='bbox 487 652 583 688; x_wconf 92' lang='lat' dir='ltr'>Illud</span> <span class='ocrx_word' id='word_1_81' title='bbox 611 659 742 688; x_wconf 91' lang='lat' dir='ltr'>tamen</span> <span class='ocrx_word' id='word_1_82' title='bbox 770 652 876 711; x_wconf 91' lang='lat' dir='ltr'>quod</span> <span class='ocrx_word' id='word_1_83' title='bbox 907 659 961 687; x_wconf 93' lang='lat' dir='ltr'>est</span> <span class='ocrx_word' id='word_1_84' title='bbox 983 650 1209 687; x_wconf 87' lang='lat' dir='ltr'>sacramenti</span> <span class='ocrx_word' id='word_1_85' title='bbox 1229 650 1397 696; x_wconf 87' lang='lat' dir='ltr'>effectus,</span> <span class='ocrx_word' id='word_1_86' title='bbox 1419 661 1499 685; x_wconf 91' lang='lat' dir='ltr'>non</span> 
     </span>
    </p>
   </div>
   <div class='ocr_carea' id='block_1_9' title="bbox 1553 280 2656 695">
    <p class='ocr_par' dir='ltr' id='par_1_10' title="bbox 1553 280 2619 541">
     <span class='ocr_line' id='line_1_14' title="bbox 1554 280 2619 331; baseline 0.001 -14"><span class='ocrx_word' id='word_1_87' title='bbox 1554 288 1636 317; x_wconf 88' lang='lat' dir='ltr'>ctus</span> <span class='ocrx_word' id='word_1_88' title='bbox 1665 280 1892 317; x_wconf 89' lang='lat' dir='ltr'>sacramenti</span> <span class='ocrx_word' id='word_1_89' title='bbox 1920 292 2000 317; x_wconf 93' lang='lat' dir='ltr'>non</span> <span class='ocrx_word' id='word_1_90' title='bbox 2020 280 2132 318; x_wconf 88' lang='lat' dir='ltr'>datur</span> <span class='ocrx_word' id='word_1_91' title='bbox 2157 281 2294 319; x_wconf 89' lang='lat' dir='ltr'>melior</span> <span class='ocrx_word' id='word_1_92' title='bbox 2321 294 2390 331; x_wconf 91' lang='lat' dir='ltr'>per</span> <span class='ocrx_word' id='word_1_93' title='bbox 2417 281 2619 320; x_wconf 89' lang='lat' dir='ltr'>meliorem</span> 
     </span>
     <span class='ocr_line' id='line_1_15' title="bbox 1554 332 2619 384; baseline 0.002 -15"><span class='ocrx_word' id='word_1_94' title='bbox 1554 333 1783 370; x_wconf 90' lang='lat' dir='ltr'>ministrum.</span> <span class='ocrx_word' id='word_1_95' title='bbox 1827 332 1983 382; x_wconf 87' lang='lat' dir='ltr'>Aliquid</span> <span class='ocrx_word' id='word_1_96' title='bbox 2020 340 2150 370; x_wconf 89' lang='lat' dir='ltr'>tamen</span> <span class='ocrx_word' id='word_1_97' title='bbox 2191 346 2388 371; x_wconf 89' lang='lat' dir='ltr'>annexum</span> <span class='ocrx_word' id='word_1_98' title='bbox 2424 334 2619 384; x_wconf 88' lang='lat' dir='ltr'>impetrari</span> 
     </span>
     <span class='ocr_line' id='line_1_16' title="bbox 1553 385 2619 436; baseline 0.001 -13"><span class='ocrx_word' id='word_1_99' title='bbox 1553 394 1678 436; x_wconf 90' lang='lat' dir='ltr'>potest</span> <span class='ocrx_word' id='word_1_100' title='bbox 1714 385 1909 436; x_wconf 83' lang='lat' dir='ltr'>recipienti</span> <span class='ocrx_word' id='word_1_101' title='bbox 1945 394 2226 431; x_wconf 84' lang='lat' dir='ltr'>sacramentum</span> <span class='ocrx_word' id='word_1_102' title='bbox 2263 399 2333 436; x_wconf 94' lang='lat' dir='ltr'>per</span> <span class='ocrx_word' id='word_1_103' title='bbox 2369 387 2619 425; x_wconf 91' lang='lat' dir='ltr'>devotionem</span> 
     </span>
     <span class='ocr_line' id='line_1_17' title="bbox 1554 437 2618 488; baseline 0.002 -13"><span class='ocrx_word' id='word_1_104' title='bbox 1554 438 1732 476; x_wconf 87' lang='lat' dir='ltr'>ministri:</span> <span class='ocrx_word' id='word_1_105' title='bbox 1762 450 1834 475; x_wconf 92' lang='lat' dir='ltr'>nec</span> <span class='ocrx_word' id='word_1_106' title='bbox 1860 446 1991 475; x_wconf 84' lang='lat' dir='ltr'>tamen</span> <span class='ocrx_word' id='word_1_107' title='bbox 2018 437 2191 478; x_wconf 84' lang='lat' dir='ltr'>minister</span> <span class='ocrx_word' id='word_1_108' title='bbox 2218 447 2399 488; x_wconf 87' lang='lat' dir='ltr'>operatur</span> <span class='ocrx_word' id='word_1_109' title='bbox 2426 440 2530 488; x_wconf 93' lang='lat' dir='ltr'>illud,</span> <span class='ocrx_word' id='word_1_110' title='bbox 2551 441 2618 477; x_wconf 93' lang='lat' dir='ltr'>sed</span> 
     </span>
     <span class='ocr_line' id='line_1_18' title="bbox 1555 491 2178 541; baseline 0 -13"><span class='ocrx_word' id='word_1_111' title='bbox 1555 491 1732 541; x_wconf 91' lang='lat' dir='ltr'>impetrat</span> <span class='ocrx_word' id='word_1_112' title='bbox 1760 492 2003 540; x_wconf 91' lang='lat' dir='ltr'>operandum</span> <span class='ocrx_word' id='word_1_113' title='bbox 2031 503 2054 527; x_wconf 88' lang='lat' dir='ltr'>a</span> <span class='ocrx_word' id='word_1_114' title='bbox 2082 492 2178 528; x_wconf 92' lang='lat' dir='ltr'>Deo.</span> 
     </span>
    </p>

    <p class='ocr_par' dir='ltr' id='par_1_11' title="bbox 1553 544 2619 688">
     <span class='ocr_line' id='line_1_19' title="bbox 1608 544 2618 593; baseline 0.002 -12"><span class='ocrx_word' id='word_1_115' title='bbox 1608 546 1665 581; x_wconf 82' lang='lat' dir='ltr'>An</span> <span class='ocrx_word' id='word_1_116' title='bbox 1684 555 1843 582; x_wconf 66' lang='lat' dir='ltr'>*suarium</span> <span class='ocrx_word' id='word_1_117' title='bbox 1862 556 2044 581; x_wconf 64' lang='lat' dir='ltr'>memnon</span> <span class='ocrx_word' id='word_1_118' title='bbox 2064 544 2171 593; x_wconf 94' lang='lat' dir='ltr'>quod</span> <span class='ocrx_word' id='word_1_119' title='bbox 2200 556 2260 581; x_wconf 93' lang='lat' dir='ltr'>res</span> <span class='ocrx_word' id='word_1_120' title='bbox 2279 544 2510 583; x_wconf 88' lang='lat' dir='ltr'>inanimatae</span> <span class='ocrx_word' id='word_1_121' title='bbox 2538 557 2618 583; x_wconf 89' lang='lat' dir='ltr'>non</span> 
     </span>
     <span class='ocr_line' id='line_1_20' title="bbox 1555 595 2619 646; baseline 0.003 -13"><span class='ocrx_word' id='word_1_122' title='bbox 1555 604 1763 646; x_wconf 90' lang='lat' dir='ltr'>operantur</span> <span class='ocrx_word' id='word_1_123' title='bbox 1781 595 1793 618; x_wconf 61' lang='grc' dir='ltr'>θ</span> <span class='ocrx_word' id='word_1_124' title='bbox 1822 597 1871 633; x_wconf 90' lang='lat' dir='ltr'>ad</span> <span class='ocrx_word' id='word_1_125' title='bbox 1900 596 2120 634; x_wconf 88' lang='lat' dir='ltr'>interiorem</span> <span class='ocrx_word' id='word_1_126' title='bbox 2157 597 2339 634; x_wconf 85' lang='lat' dir='ltr'>effectum</span> <span class='ocrx_word' id='word_1_127' title='bbox 2375 597 2447 635; x_wconf 92' lang='lat' dir='ltr'>nisi</span> <span class='ocrx_word' id='word_1_128' title='bbox 2481 598 2619 636; x_wconf 88' lang='lat' dir='ltr'>instru-</span> 
     </span>
     <span class='ocr_line' id='line_1_21' title="bbox 1553 649 2656 695; baseline 0.003 -10"><span class='ocrx_word' id='word_1_129' title='bbox 1553 649 1777 695; x_wconf 86' lang='lat' dir='ltr'>mentaliter,</span> <span class='ocrx_word' id='word_1_130' title='bbox 1797 657 1840 686; x_wconf 93' lang='lat' dir='ltr'>ut</span> <span class='ocrx_word' id='word_1_131' title='bbox 1859 649 2005 686; x_wconf 91' lang='lat' dir='ltr'>dictum</span> <span class='ocrx_word' id='word_1_132' title='bbox 2033 657 2089 686; x_wconf 94' lang='lat' dir='ltr'>est</span> <span class='ocrx_word' id='word_1_133' title='bbox 2107 649 2137 686; x_wconf 83' lang='lat'>*.</span> <span class='ocrx_word' id='word_1_134' title='bbox 2168 651 2216 687; x_wconf 93' lang='lat' dir='ltr'>Et</span> <span class='ocrx_word' id='word_1_135' title='bbox 2244 650 2415 687; x_wconf 88' lang='lat' dir='ltr'>similiter</span> <span class='ocrx_word' id='word_1_136' title='bbox 2440 651 2656 688; x_wconf 84' lang='lat' dir='ltr'>homines·</span> 
     </span>
    </p>
   </div>
   <div class='ocr_carea' id='block_1_10' title="bbox 435 701 2619 754">
    <p class='ocr_par' dir='ltr' id='par_1_12' title="bbox 435 701 2619 754">
     <span class='ocr_line' id='line_1_22' title="bbox 435 701 2619 754; baseline -0 -13"><span class='ocrx_word' id='word_1_137' title='bbox 435 704 661 754; x_wconf 88' lang='lat' dir='ltr'>impetratur</span> <span class='ocrx_word' id='word_1_138' title='bbox 697 705 868 741; x_wconf 91' lang='lat' dir='ltr'>oratione</span> <span class='ocrx_word' id='word_1_139' title='bbox 902 703 1093 741; x_wconf 90' lang='lat' dir='ltr'>Ecclesiae</span> <span class='ocrx_word' id='word_1_140' title='bbox 1127 704 1188 739; x_wconf 88' lang='lat' dir='ltr'>vel</span> <span class='ocrx_word' id='word_1_141' title='bbox 1220 701 1401 748; x_wconf 89' lang='lat' dir='ltr'>ministri,</span> <span class='ocrx_word' id='word_1_142' title='bbox 1431 702 1499 738; x_wconf 92' lang='lat' dir='ltr'>sed</span> <span class='ocrx_word' id='word_1_143' title='bbox 1554 714 1635 738; x_wconf 91' lang='lat' dir='ltr'>non</span> <span class='ocrx_word' id='word_1_144' title='bbox 1664 709 1874 751; x_wconf 86' lang='lat' dir='ltr'>operantur</span> <span class='ocrx_word' id='word_1_145' title='bbox 1901 703 1950 739; x_wconf 89' lang='lat' dir='ltr'>ad</span> <span class='ocrx_word' id='word_1_146' title='bbox 1978 710 2309 742; x_wconf 89' lang='lat' dir='ltr'>sacramentorum</span> <span class='ocrx_word' id='word_1_147' title='bbox 2338 703 2519 740; x_wconf 88' lang='lat' dir='ltr'>effectum</span> <span class='ocrx_word' id='word_1_148' title='bbox 2547 703 2619 740; x_wconf 91' lang='lat' dir='ltr'>nisi</span> 
     </span>
    </p>
   </div>
   <div class='ocr_carea' id='block_1_11' title="bbox 436 754 1499 806">
    <p class='ocr_par' dir='ltr' id='par_1_13' title="bbox 436 754 1499 806">
     <span class='ocr_line' id='line_1_23' title="bbox 436 754 1499 806; baseline -0.004 -11"><span class='ocrx_word' id='word_1_149' title='bbox 436 770 481 794; x_wconf 86' lang='lat' dir='ltr'>ex</span> <span class='ocrx_word' id='word_1_150' title='bbox 509 757 646 794; x_wconf 89' lang='lat' dir='ltr'>merito</span> <span class='ocrx_word' id='word_1_151' title='bbox 674 757 862 806; x_wconf 87' lang='lat' dir='ltr'>passionis</span> <span class='ocrx_word' id='word_1_152' title='bbox 893 756 1050 803; x_wconf 90' lang='lat' dir='ltr'>Christi,</span> <span class='ocrx_word' id='word_1_153' title='bbox 1080 755 1189 792; x_wconf 91' lang='lat' dir='ltr'>cuius</span> <span class='ocrx_word' id='word_1_154' title='bbox 1216 754 1336 791; x_wconf 83' lang='lat' dir='ltr'>virtus</span> <span class='ocrx_word' id='word_1_155' title='bbox 1364 766 1499 803; x_wconf 89' lang='lat' dir='ltr'>opera-</span> 
     </span>
    </p>
   </div>
   <div class='ocr_carea' id='block_1_12' title="bbox 426 887 1497 960">
    <p class='ocr_par' dir='ltr' id='par_1_14' title="bbox 426 887 1497 960">
     <span class='ocr_line' id='line_1_24' title="bbox 426 887 1497 960; baseline -0.005 -43"><span class='ocrx_word' id='word_1_156' title='bbox 426 928 451 960; x_wconf 75' lang='lat' dir='ltr'><em>fi</em></span> <span class='ocrx_word' id='word_1_157' title='bbox 485 891 516 952; x_wconf 64' lang='grc' dir='ltr'>η)1</span> <span class='ocrx_word' id='word_1_158' title='bbox 533 898 724 952; x_wconf 59' lang='lat' dir='ltr'>qugrgcunque.</span> <span class='ocrx_word' id='word_1_159' title='bbox 741 905 760 910; x_wconf 91' lang='lat'>—-</span> <span class='ocrx_word' id='word_1_160' title='bbox 777 897 941 923; x_wconf 83' lang='lat' dir='ltr'>quacumque</span> <span class='ocrx_word' id='word_1_161' title='bbox 961 889 1052 914; x_wconf 84' lang='lat' dir='ltr'>BCEa.</span> <span class='ocrx_word' id='word_1_162' title='bbox 1073 889 1123 913; x_wconf 79' lang='lat' dir='ltr'>Pro</span> <span class='ocrx_word' id='word_1_163' title='bbox 1134 889 1187 921; x_wconf 79' lang='lat' dir='ltr'>fiet</span> <span class='ocrx_word' id='word_1_164' title='bbox 1205 888 1255 918; x_wconf 81' lang='lat' dir='ltr'>eis,</span> <span class='ocrx_word' id='word_1_165' title='bbox 1267 888 1323 921; x_wconf 85' lang='lat' dir='ltr'>fiat</span> <span class='ocrx_word' id='word_1_166' title='bbox 1347 888 1386 913; x_wconf 83' lang='lat' dir='ltr'>eis</span> <span class='ocrx_word' id='word_1_167' title='bbox 1404 887 1497 917; x_wconf 81' lang='lat' dir='ltr'>ABCa,</span> 
     </span>
     <span class='ocr_line' id='line_1_25' title="bbox 452 928 620 952; baseline 0 0"><span class='ocrx_word' id='word_1_168' title='bbox 452 931 478 952; x_wconf 88' lang='lat' dir='ltr'>et</span> <span class='ocrx_word' id='word_1_169' title='bbox 497 928 506 952; x_wconf 83' lang='grc' dir='ltr'>ι’</span> <span class='ocrx_word' id='word_1_170' title='bbox 517 929 549 952; x_wconf 87' lang='lat' dir='ltr'>Iis</span> <span class='ocrx_word' id='word_1_171' title='bbox 615 946 620 952; x_wconf 93' lang='lat'>.</span> 
     </span>
    </p>
   </div>
   <div class='ocr_carea' id='block_1_13' title="bbox 1554 754 2444 804">
    <p class='ocr_par' dir='ltr' id='par_1_15' title="bbox 1554 754 2444 804">
     <span class='ocr_line' id='line_1_26' title="bbox 1554 754 2444 804; baseline 0.002 -13"><span class='ocrx_word' id='word_1_172' title='bbox 1554 766 1625 804; x_wconf 92' lang='lat' dir='ltr'>per</span> <span class='ocrx_word' id='word_1_173' title='bbox 1651 755 1817 792; x_wconf 90' lang='lat' dir='ltr'>modum</span> <span class='ocrx_word' id='word_1_174' title='bbox 1845 754 2065 802; x_wconf 86' lang='lat' dir='ltr'>ministerii,</span> <span class='ocrx_word' id='word_1_175' title='bbox 2094 763 2137 793; x_wconf 92' lang='lat' dir='ltr'>ut</span> <span class='ocrx_word' id='word_1_176' title='bbox 2164 755 2308 794; x_wconf 90' lang='lat' dir='ltr'>dictum</span> <span class='ocrx_word' id='word_1_177' title='bbox 2339 763 2395 793; x_wconf 92' lang='lat' dir='ltr'>est</span> <span class='ocrx_word' id='word_1_178' title='bbox 2413 756 2444 793; x_wconf 70' lang='lat'>²¹².</span> 
     </span>
    </p>
   </div>
   <div class='ocr_carea' id='block_1_14' title="bbox 1605 886 2231 921">
    <p class='ocr_par' dir='ltr' id='par_1_16' title="bbox 1605 886 2231 921">
     <span class='ocr_line' id='line_1_27' title="bbox 1605 886 2231 921; baseline 0.005 -9"><span class='ocrx_word' id='word_1_179' title='bbox 1605 886 1630 921; x_wconf 87' lang='grc' dir='ltr'>θ)</span> <span class='ocrx_word' id='word_1_180' title='bbox 1649 891 1805 920; x_wconf 81' lang='lat' dir='ltr'>operantur.</span> <span class='ocrx_word' id='word_1_181' title='bbox 1823 902 1842 907; x_wconf 96' lang='lat'>—</span> <span class='ocrx_word' id='word_1_182' title='bbox 1859 889 1964 921; x_wconf 81' lang='lat' dir='ltr'>aliquid</span> <span class='ocrx_word' id='word_1_183' title='bbox 1981 889 2079 914; x_wconf 85' lang='lat' dir='ltr'>addunt</span> <span class='ocrx_word' id='word_1_184' title='bbox 2096 889 2231 916; x_wconf 81' lang='lat' dir='ltr'>editiones.</span> 
     </span>
    </p>
   </div>
   <div class='ocr_carea' id='block_1_15' title="bbox 1106 1013 1944 1047">
    <p class='ocr_par' dir='ltr' id='par_1_17' title="bbox 1106 1013 1944 1047">
     <span class='ocr_line' id='line_1_28' title="bbox 1106 1013 1944 1047; baseline 0.001 -1"><span class='ocrx_word' id='word_1_185' title='bbox 1106 1013 1446 1046; x_wconf 77' lang='lat' dir='ltr'>commentaria</span> <span class='ocrx_word' id='word_1_186' title='bbox 1469 1013 1722 1046; x_wconf 77' lang='lat' dir='ltr'>Cardinalis</span> <span class='ocrx_word' id='word_1_187' title='bbox 1744 1013 1944 1047; x_wconf 75' lang='lat' dir='ltr'>Caietani</span> 
     </span>
    </p>
   </div>
   <div class='ocr_carea' id='block_1_16' title="bbox 428 1101 1499 2519">
    <p class='ocr_par' dir='ltr' id='par_1_18' title="bbox 430 1101 1498 1312">
     <span class='ocr_line' id='line_1_29' title="bbox 493 1101 1497 1142; baseline -0.002 -8"><span class='ocrx_word' id='word_1_188' title='bbox 493 1114 599 1134; x_wconf 74' lang='lat' dir='ltr'>[rums</span> <span class='ocrx_word' id='word_1_189' title='bbox 630 1103 730 1133; x_wconf 89' lang='lat' dir='ltr'>clarus</span> <span class='ocrx_word' id='word_1_190' title='bbox 755 1108 811 1133; x_wconf 87' lang='lat' dir='ltr'>est.</span> <span class='ocrx_word' id='word_1_191' title='bbox 835 1121 857 1124; x_wconf 97' lang='lat'><strong>—</strong></span> <span class='ocrx_word' id='word_1_192' title='bbox 880 1102 916 1132; x_wconf 93' lang='lat' dir='ltr'>In</span> <span class='ocrx_word' id='word_1_193' title='bbox 939 1111 1075 1142; x_wconf 91' lang='lat' dir='ltr'>corpore</span> <span class='ocrx_word' id='word_1_194' title='bbox 1098 1112 1163 1132; x_wconf 93' lang='lat' dir='ltr'>una</span> <span class='ocrx_word' id='word_1_195' title='bbox 1185 1102 1317 1142; x_wconf 87' lang='lat' dir='ltr'>ponitur</span> <span class='ocrx_word' id='word_1_196' title='bbox 1337 1101 1497 1133; x_wconf 88' lang='lat' dir='ltr'>distinctio</span> 
     </span>
     <span class='ocr_line' id='line_1_30' title="bbox 435 1116 1498 1186; baseline -0.002 -8"><span class='ocrx_word' id='word_1_197' title='bbox 435 1116 692 1183; x_wconf 85' lang='lat' dir='ltr'>Tbimembris,</span> <span class='ocrx_word' id='word_1_198' title='bbox 717 1156 793 1177; x_wconf 90' lang='lat' dir='ltr'>cum</span> <span class='ocrx_word' id='word_1_199' title='bbox 821 1145 945 1177; x_wconf 87' lang='lat' dir='ltr'>duabus</span> <span class='ocrx_word' id='word_1_200' title='bbox 969 1146 1232 1177; x_wconf 89' lang='lat' dir='ltr'>conclusionibus</span> <span class='ocrx_word' id='word_1_201' title='bbox 1255 1146 1387 1186; x_wconf 88' lang='lat' dir='ltr'>singulis</span> <span class='ocrx_word' id='word_1_202' title='bbox 1410 1146 1498 1177; x_wconf 83' lang='lat' dir='ltr'>iuxta</span> 
     </span>
     <span class='ocr_line' id='line_1_31' title="bbox 431 1189 1498 1232; baseline -0.003 -9"><span class='ocrx_word' id='word_1_203' title='bbox 431 1193 555 1232; x_wconf 89' lang='lat' dir='ltr'>singula</span> <span class='ocrx_word' id='word_1_204' title='bbox 577 1192 730 1222; x_wconf 90' lang='lat' dir='ltr'>membra.</span> <span class='ocrx_word' id='word_1_205' title='bbox 755 1191 925 1221; x_wconf 88' lang='lat' dir='ltr'>Distinctio</span> <span class='ocrx_word' id='word_1_206' title='bbox 943 1196 998 1221; x_wconf 89' lang='lat' dir='ltr'>est.</span> <span class='ocrx_word' id='word_1_207' title='bbox 1024 1190 1158 1231; x_wconf 89' lang='lat' dir='ltr'>Operari</span> <span class='ocrx_word' id='word_1_208' title='bbox 1175 1189 1325 1221; x_wconf 84' lang='lat' dir='ltr'>effectum</span> <span class='ocrx_word' id='word_1_209' title='bbox 1341 1190 1498 1230; x_wconf 87' lang='lat' dir='ltr'>contingit</span> 
     </span>
     <span class='ocr_line' id='line_1_32' title="bbox 430 1234 1497 1277; baseline -0.003 -10"><span class='ocrx_word' id='word_1_210' title='bbox 430 1237 481 1267; x_wconf 91' lang='lat' dir='ltr'>vel</span> <span class='ocrx_word' id='word_1_211' title='bbox 504 1246 561 1277; x_wconf 93' lang='lat' dir='ltr'>per</span> <span class='ocrx_word' id='word_1_212' title='bbox 574 1235 711 1266; x_wconf 89' lang='lat' dir='ltr'>modum</span> <span class='ocrx_word' id='word_1_213' title='bbox 726 1235 909 1276; x_wconf 86' lang='lat' dir='ltr'>principalis</span> <span class='ocrx_word' id='word_1_214' title='bbox 925 1236 1060 1275; x_wconf 88' lang='lat' dir='ltr'>agentis;</span> <span class='ocrx_word' id='word_1_215' title='bbox 1084 1235 1136 1265; x_wconf 90' lang='lat' dir='ltr'>vel</span> <span class='ocrx_word' id='word_1_216' title='bbox 1157 1244 1214 1275; x_wconf 92' lang='lat' dir='ltr'>per</span> <span class='ocrx_word' id='word_1_217' title='bbox 1228 1234 1366 1265; x_wconf 89' lang='lat' dir='ltr'>modum</span> <span class='ocrx_word' id='word_1_218' title='bbox 1381 1234 1497 1265; x_wconf 88' lang='lat' dir='ltr'>instru—</span> 
     </span>
     <span class='ocr_line' id='line_1_33' title="bbox 430 1282 541 1312; baseline -0.009 0"><span class='ocrx_word' id='word_1_219' title='bbox 430 1282 541 1312; x_wconf 91' lang='lat' dir='ltr'>menti.</span> 
     </span>
    </p>

    <p class='ocr_par' dir='ltr' id='par_1_19' title="bbox 430 1323 1499 1454">
     <span class='ocr_line' id='line_1_34' title="bbox 484 1323 1499 1364; baseline -0.002 -8"><span class='ocrx_word' id='word_1_220' title='bbox 484 1325 589 1356; x_wconf 88' lang='lat' dir='ltr'>Prima</span> <span class='ocrx_word' id='word_1_221' title='bbox 605 1325 770 1356; x_wconf 89' lang='lat' dir='ltr'>conclusio</span> <span class='ocrx_word' id='word_1_222' title='bbox 795 1330 857 1355; x_wconf 86' lang='lat' dir='ltr'>est:</span> <span class='ocrx_word' id='word_1_223' title='bbox 882 1324 979 1354; x_wconf 87' lang='lat' dir='ltr'>Solus</span> <span class='ocrx_word' id='word_1_224' title='bbox 994 1324 1084 1355; x_wconf 87' lang='lat' dir='ltr'>Deus</span> <span class='ocrx_word' id='word_1_225' title='bbox 1100 1323 1210 1364; x_wconf 84' lang='lat' dir='ltr'>primo</span> <span class='ocrx_word' id='word_1_226' title='bbox 1227 1323 1322 1354; x_wconf 83' lang='lat' dir='ltr'>modo</span> <span class='ocrx_word' id='word_1_227' title='bbox 1342 1328 1499 1364; x_wconf 83' lang='lat' dir='ltr'>operatur</span> 
     </span>
     <span class='ocr_line' id='line_1_35' title="bbox 430 1367 1498 1411; baseline -0.002 -11"><span class='ocrx_word' id='word_1_228' title='bbox 430 1370 576 1411; x_wconf 88' lang='lat' dir='ltr'>effectum</span> <span class='ocrx_word' id='word_1_229' title='bbox 596 1369 782 1400; x_wconf 85' lang='lat' dir='ltr'>interiorem</span> <span class='ocrx_word' id='word_1_230' title='bbox 797 1369 1001 1399; x_wconf 85' lang='lat' dir='ltr'>sacramenti.</span> <span class='ocrx_word' id='word_1_231' title='bbox 1026 1368 1067 1399; x_wconf 91' lang='lat' dir='ltr'>Et</span> <span class='ocrx_word' id='word_1_232' title='bbox 1082 1368 1235 1409; x_wconf 92' lang='lat' dir='ltr'>probatur</span> <span class='ocrx_word' id='word_1_233' title='bbox 1252 1367 1437 1408; x_wconf 89' lang='lat' dir='ltr'>dupliciter:</span> <span class='ocrx_word' id='word_1_234' title='bbox 1462 1373 1498 1398; x_wconf 93' lang='lat' dir='ltr'>ut</span> 
     </span>
     <span class='ocr_line' id='line_1_36' title="bbox 430 1414 812 1454; baseline 0 -10"><span class='ocrx_word' id='word_1_235' title='bbox 430 1420 516 1454; x_wconf 89' lang='lat' dir='ltr'>patet</span> <span class='ocrx_word' id='word_1_236' title='bbox 540 1414 621 1444; x_wconf 89' lang='lat' dir='ltr'>clare</span> <span class='ocrx_word' id='word_1_237' title='bbox 644 1415 678 1444; x_wconf 89' lang='lat' dir='ltr'>in</span> <span class='ocrx_word' id='word_1_238' title='bbox 701 1414 812 1444; x_wconf 91' lang='lat' dir='ltr'>littera.</span> 
     </span>
    </p>

    <p class='ocr_par' dir='ltr' id='par_1_20' title="bbox 430 1456 1498 1585">
     <span class='ocr_line' id='line_1_37' title="bbox 485 1456 1498 1498; baseline -0.001 -10"><span class='ocrx_word' id='word_1_239' title='bbox 485 1458 632 1489; x_wconf 91' lang='lat' dir='ltr'>Secunda</span> <span class='ocrx_word' id='word_1_240' title='bbox 655 1468 731 1488; x_wconf 90' lang='lat' dir='ltr'>vero</span> <span class='ocrx_word' id='word_1_241' title='bbox 756 1458 922 1488; x_wconf 88' lang='lat' dir='ltr'>conclusio</span> <span class='ocrx_word' id='word_1_242' title='bbox 949 1463 1014 1488; x_wconf 84' lang='lat' dir='ltr'>est:</span> <span class='ocrx_word' id='word_1_243' title='bbox 1038 1456 1149 1488; x_wconf 90' lang='lat' dir='ltr'>Homo</span> <span class='ocrx_word' id='word_1_244' title='bbox 1167 1462 1277 1498; x_wconf 81' lang='lat' dir='ltr'>potest</span> <span class='ocrx_word' id='word_1_245' title='bbox 1299 1456 1432 1498; x_wconf 80' lang='lat' dir='ltr'>operari</span> <span class='ocrx_word' id='word_1_246' title='bbox 1455 1456 1498 1487; x_wconf 82' lang='lat' dir='ltr'>ad</span> 
     </span>
     <span class='ocr_line' id='line_1_38' title="bbox 430 1501 1497 1544; baseline -0.002 -11"><span class='ocrx_word' id='word_1_247' title='bbox 430 1503 616 1533; x_wconf 88' lang='lat' dir='ltr'>interiorem</span> <span class='ocrx_word' id='word_1_248' title='bbox 646 1502 793 1544; x_wconf 86' lang='lat' dir='ltr'>effectum</span> <span class='ocrx_word' id='word_1_249' title='bbox 822 1501 1018 1533; x_wconf 86' lang='lat' dir='ltr'>sacramenti</span> <span class='ocrx_word' id='word_1_250' title='bbox 1047 1501 1188 1532; x_wconf 84' lang='lat' dir='ltr'>secundo</span> <span class='ocrx_word' id='word_1_251' title='bbox 1212 1501 1318 1532; x_wconf 85' lang='lat' dir='ltr'>modo.</span> <span class='ocrx_word' id='word_1_252' title='bbox 1358 1501 1400 1531; x_wconf 93' lang='lat' dir='ltr'>Et</span> <span class='ocrx_word' id='word_1_253' title='bbox 1421 1511 1497 1542; x_wconf 90' lang='lat' dir='ltr'>pro-</span> 
     </span>
     <span class='ocr_line' id='line_1_39' title="bbox 430 1543 1416 1585; baseline -0.002 -7"><span class='ocrx_word' id='word_1_254' title='bbox 430 1548 530 1578; x_wconf 87' lang='lat' dir='ltr'>batur.</span> <span class='ocrx_word' id='word_1_255' title='bbox 555 1547 641 1585; x_wconf 91' lang='lat' dir='ltr'>Quia</span> <span class='ocrx_word' id='word_1_256' title='bbox 663 1547 806 1577; x_wconf 89' lang='lat' dir='ltr'>minister</span> <span class='ocrx_word' id='word_1_257' title='bbox 828 1543 924 1577; x_wconf 89' lang='lat' dir='ltr'>habet</span> <span class='ocrx_word' id='word_1_258' title='bbox 946 1546 1103 1577; x_wconf 89' lang='lat' dir='ltr'>rationem</span> <span class='ocrx_word' id='word_1_259' title='bbox 1126 1546 1339 1582; x_wconf 87' lang='lat' dir='ltr'>instrumenti,</span> <span class='ocrx_word' id='word_1_260' title='bbox 1356 1550 1416 1576; x_wconf 91' lang='lat' dir='ltr'>etc.</span> 
     </span>
    </p>

    <p class='ocr_par' dir='ltr' id='par_1_21' title="bbox 428 1589 1497 2465">
     <span class='ocr_line' id='line_1_40' title="bbox 484 1589 1497 1631; baseline -0.001 -10"><span class='ocrx_word' id='word_1_261' title='bbox 484 1591 521 1622; x_wconf 91' lang='lat'>11.</span> <span class='ocrx_word' id='word_1_262' title='bbox 545 1591 684 1622; x_wconf 89' lang='lat' dir='ltr'>Adverte</span> <span class='ocrx_word' id='word_1_263' title='bbox 707 1592 760 1621; x_wconf 90' lang='lat' dir='ltr'>hic</span> <span class='ocrx_word' id='word_1_264' title='bbox 779 1591 879 1631; x_wconf 93' lang='lat' dir='ltr'>quod,</span> <span class='ocrx_word' id='word_1_265' title='bbox 897 1600 972 1621; x_wconf 89' lang='lat' dir='ltr'>cum</span> <span class='ocrx_word' id='word_1_266' title='bbox 988 1591 1021 1621; x_wconf 94' lang='lat' dir='ltr'>in</span> <span class='ocrx_word' id='word_1_267' title='bbox 1037 1590 1139 1621; x_wconf 89' lang='lat' dir='ltr'>littera</span> <span class='ocrx_word' id='word_1_268' title='bbox 1155 1590 1278 1626; x_wconf 90' lang='lat' dir='ltr'>dicitur,</span> <span class='ocrx_word' id='word_1_269' title='bbox 1295 1590 1393 1620; x_wconf 88' lang='lat' dir='ltr'>Solus</span> <span class='ocrx_word' id='word_1_270' title='bbox 1407 1589 1497 1620; x_wconf 88' lang='lat' dir='ltr'>Deus</span> 
     </span>
     <span class='ocr_line' id='line_1_41' title="bbox 430 1634 1496 1677; baseline -0.002 -11"><span class='ocrx_word' id='word_1_271' title='bbox 430 1641 477 1667; x_wconf 89' lang='lat' dir='ltr'>est</span> <span class='ocrx_word' id='word_1_272' title='bbox 499 1646 598 1666; x_wconf 89' lang='lat' dir='ltr'>causa</span> <span class='ocrx_word' id='word_1_273' title='bbox 620 1635 760 1677; x_wconf 84' lang='lat' dir='ltr'>gratiae,</span> <span class='ocrx_word' id='word_1_274' title='bbox 785 1635 940 1675; x_wconf 87' lang='lat' dir='ltr'>intelligas</span> <span class='ocrx_word' id='word_1_275' title='bbox 965 1634 1004 1665; x_wconf 91' lang='lat' dir='ltr'>de</span> <span class='ocrx_word' id='word_1_276' title='bbox 1021 1644 1115 1665; x_wconf 90' lang='lat' dir='ltr'>causa</span> <span class='ocrx_word' id='word_1_277' title='bbox 1129 1635 1315 1675; x_wconf 88' lang='lat' dir='ltr'>principali:</span> <span class='ocrx_word' id='word_1_278' title='bbox 1341 1634 1496 1675; x_wconf 91' lang='lat' dir='ltr'>quoniam</span> 
     </span>
     <span class='ocr_line' id='line_1_42' title="bbox 430 1678 1496 1720; baseline -0.003 -9"><span class='ocrx_word' id='word_1_279' title='bbox 430 1680 469 1711; x_wconf 89' lang='lat' dir='ltr'>de</span> <span class='ocrx_word' id='word_1_280' title='bbox 492 1680 546 1710; x_wconf 90' lang='lat' dir='ltr'>illa</span> <span class='ocrx_word' id='word_1_281' title='bbox 569 1686 615 1711; x_wconf 90' lang='lat' dir='ltr'>est</span> <span class='ocrx_word' id='word_1_282' title='bbox 638 1689 743 1711; x_wconf 88' lang='lat' dir='ltr'>sermo</span> <span class='ocrx_word' id='word_1_283' title='bbox 767 1681 801 1710; x_wconf 90' lang='lat' dir='ltr'>in</span> <span class='ocrx_word' id='word_1_284' title='bbox 823 1680 927 1720; x_wconf 89' lang='lat' dir='ltr'>prima</span> <span class='ocrx_word' id='word_1_285' title='bbox 950 1679 1171 1715; x_wconf 91' lang='lat' dir='ltr'>conclusione,</span> <span class='ocrx_word' id='word_1_286' title='bbox 1194 1689 1254 1719; x_wconf 92' lang='lat' dir='ltr'>pro</span> <span class='ocrx_word' id='word_1_287' title='bbox 1276 1688 1339 1719; x_wconf 87' lang='lat' dir='ltr'>qua</span> <span class='ocrx_word' id='word_1_288' title='bbox 1361 1679 1426 1709; x_wconf 91' lang='lat' dir='ltr'>hoc</span> <span class='ocrx_word' id='word_1_289' title='bbox 1449 1678 1496 1708; x_wconf 91' lang='lat' dir='ltr'>di-</span> 
     </span>
     <span class='ocr_line' id='line_1_43' title="bbox 431 1723 1496 1764; baseline -0.002 -9"><span class='ocrx_word' id='word_1_290' title='bbox 431 1725 520 1755; x_wconf 90' lang='lat' dir='ltr'>citur.</span> <span class='ocrx_word' id='word_1_291' title='bbox 545 1724 586 1755; x_wconf 94' lang='lat' dir='ltr'>Et</span> <span class='ocrx_word' id='word_1_292' title='bbox 609 1725 754 1764; x_wconf 91' lang='lat' dir='ltr'>superius</span> <span class='ocrx_word' id='word_1_293' title='bbox 770 1725 787 1741; x_wconf 42' lang='grc' dir='ltr'><strong><em>ὓ</em></strong></span> <span class='ocrx_word' id='word_1_294' title='bbox 811 1723 1057 1755; x_wconf 87' lang='lat' dir='ltr'>determinatum</span> <span class='ocrx_word' id='word_1_295' title='bbox 1081 1729 1127 1753; x_wconf 92' lang='lat' dir='ltr'>est</span> <span class='ocrx_word' id='word_1_296' title='bbox 1150 1728 1346 1754; x_wconf 91' lang='lat' dir='ltr'>sacramenta</span> <span class='ocrx_word' id='word_1_297' title='bbox 1368 1732 1496 1753; x_wconf 88' lang='lat' dir='ltr'>causare</span> 
     </span>
     <span class='ocr_line' id='line_1_44' title="bbox 429 1767 1496 1808; baseline -0.002 -9"><span class='ocrx_word' id='word_1_298' title='bbox 429 1769 710 1799; x_wconf 84' lang='lat' dir='ltr'>instrumentaliter</span> <span class='ocrx_word' id='word_1_299' title='bbox 732 1769 873 1808; x_wconf 86' lang='lat' dir='ltr'>gratiam.</span> <span class='ocrx_word' id='word_1_300' title='bbox 913 1769 954 1799; x_wconf 90' lang='lat' dir='ltr'>Et</span> <span class='ocrx_word' id='word_1_301' title='bbox 976 1769 1029 1798; x_wconf 93' lang='lat' dir='ltr'>hic</span> <span class='ocrx_word' id='word_1_302' title='bbox 1059 1768 1092 1797; x_wconf 92' lang='lat' dir='ltr'>in</span> <span class='ocrx_word' id='word_1_303' title='bbox 1120 1767 1259 1798; x_wconf 87' lang='lat' dir='ltr'>secunda</span> <span class='ocrx_word' id='word_1_304' title='bbox 1286 1767 1496 1798; x_wconf 91' lang='lat' dir='ltr'>conclusione</span> 
     </span>
     <span class='ocr_line' id='line_1_45' title="bbox 430 1811 1496 1845; baseline -0.003 -1"><span class='ocrx_word' id='word_1_305' title='bbox 430 1814 544 1845; x_wconf 88' lang='lat' dir='ltr'>dicitur</span> <span class='ocrx_word' id='word_1_306' title='bbox 559 1813 726 1844; x_wconf 89' lang='lat' dir='ltr'>hominem</span> <span class='ocrx_word' id='word_1_307' title='bbox 741 1813 986 1843; x_wconf 86' lang='lat' dir='ltr'>ministerialiter</span> <span class='ocrx_word' id='word_1_308' title='bbox 1000 1821 1129 1843; x_wconf 89' lang='lat' dir='ltr'>causare</span> <span class='ocrx_word' id='word_1_309' title='bbox 1145 1812 1329 1842; x_wconf 85' lang='lat' dir='ltr'>interiorem</span> <span class='ocrx_word' id='word_1_310' title='bbox 1346 1811 1496 1842; x_wconf 89' lang='lat' dir='ltr'>effectum</span> 
     </span>
     <span class='ocr_line' id='line_1_46' title="bbox 430 1857 1496 1897; baseline -0.003 -9"><span class='ocrx_word' id='word_1_311' title='bbox 430 1858 618 1889; x_wconf 88' lang='lat' dir='ltr'>sacramenti</span> <span class='ocrx_word' id='word_1_312' title='bbox 641 1857 752 1888; x_wconf 89' lang='lat' dir='ltr'>eadem</span> <span class='ocrx_word' id='word_1_313' title='bbox 776 1858 898 1887; x_wconf 89' lang='lat' dir='ltr'>ratione</span> <span class='ocrx_word' id='word_1_314' title='bbox 922 1866 986 1897; x_wconf 92' lang='lat' dir='ltr'>qua</span> <span class='ocrx_word' id='word_1_315' title='bbox 1004 1862 1238 1886; x_wconf 89' lang='lat' dir='ltr'>sacramentum</span> <span class='ocrx_word' id='word_1_316' title='bbox 1255 1862 1302 1886; x_wconf 90' lang='lat' dir='ltr'>est</span> <span class='ocrx_word' id='word_1_317' title='bbox 1317 1865 1412 1886; x_wconf 89' lang='lat' dir='ltr'>causa</span> <span class='ocrx_word' id='word_1_318' title='bbox 1427 1865 1496 1896; x_wconf 88' lang='lat' dir='ltr'>gra-</span> 
     </span>
     <span class='ocr_line' id='line_1_47' title="bbox 430 1900 1497 1942; baseline -0.002 -10"><span class='ocrx_word' id='word_1_319' title='bbox 430 1903 507 1933; x_wconf 89' lang='lat' dir='ltr'>tiae:</span> <span class='ocrx_word' id='word_1_320' title='bbox 533 1903 688 1942; x_wconf 87' lang='lat' dir='ltr'>quoniam</span> <span class='ocrx_word' id='word_1_321' title='bbox 711 1902 856 1932; x_wconf 91' lang='lat' dir='ltr'>ministro</span> <span class='ocrx_word' id='word_1_322' title='bbox 881 1902 980 1931; x_wconf 90' lang='lat' dir='ltr'>utitur</span> <span class='ocrx_word' id='word_1_323' title='bbox 1003 1901 1100 1935; x_wconf 89' lang='lat' dir='ltr'>Deus,</span> <span class='ocrx_word' id='word_1_324' title='bbox 1125 1900 1207 1930; x_wconf 91' lang='lat' dir='ltr'>sicut</span> <span class='ocrx_word' id='word_1_325' title='bbox 1230 1906 1262 1930; x_wconf 93' lang='lat' dir='ltr'>et</span> <span class='ocrx_word' id='word_1_326' title='bbox 1278 1900 1497 1930; x_wconf 86' lang='lat' dir='ltr'>sacramentali</span> 
     </span>
     <span class='ocr_line' id='line_1_48' title="bbox 429 1943 1496 1982; baseline -0.003 -5"><span class='ocrx_word' id='word_1_327' title='bbox 429 1947 609 1982; x_wconf 89' lang='lat' dir='ltr'>locutione,</span> <span class='ocrx_word' id='word_1_328' title='bbox 633 1951 669 1976; x_wconf 89' lang='lat' dir='ltr'>ut</span> <span class='ocrx_word' id='word_1_329' title='bbox 692 1947 904 1976; x_wconf 90' lang='lat' dir='ltr'>instrumento</span> <span class='ocrx_word' id='word_1_330' title='bbox 929 1945 969 1975; x_wconf 93' lang='lat' dir='ltr'>ad</span> <span class='ocrx_word' id='word_1_331' title='bbox 992 1944 1189 1975; x_wconf 89' lang='lat' dir='ltr'>causandum</span> <span class='ocrx_word' id='word_1_332' title='bbox 1212 1945 1397 1975; x_wconf 90' lang='lat' dir='ltr'>interiorem</span> <span class='ocrx_word' id='word_1_333' title='bbox 1422 1943 1496 1974; x_wconf 83' lang='lat' dir='ltr'>effe-</span> 
     </span>
     <span class='ocr_line' id='line_1_49' title="bbox 430 1989 1496 2029; baseline -0.003 -8"><span class='ocrx_word' id='word_1_334' title='bbox 430 1997 519 2021; x_wconf 88' lang='lat' dir='ltr'>ctum</span> <span class='ocrx_word' id='word_1_335' title='bbox 542 1991 738 2021; x_wconf 88' lang='lat' dir='ltr'>sacramenti.</span> <span class='ocrx_word' id='word_1_336' title='bbox 764 1990 867 2020; x_wconf 92' lang='lat' dir='ltr'>Immo</span> <span class='ocrx_word' id='word_1_337' title='bbox 892 1999 956 2020; x_wconf 89' lang='lat' dir='ltr'>una</span> <span class='ocrx_word' id='word_1_338' title='bbox 980 1989 1158 2029; x_wconf 90' lang='lat' dir='ltr'>eademque</span> <span class='ocrx_word' id='word_1_339' title='bbox 1177 1989 1224 2019; x_wconf 82' lang='lat' dir='ltr'>vis</span> <span class='ocrx_word' id='word_1_340' title='bbox 1247 1989 1496 2019; x_wconf 84' lang='lat' dir='ltr'>instrumentalis</span> 
     </span>
     <span class='ocr_line' id='line_1_50' title="bbox 429 2033 1496 2075; baseline -0.003 -9"><span class='ocrx_word' id='word_1_341' title='bbox 429 2035 569 2075; x_wconf 89' lang='lat' dir='ltr'>perfecta</span> <span class='ocrx_word' id='word_1_342' title='bbox 593 2040 639 2065; x_wconf 92' lang='lat' dir='ltr'>est</span> <span class='ocrx_word' id='word_1_343' title='bbox 662 2035 695 2065; x_wconf 92' lang='lat' dir='ltr'>in</span> <span class='ocrx_word' id='word_1_344' title='bbox 718 2039 917 2064; x_wconf 87' lang='lat' dir='ltr'>sacramento</span> <span class='ocrx_word' id='word_1_345' title='bbox 942 2039 973 2064; x_wconf 90' lang='lat' dir='ltr'>et</span> <span class='ocrx_word' id='word_1_346' title='bbox 996 2034 1152 2069; x_wconf 90' lang='lat' dir='ltr'>ministro,</span> <span class='ocrx_word' id='word_1_347' title='bbox 1177 2034 1259 2063; x_wconf 90' lang='lat' dir='ltr'>sicut</span> <span class='ocrx_word' id='word_1_348' title='bbox 1282 2034 1315 2063; x_wconf 91' lang='lat' dir='ltr'>in</span> <span class='ocrx_word' id='word_1_349' title='bbox 1338 2033 1441 2064; x_wconf 86' lang='lat' dir='ltr'>verbis</span> <span class='ocrx_word' id='word_1_350' title='bbox 1465 2038 1496 2063; x_wconf 91' lang='lat' dir='ltr'>et</span> 
     </span>
     <span class='ocr_line' id='line_1_51' title="bbox 429 2078 1496 2118; baseline -0.002 -8"><span class='ocrx_word' id='word_1_351' title='bbox 429 2080 541 2110; x_wconf 90' lang='lat' dir='ltr'>rebus:</span> <span class='ocrx_word' id='word_1_352' title='bbox 567 2090 604 2110; x_wconf 83' lang='lat' dir='ltr'>ea</span> <span class='ocrx_word' id='word_1_353' title='bbox 626 2080 759 2114; x_wconf 87' lang='lat' dir='ltr'>ratione,</span> <span class='ocrx_word' id='word_1_354' title='bbox 784 2079 859 2118; x_wconf 89' lang='lat' dir='ltr'>quia</span> <span class='ocrx_word' id='word_1_355' title='bbox 881 2079 1024 2108; x_wconf 91' lang='lat' dir='ltr'>minister</span> <span class='ocrx_word' id='word_1_356' title='bbox 1047 2078 1177 2108; x_wconf 90' lang='lat' dir='ltr'>nonnisi</span> <span class='ocrx_word' id='word_1_357' title='bbox 1200 2083 1236 2108; x_wconf 92' lang='lat' dir='ltr'>ut</span> <span class='ocrx_word' id='word_1_358' title='bbox 1253 2078 1431 2108; x_wconf 88' lang='lat' dir='ltr'>necessario</span> <span class='ocrx_word' id='word_1_359' title='bbox 1447 2087 1496 2108; x_wconf 88' lang='lat' dir='ltr'>re-</span> 
     </span>
     <span class='ocr_line' id='line_1_52' title="bbox 429 2122 1496 2164; baseline -0.002 -10"><span class='ocrx_word' id='word_1_360' title='bbox 429 2124 564 2164; x_wconf 88' lang='lat' dir='ltr'>quisitus</span> <span class='ocrx_word' id='word_1_361' title='bbox 595 2123 634 2154; x_wconf 90' lang='lat' dir='ltr'>ad</span> <span class='ocrx_word' id='word_1_362' title='bbox 657 2122 890 2163; x_wconf 89' lang='lat' dir='ltr'>perfectionem</span> <span class='ocrx_word' id='word_1_363' title='bbox 913 2122 1101 2153; x_wconf 87' lang='lat' dir='ltr'>sacramenti</span> <span class='ocrx_word' id='word_1_364' title='bbox 1129 2122 1307 2158; x_wconf 88' lang='lat' dir='ltr'>concurrit;</span> <span class='ocrx_word' id='word_1_365' title='bbox 1344 2122 1496 2152; x_wconf 85' lang='lat' dir='ltr'>omnibus</span> 
     </span>
     <span class='ocr_line' id='line_1_53' title="bbox 429 2166 1496 2209; baseline -0.002 -11"><span class='ocrx_word' id='word_1_366' title='bbox 429 2173 536 2199; x_wconf 88' lang='lat' dir='ltr'>autern</span> <span class='ocrx_word' id='word_1_367' title='bbox 559 2168 718 2209; x_wconf 88' lang='lat' dir='ltr'>requisitis</span> <span class='ocrx_word' id='word_1_368' title='bbox 741 2166 781 2198; x_wconf 90' lang='lat' dir='ltr'>ad</span> <span class='ocrx_word' id='word_1_369' title='bbox 796 2166 1029 2207; x_wconf 86' lang='lat' dir='ltr'>perfectionem</span> <span class='ocrx_word' id='word_1_370' title='bbox 1045 2167 1233 2197; x_wconf 88' lang='lat' dir='ltr'>sacramenti</span> <span class='ocrx_word' id='word_1_371' title='bbox 1256 2167 1356 2197; x_wconf 92' lang='lat' dir='ltr'>utitur</span> <span class='ocrx_word' id='word_1_372' title='bbox 1378 2167 1496 2207; x_wconf 88' lang='lat' dir='ltr'>princi-</span> 
     </span>
     <span class='ocr_line' id='line_1_54' title="bbox 429 2211 1496 2253; baseline -0.001 -10"><span class='ocrx_word' id='word_1_373' title='bbox 429 2213 501 2253; x_wconf 87' lang='lat' dir='ltr'>pale</span> <span class='ocrx_word' id='word_1_374' title='bbox 524 2223 630 2253; x_wconf 86' lang='lat' dir='ltr'>agens,</span> <span class='ocrx_word' id='word_1_375' title='bbox 656 2212 746 2252; x_wconf 91' lang='lat' dir='ltr'>quod</span> <span class='ocrx_word' id='word_1_376' title='bbox 769 2217 815 2242; x_wconf 90' lang='lat' dir='ltr'>est</span> <span class='ocrx_word' id='word_1_377' title='bbox 838 2212 941 2248; x_wconf 88' lang='lat' dir='ltr'>Deus,</span> <span class='ocrx_word' id='word_1_378' title='bbox 965 2217 1001 2242; x_wconf 92' lang='lat' dir='ltr'>ut</span> <span class='ocrx_word' id='word_1_379' title='bbox 1023 2211 1208 2251; x_wconf 91' lang='lat' dir='ltr'>partialibus</span> <span class='ocrx_word' id='word_1_380' title='bbox 1232 2212 1496 2242; x_wconf 87' lang='lat' dir='ltr'>concurrentibus</span> 
     </span>
     <span class='ocr_line' id='line_1_55' title="bbox 429 2255 1497 2297; baseline -0.001 -10"><span class='ocrx_word' id='word_1_381' title='bbox 429 2257 469 2287; x_wconf 91' lang='lat' dir='ltr'>ad</span> <span class='ocrx_word' id='word_1_382' title='bbox 491 2256 724 2297; x_wconf 89' lang='lat' dir='ltr'>perficiendum</span> <span class='ocrx_word' id='word_1_383' title='bbox 741 2262 975 2287; x_wconf 90' lang='lat' dir='ltr'>sacramentum</span> <span class='ocrx_word' id='word_1_384' title='bbox 990 2264 1104 2286; x_wconf 91' lang='lat' dir='ltr'>unum.</span> <span class='ocrx_word' id='word_1_385' title='bbox 1128 2255 1228 2293; x_wconf 89' lang='lat' dir='ltr'>Quod</span> <span class='ocrx_word' id='word_1_386' title='bbox 1252 2261 1298 2286; x_wconf 88' lang='lat' dir='ltr'>est</span> <span class='ocrx_word' id='word_1_387' title='bbox 1320 2256 1368 2286; x_wconf 92' lang='lat' dir='ltr'>uti</span> <span class='ocrx_word' id='word_1_388' title='bbox 1392 2256 1437 2286; x_wconf 89' lang='lat' dir='ltr'>eis</span> <span class='ocrx_word' id='word_1_389' title='bbox 1459 2261 1497 2286; x_wconf 90' lang='lat' dir='ltr'>ut</span> 
     </span>
     <span class='ocr_line' id='line_1_56' title="bbox 428 2296 1497 2342; baseline -0.002 -10"><span class='ocrx_word' id='word_1_390' title='bbox 428 2302 611 2342; x_wconf 88' lang='lat' dir='ltr'>partialibus</span> <span class='ocrx_word' id='word_1_391' title='bbox 650 2301 914 2332; x_wconf 88' lang='lat' dir='ltr'>concurrentibus</span> <span class='ocrx_word' id='word_1_392' title='bbox 948 2300 989 2330; x_wconf 90' lang='lat' dir='ltr'>ad</span> <span class='ocrx_word' id='word_1_393' title='bbox 1023 2299 1255 2340; x_wconf 85' lang='lat' dir='ltr'>perfectionem</span> <span class='ocrx_word' id='word_1_394' title='bbox 1293 2296 1497 2331; x_wconf 61' lang='lat' dir='ltr'>instfumenti</span> 
     </span>
     <span class='ocr_line' id='line_1_57' title="bbox 429 2345 1497 2385; baseline 0 -9"><span class='ocrx_word' id='word_1_395' title='bbox 429 2346 535 2376; x_wconf 89' lang='lat' dir='ltr'>unius.</span> <span class='ocrx_word' id='word_1_396' title='bbox 574 2346 611 2376; x_wconf 90' lang='lat' dir='ltr'>In</span> <span class='ocrx_word' id='word_1_397' title='bbox 640 2355 708 2376; x_wconf 91' lang='lat' dir='ltr'>uno</span> <span class='ocrx_word' id='word_1_398' title='bbox 735 2355 812 2375; x_wconf 90' lang='lat' dir='ltr'>vero</span> <span class='ocrx_word' id='word_1_399' title='bbox 840 2346 1070 2381; x_wconf 89' lang='lat' dir='ltr'>instrumento,</span> <span class='ocrx_word' id='word_1_400' title='bbox 1103 2349 1327 2385; x_wconf 89' lang='lat' dir='ltr'>quotcumque</span> <span class='ocrx_word' id='word_1_401' title='bbox 1357 2345 1497 2385; x_wconf 89' lang='lat' dir='ltr'>requirat</span> 
     </span>
     <span class='ocr_line' id='line_1_58' title="bbox 430 2388 1496 2431; baseline 0 -11"><span class='ocrx_word' id='word_1_402' title='bbox 430 2390 580 2431; x_wconf 83' lang='lat' dir='ltr'>partialia,</span> <span class='ocrx_word' id='word_1_403' title='bbox 604 2400 669 2420; x_wconf 90' lang='lat' dir='ltr'>una</span> <span class='ocrx_word' id='word_1_404' title='bbox 692 2389 870 2430; x_wconf 89' lang='lat' dir='ltr'>eademque</span> <span class='ocrx_word' id='word_1_405' title='bbox 893 2388 1034 2430; x_wconf 88' lang='lat' dir='ltr'>perfecta</span> <span class='ocrx_word' id='word_1_406' title='bbox 1056 2389 1155 2419; x_wconf 89' lang='lat' dir='ltr'>virtus</span> <span class='ocrx_word' id='word_1_407' title='bbox 1170 2389 1420 2420; x_wconf 85' lang='lat' dir='ltr'>instrumentalis</span> <span class='ocrx_word' id='word_1_408' title='bbox 1435 2399 1496 2430; x_wconf 91' lang='lat' dir='ltr'>po-</span> 
     </span>
     <span class='ocr_line' id='line_1_59' title="bbox 429 2434 614 2465; baseline 0 0"><span class='ocrx_word' id='word_1_409' title='bbox 429 2434 535 2465; x_wconf 91' lang='lat' dir='ltr'>nenda</span> <span class='ocrx_word' id='word_1_410' title='bbox 558 2440 614 2465; x_wconf 90' lang='lat' dir='ltr'>est.</span> 
     </span>
    </p>

    <p class='ocr_par' dir='ltr' id='par_1_22' title="bbox 485 2476 1497 2519">
     <span class='ocr_line' id='line_1_60' title="bbox 485 2476 1497 2519; baseline -0.001 -10"><span class='ocrx_word' id='word_1_411' title='bbox 485 2479 536 2509; x_wconf 88' lang='lat'>111.</span> <span class='ocrx_word' id='word_1_412' title='bbox 561 2479 596 2509; x_wconf 92' lang='lat' dir='ltr'>In</span> <span class='ocrx_word' id='word_1_413' title='bbox 620 2478 829 2519; x_wconf 89' lang='lat' dir='ltr'>responsione</span> <span class='ocrx_word' id='word_1_414' title='bbox 852 2477 892 2508; x_wconf 91' lang='lat' dir='ltr'>ad</span> <span class='ocrx_word' id='word_1_415' title='bbox 915 2476 1103 2513; x_wconf 80' lang='lat' dir='ltr'>secundum,</span> <span class='ocrx_word' id='word_1_416' title='bbox 1124 2477 1259 2508; x_wconf 90' lang='lat' dir='ltr'>dubium</span> <span class='ocrx_word' id='word_1_417' title='bbox 1284 2478 1432 2514; x_wconf 87' lang='lat' dir='ltr'>occurrit,</span> <span class='ocrx_word' id='word_1_418' title='bbox 1457 2487 1497 2508; x_wconf 90' lang='lat' dir='ltr'>an</span> 
     </span>
    </p>
   </div>
   <div class='ocr_carea' id='block_1_17' title="bbox 1523 1193 1526 2509">
    <p class='ocr_par' dir='ltr' id='par_1_23' title="bbox 1523 1193 1526 2509">
     <span class='ocr_line' id='line_1_61' title="bbox 1523 1193 1526 2509; baseline 0 0"><span class='ocrx_word' id='word_1_419' title='bbox 1523 1193 1526 2509; x_wconf 95' lang='lat' dir='ltr'> </span> 
     </span>
    </p>
   </div>
   <div class='ocr_carea' id='block_1_18' title="bbox 1549 1103 2621 1896">
    <p class='ocr_par' dir='ltr' id='par_1_24' title="bbox 1550 1103 2621 1488">
     <span class='ocr_line' id='line_1_62' title="bbox 1551 1103 2620 1146; baseline 0.004 -14"><span class='ocrx_word' id='word_1_420' title='bbox 1551 1103 1669 1143; x_wconf 88' lang='lat' dir='ltr'>gratiae</span> <span class='ocrx_word' id='word_1_421' title='bbox 1691 1103 1847 1134; x_wconf 88' lang='lat' dir='ltr'>intensior</span> <span class='ocrx_word' id='word_1_422' title='bbox 1869 1103 1985 1144; x_wconf 88' lang='lat' dir='ltr'>gradus</span> <span class='ocrx_word' id='word_1_423' title='bbox 2009 1103 2300 1144; x_wconf 85' lang='lat' dir='ltr'>comprehendatur</span> <span class='ocrx_word' id='word_1_424' title='bbox 2314 1105 2373 1136; x_wconf 92' lang='lat' dir='ltr'>sub</span> <span class='ocrx_word' id='word_1_425' title='bbox 2389 1105 2520 1136; x_wconf 82' lang='lat' dir='ltr'>annexis</span> <span class='ocrx_word' id='word_1_426' title='bbox 2536 1114 2620 1146; x_wconf 85' lang='lat' dir='ltr'>quae</span> 
     </span>
     <span class='ocr_line' id='line_1_63' title="bbox 1551 1146 2620 1190; baseline 0.003 -13"><span class='ocrx_word' id='word_1_427' title='bbox 1551 1157 1609 1188; x_wconf 91' lang='lat' dir='ltr'>per</span> <span class='ocrx_word' id='word_1_428' title='bbox 1631 1146 1840 1178; x_wconf 89' lang='lat' dir='ltr'>devotionem</span> <span class='ocrx_word' id='word_1_429' title='bbox 1863 1148 1999 1179; x_wconf 86' lang='lat' dir='ltr'>ministri</span> <span class='ocrx_word' id='word_1_430' title='bbox 2029 1149 2191 1189; x_wconf 88' lang='lat' dir='ltr'>impetrari</span> <span class='ocrx_word' id='word_1_431' title='bbox 2216 1154 2354 1189; x_wconf 87' lang='lat' dir='ltr'>possunt</span> <span class='ocrx_word' id='word_1_432' title='bbox 2382 1149 2550 1190; x_wconf 80' lang='lat' dir='ltr'>recipienti</span> <span class='ocrx_word' id='word_1_433' title='bbox 2571 1159 2620 1180; x_wconf 90' lang='lat' dir='ltr'>sa-</span> 
     </span>
     <span class='ocr_line' id='line_1_64' title="bbox 1552 1191 2618 1234; baseline 0.003 -13"><span class='ocrx_word' id='word_1_434' title='bbox 1552 1196 1761 1222; x_wconf 88' lang='lat' dir='ltr'>cramentum.</span> <span class='ocrx_word' id='word_1_435' title='bbox 1786 1191 1828 1222; x_wconf 93' lang='lat' dir='ltr'>Et</span> <span class='ocrx_word' id='word_1_436' title='bbox 1851 1197 1898 1222; x_wconf 88' lang='lat' dir='ltr'>est</span> <span class='ocrx_word' id='word_1_437' title='bbox 1915 1193 1994 1222; x_wconf 83' lang='lat' dir='ltr'>ratio</span> <span class='ocrx_word' id='word_1_438' title='bbox 2012 1192 2101 1223; x_wconf 90' lang='lat' dir='ltr'>dubii</span> <span class='ocrx_word' id='word_1_439' title='bbox 2117 1193 2202 1233; x_wconf 90' lang='lat' dir='ltr'>quia,</span> <span class='ocrx_word' id='word_1_440' title='bbox 2219 1193 2246 1223; x_wconf 88' lang='lat' dir='ltr'>si</span> <span class='ocrx_word' id='word_1_441' title='bbox 2261 1193 2544 1234; x_wconf 88' lang='lat' dir='ltr'>comprehenditur</span> <span class='ocrx_word' id='word_1_442' title='bbox 2559 1194 2618 1224; x_wconf 90' lang='lat' dir='ltr'>sub</span> 
     </span>
     <span class='ocr_line' id='line_1_65' title="bbox 1551 1236 2620 1281; baseline 0.002 -15"><span class='ocrx_word' id='word_1_443' title='bbox 1551 1236 1691 1275; x_wconf 86' lang='lat' dir='ltr'>annexis,</span> <span class='ocrx_word' id='word_1_444' title='bbox 1716 1236 1860 1276; x_wconf 87' lang='lat' dir='ltr'>sequitur</span> <span class='ocrx_word' id='word_1_445' title='bbox 1882 1236 2105 1276; x_wconf 88' lang='lat' dir='ltr'>praecedentia</span> <span class='ocrx_word' id='word_1_446' title='bbox 2119 1237 2215 1267; x_wconf 89' lang='lat' dir='ltr'>verba</span> <span class='ocrx_word' id='word_1_447' title='bbox 2236 1237 2368 1274; x_wconf 89' lang='lat' dir='ltr'>litterae,</span> <span class='ocrx_word' id='word_1_448' title='bbox 2384 1237 2514 1274; x_wconf 82' lang='lat' dir='ltr'>scilicet,</span> <span class='ocrx_word' id='word_1_449' title='bbox 2530 1238 2620 1281; x_wconf 84' lang='lat' dir='ltr'>Effe-</span> 
     </span>
     <span class='ocr_line' id='line_1_66' title="bbox 1551 1280 2619 1321; baseline 0.002 -11"><span class='ocrx_word' id='word_1_450' title='bbox 1551 1285 1621 1310; x_wconf 81' lang='lat' dir='ltr'>ctus</span> <span class='ocrx_word' id='word_1_451' title='bbox 1635 1280 1832 1310; x_wconf 83' lang='lat' dir='ltr'>sacramenti</span> <span class='ocrx_word' id='word_1_452' title='bbox 1847 1289 1912 1310; x_wconf 82' lang='lat' dir='ltr'>non</span> <span class='ocrx_word' id='word_1_453' title='bbox 1927 1280 2028 1311; x_wconf 83' lang='lat' dir='ltr'>datur</span> <span class='ocrx_word' id='word_1_454' title='bbox 2042 1281 2159 1312; x_wconf 81' lang='lat' dir='ltr'>melior</span> <span class='ocrx_word' id='word_1_455' title='bbox 2166 1290 2231 1321; x_wconf 79' lang='lat' dir='ltr'>per</span> <span class='ocrx_word' id='word_1_456' title='bbox 2244 1281 2410 1311; x_wconf 84' lang='lat' dir='ltr'>meliorem</span> <span class='ocrx_word' id='word_1_457' title='bbox 2426 1281 2619 1317; x_wconf 68' lang='lat' dir='ltr'>minoetrum,</span> 
     </span>
     <span class='ocr_line' id='line_1_67' title="bbox 1552 1323 2619 1366; baseline 0.002 -12"><span class='ocrx_word' id='word_1_458' title='bbox 1552 1333 1620 1354; x_wconf 89' lang='lat' dir='ltr'>esse</span> <span class='ocrx_word' id='word_1_459' title='bbox 1639 1323 1726 1354; x_wconf 86' lang='lat' dir='ltr'>falsa.</span> <span class='ocrx_word' id='word_1_460' title='bbox 1750 1324 1926 1362; x_wconf 88' lang='lat' dir='ltr'>Quoniam,</span> <span class='ocrx_word' id='word_1_461' title='bbox 1943 1325 1969 1355; x_wconf 93' lang='lat' dir='ltr'>si</span> <span class='ocrx_word' id='word_1_462' title='bbox 1985 1334 2023 1355; x_wconf 89' lang='lat' dir='ltr'>ex</span> <span class='ocrx_word' id='word_1_463' title='bbox 2039 1324 2212 1355; x_wconf 89' lang='lat' dir='ltr'>devotione</span> <span class='ocrx_word' id='word_1_464' title='bbox 2226 1325 2363 1356; x_wconf 86' lang='lat' dir='ltr'>ministri</span> <span class='ocrx_word' id='word_1_465' title='bbox 2380 1325 2536 1356; x_wconf 83' lang='lat' dir='ltr'>intensior</span> <span class='ocrx_word' id='word_1_466' title='bbox 2549 1335 2619 1366; x_wconf 82' lang='lat' dir='ltr'>gra-</span> 
     </span>
     <span class='ocr_line' id='line_1_68' title="bbox 1551 1367 2619 1409; baseline 0.002 -11"><span class='ocrx_word' id='word_1_467' title='bbox 1551 1369 1594 1399; x_wconf 88' lang='lat' dir='ltr'>tia</span> <span class='ocrx_word' id='word_1_468' title='bbox 1617 1367 1743 1399; x_wconf 91' lang='lat' dir='ltr'>daretur</span> <span class='ocrx_word' id='word_1_469' title='bbox 1766 1369 1926 1409; x_wconf 88' lang='lat' dir='ltr'>baptizato</span> <span class='ocrx_word' id='word_1_470' title='bbox 1950 1369 2001 1399; x_wconf 90' lang='lat' dir='ltr'>vel</span> <span class='ocrx_word' id='word_1_471' title='bbox 2021 1369 2181 1405; x_wconf 89' lang='lat' dir='ltr'>absoluto,</span> <span class='ocrx_word' id='word_1_472' title='bbox 2198 1374 2323 1399; x_wconf 91' lang='lat' dir='ltr'>constat</span> <span class='ocrx_word' id='word_1_473' title='bbox 2338 1369 2428 1409; x_wconf 92' lang='lat' dir='ltr'>quod</span> <span class='ocrx_word' id='word_1_474' title='bbox 2443 1370 2558 1400; x_wconf 89' lang='lat' dir='ltr'>melior</span> <span class='ocrx_word' id='word_1_475' title='bbox 2574 1369 2619 1400; x_wconf 81' lang='lat' dir='ltr'>ef-</span> 
     </span>
     <span class='ocr_line' id='line_1_69' title="bbox 1551 1412 2621 1455; baseline 0.002 -12"><span class='ocrx_word' id='word_1_476' title='bbox 1551 1412 1653 1443; x_wconf 87' lang='lat' dir='ltr'>fectus</span> <span class='ocrx_word' id='word_1_477' title='bbox 1677 1412 1804 1443; x_wconf 90' lang='lat' dir='ltr'>daretur</span> <span class='ocrx_word' id='word_1_478' title='bbox 1829 1422 1887 1453; x_wconf 90' lang='lat' dir='ltr'>per</span> <span class='ocrx_word' id='word_1_479' title='bbox 1909 1413 2078 1444; x_wconf 89' lang='lat' dir='ltr'>meliorem</span> <span class='ocrx_word' id='word_1_480' title='bbox 2100 1413 2300 1444; x_wconf 87' lang='lat' dir='ltr'>ministrum:</span> <span class='ocrx_word' id='word_1_481' title='bbox 2332 1423 2408 1444; x_wconf 89' lang='lat' dir='ltr'>cum</span> <span class='ocrx_word' id='word_1_482' title='bbox 2430 1414 2529 1454; x_wconf 84' lang='lat' dir='ltr'>gratia</span> <span class='ocrx_word' id='word_1_483' title='bbox 2550 1414 2621 1455; x_wconf 83' lang='lat' dir='ltr'>ipsa</span> 
     </span>
     <span class='ocr_line' id='line_1_70' title="bbox 1550 1456 1967 1488; baseline -0.002 0"><span class='ocrx_word' id='word_1_484' title='bbox 1550 1457 1590 1488; x_wconf 91' lang='lat' dir='ltr'>sit</span> <span class='ocrx_word' id='word_1_485' title='bbox 1613 1456 1746 1488; x_wconf 86' lang='lat' dir='ltr'>effectus</span> <span class='ocrx_word' id='word_1_486' title='bbox 1769 1458 1967 1488; x_wconf 87' lang='lat' dir='ltr'>sacramenti.</span> 
     </span>
    </p>

    <p class='ocr_par' dir='ltr' id='par_1_25' title="bbox 1549 1501 2620 1764">
     <span class='ocr_line' id='line_1_71' title="bbox 1606 1501 2620 1544; baseline 0.001 -12"><span class='ocrx_word' id='word_1_487' title='bbox 1606 1501 1642 1532; x_wconf 94' lang='lat' dir='ltr'>In</span> <span class='ocrx_word' id='word_1_488' title='bbox 1658 1502 1847 1542; x_wconf 89' lang='lat' dir='ltr'>oppositum</span> <span class='ocrx_word' id='word_1_489' title='bbox 1863 1507 1971 1532; x_wconf 91' lang='lat' dir='ltr'>autem</span> <span class='ocrx_word' id='word_1_490' title='bbox 1988 1507 2035 1532; x_wconf 89' lang='lat' dir='ltr'>est</span> <span class='ocrx_word' id='word_1_491' title='bbox 2058 1501 2147 1543; x_wconf 90' lang='lat' dir='ltr'>quod</span> <span class='ocrx_word' id='word_1_492' title='bbox 2161 1502 2251 1533; x_wconf 92' lang='lat' dir='ltr'>nulla</span> <span class='ocrx_word' id='word_1_493' title='bbox 2265 1502 2345 1532; x_wconf 90' lang='lat' dir='ltr'>ratio</span> <span class='ocrx_word' id='word_1_494' title='bbox 2369 1507 2500 1543; x_wconf 85' lang='lat' dir='ltr'>apparet</span> <span class='ocrx_word' id='word_1_495' title='bbox 2520 1511 2620 1544; x_wconf 88' lang='lat' dir='ltr'>quare</span> 
     </span>
     <span class='ocr_line' id='line_1_72' title="bbox 1551 1545 2619 1587; baseline 0.001 -11"><span class='ocrx_word' id='word_1_496' title='bbox 1551 1547 1611 1577; x_wconf 92' lang='lat' dir='ltr'>alia</span> <span class='ocrx_word' id='word_1_497' title='bbox 1634 1545 1720 1576; x_wconf 87' lang='lat' dir='ltr'>dona</span> <span class='ocrx_word' id='word_1_498' title='bbox 1738 1546 1800 1576; x_wconf 93' lang='lat' dir='ltr'>Dei</span> <span class='ocrx_word' id='word_1_499' title='bbox 1822 1551 1959 1587; x_wconf 87' lang='lat' dir='ltr'>possunt</span> <span class='ocrx_word' id='word_1_500' title='bbox 1973 1545 2090 1577; x_wconf 88' lang='lat' dir='ltr'>habere</span> <span class='ocrx_word' id='word_1_501' title='bbox 2106 1547 2264 1577; x_wconf 87' lang='lat' dir='ltr'>rationem</span> <span class='ocrx_word' id='word_1_502' title='bbox 2280 1546 2396 1577; x_wconf 84' lang='lat' dir='ltr'>annexi</span> <span class='ocrx_word' id='word_1_503' title='bbox 2410 1546 2619 1587; x_wconf 74' lang='lat' dir='ltr'>impetrabilis</span> 
     </span>
     <span class='ocr_line' id='line_1_73' title="bbox 1550 1590 2620 1632; baseline 0.001 -12"><span class='ocrx_word' id='word_1_504' title='bbox 1550 1600 1607 1631; x_wconf 92' lang='lat' dir='ltr'>per</span> <span class='ocrx_word' id='word_1_505' title='bbox 1630 1590 1839 1621; x_wconf 90' lang='lat' dir='ltr'>devotionem</span> <span class='ocrx_word' id='word_1_506' title='bbox 1861 1590 2013 1626; x_wconf 69' lang='lat' dir='ltr'>minimi,</span> <span class='ocrx_word' id='word_1_507' title='bbox 2045 1596 2077 1621; x_wconf 91' lang='lat' dir='ltr'>et</span> <span class='ocrx_word' id='word_1_508' title='bbox 2098 1591 2260 1621; x_wconf 88' lang='lat' dir='ltr'>maioritas</span> <span class='ocrx_word' id='word_1_509' title='bbox 2282 1591 2400 1631; x_wconf 87' lang='lat' dir='ltr'>gratiae</span> <span class='ocrx_word' id='word_1_510' title='bbox 2427 1600 2496 1621; x_wconf 91' lang='lat' dir='ltr'>non</span> <span class='ocrx_word' id='word_1_511' title='bbox 2518 1591 2620 1632; x_wconf 87' lang='lat' dir='ltr'>possit</span> 
     </span>
     <span class='ocr_line' id='line_1_74' title="bbox 1549 1634 2619 1666; baseline 0 0"><span class='ocrx_word' id='word_1_512' title='bbox 1549 1635 1666 1666; x_wconf 91' lang='lat' dir='ltr'>habere</span> <span class='ocrx_word' id='word_1_513' title='bbox 1689 1635 1847 1665; x_wconf 85' lang='lat' dir='ltr'>rationem</span> <span class='ocrx_word' id='word_1_514' title='bbox 1871 1634 1986 1665; x_wconf 88' lang='lat' dir='ltr'>annexi</span> <span class='ocrx_word' id='word_1_515' title='bbox 2008 1634 2204 1666; x_wconf 90' lang='lat' dir='ltr'>huiusmodi.</span> <span class='ocrx_word' id='word_1_516' title='bbox 2239 1635 2349 1665; x_wconf 88' lang='lat' dir='ltr'>Potest</span> <span class='ocrx_word' id='word_1_517' title='bbox 2371 1635 2459 1666; x_wconf 93' lang='lat' dir='ltr'>enim</span> <span class='ocrx_word' id='word_1_518' title='bbox 2482 1634 2619 1666; x_wconf 90' lang='lat' dir='ltr'>devotus</span> 
     </span>
     <span class='ocr_line' id='line_1_75' title="bbox 1549 1679 2620 1720; baseline 0 -10"><span class='ocrx_word' id='word_1_519' title='bbox 1549 1680 1693 1710; x_wconf 89' lang='lat' dir='ltr'>minister</span> <span class='ocrx_word' id='word_1_520' title='bbox 1715 1679 1789 1716; x_wconf 83' lang='lat' dir='ltr'>hoc,</span> <span class='ocrx_word' id='word_1_521' title='bbox 1811 1679 1893 1710; x_wconf 89' lang='lat' dir='ltr'>sicut</span> <span class='ocrx_word' id='word_1_522' title='bbox 1909 1684 1940 1709; x_wconf 91' lang='lat' dir='ltr'>et</span> <span class='ocrx_word' id='word_1_523' title='bbox 1956 1679 2025 1716; x_wconf 88' lang='lat' dir='ltr'>alia,</span> <span class='ocrx_word' id='word_1_524' title='bbox 2050 1689 2068 1710; x_wconf 92' lang='lat' dir='ltr'>a</span> <span class='ocrx_word' id='word_1_525' title='bbox 2084 1679 2209 1710; x_wconf 90' lang='lat' dir='ltr'>divinae</span> <span class='ocrx_word' id='word_1_526' title='bbox 2225 1679 2462 1711; x_wconf 90' lang='lat' dir='ltr'>misericordiae</span> <span class='ocrx_word' id='word_1_527' title='bbox 2477 1679 2620 1720; x_wconf 80' lang='lat' dir='ltr'>largitate</span> 
     </span>
     <span class='ocr_line' id='line_1_76' title="bbox 1549 1725 1729 1764; baseline 0 -10"><span class='ocrx_word' id='word_1_528' title='bbox 1549 1725 1729 1764; x_wconf 89' lang='lat' dir='ltr'>impetrare.</span> 
     </span>
    </p>

    <p class='ocr_par' dir='ltr' id='par_1_26' title="bbox 1550 1767 2620 1896">
     <span class='ocr_line' id='line_1_77' title="bbox 1606 1767 2620 1808; baseline 0.001 -10"><span class='ocrx_word' id='word_1_529' title='bbox 1606 1769 1658 1798; x_wconf 92' lang='lat' dir='ltr'>IV.</span> <span class='ocrx_word' id='word_1_530' title='bbox 1683 1767 1734 1798; x_wconf 90' lang='lat' dir='ltr'>Ad</span> <span class='ocrx_word' id='word_1_531' title='bbox 1756 1768 1820 1798; x_wconf 93' lang='lat' dir='ltr'>hoc</span> <span class='ocrx_word' id='word_1_532' title='bbox 1845 1767 1960 1798; x_wconf 89' lang='lat' dir='ltr'>dicitur</span> <span class='ocrx_word' id='word_1_533' title='bbox 1981 1767 2081 1808; x_wconf 91' lang='lat' dir='ltr'>quod,</span> <span class='ocrx_word' id='word_1_534' title='bbox 2099 1777 2174 1798; x_wconf 89' lang='lat' dir='ltr'>cum</span> <span class='ocrx_word' id='word_1_535' title='bbox 2190 1767 2333 1798; x_wconf 86' lang='lat' dir='ltr'>minister</span> <span class='ocrx_word' id='word_1_536' title='bbox 2347 1767 2537 1799; x_wconf 85' lang='lat' dir='ltr'>sacramenti</span> <span class='ocrx_word' id='word_1_537' title='bbox 2549 1776 2620 1799; x_wconf 87' lang='lat' dir='ltr'>non</span> 
     </span>
     <span class='ocr_line' id='line_1_78' title="bbox 1550 1811 2620 1853; baseline 0.002 -10"><span class='ocrx_word' id='word_1_538' title='bbox 1550 1813 1590 1843; x_wconf 90' lang='lat' dir='ltr'>sit</span> <span class='ocrx_word' id='word_1_539' title='bbox 1613 1812 1776 1843; x_wconf 87' lang='lat' dir='ltr'>deterioris</span> <span class='ocrx_word' id='word_1_540' title='bbox 1808 1811 2002 1842; x_wconf 88' lang='lat' dir='ltr'>conditionis</span> <span class='ocrx_word' id='word_1_541' title='bbox 2024 1811 2235 1842; x_wconf 89' lang='lat' dir='ltr'>ministrando</span> <span class='ocrx_word' id='word_1_542' title='bbox 2259 1816 2494 1843; x_wconf 82' lang='lat' dir='ltr'>sacramentum</span> <span class='ocrx_word' id='word_1_543' title='bbox 2521 1820 2620 1853; x_wconf 71' lang='lat' dir='ltr'>quam</span> 
     </span>
     <span class='ocr_line' id='line_1_79' title="bbox 1550 1855 2620 1896; baseline 0.003 -9"><span class='ocrx_word' id='word_1_544' title='bbox 1550 1858 1576 1887; x_wconf 93' lang='lat' dir='ltr'>si</span> <span class='ocrx_word' id='word_1_545' title='bbox 1599 1866 1667 1887; x_wconf 93' lang='lat' dir='ltr'>non</span> <span class='ocrx_word' id='word_1_546' title='bbox 1690 1857 1896 1892; x_wconf 86' lang='lat' dir='ltr'>ministraret;</span> <span class='ocrx_word' id='word_1_547' title='bbox 1922 1861 1953 1886; x_wconf 90' lang='lat' dir='ltr'>et</span> <span class='ocrx_word' id='word_1_548' title='bbox 1976 1856 2118 1887; x_wconf 90' lang='lat' dir='ltr'>similiter</span> <span class='ocrx_word' id='word_1_549' title='bbox 2140 1856 2298 1896; x_wconf 88' lang='lat' dir='ltr'>recipiens</span> <span class='ocrx_word' id='word_1_550' title='bbox 2320 1865 2390 1887; x_wconf 89' lang='lat' dir='ltr'>non</span> <span class='ocrx_word' id='word_1_551' title='bbox 2411 1855 2448 1887; x_wconf 90' lang='lat' dir='ltr'>fit</span> <span class='ocrx_word' id='word_1_552' title='bbox 2471 1865 2511 1889; x_wconf 83' lang='lat' dir='ltr'>ex</span> <span class='ocrx_word' id='word_1_553' title='bbox 2530 1862 2620 1890; x_wconf 58' lang='lat' dir='ltr'>rece:</span> 
     </span>
    </p>
   </div>
   <div class='ocr_carea' id='block_1_19' title="bbox 2647 238 2858 267">
    <p class='ocr_par' dir='ltr' id='par_1_27' title="bbox 2647 238 2858 267">
     <span class='ocr_line' id='line_1_80' title="bbox 2647 238 2858 267; baseline 0 -7"><span class='ocrx_word' id='word_1_554' title='bbox 2647 240 2657 250; x_wconf 93' lang='grc'>·</span> <span class='ocrx_word' id='word_1_555' title='bbox 2669 238 2715 266; x_wconf 91' lang='lat' dir='ltr'>Qu.</span> <span class='ocrx_word' id='word_1_556' title='bbox 2725 244 2778 265; x_wconf 73' lang='lat' dir='ltr'>un,</span> <span class='ocrx_word' id='word_1_557' title='bbox 2789 242 2830 260; x_wconf 78' lang='lat' dir='ltr'>art.</span> <span class='ocrx_word' id='word_1_558' title='bbox 2838 245 2858 267; x_wconf 84' lang='lat'>5.</span> 
     </span>
    </p>
   </div>
   <div class='ocr_carea' id='block_1_20' title="bbox 2671 656 2818 685">
    <p class='ocr_par' dir='ltr' id='par_1_28' title="bbox 2671 656 2818 685">
     <span class='ocr_line' id='line_1_81' title="bbox 2671 656 2818 685; baseline 0.007 -7"><span class='ocrx_word' id='word_1_559' title='bbox 2671 656 2696 678; x_wconf 81' lang='lat' dir='ltr'>In</span> <span class='ocrx_word' id='word_1_560' title='bbox 2711 662 2818 685; x_wconf 82' lang='lat' dir='ltr'>corpore.</span> 
     </span>
    </p>
   </div>
   <div class='ocr_carea' id='block_1_21' title="bbox 2647 745 2759 781">
    <p class='ocr_par' dir='ltr' id='par_1_29' title="bbox 2647 745 2759 781">
     <span class='ocr_line' id='line_1_82' title="bbox 2647 745 2759 781; baseline 0.011 -1.273"><span class='ocrx_word' id='word_1_561' title='bbox 2647 758 2731 781; x_wconf 55' lang='lat' dir='ltr'>usia.</span> <span class='ocrx_word' id='word_1_562' title='bbox 2747 745 2759 760; x_wconf 67' lang='lat'>²³</span> 
     </span>
    </p>
   </div>
   <div class='ocr_carea' id='block_1_22' title="bbox 1549 1899 2646 1942">
    <p class='ocr_par' dir='ltr' id='par_1_30' title="bbox 1549 1899 2646 1942">
     <span class='ocr_line' id='line_1_83' title="bbox 1549 1899 2646 1942; baseline 0.002 -11"><span class='ocrx_word' id='word_1_563' title='bbox 1549 1902 1662 1942; x_wconf 88' lang='lat' dir='ltr'>ptione</span> <span class='ocrx_word' id='word_1_564' title='bbox 1692 1900 1856 1931; x_wconf 89' lang='lat' dir='ltr'>deterioris</span> <span class='ocrx_word' id='word_1_565' title='bbox 1885 1899 2098 1938; x_wconf 89' lang='lat' dir='ltr'>conditionis;</span> <span class='ocrx_word' id='word_1_566' title='bbox 2127 1910 2189 1931; x_wconf 91' lang='lat' dir='ltr'>nec</span> <span class='ocrx_word' id='word_1_567' title='bbox 2213 1900 2320 1931; x_wconf 84' lang='lat' dir='ltr'>divina</span> <span class='ocrx_word' id='word_1_568' title='bbox 2346 1900 2472 1941; x_wconf 82' lang='lat' dir='ltr'>largitas</span> <span class='ocrx_word' id='word_1_569' title='bbox 2495 1910 2534 1932; x_wconf 83' lang='lat' dir='ltr'>ex</span> <span class='ocrx_word' id='word_1_570' title='bbox 2555 1900 2620 1934; x_wconf 80' lang='lat' dir='ltr'>hoc</span> <span class='ocrx_word' id='word_1_571' title='bbox 2642 1930 2646 1933; x_wconf 95' lang='lat'>.</span> 
     </span>
    </p>
   </div>
   <div class='ocr_carea' id='block_1_23' title="bbox 1550 1944 2620 1986">
    <p class='ocr_par' dir='ltr' id='par_1_31' title="bbox 1550 1944 2620 1986">
     <span class='ocr_line' id='line_1_84' title="bbox 1550 1944 2620 1986; baseline 0.001 -11"><span class='ocrx_word' id='word_1_572' title='bbox 1550 1945 1640 1986; x_wconf 92' lang='lat' dir='ltr'>quod</span> <span class='ocrx_word' id='word_1_573' title='bbox 1663 1944 1821 1986; x_wconf 88' lang='lat' dir='ltr'>impendit</span> <span class='ocrx_word' id='word_1_574' title='bbox 1844 1950 2089 1981; x_wconf 86' lang='lat' dir='ltr'>sacramentum,</span> <span class='ocrx_word' id='word_1_575' title='bbox 2114 1950 2266 1976; x_wconf 88' lang='lat' dir='ltr'>arctatur:</span> <span class='ocrx_word' id='word_1_576' title='bbox 2292 1953 2495 1985; x_wconf 89' lang='lat' dir='ltr'>consequens</span> <span class='ocrx_word' id='word_1_577' title='bbox 2515 1949 2562 1976; x_wconf 86' lang='lat' dir='ltr'>est</span> <span class='ocrx_word' id='word_1_578' title='bbox 2583 1950 2620 1976; x_wconf 92' lang='lat' dir='ltr'>ut</span> 
     </span>
    </p>
   </div>
   <div class='ocr_carea' id='block_1_24' title="bbox 1549 1989 2630 2030">
    <p class='ocr_par' dir='ltr' id='par_1_32' title="bbox 1549 1989 2630 2030">
     <span class='ocr_line' id='line_1_85' title="bbox 1549 1989 2630 2030; baseline 0 -11"><span class='ocrx_word' id='word_1_579' title='bbox 1549 1990 1651 2030; x_wconf 90' lang='lat' dir='ltr'>possit</span> <span class='ocrx_word' id='word_1_580' title='bbox 1679 1989 1823 2020; x_wconf 89' lang='lat' dir='ltr'>minister</span> <span class='ocrx_word' id='word_1_581' title='bbox 1850 1990 2020 2029; x_wconf 88' lang='lat' dir='ltr'>impetrare</span> <span class='ocrx_word' id='word_1_582' title='bbox 2042 1989 2199 2020; x_wconf 90' lang='lat' dir='ltr'>maiorem</span> <span class='ocrx_word' id='word_1_583' title='bbox 2221 1990 2354 2030; x_wconf 87' lang='lat' dir='ltr'>gratiam</span> <span class='ocrx_word' id='word_1_584' title='bbox 2380 1989 2549 2030; x_wconf 82' lang='lat' dir='ltr'>recipienti</span> <span class='ocrx_word' id='word_1_585' title='bbox 2570 1992 2630 2019; x_wconf 83' lang='lat' dir='ltr'>sa-&#39;</span> 
     </span>
    </p>
   </div>
   <div class='ocr_carea' id='block_1_25' title="bbox 1549 2033 2621 2519">
    <p class='ocr_par' dir='ltr' id='par_1_33' title="bbox 1549 2033 2621 2252">
     <span class='ocr_line' id='line_1_86' title="bbox 1550 2033 2620 2074; baseline 0 -10"><span class='ocrx_word' id='word_1_586' title='bbox 1550 2039 1752 2065; x_wconf 84' lang='lat' dir='ltr'>eramentum</span> <span class='ocrx_word' id='word_1_587' title='bbox 1775 2043 1874 2074; x_wconf 85' lang='lat' dir='ltr'>quam</span> <span class='ocrx_word' id='word_1_588' title='bbox 1890 2033 1929 2063; x_wconf 92' lang='lat' dir='ltr'>sit</span> <span class='ocrx_word' id='word_1_589' title='bbox 1943 2033 1997 2072; x_wconf 85' lang='lat' dir='ltr'>illa</span> <span class='ocrx_word' id='word_1_590' title='bbox 2013 2042 2096 2074; x_wconf 82' lang='lat' dir='ltr'>quae</span> <span class='ocrx_word' id='word_1_591' title='bbox 2111 2034 2296 2074; x_wconf 85' lang='lat' dir='ltr'>regulariter</span> <span class='ocrx_word' id='word_1_592' title='bbox 2310 2042 2369 2074; x_wconf 90' lang='lat' dir='ltr'>per</span> <span class='ocrx_word' id='word_1_593' title='bbox 2382 2038 2620 2064; x_wconf 84' lang='lat' dir='ltr'>sacramentum</span> 
     </span>
     <span class='ocr_line' id='line_1_87' title="bbox 1550 2077 2619 2118; baseline -0.001 -9"><span class='ocrx_word' id='word_1_594' title='bbox 1550 2079 1660 2115; x_wconf 82' lang='lat' dir='ltr'>datur,</span> <span class='ocrx_word' id='word_1_595' title='bbox 1690 2083 1745 2109; x_wconf 88' lang='lat' dir='ltr'>aut</span> <span class='ocrx_word' id='word_1_596' title='bbox 1775 2087 1858 2118; x_wconf 87' lang='lat' dir='ltr'>quae</span> <span class='ocrx_word' id='word_1_597' title='bbox 1885 2078 1932 2108; x_wconf 91' lang='lat' dir='ltr'>illi</span> <span class='ocrx_word' id='word_1_598' title='bbox 1959 2078 2083 2108; x_wconf 86' lang='lat' dir='ltr'>seclusa</span> <span class='ocrx_word' id='word_1_599' title='bbox 2111 2078 2247 2108; x_wconf 85' lang='lat' dir='ltr'>ministri</span> <span class='ocrx_word' id='word_1_600' title='bbox 2274 2077 2448 2108; x_wconf 89' lang='lat' dir='ltr'>devotione</span> <span class='ocrx_word' id='word_1_601' title='bbox 2475 2077 2619 2115; x_wconf 77' lang='lat' dir='ltr'>daretur3</span> 
     </span>
     <span class='ocr_line' id='line_1_88' title="bbox 1550 2121 2620 2163; baseline 0 -9"><span class='ocrx_word' id='word_1_602' title='bbox 1550 2124 1632 2154; x_wconf 88' lang='lat' dir='ltr'>sicut</span> <span class='ocrx_word' id='word_1_603' title='bbox 1661 2127 1771 2163; x_wconf 90' lang='lat' dir='ltr'>posset</span> <span class='ocrx_word' id='word_1_604' title='bbox 1798 2121 1934 2153; x_wconf 88' lang='lat' dir='ltr'>eandem</span> <span class='ocrx_word' id='word_1_605' title='bbox 1955 2123 2112 2154; x_wconf 83' lang='lat' dir='ltr'>maiorem</span> <span class='ocrx_word' id='word_1_606' title='bbox 2135 2123 2267 2163; x_wconf 83' lang='lat' dir='ltr'>gratiam</span> <span class='ocrx_word' id='word_1_607' title='bbox 2299 2127 2386 2153; x_wconf 86' lang='lat' dir='ltr'>extra</span> <span class='ocrx_word' id='word_1_608' title='bbox 2407 2122 2620 2154; x_wconf 86' lang='lat' dir='ltr'>ministerium</span> 
     </span>
     <span class='ocr_line' id='line_1_89' title="bbox 1549 2167 2621 2208; baseline -0.001 -10"><span class='ocrx_word' id='word_1_609' title='bbox 1549 2167 1738 2198; x_wconf 86' lang='lat' dir='ltr'>sacramenti</span> <span class='ocrx_word' id='word_1_610' title='bbox 1761 2167 1940 2207; x_wconf 85' lang='lat' dir='ltr'>impetrare.</span> <span class='ocrx_word' id='word_1_611' title='bbox 1964 2167 2013 2198; x_wconf 86' lang='lat' dir='ltr'>Ac</span> <span class='ocrx_word' id='word_1_612' title='bbox 2034 2176 2092 2207; x_wconf 90' lang='lat' dir='ltr'>per</span> <span class='ocrx_word' id='word_1_613' title='bbox 2107 2167 2181 2203; x_wconf 89' lang='lat' dir='ltr'>hoc,</span> <span class='ocrx_word' id='word_1_614' title='bbox 2204 2167 2366 2198; x_wconf 87' lang='lat' dir='ltr'>maioritas</span> <span class='ocrx_word' id='word_1_615' title='bbox 2381 2167 2498 2207; x_wconf 77' lang='lat' dir='ltr'>gratiae</span> <span class='ocrx_word' id='word_1_616' title='bbox 2512 2171 2621 2208; x_wconf 83' lang='lat' dir='ltr'>potest</span> 
     </span>
     <span class='ocr_line' id='line_1_90' title="bbox 1549 2210 2619 2252; baseline 0 -10"><span class='ocrx_word' id='word_1_617' title='bbox 1549 2213 1666 2243; x_wconf 86' lang='lat' dir='ltr'>habere</span> <span class='ocrx_word' id='word_1_618' title='bbox 1689 2212 1846 2242; x_wconf 88' lang='lat' dir='ltr'>rationem</span> <span class='ocrx_word' id='word_1_619' title='bbox 1870 2212 1985 2242; x_wconf 83' lang='lat' dir='ltr'>annexi</span> <span class='ocrx_word' id='word_1_620' title='bbox 2008 2210 2214 2252; x_wconf 85' lang='lat' dir='ltr'>impetrabilis</span> <span class='ocrx_word' id='word_1_621' title='bbox 2231 2221 2269 2242; x_wconf 87' lang='lat' dir='ltr'>ex</span> <span class='ocrx_word' id='word_1_622' title='bbox 2284 2211 2420 2243; x_wconf 83' lang='lat' dir='ltr'>ministri</span> <span class='ocrx_word' id='word_1_623' title='bbox 2435 2210 2619 2246; x_wconf 87' lang='lat' dir='ltr'>devotione.</span> 
     </span>
    </p>

    <p class='ocr_par' dir='ltr' id='par_1_34' title="bbox 1549 2254 2620 2519">
     <span class='ocr_line' id='line_1_91' title="bbox 1605 2254 2620 2297; baseline -0.002 -10"><span class='ocrx_word' id='word_1_624' title='bbox 1605 2256 1673 2287; x_wconf 90' lang='lat' dir='ltr'>Nec</span> <span class='ocrx_word' id='word_1_625' title='bbox 1696 2261 1866 2297; x_wconf 87' lang='lat' dir='ltr'>propterea</span> <span class='ocrx_word' id='word_1_626' title='bbox 1882 2255 2027 2296; x_wconf 91' lang='lat' dir='ltr'>sequitur</span> <span class='ocrx_word' id='word_1_627' title='bbox 2050 2255 2140 2296; x_wconf 90' lang='lat' dir='ltr'>quod</span> <span class='ocrx_word' id='word_1_628' title='bbox 2154 2256 2267 2292; x_wconf 89' lang='lat' dir='ltr'>maior,</span> <span class='ocrx_word' id='word_1_629' title='bbox 2285 2265 2342 2286; x_wconf 91' lang='lat' dir='ltr'>seu</span> <span class='ocrx_word' id='word_1_630' title='bbox 2357 2255 2472 2286; x_wconf 91' lang='lat' dir='ltr'>melior</span> <span class='ocrx_word' id='word_1_631' title='bbox 2488 2254 2620 2286; x_wconf 80' lang='lat' dir='ltr'>effectus</span> 
     </span>
     <span class='ocr_line' id='line_1_92' title="bbox 1550 2299 2619 2340; baseline -0.001 -9"><span class='ocrx_word' id='word_1_632' title='bbox 1550 2301 1738 2331; x_wconf 87' lang='lat' dir='ltr'>sacramenti</span> <span class='ocrx_word' id='word_1_633' title='bbox 1762 2300 1855 2331; x_wconf 89' lang='lat' dir='ltr'>detur</span> <span class='ocrx_word' id='word_1_634' title='bbox 1876 2309 1935 2340; x_wconf 89' lang='lat' dir='ltr'>per</span> <span class='ocrx_word' id='word_1_635' title='bbox 1956 2299 2124 2331; x_wconf 88' lang='lat' dir='ltr'>meliorem</span> <span class='ocrx_word' id='word_1_636' title='bbox 2147 2300 2339 2330; x_wconf 89' lang='lat' dir='ltr'>ministrum.</span> <span class='ocrx_word' id='word_1_637' title='bbox 2363 2299 2529 2337; x_wconf 87' lang='lat' dir='ltr'>Quoniam</span> <span class='ocrx_word' id='word_1_638' title='bbox 2550 2308 2619 2330; x_wconf 80' lang='lat' dir='ltr'>ma—</span> 
     </span>
     <span class='ocr_line' id='line_1_93' title="bbox 1549 2342 2620 2384; baseline -0.002 -8"><span class='ocrx_word' id='word_1_639' title='bbox 1549 2346 1658 2376; x_wconf 87' lang='lat' dir='ltr'>ioritas</span> <span class='ocrx_word' id='word_1_640' title='bbox 1681 2345 1735 2375; x_wconf 86' lang='lat' dir='ltr'>illa</span> <span class='ocrx_word' id='word_1_641' title='bbox 1756 2345 1924 2384; x_wconf 68' lang='lat' dir='ltr'>impetrata</span> <span class='ocrx_word' id='word_1_642' title='bbox 1945 2353 2015 2375; x_wconf 91' lang='lat' dir='ltr'>non</span> <span class='ocrx_word' id='word_1_643' title='bbox 2037 2344 2167 2374; x_wconf 86' lang='lat' dir='ltr'>haberet</span> <span class='ocrx_word' id='word_1_644' title='bbox 2188 2345 2347 2374; x_wconf 85' lang='lat' dir='ltr'>rationem</span> <span class='ocrx_word' id='word_1_645' title='bbox 2369 2342 2502 2374; x_wconf 85' lang='lat' dir='ltr'>effectus</span> <span class='ocrx_word' id='word_1_646' title='bbox 2517 2353 2620 2374; x_wconf 80' lang='lat' dir='ltr'>sacra-</span> 
     </span>
     <span class='ocr_line' id='line_1_94' title="bbox 1550 2388 2620 2426; baseline -0.001 -6"><span class='ocrx_word' id='word_1_647' title='bbox 1550 2390 1668 2426; x_wconf 86' lang='lat' dir='ltr'>menti,</span> <span class='ocrx_word' id='word_1_648' title='bbox 1692 2388 1748 2419; x_wconf 92' lang='lat' dir='ltr'>sed</span> <span class='ocrx_word' id='word_1_649' title='bbox 1770 2389 1929 2420; x_wconf 89' lang='lat' dir='ltr'>rationem</span> <span class='ocrx_word' id='word_1_650' title='bbox 1952 2389 2067 2419; x_wconf 82' lang='lat' dir='ltr'>annexi</span> <span class='ocrx_word' id='word_1_651' title='bbox 2095 2388 2223 2419; x_wconf 90' lang='lat' dir='ltr'>effectui</span> <span class='ocrx_word' id='word_1_652' title='bbox 2245 2388 2449 2419; x_wconf 85' lang='lat' dir='ltr'>sacramenti:</span> <span class='ocrx_word' id='word_1_653' title='bbox 2484 2393 2516 2419; x_wconf 91' lang='lat' dir='ltr'>et</span> <span class='ocrx_word' id='word_1_654' title='bbox 2538 2393 2620 2421; x_wconf 80' lang='lat' dir='ltr'>esset</span> 
     </span>
     <span class='ocr_line' id='line_1_95' title="bbox 1552 2432 2620 2468; baseline -0.001 -4"><span class='ocrx_word' id='word_1_655' title='bbox 1552 2433 1683 2465; x_wconf 87' lang='lat' dir='ltr'>effectus</span> <span class='ocrx_word' id='word_1_656' title='bbox 1707 2443 1724 2464; x_wconf 87' lang='lat' dir='ltr'>a</span> <span class='ocrx_word' id='word_1_657' title='bbox 1747 2433 1818 2464; x_wconf 91' lang='lat' dir='ltr'>solo</span> <span class='ocrx_word' id='word_1_658' title='bbox 1843 2433 1914 2463; x_wconf 91' lang='lat' dir='ltr'>Deo</span> <span class='ocrx_word' id='word_1_659' title='bbox 1943 2433 2197 2464; x_wconf 88' lang='lat' dir='ltr'>concomitanter</span> <span class='ocrx_word' id='word_1_660' title='bbox 2220 2432 2260 2463; x_wconf 90' lang='lat' dir='ltr'>ad</span> <span class='ocrx_word' id='word_1_661' title='bbox 2282 2438 2534 2468; x_wconf 86' lang='lat' dir='ltr'>sacramentum,</span> <span class='ocrx_word' id='word_1_662' title='bbox 2558 2432 2620 2463; x_wconf 61' lang='lat' dir='ltr'>im⁶</span> 
     </span>
     <span class='ocr_line' id='line_1_96' title="bbox 1551 2477 2121 2519; baseline -0.002 -11"><span class='ocrx_word' id='word_1_663' title='bbox 1551 2483 1693 2519; x_wconf 90' lang='lat' dir='ltr'>petratus</span> <span class='ocrx_word' id='word_1_664' title='bbox 1717 2487 1754 2508; x_wconf 86' lang='lat' dir='ltr'>ex</span> <span class='ocrx_word' id='word_1_665' title='bbox 1779 2477 1952 2508; x_wconf 90' lang='lat' dir='ltr'>devotione</span> <span class='ocrx_word' id='word_1_666' title='bbox 1976 2477 2121 2508; x_wconf 89' lang='lat' dir='ltr'>ministri.</span> 
     </span>
    </p>
   </div>
   <div class='ocr_carea' id='block_1_26' title="bbox 841 2626 2206 2767">
    <p class='ocr_par' dir='ltr' id='par_1_35' title="bbox 841 2626 2206 2767">
     <span class='ocr_line' id='line_1_97' title="bbox 1194 2626 1844 2685; baseline 0 -2"><span class='ocrx_word' id='word_1_667' title='bbox 1194 2641 1513 2685; x_wconf 78' lang='lat' dir='ltr'>ARTicULUs</span> <span class='ocrx_word' id='word_1_668' title='bbox 1543 2626 1844 2684; x_wconf 76' lang='lat' dir='ltr'>SECUNDUS</span> 
     </span>
     <span class='ocr_line' id='line_1_98' title="bbox 841 2733 2206 2767; baseline -0.002 0"><span class='ocrx_word' id='word_1_669' title='bbox 841 2736 998 2767; x_wconf 87' lang='lat' dir='ltr'><strong>UTRUM</strong></span> <span class='ocrx_word' id='word_1_670' title='bbox 1022 2735 1321 2766; x_wconf 90' lang='lat' dir='ltr'>SACRAMENTA</span> <span class='ocrx_word' id='word_1_671' title='bbox 1344 2734 1442 2766; x_wconf 91' lang='lat' dir='ltr'>SINT</span> <span class='ocrx_word' id='word_1_672' title='bbox 1465 2734 1614 2766; x_wconf 91' lang='lat' dir='ltr'>SOLUM</span> <span class='ocrx_word' id='word_1_673' title='bbox 1638 2735 1696 2764; x_wconf 92' lang='lat' dir='ltr'>EX</span> <span class='ocrx_word' id='word_1_674' title='bbox 1720 2733 2032 2765; x_wconf 90' lang='lat' dir='ltr'>INSTITUTIONE</span> <span class='ocrx_word' id='word_1_675' title='bbox 2056 2733 2206 2765; x_wconf 87' lang='lat' dir='ltr'>DIVINA</span> 
     </span>
    </p>
   </div>
   <div class='ocr_carea' id='block_1_27' title="bbox 748 2813 2298 2883">
    <p class='ocr_par' dir='ltr' id='par_1_36' title="bbox 748 2813 2298 2883">
     <span class='ocr_line' id='line_1_99' title="bbox 748 2813 2298 2848; baseline -0.001 -8"><span class='ocrx_word' id='word_1_676' title='bbox 748 2815 839 2840; x_wconf 72' lang='lat' dir='ltr'>1⁵⁸⁶ss</span> <span class='ocrx_word' id='word_1_677' title='bbox 840 2823 911 2848; x_wconf 89' lang='lat' dir='ltr'>,qu.</span> <span class='ocrx_word' id='word_1_678' title='bbox 932 2822 1002 2845; x_wconf 83' lang='lat' dir='ltr'>cvm,</span> <span class='ocrx_word' id='word_1_679' title='bbox 1022 2819 1068 2840; x_wconf 81' lang='lat' dir='ltr'>art.</span> <span class='ocrx_word' id='word_1_680' title='bbox 1090 2821 1119 2844; x_wconf 85' lang='lat'>2;</span> <span class='ocrx_word' id='word_1_681' title='bbox 1138 2813 1171 2838; x_wconf 93' lang='lat' dir='ltr'>1v</span> <span class='ocrx_word' id='word_1_682' title='bbox 1192 2814 1275 2843; x_wconf 77' lang='lat' dir='ltr'>Sent„</span> <span class='ocrx_word' id='word_1_683' title='bbox 1295 2813 1352 2840; x_wconf 85' lang='lat' dir='ltr'>dist.</span> <span class='ocrx_word' id='word_1_684' title='bbox 1371 2821 1399 2843; x_wconf 87' lang='grc' dir='ltr'>ιι,</span> <span class='ocrx_word' id='word_1_685' title='bbox 1418 2821 1463 2846; x_wconf 90' lang='lat' dir='ltr'>qu.</span> <span class='ocrx_word' id='word_1_686' title='bbox 1482 2821 1499 2843; x_wconf 84' lang='lat'>1,</span> <span class='ocrx_word' id='word_1_687' title='bbox 1519 2818 1566 2839; x_wconf 80' lang='lat' dir='ltr'>art.</span> <span class='ocrx_word' id='word_1_688' title='bbox 1585 2821 1610 2845; x_wconf 89' lang='grc'>4,</span> <span class='ocrx_word' id='word_1_689' title='bbox 1630 2813 1679 2846; x_wconf 75' lang='lat' dir='ltr'>qu⁸</span> <span class='ocrx_word' id='word_1_690' title='bbox 1698 2821 1730 2845; x_wconf 90' lang='lat'>4,</span> <span class='ocrx_word' id='word_1_691' title='bbox 1749 2813 1808 2838; x_wconf 75' lang='lat' dir='ltr'>dist.</span> <span class='ocrx_word' id='word_1_692' title='bbox 1826 2820 1870 2845; x_wconf 87' lang='lat' dir='ltr'>vn,</span> <span class='ocrx_word' id='word_1_693' title='bbox 1889 2821 1935 2846; x_wconf 88' lang='lat' dir='ltr'>qu.</span> <span class='ocrx_word' id='word_1_694' title='bbox 1953 2820 1971 2844; x_wconf 85' lang='grc' dir='ltr'>ι,</span> <span class='ocrx_word' id='word_1_695' title='bbox 1990 2819 2037 2838; x_wconf 79' lang='lat' dir='ltr'>an.</span> <span class='ocrx_word' id='word_1_696' title='bbox 2058 2820 2080 2844; x_wconf 84' lang='grc' dir='ltr'>ι,</span> <span class='ocrx_word' id='word_1_697' title='bbox 2099 2813 2149 2846; x_wconf 68' lang='lat' dir='ltr'>qu*</span> <span class='ocrx_word' id='word_1_698' title='bbox 2170 2819 2198 2843; x_wconf 88' lang='grc' dir='ltr'>ι,</span> <span class='ocrx_word' id='word_1_699' title='bbox 2217 2813 2298 2843; x_wconf 78' lang='lat' dir='ltr'>ad13</span> 
     </span>
     <span class='ocr_line' id='line_1_100' title="bbox 766 2832 2280 2883; baseline -0.001 -8"><span class='ocrx_word' id='word_1_700' title='bbox 766 2851 824 2876; x_wconf 86' lang='lat' dir='ltr'>dist.</span> <span class='ocrx_word' id='word_1_701' title='bbox 842 2858 895 2881; x_wconf 84' lang='lat' dir='ltr'>xm,</span> <span class='ocrx_word' id='word_1_702' title='bbox 915 2858 960 2883; x_wconf 84' lang='lat' dir='ltr'>qu.</span> <span class='ocrx_word' id='word_1_703' title='bbox 978 2857 996 2881; x_wconf 87' lang='lat'>1,</span> <span class='ocrx_word' id='word_1_704' title='bbox 1015 2855 1061 2875; x_wconf 88' lang='lat' dir='ltr'>art.</span> <span class='ocrx_word' id='word_1_705' title='bbox 1082 2857 1106 2881; x_wconf 89' lang='lat'>2,</span> <span class='ocrx_word' id='word_1_706' title='bbox 1124 2850 1174 2882; x_wconf 80' lang='lat' dir='ltr'>qu·</span> <span class='ocrx_word' id='word_1_707' title='bbox 1193 2848 1217 2880; x_wconf 83' lang='lat'>6,</span> <span class='ocrx_word' id='word_1_708' title='bbox 1237 2849 1269 2874; x_wconf 84' lang='lat' dir='ltr'>ad</span> <span class='ocrx_word' id='word_1_709' title='bbox 1290 2856 1312 2879; x_wconf 86' lang='grc' dir='ltr'>ι.</span> <span class='ocrx_word' id='word_1_710' title='bbox 1334 2848 1363 2880; x_wconf 86' lang='grc'>3;</span> <span class='ocrx_word' id='word_1_711' title='bbox 1383 2849 1443 2874; x_wconf 87' lang='lat' dir='ltr'>dist.</span> <span class='ocrx_word' id='word_1_712' title='bbox 1461 2856 1521 2879; x_wconf 86' lang='lat' dir='ltr'>xvu,</span> <span class='ocrx_word' id='word_1_713' title='bbox 1540 2856 1584 2882; x_wconf 89' lang='lat' dir='ltr'>qu.</span> <span class='ocrx_word' id='word_1_714' title='bbox 1603 2856 1640 2879; x_wconf 84' lang='lat'>111,</span> <span class='ocrx_word' id='word_1_715' title='bbox 1660 2854 1706 2874; x_wconf 84' lang='lat' dir='ltr'>art.</span> <span class='ocrx_word' id='word_1_716' title='bbox 1728 2855 1751 2879; x_wconf 85' lang='lat'>1,</span> <span class='ocrx_word' id='word_1_717' title='bbox 1771 2848 1819 2881; x_wconf 67' lang='lat' dir='ltr'>qu*</span> <span class='ocrx_word' id='word_1_718' title='bbox 1841 2847 1921 2879; x_wconf 80' lang='lat' dir='ltr'>5;1n</span> <span class='ocrx_word' id='word_1_719' title='bbox 1941 2832 2024 2878; x_wconf 74' lang='lat' dir='ltr'>Idan„</span> <span class='ocrx_word' id='word_1_720' title='bbox 2043 2856 2099 2881; x_wconf 82' lang='lat' dir='ltr'>cap.</span> <span class='ocrx_word' id='word_1_721' title='bbox 2118 2856 2135 2880; x_wconf 88' lang='lat'>1,</span> <span class='ocrx_word' id='word_1_722' title='bbox 2155 2849 2211 2874; x_wconf 83' lang='lat' dir='ltr'>lect.</span> <span class='ocrx_word' id='word_1_723' title='bbox 2230 2855 2280 2874; x_wconf 76' lang='lat' dir='ltr'>xlv.</span> 
     </span>
    </p>
   </div>
   <div class='ocr_carea' id='block_1_28' title="bbox 547 2926 1524 2988">
    <p class='ocr_par' dir='ltr' id='par_1_37' title="bbox 547 2926 1524 2988">
     <span class='ocr_line' id='line_1_101' title="bbox 547 2926 1524 2988; baseline -0.004 -19"><span class='ocrx_word' id='word_1_724' title='bbox 547 2969 561 2981; x_wconf 60' lang='lat'><em>„</em></span> <span class='ocrx_word' id='word_1_725' title='bbox 584 2956 598 2959; x_wconf 64' lang='grc'>»-</span> <span class='ocrx_word' id='word_1_726' title='bbox 623 2944 663 2969; x_wconf 89' lang='lat' dir='ltr'>D</span> <span class='ocrx_word' id='word_1_727' title='bbox 678 2942 868 2968; x_wconf 79' lang='lat' dir='ltr'>sECUNDUM</span> <span class='ocrx_word' id='word_1_728' title='bbox 888 2942 940 2967; x_wconf 76' lang='lat' dir='ltr'>sm</span> <span class='ocrx_word' id='word_1_729' title='bbox 959 2941 1195 2967; x_wconf 68' lang='lat' dir='ltr'>moenum-ua.</span> <span class='ocrx_word' id='word_1_730' title='bbox 1211 2928 1373 2966; x_wconf 92' lang='lat' dir='ltr'>Videtur</span> <span class='ocrx_word' id='word_1_731' title='bbox 1388 2928 1495 2988; x_wconf 80' lang='lat' dir='ltr'>quod</span> <span class='ocrx_word' id='word_1_732' title='bbox 1520 2926 1524 2979; x_wconf 76' lang='lat'><strong>}</strong></span> 
     </span>
    </p>
   </div>
   <div class='ocr_carea' id='block_1_29' title="bbox 433 2981 1498 3403">
    <p class='ocr_par' dir='ltr' id='par_1_38' title="bbox 433 2981 1498 3403">
     <span class='ocr_line' id='line_1_102' title="bbox 614 2981 1496 3022; baseline -0.003 -1"><span class='ocrx_word' id='word_1_733' title='bbox 614 3013 615 3017; x_wconf 62' lang='lat'>,</span> <span class='ocrx_word' id='word_1_734' title='bbox 642 2991 881 3022; x_wconf 88' lang='lat' dir='ltr'>sacramenta</span> <span class='ocrx_word' id='word_1_735' title='bbox 909 2995 989 3020; x_wconf 91' lang='lat' dir='ltr'>non</span> <span class='ocrx_word' id='word_1_736' title='bbox 1018 2982 1092 3020; x_wconf 89' lang='lat' dir='ltr'>sint</span> <span class='ocrx_word' id='word_1_737' title='bbox 1119 2983 1248 3019; x_wconf 90' lang='lat' dir='ltr'>solum</span> <span class='ocrx_word' id='word_1_738' title='bbox 1276 2994 1323 3019; x_wconf 88' lang='lat' dir='ltr'>ex</span> <span class='ocrx_word' id='word_1_739' title='bbox 1350 2981 1496 3019; x_wconf 85' lang='lat' dir='ltr'>institu-</span> 
     </span>
     <span class='ocr_line' id='line_1_103' title="bbox 588 3034 1496 3085; baseline -0.002 -10.917"><span class='ocrx_word' id='word_1_740' title='bbox 588 3037 746 3085; x_wconf 51' lang='lat' dir='ltr'>atione</span> <span class='ocrx_word' id='word_1_741' title='bbox 775 3037 917 3074; x_wconf 90' lang='lat' dir='ltr'>divina.</span> <span class='ocrx_word' id='word_1_742' title='bbox 947 3037 1005 3074; x_wconf 91' lang='lat' dir='ltr'>Ea</span> <span class='ocrx_word' id='word_1_743' title='bbox 1033 3035 1138 3073; x_wconf 86' lang='lat' dir='ltr'>enim</span> <span class='ocrx_word' id='word_1_744' title='bbox 1157 3047 1258 3085; x_wconf 90' lang='lat' dir='ltr'>quae</span> <span class='ocrx_word' id='word_1_745' title='bbox 1286 3043 1375 3072; x_wconf 92' lang='lat' dir='ltr'>sunt</span> <span class='ocrx_word' id='word_1_746' title='bbox 1401 3034 1496 3072; x_wconf 90' lang='lat' dir='ltr'>divi-</span> 
     </span>
     <span class='ocr_line' id='line_1_104' title="bbox 622 3088 1497 3135; baseline -0.002 -7.946"><span class='ocrx_word' id='word_1_747' title='bbox 622 3090 745 3127; x_wconf 89' lang='lat' dir='ltr'>nitus</span> <span class='ocrx_word' id='word_1_748' title='bbox 765 3089 944 3135; x_wconf 91' lang='lat' dir='ltr'>instituta,</span> <span class='ocrx_word' id='word_1_749' title='bbox 965 3089 1169 3127; x_wconf 88' lang='lat' dir='ltr'>traduntur</span> <span class='ocrx_word' id='word_1_750' title='bbox 1196 3088 1308 3126; x_wconf 92' lang='lat' dir='ltr'>nobis</span> <span class='ocrx_word' id='word_1_751' title='bbox 1331 3089 1371 3125; x_wconf 91' lang='lat' dir='ltr'>in</span> <span class='ocrx_word' id='word_1_752' title='bbox 1391 3100 1497 3125; x_wconf 89' lang='lat' dir='ltr'>sacra</span> 
     </span>
     <span class='ocr_line' id='line_1_105' title="bbox 434 3102 1497 3192; baseline -0.003 -11"><span class='ocrx_word' id='word_1_753' title='bbox 434 3102 639 3192; x_wconf 84' lang='lat' dir='ltr'>Scriptura.</span> <span class='ocrx_word' id='word_1_754' title='bbox 671 3143 747 3180; x_wconf 91' lang='lat' dir='ltr'>Sed</span> <span class='ocrx_word' id='word_1_755' title='bbox 776 3143 970 3191; x_wconf 90' lang='lat' dir='ltr'>quaedam</span> <span class='ocrx_word' id='word_1_756' title='bbox 995 3150 1161 3190; x_wconf 83' lang='lat' dir='ltr'>aguntur</span> <span class='ocrx_word' id='word_1_757' title='bbox 1184 3142 1224 3179; x_wconf 91' lang='lat' dir='ltr'>in</span> <span class='ocrx_word' id='word_1_758' title='bbox 1250 3141 1497 3179; x_wconf 85' lang='lat' dir='ltr'>sacramentis</span> 
     </span>
     <span class='ocr_line' id='line_1_106' title="bbox 434 3194 1495 3245; baseline -0.003 -11"><span class='ocrx_word' id='word_1_759' title='bbox 434 3198 481 3234; x_wconf 92' lang='lat' dir='ltr'>de</span> <span class='ocrx_word' id='word_1_760' title='bbox 509 3195 651 3245; x_wconf 90' lang='lat' dir='ltr'>quibus</span> <span class='ocrx_word' id='word_1_761' title='bbox 688 3197 792 3232; x_wconf 90' lang='lat' dir='ltr'>nulla</span> <span class='ocrx_word' id='word_1_762' title='bbox 819 3195 863 3232; x_wconf 88' lang='lat' dir='ltr'>fit</span> <span class='ocrx_word' id='word_1_763' title='bbox 890 3195 1035 3232; x_wconf 87' lang='lat' dir='ltr'>mentio</span> <span class='ocrx_word' id='word_1_764' title='bbox 1070 3195 1110 3231; x_wconf 94' lang='lat' dir='ltr'>in</span> <span class='ocrx_word' id='word_1_765' title='bbox 1139 3207 1245 3232; x_wconf 88' lang='lat' dir='ltr'>sacra</span> <span class='ocrx_word' id='word_1_766' title='bbox 1282 3194 1495 3243; x_wconf 91' lang='lat' dir='ltr'>Scriptura:</span> 
     </span>
     <span class='ocr_line' id='line_1_107' title="bbox 433 3247 1498 3299; baseline -0.003 -13"><span class='ocrx_word' id='word_1_767' title='bbox 433 3257 526 3299; x_wconf 92' lang='lat' dir='ltr'>puta</span> <span class='ocrx_word' id='word_1_768' title='bbox 553 3250 601 3286; x_wconf 92' lang='lat' dir='ltr'>de</span> <span class='ocrx_word' id='word_1_769' title='bbox 621 3248 824 3286; x_wconf 89' lang='lat' dir='ltr'>chrismate</span> <span class='ocrx_word' id='word_1_770' title='bbox 844 3260 923 3296; x_wconf 93' lang='lat' dir='ltr'>quo</span> <span class='ocrx_word' id='word_1_771' title='bbox 944 3247 1122 3284; x_wconf 90' lang='lat' dir='ltr'>homines</span> <span class='ocrx_word' id='word_1_772' title='bbox 1149 3247 1440 3292; x_wconf 87' lang='lat' dir='ltr'>confirmantur,</span> <span class='ocrx_word' id='word_1_773' title='bbox 1462 3254 1498 3283; x_wconf 95' lang='lat' dir='ltr'>et</span> 
     </span>
     <span class='ocr_line' id='line_1_108' title="bbox 433 3299 1497 3351; baseline -0.003 -12"><span class='ocrx_word' id='word_1_774' title='bbox 433 3303 481 3340; x_wconf 93' lang='lat' dir='ltr'>de</span> <span class='ocrx_word' id='word_1_775' title='bbox 510 3304 596 3339; x_wconf 92' lang='lat' dir='ltr'>oleo</span> <span class='ocrx_word' id='word_1_776' title='bbox 625 3314 704 3351; x_wconf 92' lang='lat' dir='ltr'>quo</span> <span class='ocrx_word' id='word_1_777' title='bbox 725 3301 939 3338; x_wconf 91' lang='lat' dir='ltr'>sacerdotes</span> <span class='ocrx_word' id='word_1_778' title='bbox 967 3300 1215 3348; x_wconf 86' lang='lat' dir='ltr'>inunguntur,</span> <span class='ocrx_word' id='word_1_779' title='bbox 1237 3307 1273 3336; x_wconf 90' lang='lat' dir='ltr'>et</span> <span class='ocrx_word' id='word_1_780' title='bbox 1300 3300 1348 3336; x_wconf 92' lang='lat' dir='ltr'>de</span> <span class='ocrx_word' id='word_1_781' title='bbox 1367 3299 1497 3336; x_wconf 90' lang='lat' dir='ltr'>multis</span> 
     </span>
     <span class='ocr_line' id='line_1_109' title="bbox 433 3351 1496 3403; baseline -0.005 -10"><span class='ocrx_word' id='word_1_782' title='bbox 433 3355 524 3403; x_wconf 86' lang='lat' dir='ltr'>aliis,</span> <span class='ocrx_word' id='word_1_783' title='bbox 553 3363 632 3392; x_wconf 90' lang='lat' dir='ltr'>tam</span> <span class='ocrx_word' id='word_1_784' title='bbox 660 3354 787 3392; x_wconf 90' lang='lat' dir='ltr'>verbis</span> <span class='ocrx_word' id='word_1_785' title='bbox 815 3366 935 3403; x_wconf 91' lang='lat' dir='ltr'>quarn</span> <span class='ocrx_word' id='word_1_786' title='bbox 962 3353 1085 3401; x_wconf 88' lang='lat' dir='ltr'>factis,</span> <span class='ocrx_word' id='word_1_787' title='bbox 1115 3352 1256 3402; x_wconf 90' lang='lat' dir='ltr'>quibus</span> <span class='ocrx_word' id='word_1_788' title='bbox 1285 3352 1430 3389; x_wconf 90' lang='lat' dir='ltr'>utimur</span> <span class='ocrx_word' id='word_1_789' title='bbox 1457 3351 1496 3388; x_wconf 93' lang='lat' dir='ltr'>in</span> 
     </span>
    </p>
   </div>
   <div class='ocr_carea' id='block_1_30' title="bbox 442 2944 635 3136">
    <p class='ocr_par' dir='ltr' id='par_1_39' title="bbox 442 2944 635 3136">
     <span class='ocr_line' id='line_1_110' title="bbox 442 2944 635 3136; baseline 0 952"><span class='ocrx_word' id='word_1_790' title='bbox 442 2944 635 3136; x_wconf 95' lang='lat' dir='ltr'> </span> 
     </span>
    </p>
   </div>
   <div class='ocr_carea' id='block_1_31' title="bbox 433 3406 1495 3499">
    <p class='ocr_par' dir='ltr' id='par_1_40' title="bbox 433 3406 1495 3499">
     <span class='ocr_line' id='line_1_111' title="bbox 433 3406 1495 3455; baseline -0.003 -10"><span class='ocrx_word' id='word_1_791' title='bbox 433 3407 690 3446; x_wconf 81' lang='lat' dir='ltr'>sacramentis,</span> <span class='ocrx_word' id='word_1_792' title='bbox 729 3409 822 3445; x_wconf 93' lang='lat' dir='ltr'>Non</span> <span class='ocrx_word' id='word_1_793' title='bbox 851 3419 940 3455; x_wconf 87' lang='lat' dir='ltr'>ergo</span> <span class='ocrx_word' id='word_1_794' title='bbox 979 3414 1216 3444; x_wconf 89' lang='lat' dir='ltr'>sacramenta</span> <span class='ocrx_word' id='word_1_795' title='bbox 1252 3412 1341 3443; x_wconf 93' lang='lat' dir='ltr'>sunt</span> <span class='ocrx_word' id='word_1_796' title='bbox 1369 3406 1495 3442; x_wconf 89' lang='lat' dir='ltr'>solum</span> 
     </span>
     <span class='ocr_line' id='line_1_112' title="bbox 433 3460 909 3499; baseline -0.004 -1"><span class='ocrx_word' id='word_1_797' title='bbox 433 3474 479 3499; x_wconf 86' lang='lat' dir='ltr'>ex</span> <span class='ocrx_word' id='word_1_798' title='bbox 507 3461 740 3498; x_wconf 91' lang='lat' dir='ltr'>institutione</span> <span class='ocrx_word' id='word_1_799' title='bbox 769 3460 909 3497; x_wconf 89' lang='lat' dir='ltr'>divina.</span> 
     </span>
    </p>
   </div>
   <div class='ocr_carea' id='block_1_32' title="bbox 1550 2925 2617 3295">
    <p class='ocr_par' dir='ltr' id='par_1_41' title="bbox 1550 2925 2617 3136">
     <span class='ocr_line' id='line_1_113' title="bbox 1606 2925 2615 2975; baseline -0.003 -10"><span class='ocrx_word' id='word_1_800' title='bbox 1606 2940 1641 2965; x_wconf 85' lang='lat'>2.</span> <span class='ocrx_word' id='word_1_801' title='bbox 1667 2928 1900 2975; x_wconf 49' lang='lat' dir='ltr'>Parmam,</span> <span class='ocrx_word' id='word_1_802' title='bbox 1921 2934 2159 2965; x_wconf 86' lang='lat' dir='ltr'>sacramenta</span> <span class='ocrx_word' id='word_1_803' title='bbox 2178 2933 2267 2963; x_wconf 90' lang='lat' dir='ltr'>sunt</span> <span class='ocrx_word' id='word_1_804' title='bbox 2282 2925 2479 2975; x_wconf 86' lang='lat' dir='ltr'>quaedam</span> <span class='ocrx_word' id='word_1_805' title='bbox 2498 2925 2615 2974; x_wconf 87' lang='lat' dir='ltr'>signa.</span> 
     </span>
     <span class='ocr_line' id='line_1_114' title="bbox 1550 2978 2617 3029; baseline -0.004 -10"><span class='ocrx_word' id='word_1_806' title='bbox 1550 2983 1629 3019; x_wconf 92' lang='lat' dir='ltr'>Res</span> <span class='ocrx_word' id='word_1_807' title='bbox 1656 2989 1787 3018; x_wconf 91' lang='lat' dir='ltr'>autem</span> <span class='ocrx_word' id='word_1_808' title='bbox 1815 2979 2012 3029; x_wconf 88' lang='lat' dir='ltr'>sensibiles</span> <span class='ocrx_word' id='word_1_809' title='bbox 2039 2979 2260 3017; x_wconf 84' lang='lat' dir='ltr'>naturaliter</span> <span class='ocrx_word' id='word_1_810' title='bbox 2285 2978 2480 3028; x_wconf 88' lang='lat' dir='ltr'>quaedam</span> <span class='ocrx_word' id='word_1_811' title='bbox 2504 2978 2617 3028; x_wconf 85' lang='lat' dir='ltr'>signi-</span> 
     </span>
     <span class='ocr_line' id='line_1_115' title="bbox 1550 3031 2616 3092; baseline -0.003 -21"><span class='ocrx_word' id='word_1_812' title='bbox 1550 3034 1677 3071; x_wconf 90' lang='lat' dir='ltr'>ficant.</span> <span class='ocrx_word' id='word_1_813' title='bbox 1708 3035 1792 3071; x_wconf 91' lang='lat' dir='ltr'>Nec</span> <span class='ocrx_word' id='word_1_814' title='bbox 1810 3041 1935 3083; x_wconf 92' lang='lat' dir='ltr'>potest</span> <span class='ocrx_word' id='word_1_815' title='bbox 1959 3032 2034 3070; x_wconf 88' lang='lat' dir='ltr'>dici</span> <span class='ocrx_word' id='word_1_816' title='bbox 2062 3032 2170 3082; x_wconf 93' lang='lat' dir='ltr'>quod</span> <span class='ocrx_word' id='word_1_817' title='bbox 2188 3032 2295 3069; x_wconf 92' lang='lat' dir='ltr'>Deus</span> <span class='ocrx_word' id='word_1_818' title='bbox 2314 3031 2550 3092; x_wconf 81' lang='lat' dir='ltr'>quibusdam</span> <span class='ocrx_word' id='word_1_819' title='bbox 2569 3032 2616 3069; x_wconf 92' lang='lat' dir='ltr'>si-</span> 
     </span>
     <span class='ocr_line' id='line_1_116' title="bbox 1551 3084 2615 3136; baseline -0.002 -12"><span class='ocrx_word' id='word_1_820' title='bbox 1551 3087 1861 3136; x_wconf 86' lang='lat' dir='ltr'>gnificationibus</span> <span class='ocrx_word' id='word_1_821' title='bbox 1884 3087 2103 3131; x_wconf 88' lang='lat' dir='ltr'>delectetur,</span> <span class='ocrx_word' id='word_1_822' title='bbox 2123 3092 2161 3122; x_wconf 92' lang='lat' dir='ltr'>et</span> <span class='ocrx_word' id='word_1_823' title='bbox 2178 3096 2260 3122; x_wconf 93' lang='lat' dir='ltr'>non</span> <span class='ocrx_word' id='word_1_824' title='bbox 2283 3084 2384 3122; x_wconf 87' lang='lat' dir='ltr'>aliis:</span> <span class='ocrx_word' id='word_1_825' title='bbox 2414 3084 2506 3134; x_wconf 87' lang='lat' dir='ltr'>quia</span> <span class='ocrx_word' id='word_1_826' title='bbox 2533 3084 2615 3135; x_wconf 92' lang='lat' dir='ltr'>ipse</span> 
     </span>
    </p>

    <p class='ocr_par' dir='ltr' id='par_1_42' title="bbox 1551 3137 2616 3295">
     <span class='ocr_line' id='line_1_117' title="bbox 1552 3137 2616 3188; baseline -0.003 -10.925"><span class='ocrx_word' id='word_1_827' title='bbox 1552 3139 1685 3177; x_wconf 90' lang='lat' dir='ltr'>omnia</span> <span class='ocrx_word' id='word_1_828' title='bbox 1712 3151 1812 3188; x_wconf 87' lang='lat' dir='ltr'>quae</span> <span class='ocrx_word' id='word_1_829' title='bbox 1841 3139 1927 3176; x_wconf 89' lang='lat' dir='ltr'>fecit</span> <span class='ocrx_word' id='word_1_830' title='bbox 1960 3138 2148 3188; x_wconf 89' lang='lat' dir='ltr'>approbat</span> <span class='ocrx_word' id='word_1_831' title='bbox 2171 3137 2201 3174; x_wconf 63' lang='lat'>³⁸.</span> <span class='ocrx_word' id='word_1_832' title='bbox 2245 3138 2333 3175; x_wconf 92' lang='lat' dir='ltr'>Hoc</span> <span class='ocrx_word' id='word_1_833' title='bbox 2358 3145 2491 3175; x_wconf 89' lang='lat' dir='ltr'>autem</span> <span class='ocrx_word' id='word_1_834' title='bbox 2527 3149 2616 3188; x_wconf 89' lang='lat' dir='ltr'>pro-</span> 
     </span>
     <span class='ocr_line' id='line_1_118' title="bbox 1551 3182 2616 3250; baseline -0.001 -20"><span class='ocrx_word' id='word_1_835' title='bbox 1551 3182 1681 3242; x_wconf 74' lang='grc' dir='ltr'>Ριίἶιιιι</span> <span class='ocrx_word' id='word_1_836' title='bbox 1708 3192 1862 3229; x_wconf 90' lang='lat' dir='ltr'>videtur</span> <span class='ocrx_word' id='word_1_837' title='bbox 1895 3204 1977 3229; x_wconf 85' lang='lat' dir='ltr'>esse</span> <span class='ocrx_word' id='word_1_838' title='bbox 2014 3191 2271 3237; x_wconf 87' lang='lat' dir='ltr'>daemonum,</span> <span class='ocrx_word' id='word_1_839' title='bbox 2301 3198 2344 3227; x_wconf 92' lang='lat' dir='ltr'>ut</span> <span class='ocrx_word' id='word_1_840' title='bbox 2379 3190 2616 3250; x_wconf 85' lang='lat' dir='ltr'>quibusdam</span> 
     </span>
     <span class='ocr_line' id='line_1_119' title="bbox 1553 3243 2615 3295; baseline -0.002 -13"><span class='ocrx_word' id='word_1_841' title='bbox 1553 3245 1667 3294; x_wconf 85' lang='lat' dir='ltr'>signis</span> <span class='ocrx_word' id='word_1_842' title='bbox 1695 3246 1744 3282; x_wconf 88' lang='lat' dir='ltr'>ad</span> <span class='ocrx_word' id='word_1_843' title='bbox 1778 3245 1924 3295; x_wconf 89' lang='lat' dir='ltr'>aliquid</span> <span class='ocrx_word' id='word_1_844' title='bbox 1955 3243 2183 3282; x_wconf 84' lang='lat' dir='ltr'>alliciantur:</span> <span class='ocrx_word' id='word_1_845' title='bbox 2221 3243 2311 3281; x_wconf 90' lang='lat' dir='ltr'>dicit</span> <span class='ocrx_word' id='word_1_846' title='bbox 2347 3243 2451 3281; x_wconf 92' lang='lat' dir='ltr'>enim</span> <span class='ocrx_word' id='word_1_847' title='bbox 2484 3245 2615 3293; x_wconf 85' lang='lat' dir='ltr'>Augu-</span> 
     </span>
    </p>
   </div>
   <div class='ocr_carea' id='block_1_33' title="bbox 1552 3296 2653 3347">
    <p class='ocr_par' dir='ltr' id='par_1_43' title="bbox 1552 3296 2653 3347">
     <span class='ocr_line' id='line_1_120' title="bbox 1552 3296 2653 3347; baseline 0 -12"><span class='ocrx_word' id='word_1_848' title='bbox 1552 3298 1685 3346; x_wconf 90' lang='lat' dir='ltr'>stinus,</span> <span class='ocrx_word' id='word_1_849' title='bbox 1701 3299 1788 3335; x_wconf 93' lang='lat' dir='ltr'>XXI</span> <span class='ocrx_word' id='word_1_850' title='bbox 1803 3298 1848 3335; x_wconf 87' lang='lat' dir='ltr'>de</span> <span class='ocrx_word' id='word_1_851' title='bbox 1865 3299 1943 3336; x_wconf 81' lang='lat' dir='ltr'>Civ.</span> <span class='ocrx_word' id='word_1_852' title='bbox 1959 3298 2033 3334; x_wconf 88' lang='lat' dir='ltr'>Dei</span> <span class='ocrx_word' id='word_1_853' title='bbox 2044 3296 2081 3334; x_wconf 77' lang='grc' dir='ltr'>*ε</span> <span class='ocrx_word' id='word_1_854' title='bbox 2103 3297 2313 3334; x_wconf 86' lang='lat' dir='ltr'>Illiciuntur</span> <span class='ocrx_word' id='word_1_855' title='bbox 2331 3297 2531 3334; x_wconf 87' lang='lat' dir='ltr'>daemones</span> <span class='ocrx_word' id='word_1_856' title='bbox 2543 3310 2617 3347; x_wconf 82' lang='lat' dir='ltr'>per</span> <span class='ocrx_word' id='word_1_857' title='bbox 2643 3302 2653 3311; x_wconf 91' lang='grc'>·</span> 
     </span>
    </p>
   </div>
   <div class='ocr_carea' id='block_1_34' title="bbox 1550 3350 2614 3507">
    <p class='ocr_par' dir='ltr' id='par_1_44' title="bbox 1550 3350 2614 3507">
     <span class='ocr_line' id='line_1_121' title="bbox 1551 3350 2614 3401; baseline -0.002 -12"><span class='ocrx_word' id='word_1_858' title='bbox 1551 3358 1761 3398; x_wconf 83' lang='lat' dir='ltr'>creaturas,</span> <span class='ocrx_word' id='word_1_859' title='bbox 1791 3363 1882 3401; x_wconf 85' lang='lat' dir='ltr'>quas</span> <span class='ocrx_word' id='word_1_860' title='bbox 1910 3363 1984 3387; x_wconf 89' lang='lat' dir='ltr'>non</span> <span class='ocrx_word' id='word_1_861' title='bbox 2013 3352 2099 3398; x_wconf 87' lang='lat' dir='ltr'>ipsi,</span> <span class='ocrx_word' id='word_1_862' title='bbox 2127 3350 2194 3387; x_wconf 86' lang='lat' dir='ltr'>sed</span> <span class='ocrx_word' id='word_1_863' title='bbox 2217 3351 2320 3387; x_wconf 88' lang='lat' dir='ltr'>Deus</span> <span class='ocrx_word' id='word_1_864' title='bbox 2346 3351 2525 3397; x_wconf 84' lang='lat' dir='ltr'>condidit,</span> <span class='ocrx_word' id='word_1_865' title='bbox 2554 3351 2614 3388; x_wconf 87' lang='lat' dir='ltr'>de-</span> 
     </span>
     <span class='ocr_line' id='line_1_122' title="bbox 1550 3403 2614 3454; baseline -0.002 -12"><span class='ocrx_word' id='word_1_866' title='bbox 1550 3405 1775 3442; x_wconf 87' lang='lat' dir='ltr'>lectabilibus</span> <span class='ocrx_word' id='word_1_867' title='bbox 1787 3416 1862 3454; x_wconf 84' lang='lat' dir='ltr'>pro</span> <span class='ocrx_word' id='word_1_868' title='bbox 1881 3416 1949 3440; x_wconf 90' lang='lat' dir='ltr'>sua</span> <span class='ocrx_word' id='word_1_869' title='bbox 1968 3403 2174 3441; x_wconf 81' lang='lat' dir='ltr'>diversitate</span> <span class='ocrx_word' id='word_1_870' title='bbox 2201 3403 2364 3450; x_wconf 78' lang='lat' dir='ltr'>diversis,</span> <span class='ocrx_word' id='word_1_871' title='bbox 2385 3416 2459 3441; x_wconf 91' lang='lat' dir='ltr'>non</span> <span class='ocrx_word' id='word_1_872' title='bbox 2481 3409 2519 3440; x_wconf 90' lang='lat' dir='ltr'>ut</span> <span class='ocrx_word' id='word_1_873' title='bbox 2537 3405 2614 3441; x_wconf 87' lang='lat' dir='ltr'>ani-</span> 
     </span>
     <span class='ocr_line' id='line_1_123' title="bbox 1550 3456 2614 3507; baseline -0.001 -12"><span class='ocrx_word' id='word_1_874' title='bbox 1550 3458 1665 3495; x_wconf 87' lang='lat' dir='ltr'>malia</span> <span class='ocrx_word' id='word_1_875' title='bbox 1692 3458 1799 3503; x_wconf 85' lang='lat' dir='ltr'>cibis,</span> <span class='ocrx_word' id='word_1_876' title='bbox 1827 3457 1893 3494; x_wconf 87' lang='lat' dir='ltr'>sed</span> <span class='ocrx_word' id='word_1_877' title='bbox 1918 3463 1956 3493; x_wconf 90' lang='lat' dir='ltr'>ut</span> <span class='ocrx_word' id='word_1_878' title='bbox 1981 3458 2130 3506; x_wconf 85' lang='lat' dir='ltr'>spiritus</span> <span class='ocrx_word' id='word_1_879' title='bbox 2155 3458 2284 3507; x_wconf 81' lang='lat' dir='ltr'>signis.</span> <span class='ocrx_word' id='word_1_880' title='bbox 2319 3457 2413 3493; x_wconf 91' lang='lat' dir='ltr'>Non</span> <span class='ocrx_word' id='word_1_881' title='bbox 2441 3468 2531 3505; x_wconf 88' lang='lat' dir='ltr'>ergo</span> <span class='ocrx_word' id='word_1_882' title='bbox 2558 3456 2614 3494; x_wconf 91' lang='lat' dir='ltr'>vi-</span> 
     </span>
    </p>
   </div>
   <div class='ocr_carea' id='block_1_35' title="bbox 2643 3142 2751 3199">
    <p class='ocr_par' dir='ltr' id='par_1_45' title="bbox 2643 3142 2751 3199">
     <span class='ocr_line' id='line_1_124' title="bbox 2644 3142 2727 3165; baseline 0 0"><span class='ocrx_word' id='word_1_883' title='bbox 2644 3144 2654 3154; x_wconf 83' lang='lat'><strong>·</strong></span> <span class='ocrx_word' id='word_1_884' title='bbox 2670 3142 2727 3165; x_wconf 76' lang='lat' dir='ltr'>Gen.</span> 
     </span>
     <span class='ocr_line' id='line_1_125' title="bbox 2643 3175 2751 3199; baseline 0.009 -8"><span class='ocrx_word' id='word_1_885' title='bbox 2643 3175 2703 3192; x_wconf 77' lang='lat' dir='ltr'>vers.</span> <span class='ocrx_word' id='word_1_886' title='bbox 2718 3175 2751 3199; x_wconf 78' lang='lat'>³¹·</span> 
     </span>
    </p>
   </div>
   <div class='ocr_carea' id='block_1_36' title="bbox 2743 3148 2829 3172">
    <p class='ocr_par' dir='ltr' id='par_1_46' title="bbox 2743 3148 2829 3172">
     <span class='ocr_line' id='line_1_126' title="bbox 2743 3148 2829 3172; baseline -0.023 0"><span class='ocrx_word' id='word_1_887' title='bbox 2743 3148 2794 3172; x_wconf 69' lang='lat' dir='ltr'>eni&gt;-</span> <span class='ocrx_word' id='word_1_888' title='bbox 2808 3149 2829 3170; x_wconf 78' lang='grc' dir='ltr'>ι,</span> 
     </span>
    </p>
   </div>
  </div>
 </body>
</html>
