2878 4088
165 1116 174 1125 ·
190 1115 248 1135 Part.
268 1114 312 1140 111,
336 1120 375 1141 qu.

165 1144 297 1167 Lxxwsart.
312 1146 331 1168 5.

164 1426 173 1435 ·
180 1424 229 1446 Lib.
236 1424 265 1451 V,
273 1425 323 1445 lect.
332 1429 373 1450 vn,

164 1457 212 1472 vin.
231 1461 241 1465 -
260 1450 312 1472 Did.
333 1450 372 1472 lib.

163 1478 203 1503 IV,
215 1483 265 1505 cap.
276 1483 307 1504 vi,
320 1483 342 1498 n.
351 1483 372 1505 9.

164 1650 173 1659 ·
181 1648 206 1670 In
217 1653 281 1675 corp.
288 1651 309 1669 ei
317 1646 345 1668 ad
353 1652 373 1668 2.

162 2395 171 2405 ·
187 2393 223 2415 Cf.
239 2400 277 2421 qu.
293 2400 370 2420 mxiv,

161 2424 203 2442 art:
215 2428 234 2447 ι,
242 2427 268 2447 4;
280 2426 318 2448 qu.
328 2426 373 2445 xci.

161 2451 204 2469 art.
218 2453 239 2476 3.

161 2578 170 2587 ”
181 2577 191 2598 1
202 2576 236 2598 ad
246 2576 310 2604 Cor„
322 2583 372 2604 cap.

161 2610 198 2630 xv,
213 2609 271 2625 vers.
287 2610 325 2630 44.

163 2710 171 2719 ·
197 2708 253 2730 Diui.
278 2714 358 2730 xxxvii
368 2724 373 2734 ,

162 2741 201 2784 ἓξ·
204 2740 262 2783 ἐὲἱέ.
269 2738 373 2789 ῗῖἓαῇιῖ,

162 2792 203 2809 art.
218 2794 239 2816 3.

165 3152 174 3161 '¹
190 3150 224 3171 Cf.
240 3154 280 3171 art.
296 3156 316 3172 2.

166 3244 175 3253 '¹
182 3242 216 3263 Cf.
224 3242 278 3263 ibid.
286 3246 307 3263 et
313 3246 373 3271 nrm.

418 200 489 237 194

407 268 491 303 loco,
516 268 682 297 trahuntur
706 276 723 296 a
747 266 876 297 diversis
906 267 1033 307 punctis
1062 266 1102 297 ad
1126 266 1247 297 diversa
1274 270 1410 306 puncta:
1436 269 1471 294 ut

406 322 473 342 non
501 312 695 351 accipiamus
725 316 883 351 punctum
911 312 945 341 in
972 311 1065 347 loco,
1091 311 1146 341 sed
1174 311 1206 340 in
1234 311 1304 350 ipso
1335 317 1470 348 corpore

406 357 531 392 locato;
557 356 632 396 quia
660 356 743 386 linea
771 365 838 386 non
866 355 980 386 dicitur
1003 356 1082 385 trahi
1110 356 1169 385 nisi
1193 365 1211 384 a
1234 359 1356 394 puncto
1381 351 1470 392 quod

406 406 452 431 est
471 401 625 430 terminus
649 401 727 430 eius.
752 400 793 430 Et
808 400 950 430 similiter
974 401 1068 430 etiam
1093 399 1158 429 duo
1183 398 1292 428 circuli
1317 396 1469 436 designati

406 446 438 475 in
451 445 578 475 duobus
595 445 783 485 corporibus
799 445 969 485 sphaericis
986 444 1190 474 existentibus
1206 443 1238 471 in
1252 441 1367 472 eodem
1383 441 1468 476 loco,

406 499 488 529 quae
512 495 586 519 sunt
609 489 675 519 duo
699 499 766 519 non
790 495 921 529 propter
949 488 1161 518 diversitatem
1188 487 1279 521 situs,
1304 485 1378 515 alias
1401 494 1468 514 non

406 539 536 573 possent
560 543 593 564 se
617 539 744 573 tangere
768 533 946 564 secundum
970 538 1085 566 toturn,
1110 531 1165 560 sed
1189 535 1263 560 sunt
1286 529 1351 559 duo
1369 538 1407 559 ex
1423 528 1469 558 di-

406 579 550 609 versitate
574 579 802 614 subiectorum,
820 583 850 608 et
866 582 996 617 propter
1012 577 1074 605 hoc
1090 584 1122 604 se
1138 574 1275 604 totaliter
1293 578 1468 612 tangentes,

406 622 509 653 adhuc
532 628 664 653 manent
687 622 762 653 duo.
788 622 876 653 Sicut
900 622 993 651 etiarn
1017 619 1154 649 circulus
1178 619 1318 658 signatus
1341 618 1374 647 in
1399 627 1468 647 cor-

405 677 483 707 pore
507 667 613 698 locato
637 668 811 707 sphaerico,
834 666 933 705 tangit
956 662 1134 694 secundum
1158 668 1264 692 totum
1288 662 1386 692 alium
1410 662 1469 692 cir-

405 712 515 742 culum
539 712 697 751 signatum
720 712 752 740 in
778 719 912 749 corpore
936 709 1071 738 locante.

459 756 510 786 An
534 766 667 786 marum
691 764 848 785 mcanmm
865 752 954 793 quod
970 752 1058 782 Deus
1076 757 1186 792 posset
1210 750 1313 781 facere
1337 750 1469 791 aliquod

405 810 522 841 corpus
546 810 612 830 non
637 809 703 830 esse
727 800 759 828 in
783 799 867 828 loco.
901 797 941 827 Et
964 801 1086 832 tamen,
1110 796 1163 826 illa
1187 796 1348 836 positione
1375 794 1467 831 facta,

405 855 471 875 non
495 845 638 884 sequitur
667 843 756 883 quod
786 841 871 872 aliud
904 850 1021 880 corpus
1049 850 1116 871 non
1145 841 1184 871 sit
1211 841 1244 870 in
1267 840 1362 870 loco:
1394 840 1470 879 quia

405 899 521 929 corpus
545 889 647 918 maius
671 894 716 917 est
740 887 831 917 locus
855 885 998 925 corporis
1021 885 1154 915 minoris
1176 885 1299 915 ratione
1316 884 1399 914 illius
1416 894 1468 914 su-

405 933 544 974 perficiei
575 942 656 972 quae
680 931 895 970 designaretur
924 939 961 959 ex
986 935 1136 959 contactu
1160 930 1372 959 terminorum
1399 938 1469 958 cor-

404 978 489 1018 poris
512 978 654 1007 minoris.

457 1022 507 1051 An
533 1030 680 1051 QUARTUM
703 1029 863 1049 memmium
891 1017 980 1058 quod
1009 1027 1112 1048 unum
1141 1027 1258 1058 corpus
1282 1026 1349 1047 esse
1373 1017 1468 1047 simul

403 1066 543 1097 localiter
566 1066 599 1094 in
623 1064 749 1094 duobus
773 1063 852 1093 locis
876 1072 943 1093 non
966 1067 1073 1102 potest
1096 1061 1165 1092 fieri
1188 1071 1245 1102 per
1265 1061 1467 1097 miraculum,

402 1120 518 1150 corpus
543 1110 629 1139 enim
654 1108 770 1138 Christi
793 1117 860 1138 non
881 1113 927 1137 est
942 1107 975 1137 in
992 1107 1080 1137 altari
1103 1106 1246 1136 localiter
1262 1107 1297 1136 *2
1323 1106 1469 1146 quamvis

402 1154 592 1185 miraculose
620 1153 720 1193 possit
748 1151 816 1182 fieri
844 1151 934 1192 quod
961 1151 1027 1181 duo
1052 1160 1187 1191 corpora
1210 1151 1272 1180 sint
1295 1151 1328 1180 in
1352 1149 1468 1180 eodem

401 1200 486 1230 loco.
512 1198 596 1236 Quia
613 1207 679 1228 esse
695 1197 728 1226 in
745 1197 888 1236 pluribus
907 1196 986 1226 locis
1003 1196 1098 1226 simul
1121 1200 1278 1235 repugnat
1300 1193 1467 1225 individuo

402 1244 523 1274 ratione
552 1243 620 1273 eius
649 1240 738 1282 quod
767 1247 813 1271 est
841 1251 908 1271 esse
938 1240 1108 1271 indivisum
1137 1240 1170 1270 in
1198 1247 1252 1270 se:
1283 1244 1469 1279 sequeretur

403 1289 488 1319 enim
516 1287 606 1328 quod
634 1292 714 1317 esset
742 1285 927 1316 distinctum
950 1285 983 1315 in
1006 1285 1078 1315 situ.
1113 1283 1177 1315 Sed
1205 1293 1273 1314 esse
1301 1293 1376 1314 cum
1405 1283 1467 1314 alio

402 1342 537 1373 corpore
560 1332 593 1362 in
616 1330 731 1362 eodem
754 1330 828 1360 loco
852 1335 1008 1370 repugnat
1025 1330 1054 1360 ei
1070 1335 1228 1369 quantum
1244 1327 1284 1358 ad
1298 1328 1362 1358 hoc
1380 1327 1469 1368 quod

402 1383 448 1408 est
471 1386 539 1407 esse
562 1376 699 1406 divisum
723 1375 762 1405 ab
785 1375 862 1405 alio.
887 1375 981 1405 Ratio
1006 1380 1114 1404 autern
1137 1374 1233 1404 unius
1256 1372 1420 1412 perficitur
1434 1373 1468 1403 in

401 1421 601 1457 indivisione,
618 1426 655 1451 ut
669 1425 756 1460 patet
771 1420 803 1449 in
821 1419 863 1449 IV
880 1419 1062 1460 Metaplyts.
1079 1420 1111 1448 *ε
1136 1417 1192 1448 sed
1211 1417 1323 1448 divisio
1345 1418 1384 1448 ab
1401 1417 1468 1448 aliis

401 1472 447 1497 est
479 1465 518 1496 de
547 1464 818 1506 consequentibus
847 1463 886 1494 ad
918 1464 1075 1494 rationem
1108 1463 1214 1493 unius.
1250 1461 1343 1493 Unde
1379 1461 1469 1502 quod

401 1511 486 1541 idem
510 1519 628 1549 corpus
651 1510 690 1539 sit
713 1508 856 1539 localiter
883 1508 978 1538 simul
1001 1508 1035 1538 in
1059 1507 1189 1538 diversis
1216 1506 1306 1542 locis,
1333 1505 1468 1537 includit

401 1554 697 1590 contradictionem,
714 1554 796 1584 sicut
812 1552 901 1593 quod
916 1553 1018 1583 homo
1038 1557 1142 1582 careat
1164 1552 1297 1582 ratione.
1322 1550 1385 1582 Sed
1401 1551 1467 1582 duo

401 1609 536 1640 corpora
560 1608 627 1629 esse
642 1599 676 1628 in
693 1597 808 1628 eodem
831 1598 906 1628 loco
925 1607 993 1628 non
1009 1596 1144 1627 includit
1168 1595 1466 1632 contradictionem,

401 1650 436 1675 ut
459 1654 497 1675 ex
521 1643 611 1674 dictis
627 1644 643 1660 ὓ
666 1647 763 1683 patet.
788 1642 828 1672 Et
851 1641 925 1672 ideo
948 1651 1015 1672 non
1040 1647 1086 1672 est
1109 1641 1221 1671 simile.

498 1709 597 1740 ART.
623 1708 675 1738 IV.
700 1717 805 1738 urium
828 1717 944 1737 conaus
969 1716 1147 1738 GLORIOSUM
1170 1716 1274 1737 possrr
1297 1716 1367 1737 assi:

619 1763 680 1783 cun
703 1762 776 1782 Anio
802 1761 957 1782 GLORIOSO
982 1761 1014 1781 m
1037 1761 1144 1781 nomm
1167 1760 1251 1781 Loco

466 1829 486 1849 D
511 1828 659 1849 amm-tm
683 1828 728 1848 sxc
751 1827 955 1847 paocnmrun.
984 1816 1118 1847 Videtur
1140 1815 1229 1856 quod
1258 1824 1375 1855 corpus
1397 1815 1467 1855 glo-

403 1831 588 1894 Ariosum
611 1863 711 1902 possit
734 1871 802 1892 esse
830 1871 906 1892 curn
933 1861 996 1891 alio
1019 1861 1162 1901 glorioso
1182 1861 1216 1890 in
1241 1859 1357 1890 eodem
1380 1860 1466 1890 loco.

401 1908 486 1946 Quia
510 1908 564 1938 ubi
589 1913 635 1937 est
657 1907 760 1937 maior
783 1906 947 1941 subtilitas,
964 1906 1009 1935 ibi
1033 1910 1080 1935 est
1101 1906 1209 1935 minor
1231 1905 1417 1935 resistentia.
1435 1904 1468 1935 Si

401 1962 476 1992 ergo
501 1961 618 1991 corpus
641 1951 818 1991 gloriosum
835 1955 882 1980 est
897 1950 1043 1980 subtilius
1067 1959 1165 1989 quam
1188 1959 1254 1979 non
1278 1949 1466 1989 gloriosum,

401 1998 507 2027 minus
523 1997 644 2026 resistet
660 1995 788 2035 corpori
804 1995 956 2034 glorioso.
981 1994 1022 2024 Et
1037 1994 1090 2030 ita,
1107 1995 1133 2024 si
1149 2003 1266 2033 corpus
1289 1993 1468 2033 gloriosum

400 2041 517 2081 poterit
546 2050 614 2070 esse
645 2049 720 2070 cum
751 2048 886 2079 corpore
917 2048 984 2068 non
1015 2038 1156 2078 glorioso
1180 2038 1213 2067 in
1238 2037 1354 2068 eodem
1381 2038 1466 2074 loco,

400 2086 503 2116 multo
527 2084 640 2115 fortius
664 2093 739 2114 cum
763 2092 899 2123 corpore
922 2083 1074 2123 glorioso.

458 2139 486 2159 2.
512 2129 707 2164 PRAETEREA‚
725 2129 806 2158 sicut
829 2137 946 2167 corpus
969 2127 1148 2167 gloriosum
1173 2132 1219 2157 est
1238 2126 1384 2157 subtilius
1399 2136 1467 2157 non

400 2174 551 2214 glorioso,
576 2174 619 2203 ita
642 2182 745 2203 unum
772 2173 949 2213 gloriosum
974 2172 1032 2202 erit
1055 2171 1202 2202 subtilius
1225 2171 1299 2201 alio.
1333 2171 1366 2202 Si
1391 2181 1467 2211 ergo

401 2228 518 2259 corpus
545 2218 723 2258 gloriosum
750 2218 868 2257 poterit
895 2226 963 2247 esse
991 2216 1086 2246 simul
1115 2225 1191 2246 cum
1217 2225 1285 2246 non
1312 2216 1466 2256 glorioso,

400 2269 431 2294 et
455 2272 571 2303 corpus
594 2263 772 2302 gloriosum
799 2262 899 2301 magis
928 2261 1042 2291 subtile
1066 2261 1184 2301 poterit
1204 2269 1275 2290 ,esse
1300 2270 1375 2291 cum
1398 2261 1467 2301 glo-

400 2308 485 2338 rioso
509 2307 616 2337 minus
639 2306 756 2337 subtili.

457 2352 486 2382 3.
511 2352 706 2387 Priamum,
724 2360 841 2390 corpus
865 2350 944 2380 caeli
968 2356 1015 2380 est
1038 2350 1163 2385 subtile,
1181 2354 1212 2379 et
1228 2349 1286 2379 erit
1304 2354 1382 2379 tunc
1397 2349 1466 2389 glo-

400 2396 558 2427 rificatum
573 2397 599 2426 *.
632 2395 694 2426 Sed
718 2405 835 2435 corpus
859 2395 993 2425 alicuius
1017 2395 1116 2424 sancti
1139 2394 1256 2434 poterit
1279 2394 1374 2424 simul
1398 2403 1466 2424 esse

401 2451 476 2472 cum
500 2450 635 2480 corpore
659 2440 757 2470 caeli:
790 2440 864 2479 quia
892 2444 1044 2479 poterunt
1068 2438 1108 2469 ad
1130 2444 1245 2468 terram
1274 2437 1466 2469 descendere

401 2490 432 2515 et
447 2484 617 2515 ascendere
634 2494 692 2524 pro
710 2493 785 2514 suae
808 2484 898 2514 libito
923 2484 1105 2514 voluntatis.
1130 2483 1216 2523 Ergo
1240 2481 1306 2513 duo
1331 2492 1467 2523 corpora

400 2530 526 2560 subtilia
548 2529 598 2559 vel
621 2529 760 2568 gloriosa
783 2533 935 2568 poterunt
959 2537 1027 2558 esse
1051 2527 1155 2557 simul.

456 2573 518 2604 San
543 2583 676 2609 cONTRA,
701 2578 837 2612 corpora
860 2572 999 2612 gloriosa
1023 2577 1115 2602 erunt
1133 2571 1318 2612 spiritualia
1330 2572 1357 2607 ἢ
1374 2571 1464 2607 idest,

401 2618 561 2658 spiritibus
583 2623 740 2657 quantum
756 2616 796 2647 ad
812 2616 932 2657 aliquid
948 2616 1071 2647 similia.
1097 2615 1159 2647 Sed
1174 2615 1240 2646 duo
1256 2616 1384 2656 spiritus
1399 2626 1467 2646 non

400 2668 536 2703 possunt
560 2671 628 2692 esse
658 2661 753 2692 simul
784 2662 817 2691 in
846 2661 961 2691 eodem
992 2661 1085 2697 loco,
1110 2661 1256 2700 quamvis
1280 2661 1407 2700 spiritus
1435 2666 1466 2691 et

402 2716 518 2747 corpus
541 2707 664 2747 possint
689 2715 756 2736 esse
772 2706 804 2735 in
821 2705 937 2736 eodem
961 2706 1053 2736 loco:
1078 2711 1114 2735 ut
1129 2706 1163 2735 in
1179 2705 1191 2735 1
1207 2705 1288 2735 libro
1305 2706 1322 2722 ⁴*
1345 2704 1467 2735 dictum

401 2757 457 2782 est.
480 2751 565 2791 Ergo
582 2760 642 2781 nec
658 2750 723 2781 duo
741 2759 876 2790 corpora
895 2750 1033 2790 gloriosa
1048 2754 1201 2790 poterunt
1217 2759 1285 2779 esse
1301 2750 1333 2780 in
1350 2749 1466 2780 eodem

400 2796 485 2826 loco.

459 2850 488 2870 2.
513 2840 713 2875 Primnum,
749 2838 889 2869 duorum
924 2847 1099 2879 corporum
1134 2838 1229 2868 simul
1264 2839 1467 2869 existentium

401 2894 503 2915 unum
527 2885 566 2914 ab
590 2884 652 2914 alio
679 2889 871 2924 penetratur.
905 2882 968 2914 Sed
996 2883 1154 2923 penetrari
1177 2883 1216 2912 ab
1240 2883 1302 2913 alio
1331 2892 1467 2923 corpore

401 2935 447 2960 est
462 2929 677 2969 ignobilitatis,
695 2937 778 2968 quae
794 2928 929 2958 omnino
946 2938 964 2958 a
981 2927 1169 2968 corporibus
1195 2927 1342 2967 gloriosis
1357 2927 1465 2958 aberit.

401 2974 486 3013 Ergo
510 2983 576 3003 non
601 2978 753 3013 poterunt
777 2982 844 3003 esse
868 2971 934 3002 duo
959 2981 1095 3012 corpora
1118 2972 1257 3012 gloriosa
1281 2972 1385 3002 simul.

455 3018 644 3048 Rusponnno
676 3027 834 3047 DICRNDUM
865 3016 955 3056 quod
985 3026 1102 3057 corpus
1135 3016 1313 3056 gloriosum
1345 3017 1467 3046 ratione

401 3072 476 3093 suae
500 3062 701 3102 proprietatis
731 3071 798 3092 non
828 3061 924 3091 habet
955 3061 1045 3101 quod
1075 3061 1175 3101 possit
1206 3070 1274 3091 esse
1305 3070 1380 3091 cum
1403 3060 1466 3091 alio

402 3116 537 3146 corpore
566 3107 707 3146 glorioso
731 3106 764 3136 in
788 3105 904 3136 eodem
934 3106 1019 3141 loco,
1044 3106 1126 3136 sicut
1153 3114 1214 3135 nec
1242 3110 1278 3136 ut
1306 3105 1345 3135 sit
1372 3105 1467 3135 simul

402 3160 476 3181 cum
500 3160 636 3191 corpore
659 3160 725 3181 non
749 3150 891 3190 glorioso
908 3151 934 3180 ’ἦ
968 3150 1084 3180 Divina
1115 3155 1222 3180 autem
1252 3150 1368 3180 virtute
1399 3149 1467 3180 fieri

402 3200 509 3235 posset
533 3200 568 3226 ut
588 3194 654 3225 duo
678 3204 814 3235 corpora
837 3195 975 3234 gloriosa
999 3199 1104 3225 essent
1126 3194 1232 3230 simul,
1249 3194 1299 3225 vel
1317 3193 1382 3225 duo
1399 3203 1466 3225 non

401 3239 548 3279 gloriosa,
573 3240 654 3270 sicut
676 3240 852 3280 gloriosum
877 3244 907 3269 et
930 3248 998 3269 non
1021 3239 1199 3279 gloriosum
1215 3240 1241 3269 *.

457 3283 519 3314 Sed
542 3289 649 3314 tamen
672 3294 739 3314 non
763 3289 809 3314 est
833 3284 1028 3314 conveniens
1050 3283 1140 3323 quod
1156 3292 1274 3323 corpus
1290 3282 1466 3323 gloriosum

403 3328 441 3358 sit
464 3328 558 3358 simul
589 3338 664 3358 cum
694 3329 756 3358 alio
788 3337 923 3368 corpore
954 3328 1107 3368 glorioso.
1142 3327 1229 3358 Tum
1261 3328 1335 3367 quia
1366 3327 1399 3357 in
1422 3328 1467 3358 eis

403 3373 574 3402 servabitur
598 3372 721 3403 debitus
746 3372 841 3408 ordo,
866 3373 922 3412 qui
943 3371 1182 3402 distinctionem
1206 3372 1347 3412 requirit.
1379 3371 1466 3402 Tum

404 3417 478 3455 quia
506 3426 608 3447 unum
637 3426 754 3457 corpus
782 3416 959 3456 gloriosum
987 3426 1054 3446 non
1078 3426 1111 3446 se
1135 3421 1277 3456 apponet
1303 3416 1401 3446 alteri.
1426 3415 1467 3446 Et

404 3461 447 3490 sic
471 3470 637 3500 nunquam
661 3461 726 3491 duo
750 3469 886 3500 corpora
908 3460 1046 3500 gloriosa
1070 3466 1163 3490 erunt
1186 3460 1290 3490 simul.

459 3504 508 3534 Ax>
532 3515 648 3535 paruum
672 3514 754 3535 aaoo
782 3514 941 3535 monimum
969 3504 1058 3544 quod
1081 3505 1161 3534 ratio
1185 3504 1238 3534 illa
1261 3502 1406 3544 procedit
1429 3513 1465 3534 ac

1492 449 1501 469 5

1484 673 1510 688 Σο

1485 895 1506 915 ¹5

1483 1117 1509 1131 20

1483 1339 1507 1359 ες

1484 1555 1510 1577 30

1483 1783 1506 1803 35

1482 2230 1505 2250 ις

1482 2452 1507 2471 ςο

1482 2673 1504 2693 55

1481 2889 1508 2909 6ο

1481 3111 1505 3136 65

1481 3338 1507 3358 70

1025 187 1288 234 QUAESTIO
1317 186 1521 231 LXXXIII,
1542 183 1837 221 ARTICULUS
1865 184 1927 230 IV,
1953 184 1986 220 V

1525 268 1634 303 posset
1659 272 1728 293 esse
1751 263 1846 293 simul
1862 263 1895 293 in
1913 262 2029 293 eodem
2052 262 2127 293 loco
2151 272 2226 293 cum
2242 263 2304 294 alio
2321 272 2467 304 corpore.
2492 263 2592 302 Quod

1525 306 1641 337 falsum
1665 312 1720 337 est.

1580 351 1621 381 Et
1644 351 1786 382 similiter
1809 350 1982 382 dicendum
2007 350 2047 381 ad
2070 350 2258 381 secundum.

1579 396 1630 425 An
1654 405 1789 425 mnrium
1813 405 1972 425 mmmmm
1996 394 2086 435 quod
2105 404 2223 435 corpus
2239 395 2318 425 caeli
2333 400 2364 425 et
2380 395 2440 426 alia
2456 405 2592 436 corpora

1525 441 1702 479 aequivoce
1725 439 1870 470 dicentur
1893 440 2042 480 gloriosa,
2066 440 2259 479 inquantum
2283 439 2518 480 participabunt
2536 440 2592 470 ali-

1525 484 1603 524 quid
1626 484 1761 524 gloriae:
1788 490 1819 515 et
1833 494 1901 514 non
1918 483 2008 524 quod
2024 484 2068 514 eis
2084 484 2278 514 conveniant
2301 482 2393 514 dotes
2416 493 2592 524 corporum

1523 529 1741 559 humanorum
1764 528 2026 569 glorificatorum.

1612 594 1712 624 ART.
1737 594 1775 624 V.
1801 605 1906 624 urium
1929 605 1968 624 ax
1991 604 2048 625 sUA
2072 603 2271 624 sunnmra‘rn
2293 603 2503 624 Rzuovm‘rtm

1523 648 1544 668 A
1568 648 1710 669 CORPORE
1735 648 1890 669 ominoso
1914 648 2094 669 »incassum
2118 648 2279 668 zxrsrmm
2298 648 2329 668 m
2348 648 2486 668 ananau
2508 647 2591 669 Loco

1588 714 1609 734 n
1634 714 1775 734 amm-tm
1797 714 1843 734 s1c
1866 714 2071 734 Pnocnmrtm.
2101 703 2236 734 Videtur
2259 702 2350 743 quod
2375 712 2413 734 ex
2435 713 2494 733 sua
2517 704 2591 734 sub-

1527 719 1699 779 Atilitate
1722 754 1925 779 removeatur
1945 759 1963 779 a
1984 758 2121 789 corpore
2141 747 2320 788 glorificato
2339 748 2510 778 necessitas
2527 749 2591 778 exi-

1523 793 1627 823 stendi
1645 794 1679 823 in
1695 793 1820 833 aequali
1843 793 1928 824 1000.
1955 793 2102 833 Corpora
2126 793 2212 823 enim
2235 792 2375 833 gloriosa
2398 797 2491 823 erunt
2514 802 2592 823 con-

1524 837 1639 867 formia
1666 838 1794 878 corpori
1818 837 1954 868 Christi:
1986 843 2022 868 ut
2044 843 2132 878 patet
2154 837 2268 878 Philip.
2286 847 2319 866 111
2335 837 2361 867 *.
2387 836 2450 868 Sed
2474 846 2592 877 corpus

1525 881 1643 912 Christi
1665 891 1732 912 non
1757 888 1934 912 coarctatur
1961 882 2021 912 hac
2048 882 2236 912 necessitate
2263 886 2299 912 ut
2322 881 2362 911 sit
2384 881 2418 911 in
2441 881 2516 912 loco
2540 890 2592 912 ae-

1524 926 1627 966 quali:
1651 927 1753 956 immo
1778 927 1961 957 continetur
1983 931 2090 957 totum
2113 927 2172 956 sub
2196 926 2300 966 parvis
2323 926 2374 956 vel
2397 926 2521 966 magnis
2545 925 2591 956 di-

1522 971 1744 1001 mensionibus
1764 971 1887 1001 hostiae
1911 976 2114 1002 consecratae
2130 972 2156 1001 ⁴⁵.
2181 971 2267 1011 Ergo
2292 975 2323 1001 et
2339 971 2403 1001 hoc
2423 970 2510 1001 idem
2534 971 2592 1000 erit

1522 1016 1556 1045 in
1580 1015 1769 1055 corporibus
1792 1015 1949 1055 gloriosis.

1580 1069 1609 1089 2.
1634 1059 1838 1095 pizanum,
1868 1059 2086 1099 Philosophus
2108 1060 2240 1100 probat,
2271 1060 2305 1089 in
2336 1059 2379 1089 IV
2402 1059 2531 1100 Physic.
2555 1060 2590 1096 *,

1523 1103 1623 1143 quod,
1640 1104 1666 1133 si
1683 1102 1748 1133 duo
1773 1112 1910 1143 corpora
1933 1109 2007 1134 sunt
2029 1104 2063 1134 in
2087 1103 2204 1134 eodem
2227 1104 2313 1139 loco,
2329 1109 2482 1143 sequetur
2502 1102 2593 1144 quod

1522 1149 1700 1178 maximum
1716 1157 1834 1188 corpus
1851 1148 1993 1178 obtineat
2015 1148 2188 1178 minimum
2204 1147 2333 1178 locum:
2359 1148 2435 1188 quia
2450 1147 2592 1179 diversae

1522 1198 1627 1232 partes
1651 1193 1719 1222 eius
1742 1197 1895 1232 poterunt
1919 1201 1987 1222 esse
2005 1192 2039 1222 in
2059 1191 2171 1222 eadem
2194 1197 2283 1232 parte
2305 1192 2389 1228 loci;
2413 1202 2481 1222 non
2505 1193 2592 1223 enim

1523 1236 1626 1267 differt
1649 1242 1758 1267 utrum
1782 1236 1848 1267 duo
1874 1245 2010 1276 corpora
2030 1236 2081 1266 vel
2105 1242 2329 1276 quotcumque
2348 1236 2411 1266 sint
2425 1236 2460 1267 in
2475 1236 2593 1267 eodem

1522 1281 1608 1312 loco.
1634 1280 1697 1312 Sed
1720 1291 1838 1322 corpus
1854 1281 2040 1321 >gloriosum
2056 1281 2114 1311 erit
2129 1281 2225 1311 simul
2240 1281 2274 1311 in
2290 1279 2407 1311 eodem
2425 1281 2500 1311 loco
2517 1290 2593 1311 cum

1523 1326 1587 1356 alio
1611 1335 1758 1366 corpore,
1782 1331 1819 1356 ut
1841 1325 1956 1356 dicitur
1980 1326 2205 1356 communiter.
2230 1325 2316 1365 Ergo
2338 1325 2457 1365 poterit
2475 1334 2544 1355 esse
2559 1325 2593 1356 in

1524 1371 1639 1411 quovis
1663 1379 1762 1410 parvo
1787 1370 1872 1401 loco.

1581 1415 1610 1446 3.
1635 1415 1832 1451 Pmrznm,
1851 1415 1934 1445 sicut
1956 1423 2074 1455 corpus
2097 1414 2220 1444 ratione
2243 1414 2293 1444 sui
2316 1413 2434 1444 coloris
2457 1413 2592 1450 videtur,

1522 1460 1566 1490 ita
1582 1465 1860 1490 commensuratur
1879 1459 1954 1490 loco
1978 1459 2103 1489 ratione
2125 1467 2202 1489 suae
2225 1458 2419 1499 quantitatis.
2443 1457 2508 1489 Sed
2523 1467 2594 1488 cor-

1523 1514 1584 1544 pus
1599 1504 1778 1544 gloriosum
1801 1504 1844 1534 ita
1867 1504 2049 1534 subiectum
2072 1504 2130 1534 erit
2153 1503 2278 1543 spiritui
2301 1501 2392 1543 quod
2414 1502 2532 1543 poterit
2546 1503 2593 1533 vi-

1523 1548 1590 1580 deri
1614 1554 1645 1579 et
1667 1558 1736 1579 non
1758 1548 1868 1585 videri,
1894 1554 1925 1579 et
1948 1548 2120 1588 praecipue
2149 1548 2188 1578 ab
2217 1547 2315 1578 oculo
2342 1556 2411 1577 non
2438 1547 2592 1587 glorioso,

1522 1603 1582 1634 pro
1606 1603 1683 1623 suae
1705 1593 1796 1624 libito
1820 1593 1994 1623 voluntatis
2009 1594 2045 1623 *t
2069 1598 2106 1623 ut
2120 1593 2154 1622 in
2171 1591 2300 1622 Christo
2319 1591 2422 1632 patuit
2437 1592 2482 1621 ⁸.
2505 1591 2592 1632 Ergo

1521 1639 1565 1668 ita
1589 1638 1747 1678 quantitas
1775 1638 1961 1668 subiicietur
1988 1638 2083 1668 nutui
2110 1637 2249 1677 spiritus*
2267 1635 2357 1677 quod
2382 1636 2501 1676 poterit
2524 1645 2594 1667 esse

1521 1683 1555 1713 in
1570 1692 1670 1723 parvo
1686 1682 1738 1712 vel
1753 1683 1786 1712 in
1801 1691 1920 1722 magno
1944 1682 2030 1718 1000,
2049 1687 2080 1712 et
2094 1682 2211 1712 habere
2230 1690 2360 1721 parvam
2375 1680 2427 1711 vel
2442 1689 2594 1720 magnam

1522 1727 1743 1768 quantitatem,
1768 1726 1807 1757 ad
1830 1726 1967 1757 libitum.

1578 1771 1641 1802 Sar>
1661 1781 1785 1801 CONTRA
1803 1781 1858 1801 nsr
1875 1770 1965 1811 quod
1979 1770 2196 1810 Philosophus
2212 1768 2298 1806 dicit,
2314 1770 2348 1800 in
2364 1768 2407 1799 1v
2422 1768 2551 1809 Phssic.
2563 1769 2592 1805 ³,

1523 1815 1613 1856 quod
1641 1825 1739 1846 omne
1767 1815 1858 1855 quod
1885 1821 1932 1846 est
1954 1815 1987 1845 in
2011 1814 2101 1850 loco,
2126 1819 2173 1844 est
2199 1814 2234 1844 in
2261 1814 2336 1844 loco
2364 1813 2491 1853 aequali
2521 1813 2591 1844 sibi.

1522 1859 1586 1891 Sed
1616 1869 1734 1900 corpus
1765 1860 1944 1900 gloriosum
1977 1859 2035 1890 erit
2065 1859 2099 1889 in
2127 1858 2214 1889 loco.
2247 1858 2334 1899 Ergo
2364 1858 2423 1888 erit
2452 1858 2486 1888 in
2515 1858 2591 1888 loco

1523 1904 1649 1945 aequali
1673 1905 1741 1935 sibi.
1902 1900 1904 1902 ’
2579 1925 2581 1928 ,

1579 1958 1608 1979 2.
1625 1949 1821 1984 Palmum,
1835 1947 1967 1979 eaedem
1982 1953 2057 1978 sunt
2072 1947 2290 1978 dimensiones
2305 1947 2370 1977 loci
2386 1951 2418 1977 et
2431 1946 2539 1982 locati,
2556 1955 2579 1976 u

1522 1994 1676 2033 probatur
1690 1994 1724 2023 in
1740 1993 1782 2023 IV
1798 1993 1926 2033 Physic.
1944 1993 1960 2009 ⁴*
1984 1993 2081 2032 Ergo,
2099 1992 2124 2022 si
2140 1992 2232 2022 locus
2255 1996 2338 2022 esset
2353 1991 2456 2021 maior
2471 1990 2591 2027 locato,

1522 2042 1604 2068 esset
1618 2036 1705 2067 idem
1721 2037 1825 2067 maius
1841 2043 1872 2067 et
1888 2037 1995 2067 minus
2015 2037 2132 2076 seipso.
2157 2034 2256 2073 Quod
2279 2040 2327 2066 est
2347 2035 2592 2066 inconveniens.

1576 2082 1766 2112 Rasroumzo
1791 2091 1951 2111 mcanmm
1978 2080 2068 2121 quod
2093 2089 2210 2120 corpus
2232 2089 2302 2110 non
2325 2084 2531 2120 comparatur
2553 2077 2594 2110 ad

1521 2126 1632 2156 locum
1656 2126 1716 2156 nisi
1740 2124 1954 2156 mediantibus
1977 2124 2232 2155 dimensionibus
2248 2124 2395 2165 propriis,
2412 2123 2593 2155 secundum

1522 2180 1601 2210 quas
1625 2180 1743 2211 corpus
1766 2170 1910 2201 locatum
1934 2169 2203 2200 circumscribitur
2219 2178 2258 2199 ex
2274 2173 2426 2200 contactu
2449 2169 2593 2209 corporis

1521 2215 1666 2246 locantis.
1700 2214 1794 2245 Unde
1824 2214 1914 2255 quod
1943 2223 2061 2254 corpus
2089 2212 2221 2254 aliquod
2249 2213 2288 2243 sit
2314 2213 2349 2244 in
2372 2213 2491 2244 minori
2517 2213 2592 2244 loco

1522 2269 1620 2300 quam
1643 2260 1683 2290 sit
1706 2269 1762 2289 sua
1786 2259 1956 2299 quantitas,
1973 2259 2037 2289 hoc
2052 2268 2121 2289 non
2143 2263 2251 2299 potest
2274 2267 2343 2288 esse
2365 2258 2426 2288 nisi
2449 2266 2507 2297 per
2529 2258 2592 2288 hoc

1521 2304 1611 2344 quod
1645 2305 1804 2344 quantitas
1837 2304 1982 2344 corporis
2016 2303 2147 2344 propria
2181 2301 2316 2333 efficitur
2348 2302 2458 2343 aliquo
2491 2301 2592 2333 modo

1520 2349 1627 2379 minor
1650 2349 1762 2388 seipsa.

1577 2393 1676 2431 Quod
1700 2392 1832 2433 quidem
1855 2402 1924 2423 non
1946 2397 2053 2433 potest
2075 2391 2208 2431 intelligi
2230 2391 2291 2421 nisi
2313 2390 2492 2431 dupliciter.
2516 2390 2592 2422 Uno

1520 2437 1638 2474 modo,
1663 2447 1700 2468 ex
1724 2438 1899 2467 variatione
1929 2437 2114 2477 quantitatis
2137 2437 2220 2466 circa
2247 2435 2383 2466 eandem
2406 2436 2590 2466 materiam:

1520 2488 1556 2513 ut
1579 2482 1699 2512 scilicet
1722 2482 1853 2512 materia
1876 2491 1959 2522 quae
1982 2482 2088 2522 primo
2112 2481 2221 2511 subest
2243 2489 2378 2520 magnae
2405 2480 2592 2520 quantitati,

1520 2532 1633 2567 postea
1656 2527 1756 2557 subsit
1779 2536 1904 2566 parvae.
1929 2526 1970 2556 Et
1985 2527 2049 2556 hoc
2065 2524 2196 2566 quidam
2216 2529 2396 2565 posuerunt
2418 2525 2452 2555 in
2475 2533 2592 2565 corpo-

1520 2572 1607 2602 ribus
1632 2571 1789 2611 gloriosis,
1807 2571 1948 2601 dicentes
1973 2570 2063 2610 quod
2091 2569 2250 2610 quantitas
2274 2578 2388 2599 eorum
2416 2569 2525 2599 subest
2547 2569 2592 2600 eis

1521 2615 1560 2646 ad
1590 2622 1723 2652 nutum,
1753 2616 1795 2645 ita
1819 2614 1909 2656 quod
1939 2624 2015 2646 cum
2042 2614 2204 2645 voluerint
2226 2619 2362 2654 possunt
2384 2614 2502 2644 habere
2524 2623 2592 2644 ma-

1520 2670 1617 2700 gnam
1641 2661 1861 2701 quantitatem,
1886 2665 1918 2690 et
1941 2669 2016 2690 cum
2039 2659 2200 2689 voluerint
2222 2667 2362 2699 parvam.

1576 2704 1639 2735 Sed
1654 2705 1718 2735 hoc
1741 2714 1809 2735 non
1824 2709 1931 2745 potest
1946 2713 2024 2734 esse.
2049 2703 2135 2741 Quia
2157 2703 2266 2733 nullus
2281 2708 2390 2733 motus
2412 2703 2469 2742 qui
2491 2701 2528 2732 fit
2543 2710 2592 2733 se-

1521 2749 1664 2779 cundum
1689 2749 1809 2789 aliquid
1832 2749 2041 2779 intrinsecum
2065 2749 2120 2784 rei,
2136 2752 2243 2788 potest
2266 2756 2335 2778 0550
2358 2747 2426 2777 sine
2436 2746 2592 2787 passione

1521 2794 1689 2824 abiiciente
1705 2803 1725 2824 a
1740 2793 1919 2824 substantia
1936 2794 1962 2823 *.
1988 2793 2029 2823 Et
2047 2792 2122 2823 ideo
2138 2792 2172 2822 in
2188 2791 2376 2832 corporibus
2399 2791 2592 2831 incorrupti-

1521 2839 1653 2873 bilibus,
1678 2838 1798 2869 scilicet
1826 2838 2032 2874 caelestibus,
2057 2842 2104 2867 est
2126 2837 2215 2867 solus
2244 2841 2353 2866 motus
2382 2835 2509 2872 localis,
2533 2835 2592 2876 qui

1521 2893 1589 2914 non
1613 2888 1660 2913 est
1683 2882 1863 2913 secundum
1886 2881 2008 2922 aliquid
2030 2882 2249 2912 intrinsecum.
2274 2879 2369 2911 Unde
2391 2885 2479 2921 patet
2501 2877 2591 2920 quod

1521 2928 1657 2958 mutatio
1682 2928 1865 2967 quantitatis
1889 2927 1972 2957 circa
1999 2926 2164 2956 materiam
2194 2929 2386 2965 repugnaret
2413 2923 2591 2964 impassibi-

1521 2972 1600 3002 litati
1624 2973 1768 3012 corporis
1791 2972 1923 3012 gloriosi
1947 2976 1978 3001 et
2000 2969 2300 3010 incorruptibilitati.
2319 2987 2342 2991 -
2365 2968 2406 2998 Et
2428 2973 2591 3008 praeterea

1521 3022 1707 3056 sequeretur
1724 3016 1814 3056 quod
1830 3025 1948 3056 corpus
1970 3015 2150 3055 gloriosum
2173 3012 2369 3054 quandoque
2390 3017 2472 3042 esset
2489 3012 2589 3042 rarius

1522 3066 1553 3091 et
1577 3060 1774 3101 quandoque
1803 3060 1952 3101 spissius:
1987 3060 2077 3099 quia,
2101 3068 2177 3090 cum
2203 3057 2282 3088 nihil
2305 3055 2403 3087 dividi
2425 3056 2527 3096 possit
2550 3055 2589 3086 ab

1521 3114 1561 3136 eo
1586 3105 1626 3135 de
1649 3106 1780 3135 materia
1803 3115 1869 3141 sua,
1895 3103 2092 3145 quandoque
2123 3101 2235 3133 eadem
2261 3101 2393 3131 materia
2422 3105 2503 3130 esset
2530 3100 2589 3130 sub

1520 3150 1624 3190 parvis
1649 3149 1903 3180 dimensionibus
1926 3154 1958 3179 et
1981 3146 2178 3188 quandoque
2200 3145 2259 3176 sub
2282 3145 2416 3185 magnis,
2433 3150 2465 3175 et
2483 3145 2526 3175 ita
2541 3154 2589 3175 ra-

1520 3193 1646 3225 refieret
1669 3199 1700 3224 et
1723 3193 1916 3224 densaretur.
1941 3191 2041 3230 Quod
2063 3200 2131 3222 non
2153 3194 2260 3230 potest
2283 3198 2361 3219 esse.

1576 3239 1651 3269 Alio
1675 3238 1775 3269 modo
1799 3243 1906 3279 potest
1928 3236 2062 3275 intelligi
2077 3233 2167 3275 quod
2182 3234 2341 3273 quantitas
2361 3233 2504 3274 corporis
2519 3233 2589 3273 glo-

1520 3283 1597 3313 riosi
1620 3282 1774 3313 efficiatur
1796 3283 1903 3313 minor
1925 3281 2028 3320 seipsa
2046 3288 2103 3319 per
2118 3278 2326 3308 variationem
2350 3278 2444 3312 situs;
2469 3277 2514 3308 ita
2529 3278 2589 3308 501-

1521 3327 1595 3358 licet
1619 3326 1708 3367 quod
1731 3332 1835 3367 partes
1859 3325 2002 3365 corporis
2025 3323 2157 3363 gloriosi
2180 3322 2359 3353 subintrent
2382 3331 2415 3352 se
2438 3322 2587 3358 invicem,

1521 3377 1552 3402 et
1575 3372 1620 3401 sic
1643 3371 1750 3401 redeat
1773 3369 1813 3400 ad
1831 3373 2132 3409 quantumcumque
2155 3376 2286 3406 parvam
2310 3367 2531 3406 quantitatem.
2548 3365 2589 3396 Et

1520 3416 1584 3445 hoc
1608 3414 1740 3455 quidam
1763 3417 1951 3454 posuerunt,
1968 3411 2109 3442 dicentes
2131 3411 2220 3451 quod
2244 3412 2366 3441 ratione
2390 3420 2466 3441 suae
2490 3410 2589 3441 subti-

1519 3459 1614 3489 litatis
1638 3467 1755 3498 corpus
1777 3457 1955 3497 gloriosum
1984 3456 2113 3486 habebit
2143 3455 2233 3495 quod
2263 3456 2364 3496 possit
2394 3464 2462 3485 esse
2492 3453 2588 3485 simul

1520 3512 1595 3533 cum
1619 3503 1682 3532 alio
1706 3510 1842 3541 corpore
1865 3509 1933 3531 non
1956 3500 2098 3540 glorioso
2115 3500 2147 3530 in
2164 3499 2280 3530 eodem
2303 3499 2378 3530 loco
2395 3500 2429 3536 *3
2455 3503 2486 3529 et
2502 3499 2588 3529 simi—

404 3549 429 3578 si
453 3549 578 3588 corpori
605 3549 746 3589 glorioso
774 3550 890 3579 inesset
920 3549 1042 3578 ratione
1070 3558 1145 3579 suae
1173 3548 1352 3578 subtilitatis
1377 3547 1466 3587 quod
1480 3547 1589 3576 751iter
1611 3550 1718 3586 potest
1739 3555 1805 3575 una
1828 3554 1899 3585 pars
1923 3554 1990 3574 esse
2006 3545 2086 3574 intra
2110 3544 2213 3580 aliam,
2232 3545 2266 3574 in
2285 3549 2409 3574 tantum
2433 3542 2523 3583 quod
2538 3548 2587 3573 to-

2355 3643 2373 3654 r

2619 841 2629 851 ·
2645 839 2712 862 Vero.
2725 845 2760 862 αι.

2619 972 2630 982 ·
2649 970 2709 992 Part.
2728 969 2773 997 m,
2792 975 2832 998 qu.

2618 1002 2696 1024 mn,
2710 999 2753 1019 art.
2767 1002 2788 1025 3.

2618 1056 2698 1106 ’ἐκ

2707 1062 2776 1105 fat?-
2820 1067 2832 1073 -

2772 1063 2808 1105 Fe

2619 1593 2630 1605 ¹
2636 1592 2832 1621 Inflmqiuxuv,

2619 1623 2663 1642 art.
2674 1625 2696 1649 3.
2705 1630 2716 1636 -
2724 1619 2762 1642 ct.
2772 1619 2832 1642 Part.

2620 1646 2760 1695 ffl’ssu'Lm
2767 1650 2831 1673 arm,

2621 1701 2642 1712 ··
2648 1699 2760 1728 buo-enp-
2769 1705 2832 1727 mv,

2619 1732 2679 1749 von.
2693 1731 2728 1756 3¹·

2619 1767 2832 1817 aarum·

2619 1993 2670 2043 'sc‘
2687 1999 2833 2043 ''imezfflisss

2619 2792 2774 2816 'mm-tot.
2784 2793 2831 2815 Το-

2613 2819 2661 2848 pic.
2673 2819 2713 2842 nh.
2724 2819 2764 2846 Vl,
2779 2825 2830 2848 etp.

2618 2852 2650 2874 vi,
2664 2852 2687 2869 n.
2702 2852 2737 2869 τι.

2616 3498 2768 3522 ·cf.m.2.
