2918 4088
63 338 197 361 secandum.

63 403 76 414 '¹
89 401 125 425 Cf.
135 406 200 424 num.
209 407 276 424 xviu.

64 837 77 849 ³
89 835 126 859 ct.
146 841 212 859 num.
226 841 276 864 seq.

56 1830 58 1834 ’
85 1827 240 1875 enfin„

76 3214 162 3249 ‚uum
184 3231 210 3253 n,
229 3225 278 3248 Aa·

142 3253 224 3278 terno.

64 314 76 324 ·
85 311 155 334 Num.
166 317 182 338 ι,
191 310 278 340 Quoad

969 230 1232 277 QUAEST10
1259 230 1414 277 van,
1447 229 1739 268 ARTICULUS
1767 232 1816 268 vl

356 308 410 339 VI.
427 308 521 339 Circa
536 307 715 338 secundum
730 307 867 338 modum
882 309 909 344 *,
927 317 1117 339 eoncessum
1138 308 1362 343 communiter,

303 362 369 393 quo
392 352 499 393 plures
515 357 650 392 possunt
665 352 761 382 simul
777 352 936 392 baptizare
952 362 1064 388 unum,
1081 352 1201 383 scilicet
1220 351 1364 391 quolibet

302 397 482 437 baptizante
505 395 640 432 dicente,
664 395 739 437 Ego
765 401 794 426 te
816 397 952 437 baptizo,
969 396 1104 427 dubium
1126 401 1221 426 restat
1236 396 1263 431 ὓ,
1281 405 1364 435 quo-

302 440 402 472 modo
425 440 494 471 fieri
517 445 572 470 aut
587 440 719 480 intelligi
735 445 841 480 potest
859 440 926 471 duo
942 441 1067 480 agentia
1081 439 1200 475 totaiia,
1218 439 1363 479 quamvis

302 484 563 520 instrumentalia‚
576 483 720 515 eiusdem
734 485 874 521 rationis,
891 484 1068 524 producere
1085 482 1253 514 efficaciter
1268 483 1363 513 simul

302 538 406 560 unum
429 528 579 559 effectum
601 538 670 559 non
693 529 855 559 intensum
877 534 932 559 aut
954 527 1132 568 perfectum
1148 527 1248 567 magis
1264 535 1363 566 quam

302 574 329 604 si
351 574 390 604 ab
413 582 481 604 uno
505 582 619 603 eorum
642 578 766 603 tantum
789 571 1036 613 produceretur;
1061 577 1092 601 et
1114 571 1177 601 hoc
1200 571 1234 601 in
1257 571 1362 601 subie-

303 623 356 648 cto
381 617 490 658 capaci
519 616 715 657 perfectioris
744 626 802 647 seu
824 616 1004 647 intensioris
1028 614 1173 651 effectus,
1198 615 1293 654 quale
1316 619 1363 644 est

303 662 410 692 anima
431 667 557 697 nosua;
589 666 621 692 et
643 660 683 692 de
706 660 822 692 effectu
845 660 1038 700 suscipiente
1060 659 1160 698 magis
1184 664 1215 688 et
1237 659 1361 694 minus,

303 706 405 746 qualis
429 711 476 736 est
497 706 606 746 gratia.
629 704 763 736 Videtur
786 705 872 735 enim
894 713 962 734 non
985 703 1191 743 intelligibile.

358 750 426 781 VII.
439 749 534 780 Circa
548 749 723 790 principale
738 749 919 789 quaesitum
935 747 1069 778 dubium
1084 746 1189 777 adhuc
1204 751 1308 782 restat,
1322 756 1363 777 an

303 794 479 835 baptismus
502 793 542 824 de
565 793 751 824 necessitate
773 792 960 823 sacramenti
979 792 1083 831 exigat
1098 791 1253 821 unitatem
1268 791 1362 821 mini-

303 839 358 869 stri
373 839 400 869 ⁴.
423 838 472 868 Ex
494 838 554 868 hac
577 837 664 868 enim
686 837 788 867 littera
809 845 878 867 non
895 836 1029 866 habetur
1050 835 1217 875 responsio
1241 835 1362 874 simpli-

303 882 381 913 citer
410 887 442 912 et
468 881 632 912 absolute:
666 880 722 911 sed
750 885 876 911 tantum
903 880 1037 910 habetur
1067 878 1157 919 quod
1184 878 1362 910 secundum

302 935 402 958 unam
423 925 560 956 formam
582 930 719 965 possunt
740 924 848 965 plures
871 922 1015 954 conferre
1030 932 1133 954 unum
1149 923 1315 963 baptisma,
1332 928 1363 953 et

302 969 481 1001 secundum
493 969 586 1000 aliam
598 968 736 1000 formam
751 978 828 999 non.
845 967 960 999 Scotus
976 973 1084 998 autem
1100 966 1185 1003 dicit,
1202 967 1236 997 in
1247 978 1279 997 vr
1291 967 1361 997 dist.

268 1028 275 1034 ·
302 1014 346 1045 IV
361 1013 448 1047 Sent.
465 1015 492 1050 ⁸²,
508 1012 598 1053 quod
621 1013 724 1044 unitas
738 1013 874 1043 ministri
896 1017 943 1042 est
958 1012 996 1042 ab
1012 1012 1211 1042 institutione
1228 1011 1361 1047 Christi;

302 1057 473 1089 Durandus
489 1067 564 1088 vero
580 1057 689 1088 asserit
711 1057 899 1097 oppositum
914 1057 948 1092 *3
972 1056 1083 1087 Petrus
1106 1061 1214 1086 autern
1237 1055 1314 1086 dicit
1328 1056 1362 1072 θ’*

267 1119 278 1136 .-
302 1101 392 1143 quod
414 1102 518 1133 unitas
540 1101 675 1132 ministri
697 1111 766 1132 non
785 1106 832 1131 est
855 1100 894 1132 de
917 1100 1091 1131 substantia
1106 1100 1303 1136 sacramenti,
1327 1105 1364 1130 ut

302 1146 412 1178 dicunt
423 1146 638 1177 communiter
649 1155 772 1176 omnes,
788 1145 837 1176 Ex
849 1145 965 1186 quibus
978 1154 1128 1185 apparere
1144 1150 1251 1185 potest
1266 1154 1363 1184 quae-

301 1191 440 1222 stionem
462 1191 544 1222 hanc
566 1199 731 1220 remanere
754 1189 895 1220 dubiam.

353 1234 436 1266 VIII.
448 1234 500 1266 Ad
514 1235 571 1265 has
587 1233 800 1265 dubitationes
816 1234 860 1264 sic
875 1233 1137 1274 respondendum
1149 1239 1196 1264 est
1206 1238 1243 1264 ut
1257 1234 1362 1273 primo

245 1294 252 1300 ·
301 1278 424 1310 dicatur
438 1277 479 1310 ad
493 1279 639 1309 ultimam
654 1279 681 1315 *‚
697 1284 851 1318 tanquam
875 1288 946 1308 eam
962 1288 1000 1308 ex
1024 1278 1115 1308 cuius
1130 1277 1270 1308 claritate
1292 1277 1363 1308 reli—

301 1332 440 1364 quarum
461 1323 579 1359 soli-uio
601 1321 725 1354 facilius
748 1323 950 1363 percipietur.
974 1322 1026 1353 Ad
1049 1321 1240 1352 evidentiam
1255 1327 1363 1352 autem

300 1367 497 1408 quaestionis
520 1367 661 1403 ultimae,
685 1366 859 1398 dicendum
881 1367 986 1407 primo
1003 1371 1049 1397 est
1073 1365 1150 1406 quid
1166 1371 1213 1396 est
1228 1366 1280 1396 hic
1295 1375 1363 1396 ma-

301 1411 464 1448 nifestum,
488 1417 520 1442 et
542 1411 621 1452 quid
643 1411 808 1442 occultum
823 1412 850 1442 *.
874 1411 1011 1442 Duobus
1034 1411 1130 1450 igitur
1144 1409 1249 1441 modis
1271 1410 1362 1440 intel-

301 1455 357 1496 ligi
379 1461 487 1496 potest
509 1456 614 1486 unitas
635 1455 781 1486 ministri.
816 1455 877 1486 Vel
900 1455 989 1495 quod
1011 1455 1116 1485 unitas
1138 1454 1274 1485 ministri
1295 1463 1363 1484 non

301 1501 404 1541 possit
424 1500 571 1540 integrari
595 1509 634 1530 ex
656 1499 800 1540 pluribus
818 1500 980 1540 personisz
1003 1499 1047 1529 ita
1069 1498 1159 1538 quod
1179 1508 1247 1529 non
1262 1499 1363 1538 possit

273 1579 275 1581 ,
302 1544 487 1584 contingere
501 1544 536 1574 in
551 1544 696 1574 ministro
713 1543 803 1583 quod
818 1553 902 1574 unus
918 1543 1023 1574 totalis
1034 1543 1177 1575 minister
1193 1548 1363 1581 consurgat

302 1587 460 1622 etmultis
471 1587 655 1628 partialibus
665 1588 811 1627 personis
821 1587 1164 1622 comministrantibus;
1188 1591 1267 1626 puta
1281 1586 1363 1616 sicut

301 1631 462 1673 perfectus
484 1636 600 1662 tractor
622 1631 711 1662 navis
734 1631 907 1671 integratur
930 1640 968 1661 ex
984 1630 1092 1660 multis
1115 1629 1211 1660 simul
1233 1630 1362 1661 trahen-

300 1675 400 1716 tibuS,
423 1675 475 1706 vel
504 1675 601 1707 sicut<
616 1674 776 1715 perfectus
799 1674 968 1705 fabricator
996 1674 1170 1714 integratur
1193 1683 1231 1704 ex
1253 1673 1362 1704 multis

216 1740 220 1747 .
246 1728 254 1746 ‚·
300 1719 483 1760 partialibus
505 1719 696 1752 ministeriis.
719 1718 761 1749 Et
783 1719 828 1748 sic
850 1719 884 1749 in
899 1719 962 1749 hoc
985 1718 1200 1758 communiter
1215 1717 1362 1748 doctores

301 1763 508 1799 conveniunt,
523 1762 664 1794 tenendo
680 1768 803 1803 partem
818 1763 1009 1803 negativam,
1022 1762 1141 1792 scilicet
1157 1761 1246 1802 quod
1258 1762 1362 1792 unitas

299 1808 436 1842 ministri
457 1807 606 1848 baptismi
628 1815 697 1838 non
719 1812 826 1847 potest
849 1815 1041 1846 consurgere
1065 1815 1103 1836 ex
1126 1806 1270 1846 pluribus
1290 1816 1362 1846 per-

300 1852 394 1887 sonis
409 1851 581 1893 partialiter
603 1851 866 1882 concurrentibus
882 1852 909 1882 ’ἢ
943 1850 1115 1890 Propterea
1138 1851 1224 1880 enim
1252 1850 1362 1881 dicunt

301 1895 402 1937 quod,
420 1897 448 1927 si
469 1905 554 1927 unus
569 1895 670 1927 abluit
692 1901 724 1926 et
741 1895 819 1926 alter
834 1895 956 1936 profert
973 1895 1079 1930 verba,
1098 1895 1274 1934 baptismus
1289 1895 1362 1925 nul-

300 1940 351 1973 lus
373 1945 439 1972 est:
471 1940 661 1981 oppositum
690 1940 777 1971 enim
807 1945 890 1971 esset
918 1940 944 1970 si
971 1939 1115 1970 minister
1144 1939 1293 1979 baptismi
1324 1948 1362 1969 ex

301 1984 425 2016 duabus
438 1985 583 2025 personis
605 1984 776 2025 partialiter
794 1984 1058 2015 concurrentibus
1080 1983 1229 2023 integrari
1243 1988 1360 2023 posset.

354 2028 431 2060 Alio
453 2034 562 2060 autem
583 2027 684 2060 modo
714 2029 820 2060 unitas
845 2028 981 2059 ministri
1009 2032 1116 2068 potest
1144 2027 1277 2068 intelligi
1306 2037 1363 2068 per

301 2073 520 2104 exclusionem
542 2073 684 2114 plurium
707 2073 856 2104 totalium
878 2073 1114 2104 ministrorum:
1138 2077 1226 2113 puta,
1251 2081 1292 2102 an
1307 2072 1362 2102 ba-

299 2117 436 2158 ptismus
458 2118 503 2149 ita
524 2118 629 2158 exigat
649 2126 753 2148 unum
775 2117 908 2149 totalem
930 2117 1113 2148 ministrum
1135 2115 1235 2156 quod,
1255 2117 1281 2146 si
1297 2115 1361 2146 duo

251 2173 254 2175 ’
299 2161 414 2193 totales
435 2161 572 2193 ministri
594 2161 690 2192 simul
713 2166 914 2198 concurrant,
933 2161 1110 2201 baptismus
1124 2161 1232 2192 nullus
1248 2161 1297 2192 sit.
1322 2161 1363 2191 Et

301 2205 335 2237 in
357 2206 421 2237 hoc
444 2215 577 2247 quoque
600 2215 696 2237 sensu
729 2206 927 2236 conveniunt
957 2205 1173 2236 communiter
1196 2204 1361 2241 doctores,

300 2255 446 2282 tenentes
467 2255 592 2291 partem
613 2250 804 2290 negativam,
827 2250 948 2281 scilicet
971 2249 1061 2290 quod
1077 2259 1147 2280 non
1162 2250 1294 2290 requirit
1308 2250 1363 2280 ba-

300 2295 436 2335 ptismus
455 2294 556 2329 ,talem
577 2295 733 2326 unitatem
754 2295 899 2326 ministri.
937 2294 1110 2334 Propterea
1140 2295 1226 2325 enim
1253 2293 1363 2324 dicunt

301 2338 400 2379 quod,
424 2339 451 2370 si
471 2338 537 2370 duo
553 2338 650 2373 simul
671 2338 835 2379 proferant
849 2338 966 2379 singuli
980 2339 1077 2369 verba
1091 2343 1123 2369 et
1138 2338 1269 2369 abluant
1284 2348 1363 2369 eun-

301 2382 386 2420 dem,
409 2383 584 2423 baptismus
606 2392 700 2414 verus
720 2389 779 2420 est,
797 2383 873 2424 quia
887 2388 1001 2415 neuter
1016 2383 1144 2414 alterius
1159 2382 1281 2413 factum
1295 2383 1363 2418 irri-

301 2431 356 2463 tat.
378 2445 402 2463 -τ
423 2425 603 2462 Ηειεσῗάυο
626 2432 701 2458 sunt
723 2437 807 2468 quae
828 2437 888 2468 pro
909 2426 1084 2458 manifestis
1106 2427 1273 2458 habentur.

356 2470 410 2507 IX.
432 2471 526 2503 Latet
547 2477 655 2503 autem
675 2481 726 2508 an,
749 2472 896 2503 absolute
917 2471 1094 2512 loquendo,
1117 2471 1222 2502 unitas
1243 2477 1274 2502 et
1292 2471 1364 2511 plu-

302 2514 407 2551 ralitas
427 2516 564 2547 ministri
584 2525 642 2556 per
664 2515 811 2548 accidens
834 2526 868 2547 se
890 2516 1028 2547 habeant
1049 2516 1102 2546 vel
1124 2525 1182 2556 per
1203 2525 1237 2546 se
1261 2515 1301 2547 ad
1316 2525 1364 2546 sa-

303 2564 503 2591 cramentum
517 2560 677 2600 baptismi.
701 2559 872 2591 Durandus
888 2561 975 2591 enim
993 2565 1081 2591 tenet
1095 2561 1112 2577 ³
1128 2559 1218 2601 quod
1233 2569 1291 2600 per
1313 2570 1364 2590 ac-

304 2602 423 2635 cidens.
439 2603 562 2634 Auctor
577 2609 685 2637 autem
699 2610 788 2636 tenet
803 2604 892 2645 quod
906 2614 964 2645 per
979 2614 1023 2635 se.
1042 2604 1084 2635 Et
1098 2605 1162 2635 hoc
1178 2610 1226 2636 est
1240 2613 1362 2635 verum.

303 2647 404 2686 Quod
419 2657 457 2678 ex
476 2657 516 2679 eo
539 2647 701 2680 evidenter
723 2654 810 2689 patet
833 2648 924 2690 quod
941 2648 1108 2680 manifeste
1131 2658 1188 2689 per
1206 2648 1363 2685 accidens,

302 2692 398 2723 etiam
421 2690 616 2729 extraneum,
641 2693 797 2733 contingit
818 2702 923 2724 unum
944 2693 1139 2733 baptismum
1163 2702 1231 2724 esse
1249 2703 1268 2723 a
1283 2692 1365 2724 duo-

301 2736 361 2767 bus
382 2736 547 2767 ministris:
576 2736 665 2767 nulla
687 2738 774 2768 enim
795 2738 875 2768 ratio
898 2736 933 2768 id
954 2738 1096 2778 requirit,
1122 2738 1269 2778 quamvis
1291 2747 1364 2778 per-

302 2781 417 2812 mittat.

356 2825 516 2865 Amplius,
529 2824 660 2865 quando
677 2826 852 2866 baptismus
869 2831 915 2856 est
931 2835 949 2856 a
963 2826 1109 2866 pluribus
1123 2827 1284 2862 ministris,
1296 2836 1365 2857 non

303 2873 352 2899 est
373 2869 508 2900 omnino
531 2879 626 2900 unus.
662 2869 827 2908 Quoniam
849 2876 924 2901 sunt
946 2875 1024 2901 tunc
1053 2869 1135 2902 duae
1158 2869 1282 2901 formae
1303 2880 1365 2901 nu-

302 2921 405 2950 mere,
429 2912 510 2944 duae
534 2914 683 2944 materiae
700 2920 731 2944 et
746 2914 888 2945 actiones
903 2924 1059 2945 numero:
1083 2923 1120 2945 ac
1135 2924 1193 2954 per
1207 2915 1282 2951 hoc,
1297 2914 1364 2946 duo

303 2957 452 2997 baptismi
481 2963 678 2989 sacramenta
704 2959 823 2994 active;
857 2964 889 2989 et
918 2958 1005 2990 solus
1034 2959 1164 2990 interior
1190 2959 1366 2999 baptismus

303 3001 428 3037 animae
453 3011 539 3032 unus
562 3007 618 3032 est.
653 3002 743 3033 Patet
770 3008 878 3034 autem
909 3003 990 3033 hoc:
1026 3003 1101 3043 quia
1132 3009 1366 3035 sacramentum

205 3040 207 3042 μ
252 3048 254 3051 ’
304 3045 453 3086 baptismi
482 3046 656 3086 integratur
678 3057 717 3078 ex
739 3047 853 3083 rebus,
878 3052 909 3077 et
931 3047 1034 3078 verbis
1057 3057 1075 3077 a
1097 3047 1263 3084 ministro,
1286 3053 1364 3084 etc.;

303 3088 360 3120 sed
381 3089 416 3120 in
439 3099 516 3122 casu
533 3091 701 3131 proposito
725 3096 800 3122 sunt
815 3090 881 3122 duo
897 3101 1033 3122 numero
1049 3091 1203 3131 integrata
1217 3101 1256 3122 ex
1271 3092 1366 3123 rebus

305 3138 337 3164 et
358 3134 472 3171 verbiS,
489 3140 568 3172 etc.;
601 3144 677 3176 ergo
701 3141 776 3166 sunt
799 3134 865 3166 duo
890 3141 1086 3166 sacramenta
1109 3136 1220 3167 active.
1255 3136 1366 3168 Unum

305 3187 381 3218 ergo
403 3187 540 3210 numero
564 3179 713 3220 baptismi
729 3185 963 3210 sacramentum
986 3189 1090 3211 unum
1104 3180 1286 3211 ministrum
1301 3181 1366 3211 exi-

304 3222 359 3262 git.
376 3221 418 3253 Et
431 3223 496 3254 hoc
511 3228 559 3253 est
577 3222 667 3264 quod
676 3224 826 3257 Auctoris
842 3224 945 3264 prima
959 3225 1040 3255 ratio
1052 3225 1069 3241 ⁴*
1081 3223 1258 3258 concludit:
1277 3224 1367 3265 quod

304 3265 425 3297 scilicet
447 3271 536 3299 actus
558 3267 789 3308 multiplicatur
812 3278 830 3299 a
851 3268 1119 3308 multiplicatione
1138 3269 1301 3309 agentium
1316 3274 1367 3300 to-

304 3310 433 3348 talium;
458 3320 525 3347 seu,
550 3311 640 3352 quod
653 3311 740 3343 idem
756 3317 812 3349 est,
829 3313 856 3343 si
870 3312 1012 3353 perfecte
1027 3313 1066 3344 ab
1082 3322 1286 3354 unoquoque
1301 3312 1366 3344 fiat.

305 3353 399 3386 Unde
417 3354 593 3386 cohibenda
616 3360 664 3387 est
685 3356 802 3398 lingua
817 3355 993 3388 dicentium
1009 3356 1152 3389 accidere
1167 3362 1366 3388 sacramento

305 3399 461 3430 unitatem
475 3399 527 3433 vel
545 3400 759 3440 pluralitatem
773 3401 1001 3432 ministrorum.
1016 3401 1191 3439 >Quoniam
1206 3401 1367 3441 pluralitas

304 3442 524 3474 ministrorum
546 3444 727 3484 partialium
751 3446 967 3477 communiter
985 3445 1181 3476 excluditur:
1206 3445 1367 3485 pluralitas

304 3495 382 3517 vero
404 3487 624 3519 ministrorum
645 3489 795 3520 totalium
823 3489 1037 3529 pluralitatem
1060 3490 1258 3520 numeralem
1282 3494 1367 3518 exte-

305 3531 396 3562 rioris
418 3533 606 3563 sacramenti
628 3532 732 3569 infert,
757 3538 788 3564 et
811 3534 946 3564 omnino
969 3543 1027 3574 per
1043 3533 1188 3564 accidens
1208 3533 1367 3563 invenitur

306 3574 346 3605 ad
368 3584 472 3606 unum
493 3586 631 3608 numero
654 3576 805 3608 effectum
828 3578 1025 3608 sacramenti.

2426 236 2475 284 87

1476 307 1619 338 Mirabile
1642 314 1750 339 autem
1774 315 1819 339 est
1842 320 1910 340 non
1933 311 2101 343 advertisse
2117 313 2156 344 ad
2172 316 2333 354 propriam
2349 325 2476 346 vocem.

1419 351 1501 381 Nam
1525 352 1550 381 si
1573 352 1728 382 subtiliter
1756 360 1959 393 perspectum
1983 355 2093 391 fuerit,
2117 359 2279 396 apparebit
2303 359 2392 398 quod
2414 361 2473 390 im-

1418 395 1569 435 possibile
1594 401 1640 425 est
1662 405 1765 426 unum
1789 403 1820 427 et
1838 397 1923 427 idem
1943 405 2175 430 sacramentum
2198 402 2343 441 baptismi
2367 413 2434 434 esse
2457 414 2475 434 a

1418 438 1545 469 duobus
1568 439 1718 470 totalibus
1741 441 1900 477 ministris,
1917 444 2061 481 quamvis
2080 449 2217 483 ponatur
2232 455 2334 476 unum
2351 452 2381 476 et
2397 457 2474 477 eun-

1418 482 1493 513 dem
1516 483 1666 514 effectum
1689 493 1757 514 esse
1780 485 1819 514 ab
1843 486 1995 525 utrisque.
2031 486 2159 524 Quanta
2188 489 2274 518 enim
2301 489 2475 521 differentia

1419 532 1466 557 est
1489 527 1570 557 inter
1593 528 1787 567 baptismum
1810 533 1841 558 et
1865 530 1932 559 eius
1956 529 2114 566 effectum,
2139 536 2225 561 tanta
2240 531 2413 563 differentia
2429 541 2475 564 est

1417 571 1499 601 inter
1528 570 1771 602 affirmationem
1801 573 1896 602 unius
1926 574 1976 603 vel
2006 574 2147 613 plurium
2177 576 2418 615 baptismatum,
2444 584 2475 608 et

1417 615 1512 645 unius
1535 615 1587 645 vel
1609 615 1751 655 plurium
1775 615 1948 647 effectuum
1964 618 2121 657 baptismi.
2145 619 2186 648 Et
2204 626 2380 659 propterea,
2400 631 2475 652 cum

1417 659 1565 699 baptismi
1588 665 1822 690 sacramentum
1844 670 1911 690 non
1935 661 1974 691 sit
1996 662 2057 691 nisi
2080 663 2215 692 exterius
2231 664 2420 703 integratum
2437 675 2474 695 ex

1417 703 1511 733 rebus
1535 709 1566 733 et
1587 704 1701 739 verbis,
1725 709 1802 743 puta
1827 714 1863 734 ex
1887 705 2050 735 ablutione
2073 706 2106 735 in
2129 716 2212 746 aqua
2235 713 2266 737 et
2289 707 2391 738 forma
2406 718 2474 739 ver-

1418 747 1535 778 borum
1550 757 1568 777 a
1583 747 1729 778 ministro
1746 757 1821 778 cum
1837 747 1942 778 debita
1957 749 2151 786 intentione;
2177 756 2208 780 et
2222 751 2274 781 hic
2289 753 2351 782 sint
2367 754 2475 783 omnia

1418 792 1572 821 exteriora
1594 792 1695 822 active
1719 797 1750 822 et
1772 793 1895 831 passive
1919 792 2087 832 duplicata,
2111 800 2186 824 sunt
2207 796 2292 825 enim
2315 795 2380 826 duo
2404 806 2474 836 per-

1418 834 1492 865 fecti
1514 836 1650 866 ministri
1673 845 1748 866 cum
1771 835 1894 866 duabus
1916 837 2146 868 intentionibus
2174 839 2369 878 baptizandi,
2401 846 2475 871 sunt

1418 878 1499 909 duae
1523 879 1655 916 formae,
1680 885 1754 910 sunt
1776 879 1857 910 duae
1877 880 2054 911 ablutiones
2078 882 2197 912 activae
2221 888 2251 912 et
2275 882 2355 913 duae
2378 885 2475 923 passi-

1417 933 1492 959 vae,
1522 929 1558 954 ut
1580 929 1668 963 patet
1695 925 1721 954 si
1743 929 1926 964 aspergatur
1949 925 2005 964 qui
2028 926 2203 965 baptizatur
2229 926 2406 957 secundum
2429 928 2475 958 di·-

1416 977 1521 998 versas
1544 968 1594 998 sui
1616 973 1736 1008 partes:
1759 986 1782 990 -
1806 968 1956 1004 breviter,
1986 969 2064 999 nihil
2087 969 2176 1000 deest
2203 970 2243 1000 ad
2265 970 2475 1010 pluralitatem

1417 1012 1550 1042 totalem
1571 1013 1632 1042 nisi
1654 1012 1816 1052 pluralitas
1839 1013 1998 1052 baptizati.
2023 1013 2126 1043 Cuius
2142 1015 2244 1044 unitas
2260 1015 2415 1045 unitatem
2431 1015 2475 1046 ef-

1418 1055 1515 1086 fectui
1538 1057 1686 1096 baptismi
1710 1056 1784 1087 dare
1807 1062 1931 1096 potest:
1956 1057 2169 1097 pluralitatem
2191 1063 2299 1088 autem
2316 1060 2475 1090 exterioris

1418 1101 1605 1131 sacramenti
1627 1110 1695 1131 non
1718 1101 1810 1131 tollit.
1844 1101 2000 1131 Notanter
2022 1107 2130 1132 autem
2153 1101 2230 1138 dixi,
2252 1103 2475 1142 pluralitatem

1418 1145 1569 1175 totalem.-
1601 1146 1677 1185 quia
1699 1146 1756 1185 qui
1778 1146 1955 1184 baptizatur
1980 1145 2055 1176 licet
2077 1146 2255 1176 secundum
2278 1152 2399 1186 partem
2422 1148 2475 1177 ab·

1417 1188 1532 1225 luatur,
1554 1189 1661 1229 ipsum
1677 1194 1784 1220 tamen
1800 1189 2003 1229 suppositum
2019 1195 2066 1220 est
2089 1190 2178 1230 quod
2200 1191 2305 1230 primo
2329 1191 2474 1228 abluitur,

1418 1233 1595 1273 baptizatur
1618 1234 1704 1264 enim
1724 1234 1776 1264 hic
1791 1234 1902 1269 homo,
1919 1238 1951 1264 et
1968 1243 2037 1265 non
2053 1240 2149 1274 caput
2165 1235 2251 1270 eius;
2276 1245 2312 1265 ac
2330 1245 2387 1275 per
2402 1236 2474 1272 hoc,

1417 1277 1491 1308 licet
1513 1277 1692 1308 secundum
1709 1278 1878 1309 exteriores
1893 1283 1997 1317 partes
2021 1279 2083 1309 sint
2106 1278 2188 1309 duae
2207 1279 2386 1310 ablutiones
2405 1289 2475 1319 pas-

1417 1322 1512 1358 sivae,
1536 1321 1715 1352 secundum
1737 1327 1844 1353 tamen
1868 1323 2049 1354 subiectum
2073 1323 2163 1363 quod
2185 1323 2332 1359 abluitur,
2348 1333 2415 1354 non
2431 1329 2477 1354 est

1417 1366 1478 1396 nisi
1499 1376 1565 1396 una
1587 1366 1708 1397 ablutio
1732 1367 1864 1406 passiva,
1889 1368 1965 1407 quia
1987 1377 2055 1398 non
2079 1372 2126 1398 est
2148 1368 2209 1398 nisi
2231 1377 2316 1398 unus
2339 1368 2474 1398 ablutus.

1417 1409 1461 1444 Et
1486 1416 1656 1450 propterea
1684 1410 1798 1441 dicitur
1828 1411 1918 1451 quod
1943 1421 2012 1442 non
2035 1417 2082 1442 est
2103 1412 2164 1442 nisi
2194 1421 2278 1442 unus
2302 1412 2476 1451 baptismus

1397 1455 1538 1494 ⁴passive
1562 1455 1596 1485 in
1621 1464 1660 1485 eo
1685 1455 1740 1495 qui
1763 1455 1940 1495 baptizatur
1963 1466 1981 1486 a
2004 1455 2131 1486 duobus
2153 1455 2253 1486 modo
2277 1455 2373 1486 dicto.

1471 1498 1519 1528 Ex
1535 1499 1653 1538 quibus
1669 1499 1819 1529 omnibus
1834 1500 1968 1530 habetur
1983 1500 2073 1540 quod
2089 1501 2192 1530 unitas
2207 1509 2265 1540 per
2280 1510 2314 1530 se
2329 1500 2477 1540 baptismi

1417 1543 1572 1573 unitatem
1596 1544 1690 1582 exigit
1712 1543 1847 1574 ministri
1869 1543 2012 1583 perfecti.

1470 1586 1510 1616 X.
1534 1586 1597 1617 Sed
1621 1596 1684 1626 qua
1706 1588 1828 1617 ratione
1851 1594 1906 1618 aut
1929 1589 2115 1619 auctoritate
2138 1594 2274 1628 cogente
2297 1589 2401 1619 unitas
2416 1590 2475 1619 mi-

1415 1630 1504 1660 nistri
1529 1630 1667 1661 excludit
1696 1631 1908 1670 pluralitatem
1935 1633 2115 1672 partialium
2143 1633 2474 1669 comministrantium‚

1415 1673 1591 1705 videndum
1619 1680 1724 1705 restat.
1759 1675 1882 1706 Auctor
1912 1675 2071 1716 siquidem
2099 1686 2137 1707 ex
2165 1676 2292 1707 duobus
2320 1678 2475 1717 capitibus

1416 1723 1550 1749 conatur
1572 1719 1636 1749 hoc
1657 1725 1851 1750 monstrare:
1876 1721 1995 1751 scilicet
2018 1730 2056 1751 ex
2079 1726 2167 1760 parte
2186 1720 2319 1757 formae,
2336 1727 2372 1752 ut
2389 1727 2476 1761 patet

1415 1763 1449 1793 in
1464 1762 1606 1794 secunda
1619 1764 1742 1794 ratione
1754 1764 1785 1799 *;
1799 1769 1830 1794 et
1846 1773 1883 1794 ex
1898 1770 1987 1804 parte
2002 1765 2131 1795 unitatis
2146 1765 2328 1805 principalis
2344 1767 2474 1806 agentis,

1415 1807 1535 1837 scilicet
1558 1806 1686 1844 Christi,
1710 1813 1745 1838 ut
1768 1813 1855 1848 patet
1877 1809 1910 1838 in
1933 1809 2023 1839 tertia
2045 1810 2167 1839 ratione
2182 1811 2210 1839 θ’.

1469 1851 1653 1882 Auctoritas
1668 1861 1744 1882 vero
1769 1851 1887 1892 duplex
1909 1852 2070 1884 inducitur
2088 1854 2119 1883 *τ
2143 1853 2239 1884 altera
2262 1863 2300 1884 ex
2323 1854 2473 1890 Decretis,

1416 1895 1486 1926 dist.
1509 1895 1622 1932 XXIII,
1646 1905 1715 1936 cap.
1743 1895 1973 1933 Quorundam,
2004 1898 2061 1928 ubi
2088 1897 2168 1928 ordo
2196 1907 2284 1928 sacer
2315 1897 2406 1928 datus
2436 1898 2474 1928 ab

1416 1940 1570 1980 episcopo
1595 1945 1748 1980 operante
1772 1946 1803 1971 et
1824 1941 2010 1982 presbytero
2040 1942 2166 1982 legente
2195 1942 2349 1978 irritatur3
2380 1942 2475 1972 altera

1417 1994 1455 2014 ex
1470 1984 1655 2024 Evangelio,
1672 1993 1713 2015 eo
1729 1984 1820 2024 quod
1834 1985 1995 2016 Dominus
2018 1986 2190 2026 baptizanti
2209 1986 2369 2016 commisit
2383 1987 2474 2017 invo-

1417 2028 1577 2058 cationem
1599 2028 1762 2059 Trinitatis
1781 2029 1808 2060 ἢ

1471 2072 1507 2102 In
1530 2073 1712 2113 oppositam
1735 2078 1843 2104 autem
1865 2078 1988 2113 partem
2011 2073 2138 2104 affertur
2153 2075 2243 2110 ratio,
2267 2074 2343 2114 quia
2358 2084 2475 2114 ,omnes

1415 2126 1525 2147 sumus
1548 2127 1648 2147 unum
1671 2127 1789 2157 corpus
1811 2117 1845 2147 in
1871 2117 2016 2153 Christo,
2043 2118 2167 2159 singuli
2189 2123 2295 2148 autem
2318 2118 2404 2149 alter
2425 2119 2473 2149 al-

1417 2161 1516 2191 terius
1539 2161 1679 2192 membra
1694 2162 1726 2198 ἡ
1750 2171 1787 2192 ac
1809 2171 1867 2201 per
1884 2162 1958 2198 hoc,
1981 2162 2074 2192 multi
2096 2162 2266 2202 partialiter
2281 2172 2474 2193 concurren-

1416 2211 1463 2236 tes
1486 2211 1681 2236 concurrunt
1704 2211 1740 2236 ut
1762 2215 1886 2242 unum;
1910 2206 2011 2236 immo
2035 2211 2231 2236 concurrunt
2252 2212 2288 2236 ut
2309 2206 2411 2236 multa
2425 2208 2474 2237 in-

1416 2255 1590 2280 strumenta
1614 2251 1719 2286 unius,
1743 2250 1863 2280 scilicet
1886 2249 2013 2281 Christi.
2037 2250 2078 2280 Et
2099 2250 2163 2280 hoc
2186 2251 2357 2290 praecipue
2378 2250 2474 2281 habet

1417 2294 1527 2325 locum
1556 2295 1590 2324 in
1620 2295 1807 2334 proposito,
1836 2294 1891 2324 ubi
1918 2300 2042 2324 constat
2065 2293 2154 2334 quod
2179 2294 2325 2325 Christus
2347 2299 2395 2325 est
2419 2295 2475 2335 qui

1416 2339 1555 2379 baptizat
1570 2339 1596 2374 θ,
1621 2344 1652 2368 et
1674 2339 1774 2368 homo
1798 2348 1866 2368 non
1884 2339 1944 2369 nisi
1962 2338 2204 2369 ministerialiter
2227 2344 2262 2369 ut
2286 2338 2403 2369 Christi
2425 2339 2474 2369 in-

1417 2388 1630 2414 strumentum
1653 2383 1822 2413 concurrit.

1470 2427 1512 2457 Et
1527 2426 1742 2458 confirmatur.
1755 2427 1840 2465 Quia
1851 2427 1877 2457 si
1889 2426 2033 2458 Christus
2048 2427 2147 2457 utitur
2161 2427 2311 2457 totalibus
2325 2427 2474 2457 ministris

1418 2471 1458 2502 ad
1473 2481 1576 2502 unum
1599 2472 1764 2512 baptisma,
1781 2476 1891 2501 contra
1914 2481 2046 2502 omnem
2068 2471 2234 2507 rationem,
2250 2471 2353 2501 multo
2375 2472 2475 2511 magis

1418 2515 1614 2547 credendum
1637 2521 1684 2546 est
1712 2515 1801 2555 quod
1823 2516 1921 2546 utitur
1944 2515 2087 2555 pluribus
2117 2516 2266 2545 ministris
2293 2515 2474 2555 partialibus

1419 2560 1459 2591 ad
1481 2570 1585 2591 unum
1607 2560 1812 2600 baptismum,
1829 2560 2015 2590 necessitate
2039 2565 2094 2590 aut
2114 2560 2236 2590 ratione
2259 2560 2301 2589 ita
2321 2559 2474 2599 exigente.

1474 2604 1668 2644 Suffragatur
1683 2610 1715 2635 et
1730 2602 1894 2644 Evangelii
1912 2604 2082 2634 auctoritas
2093 2605 2120 2634 ff.
2137 2604 2300 2642 Quoniam
2316 2603 2475 2634 Dominus

1419 2649 1496 2680 dixit
1510 2649 1682 2689 pluraliter,
1698 2649 1894 2690 baptizantes
1908 2658 1972 2684 eos,
1992 2649 2155 2678 insinuans
2174 2658 2231 2689 per
2245 2647 2401 2688 pluralem
2415 2658 2475 2679 nu-

1418 2703 1544 2724 merum
1566 2693 1674 2734 plures
1696 2703 1792 2733 posse
1815 2692 1910 2723 simul
1932 2693 2100 2732 baptizare.

1473 2738 1542 2768 Nec
1565 2737 1653 2768 deest
1676 2738 1846 2768 auctoritas
1868 2737 2111 2777 Apostolorum.
2135 2736 2299 2774 Quoniam
2322 2738 2361 2768 de
2381 2736 2474 2767 Petro

1419 2787 1450 2813 et
1473 2782 1593 2813 Ioanne
1615 2782 1730 2822 legitur
1745 2783 1761 2798 ⁴*
1786 2780 1875 2821 quod
1898 2781 2100 2821 imponebant
2115 2791 2231 2811 manus
2245 2791 2342 2822 super
2357 2781 2431 2812 illos
2446 2786 2478 2811 et

1419 2826 1618 2867 accipiebant
1639 2826 1795 2866 Spiritum
1818 2825 1981 2856 Sanctum.
2016 2825 2136 2855 Eadem
2159 2826 2246 2856 enim
2267 2827 2388 2856 ratione
2412 2834 2476 2864 qua

1418 2871 1525 2911 plures
1542 2870 1637 2901 simul
1653 2870 1859 2901 conferebant
1878 2875 2110 2900 sacramentum
2126 2868 2385 2905 confirmationis,
2405 2878 2475 2908 par-

1418 2916 1534 2946 tialiter
1556 2914 1670 2955 procul
1693 2914 1792 2945 dubio
1816 2919 2051 2948 concurrentes,
2076 2914 2151 2952 quia
2165 2913 2244 2943 nihil
2259 2913 2475 2943 inordinatum

1420 2960 1586 2995 faciebant,
1615 2964 1721 2999 potest
1744 2964 1775 2988 et
1797 2967 1884 2988 nunc
1907 2967 1925 2987 a
1947 2957 2090 2997 pluribus
2113 2957 2207 2987 simul
2230 2957 2399 2996 partialiter
2421 2957 2474 2986 ba-

1419 3005 1555 3045 ptismus
1578 3003 1653 3034 dari.

1474 3048 1527 3078 XI.
1553 3048 1588 3078 In
1603 3047 1662 3077 hac
1686 3045 1868 3076 difficultate
1890 3050 2035 3075 neutram
2058 3043 2161 3074 audeo
2184 3050 2306 3084 partem
2328 3054 2474 3075 asserere.

1420 3092 1597 3123 Intellectui
1628 3096 1734 3120 autem
1762 3099 1836 3120 meo
1866 3090 1966 3128 magis
1993 3093 2123 3128 apparet
2150 3098 2262 3119 verum
2290 3098 2357 3119 esse
2387 3088 2476 3128 quod

1419 3136 1578 3177 perfectus
1601 3135 1744 3165 minister
1766 3133 1914 3173 baptismi
1929 3138 2035 3173 potest
2050 3142 2088 3162 ex
2104 3131 2227 3163 duabus
2245 3133 2389 3172 personis
2405 3142 2475 3172 par-

1419 3180 1532 3211 tialiter
1555 3178 1817 3209 concurrentibus
1839 3177 2002 3217 integrari:
2028 3186 2064 3206 ea
2086 3177 2208 3207 ratione
2232 3178 2307 3216 quia
2330 3176 2370 3207 ad
2385 3176 2476 3207 Chri-

1420 3230 1514 3260 stum,
1538 3222 1751 3263 principaliter
1774 3222 1997 3261 baptizantem,
2013 3230 2080 3251 non
2096 3219 2190 3251 refert
2204 3221 2348 3261 pluribus
2363 3221 2476 3261 partia-

1420 3267 1501 3299 libus
1525 3266 1741 3297 instrumentis
1763 3265 1859 3296 simul
1882 3265 1928 3295 uti
1944 3264 1984 3295 ad
1998 3274 2101 3295 unum
2116 3265 2281 3305 baptisma,
2298 3264 2475 3295 dummodo

1420 3312 1532 3347 forma,
1556 3311 1687 3341 materia
1710 3315 1741 3340 et
1763 3310 1898 3340 intentio
1922 3309 2045 3339 debitae
2069 3314 2240 3339 serventur.

1475 3356 1516 3386 Et
1538 3354 1579 3385 ad
1597 3355 1722 3385 obiecta
1742 3363 1780 3383 ex
1795 3353 1971 3384 rationibus
1986 3353 2136 3383 Auctoris
2152 3354 2271 3393 patebit
2286 3354 2320 3383 in
2336 3354 2477 3392 ipsarum

1421 3399 1617 3431 discussione
1641 3408 1677 3428 ac
1701 3397 1912 3428 declaratione
1927 3399 1954 3427 ⁴².

1474 3442 1527 3474 Ad
1541 3443 1762 3473 auctoritatem
1778 3447 1885 3472 autem
1902 3451 1939 3471 ex
1951 3441 2092 3471 Decretis
2103 3442 2119 3457 ⁴*
2135 3440 2249 3471 dicitur
2260 3441 2375 3480 primo,
2388 3439 2477 3480 quod

1420 3488 1464 3518 ibi
1486 3497 1555 3517 non
1577 3487 1713 3517 irritatur
1737 3485 1817 3516 ordo
1840 3491 2023 3525 susceptus:
2046 3486 2148 3515 immo
2171 3485 2278 3524 potius
2300 3485 2476 3514 insinuatur

1421 3532 1618 3572 oppositum,
1636 3530 1713 3561 dum
1730 3529 1858 3560 dicitur:
1878 3529 2023 3560 Gradum
2037 3528 2211 3559 sacerdotii
2226 3528 2276 3559 vel
2291 3528 2408 3558 levitici
2423 3537 2476 3557 or-

1420 3576 1513 3611 dinis,
1538 3585 1631 3615 quem
1648 3583 1801 3614 perverse
1824 3573 1930 3613 adepti
1952 3578 2035 3608 sunt,
2060 3573 2217 3602 amittant.
2240 3589 2264 3593 -
2285 3572 2408 3602 Dicitur
2428 3580 2476 3601 se-

2502 1769 2513 1778 ·
2527 1767 2596 1789 Num.
2619 1773 2645 1793 n,
2665 1767 2714 1789 Ad-

2502 1795 2566 1815 verte
2581 1794 2658 1815 tertio.

2502 1822 2512 1831 ·
2533 1820 2603 1842 Num.
2626 1827 2644 1846 ι,
2666 1820 2711 1841 De-

2501 1853 2569 1868 mum.

2502 1874 2512 1884 ·
2527 1873 2563 1895 cf.
2583 1879 2646 1895 num.
2662 1879 2711 1900 seq.

2502 2033 2512 2043 ·
2532 2031 2611 2053 Matth.
2634 2037 2684 2059 cap.

2501 2064 2576 2084 xxvul,
2585 2064 2643 2080 vers.
2652 2064 2685 2086 19.

2502 2168 2512 2178 ·
2524 2166 2563 2188 Aa
2575 2166 2648 2193 Rom„
2659 2172 2710 2194 cap.

2501 2199 2542 2220 xii,
2558 2200 2617 2215 vers.
2632 2199 2651 2221 5.

2502 2347 2512 2357 ·
2532 2347 2596 2368 Ioan.
2619 2352 2670 2374 cap.
2691 2353 2713 2374 ι,

2501 2379 2608 2421 5:¹52.AE
2617 2374 2711 2428 2323:

2501 2429 2566 2447 tract.
2580 2425 2620 2448 VI.
2716 2434 2718 2436 ·

2502 2606 2512 2616 ·
2527 2604 2582 2626 Loc.
2595 2610 2662 2632 prox.
2672 2604 2710 2626 cit.

2503 2784 2511 2794 ·
2526 2783 2576 2804 Act.
2596 2788 2647 2810 cap.
2662 2787 2711 2809 vin,

2503 2815 2561 2831 vers.
2578 2814 2610 2836 ι7.

2504 3390 2514 3399 ·
2520 3388 2555 3410 Cf.
2560 3392 2656 3409 num.xn
2661 3392 2713 3414 sqq.

2504 3436 2514 3445 ·
2521 3434 2591 3455 Num.
2598 3431 2714 3464 praeced„

2502 3461 2645 3482 Auctoritas.
