2878 4088
131 536 142 546 ⁴
159 533 224 555 Vers.
241 539 273 554 ιι.

134 600 143 610 ·
158 599 198 624 (ἰὴ,
212 596 344 619 Autissiod.

134 625 220 646 Summ.
230 624 288 645 Aur.
303 623 345 644 lib.

134 652 173 677 lv,
193 657 219 672 ca
239 667 243 671 .
259 650 289 671 de
302 649 345 671 Re-

134 683 216 699 surrec
228 693 233 698 .
243 676 333 698 Christi
337 683 346 701 ;

135 705 194 725 beat.
210 703 297 725 Albert.
313 703 344 723 lV

133 731 205 756 Sent„
217 730 270 751 dist.
283 735 344 755 xuv,

133 761 174 779 art.
190 757 264 803 28XX

139 1415 148 1424 ·
161 1414 211 1434 Art.
228 1412 286 1439 ¹‚ad
299 1418 320 1440 3.

142 1724 256 1752 ῬΙιιἹίρρ.
263 1730 313 1752 cap.
319 1730 350 1750 ιιι,

139 1757 198 1772 vers.
215 1757 237 1773 ai
242 1767 247 1772 .

145 1858 154 1867 ·
166 1856 230 1878 Vers.
245 1862 268 1884 3¹
273 1869 280 1876 .

141 2125 152 2135 ·
166 2123 238 2144 Arist.
254 2122 283 2143 de
298 2122 353 2144 Am*—

141 2155 188 2176 ma,
205 2149 244 2170 lib.
258 2148 279 2170 11
303 2154 329 2170 ca
347 2164 352 2170 .

143 2164 330 2204 vu,n.5,6.-S.T
349 2190 354 2196 .

142 2203 194 2224 lect.
210 2208 246 2223 xv.

153 3496 163 3505 “
179 3494 215 3516 Cf.
230 3500 267 3522 qu.
283 3499 365 3520 mix,

152 3520 242 3542 Introd.

371 200 446 225 200
560 185 821 234 QUAESTIO
851 183 1042 229 LXXXV,
1062 179 1355 219 ARTICULUS
1383 179 1428 215 111
1448 198 1473 203 -
1493 175 1757 222 QUAESTIO
1786 175 1993 221 LXXXVI,
2021 174 2314 212 ARTICULUS
2342 175 2357 211 Ι

370 267 562 306 inquantum
585 265 648 304 agit
672 264 797 294 actione
821 263 956 298 animae,
981 261 1036 293 sed
1059 261 1237 292 secundum
1253 260 1316 290 hoc
1332 259 1432 298 magis
1544 254 1671 304 Primo:
1697 260 1805 284 utrum
1829 263 1965 294 corpora
1988 252 2214 284 damnatorum
2233 263 2308 284 cum
2323 254 2388 284 suis
2404 253 2556 284 deformi-

370 310 522 341 delectat:
555 307 687 339 offendit
710 313 817 338 autem
841 308 1033 348 inquantum
1057 307 1120 346 agit
1143 306 1268 336 actione
1291 308 1432 337 naturae,
1576 299 1692 329 tatibus
1716 304 1890 339 resurgant.
2415 343 2422 349 .
2449 343 2478 349 Η

371 353 584 385 calefaciendo
607 358 638 383 et
656 351 860 382 dissolvendo
884 361 1041 391 organum
1064 351 1159 386 visus,
1177 355 1208 379 et
1224 346 1432 388 disgregando
1544 342 1714 373 Secundo:
1739 348 1847 373 utrum
1872 352 1986 393 eorum
2010 352 2146 393 corpora
2170 347 2263 372 erunt
2283 342 2509 383 corruptibilia.

371 399 506 438 spiritus,
531 398 572 427 Et
587 397 661 427 ideo
678 397 800 426 claritas
821 397 964 436 corporis
983 395 1124 436 gloriosi,
1142 393 1287 434 quamvis
1304 390 1433 421 excedat
1545 387 1674 417 Tertio:
1700 393 1808 418 utrum
1833 393 1925 418 erunt
1948 386 2163 427 lmpass1b1ha.

372 443 543 473 claritatem
567 441 653 476 solis,
670 446 777 471 tamen
802 440 840 471 de
864 441 913 471 sui
936 446 1047 470 natura
1070 448 1137 469 non
1161 436 1295 468 offendit
1317 436 1432 470 visum,
1456 445 1465 464 5

371 486 426 517 sed
450 485 619 516 demulcet.
650 485 784 525 Propter
807 484 896 525 quod
925 485 1046 514 claritas
1069 483 1123 512 illa
1146 485 1348 521 comparatur
1371 479 1433 509 cla-
1681 471 1780 501 ART-
1807 471 1829 501 I·
1854 481 1958 501 UTRUM
1982 480 2125 501 CORPORA
2148 479 2364 500 DAMNATORUM

371 531 451 561 ritati
475 530 613 570 iaspidis,
637 531 735 570 ΛΡΜ,
760 539 811 559 xm
826 530 853 559 Α»,
1629 525 1691 545 cun
1714 525 1777 546 SUIS
1801 525 2068 546 DEFORMITATIBUS
2092 524 2331 545 RESURRECTURA
2354 524 2421 544 sm'r

426 575 476 605 An
501 584 636 604 marum
666 583 824 604 monimum
855 571 942 612 quod
974 571 1095 602 claritas
1128 569 1271 609 corporis
1302 567 1434 607 gloriosi
1622 564 1655 587 1v
1671 565 1738 587 Cant.
1755 565 1830 593 Gent„
1845 571 2005 593 cap.=.xxx1x;
2022 564 2146 593 compend.
2159 565 2248 590 Theol„
2263 570 2313 592 cap.
2329 569 2425 590 ‘²¹va

372 619 519 659 provenit
535 628 573 649 ex
588 618 702 648 merito
726 617 907 648 voluntatis.
932 616 973 646 Et
995 615 1068 645 ideo
1089 613 1246 643 voluntati
1270 611 1433 647 subdetur,
1855 592 1940 620 del'
1958 592 2008 618 VH’
2023 598 2062 620 (μ’
2078 598 2099 618 v,
2115 595 2156 613 ἠ’
2171 597 2191 613 ²⁴

372 668 408 694 ut
430 663 609 694 secundum
640 663 708 692 eius
738 662 908 702 imperium
939 659 1082 689 videatur
1110 657 1159 687 vel
1182 666 1250 687 non
1274 656 1433 692 videatur;
1450 669 1475 684 xo
1492 662 1575 726 Αι)
1591 663 1709 683 rantum
1724 662 1770 683 stc
1785 663 1990 684 moenum-un.
2008 652 2142 683 Videtur
2163 652 2253 693 quod
2273 662 2409 694 corpora
2429 653 2560 684 damna-

373 713 404 738 et
426 708 459 738 in
482 712 638 747 potestate
663 706 805 746 corporis
827 704 958 745 gloriosi
982 703 1039 733 erit
1063 700 1231 732 ostendere
1261 701 1435 731 claritatem
1554 702 1662 749 torum
1687 707 1762 728 cum
1785 698 1850 728 suis
1874 697 2128 749 deformitatibus
2155 703 2330 749 resurgent.
2362 697 2444 728 Illud
2473 699 2560 729 enim

373 761 463 782 suam
486 752 537 782 vel
561 751 731 781 occultare.
756 750 796 780 Et
819 750 896 779 haec
920 747 981 778 fuit
1004 747 1116 787 opinio
1137 746 1347 786 Praepositini
1363 745 1390 775 ἦ
1491 742 1581 782 quod
1596 752 1630 772 m
1645 751 1787 782 poenam
1810 748 1933 782 peccatl
1956 742 2126 773 mductum
2150 748 2206 778 est,
2223 742 2367 773 desinere
2382 752 2450 773 non
2467 742 2561 774 debet

1490 787 1552 817 nisi
1574 792 1708 827 peccato
1732 787 1876 817 remisso.
1901 786 1964 818 Sed
1986 787 2207 817 membrorum
2231 786 2375 818 defectus
2398 787 2455 827 qui
2478 788 2561 818 acci-

395 834 494 867 ART.
515 834 566 864 111.
587 843 690 864 urium
710 842 825 863 coarus
850 839 1027 861 atomosum
1050 839 1236 860 nncnssamo
1260 838 1415 859 vmnxrun
1492 830 1573 861 dunt
1595 841 1652 871 per
1675 831 1927 868 mutilationem,
1951 832 1985 862 in
2008 841 2149 872 poenam
2176 833 2299 872 peccati
2322 831 2445 862 inducti
2469 837 2560 868 sunt;

679 888 699 907 A
723 886 865 907 CORPORE
888 884 952 905 NON
977 883 1132 905 oLomoso
1454 891 1476 911 ις
1493 881 1524 906 et
1547 876 1691 906 similiter
1715 876 1810 906 etiam
1834 885 1948 906 omnes
1972 876 2188 907 deformitates
2213 877 2405 917 corporales.
2434 876 2520 917 Ergo
2544 886 2562 906 a

446 954 450 958 ,
598 927 629 948 ¹¹1
643 926 716 952 Seni„
733 926 785 947 dist*
801 931 849 950 ω,
865 931 902 952 qu-
919 931 944 948 ¹1·
959 928 1001 945 art·
1017 932 1039 950 4,
1051 924 1096 950 qu·
1112 931 1130 950 ι,
1145 924 1174 945 ad
1188 930 1213 950 ²³
1493 919 1665 956 damnatis,
1690 921 1747 960 qui
1774 926 1983 960 peccatorum
2013 922 2236 951 remissionem
2259 930 2327 951 non
2351 926 2426 952 sunt
2449 930 2563 952 conse-

373 954 414 979 lv,
429 954 484 976 dist.
495 960 556 980 ιιι-ιν,
568 959 607 980 qu.
619 959 644 980 ιι,
655 956 697 974 art.
707 960 730 979 4,
741 953 785 980 qu*¹
799 958 820 978 2,
831 952 859 973 ad
869 957 891 980 3:
908 951 968 972 Part.
979 951 1019 977 111,
1030 957 1067 978 qu.
1079 957 1126 978 ιιν,
1134 954 1177 973 art.
1189 951 1245 977 ι,ιά
1255 956 1281 975 2;
1296 954 1336 972 ιη.
1347 956 1368 976 ²,
1378 950 1407 971 ad
1419 957 1438 972 ι.
1494 965 1569 1000 cuti,
1594 966 1627 995 in
1651 966 1883 995 resurrectione
1906 975 1974 995 non
1997 966 2260 996 removebuntur·

438 1023 458 1043 n
481 1022 615 1043 ‘reanum
639 1022 683 1042 src
707 1021 911 1042 rnocnnrrun.
945 1010 1079 1041 Videtur
1107 1010 1197 1051 quod
1225 1020 1342 1051 corpus
1369 1011 1438 1051 glo·
1550 1018 1580 1039 2.
1605 1009 1801 1045 Pamisum,
1826 1009 1908 1040 sicut
1930 1011 2120 1041 resurrecn'o
2143 1016 2327 1041 sanctorum
2352 1011 2410 1041 erit
2433 1010 2472 1041 ad
2488 1011 2563 1041 ulti-

376 1026 558 1087 Ariosum
590 1057 768 1086 necessario
796 1055 940 1086 videatur
971 1065 989 1085 a
1021 1064 1158 1095 corpore
1189 1064 1258 1085 non
1285 1055 1438 1095 glorioso.
1493 1062 1581 1083 mam
1611 1052 1812 1089 felicitatem,
1843 1054 1888 1084 sie
1918 1055 2108 1085 resurrectio
2138 1055 2314 1095 impiorum
2346 1054 2386 1086 ad
2415 1055 2562 1086 ultimam

374 1101 457 1140 Quia
481 1110 617 1141 corpora
639 1101 777 1141 gloriosa
801 1105 894 1131 erunt
916 1099 1032 1130 lucida.
1067 1099 1130 1130 Sed
1153 1109 1271 1140 corpus
1294 1099 1439 1130 lucidum
1454 1111 1480 1125 πο
1494 1097 1663 1128 miseriam.
1689 1097 1752 1128 Sed
1775 1098 1890 1128 sanctis
1913 1099 2150 1139 resurgentibus
2172 1109 2241 1130 non
2260 1098 2420 1130 auferetur
2443 1099 2564 1140 aliquid

373 1145 551 1176 manifestat
582 1155 615 1175 se
646 1150 676 1175 et
707 1145 775 1175 alia.
809 1145 895 1185 Ergo
926 1153 1062 1184 corpora
1091 1144 1231 1184 gloriosa
1259 1144 1439 1174 necessario
1495 1141 1585 1182 quod
1608 1142 1648 1172 ad
1671 1150 1786 1172 eorum
1809 1141 2041 1182 perfectionem
2063 1144 2222 1183 pertinere
2251 1144 2362 1184 possit.
2392 1144 2479 1185 Ergo
2502 1153 2564 1175 nec

373 1190 575 1221 videbuntur.
1494 1187 1601 1226 impiis
1635 1186 1872 1226 resurgentibus
1906 1187 2028 1227 aliquid
2061 1187 2223 1219 auferetur
2256 1187 2346 1228 quod
2379 1188 2420 1219 ad
2450 1198 2564 1220 eorum

430 1244 460 1264 2.
484 1234 680 1270 Prummu,
698 1243 796 1264 omne
817 1243 935 1274 corpus
959 1233 1048 1273 quod
1072 1233 1214 1264 occultat
1229 1233 1289 1263 alia
1304 1242 1440 1274 corpora
1494 1231 1654 1261 miseriam
1678 1231 1843 1271 pertineat.
1877 1231 2075 1262 Huiusmodi
2102 1238 2211 1263 autem
2239 1237 2314 1263 sunt
2337 1232 2564 1264 deformitates.

373 1284 448 1319 post
463 1288 497 1309 se
514 1278 688 1314 existentia,
699 1277 738 1308 de
754 1279 942 1309 necessitate
957 1278 1027 1308 visu
1043 1278 1227 1318 percipitur,
1239 1287 1276 1308 ex
1292 1278 1356 1308 hoc
1368 1279 1439 1318 ipso
1494 1276 1591 1316 Ergo,
1616 1281 1676 1306 etc.
1845 1290 1847 1293 ·

375 1322 464 1364 quod
477 1323 536 1353 alia
552 1332 634 1363 quae
651 1327 724 1353 sunt
736 1328 810 1362 post
822 1323 1033 1353 occultantur.
1054 1322 1118 1353 Sed
1130 1332 1247 1363 corpus
1262 1322 1440 1363 gloriosum
1455 1332 1478 1353 ες
1552 1320 1582 1350 3.
1606 1320 1803 1356 parternum,
1820 1320 1902 1350 sicut
1918 1319 1958 1350 ad
1974 1319 2137 1352 defectum
2159 1321 2315 1362 passibilis
2335 1322 2479 1362 corporis
2494 1330 2566 1362 per-

375 1367 548 1398 occultabit
570 1377 588 1397 a
603 1368 674 1397 visu
697 1367 757 1397 alia
780 1377 917 1408 corpora
939 1372 1014 1408 post
1029 1376 1063 1397 se
1079 1368 1260 1398 existentia:
1285 1368 1360 1407 quia
1384 1367 1441 1397 erit
1495 1366 1575 1395 tinet
1598 1364 1793 1400 deformitas,
1809 1364 1853 1394 ita
1877 1369 1909 1395 et
1931 1364 2069 1396 tarditas.
2094 1365 2158 1397 Sed
2181 1375 2199 1396 a
2223 1366 2412 1407 corporibus
2435 1366 2566 1397 damna-

376 1421 492 1452 corpus
519 1412 698 1442 coloratum
714 1412 741 1442 *.
777 1412 863 1452 Ergo
888 1418 919 1442 et
943 1411 983 1442 de
1005 1412 1194 1443 necessitate
1217 1411 1386 1442 videbitur.
1495 1414 1604 1440 torum
1619 1409 1854 1450 resurgentium
1869 1408 1997 1440 tarditas
2011 1419 2080 1440 non
2096 1411 2333 1442 removebitur:
2357 1411 2434 1452 quia
2453 1420 2565 1442 eorum

432 1456 461 1487 3.
486 1456 689 1492 Pmsrnnm,
713 1457 795 1487 sicut
826 1457 985 1497 quantitas
1014 1462 1061 1487 est
1084 1455 1124 1487 de
1146 1457 1195 1487 his
1223 1465 1305 1496 quae
1333 1457 1442 1487 insunt
1497 1463 1634 1494 corpora
1657 1463 1724 1484 non
1749 1459 1843 1484 erunt
1865 1454 1968 1494 agilia.
1993 1454 2079 1495 Ergo
2103 1455 2216 1486 eadem
2239 1456 2362 1487 ratione
2384 1465 2446 1486 nec
2461 1454 2567 1487 defor-

376 1501 514 1541 corpori,
530 1501 573 1531 ita
594 1501 738 1541 qualitas,
754 1510 811 1541 per
833 1510 930 1541 quam
953 1500 1087 1531 videtur.
1113 1501 1176 1532 Sed
1200 1502 1358 1542 quantitas
1374 1510 1442 1532 non
1496 1500 1589 1530 mitas
1612 1499 1839 1529 removebitur.

376 1546 494 1576 suberit
516 1545 684 1581 voluntati,
701 1550 737 1575 ut
756 1555 874 1586 corpus
897 1546 1075 1586 gloriosum
1098 1546 1199 1586 possit
1222 1555 1290 1576 esse
1313 1546 1443 1576 maioris
1458 1554 1483 1574 ³⁰
1553 1543 1616 1574 San
1633 1553 1767 1580 CONTRA,
1780 1543 1792 1573 Ι
1804 1543 1848 1574 ad
1862 1543 1940 1573 Cor.
1952 1544 2033 1574 κνῆ
2051 1544 2179 1575 Mortui
2191 1549 2365 1586 resurgent
2376 1544 2567 1586 incorrupti,

377 1590 559 1630 quantitatis
582 1590 633 1621 vel
657 1590 800 1620 minoris.
825 1590 910 1630 Ergo
934 1599 994 1621 nec
1018 1590 1162 1630 qualitas,
1179 1599 1236 1631 per
1252 1599 1351 1631 quam
1369 1591 1443 1621 visi-
1498 1587 1613 1619 Glossa
1628 1589 1661 1618 *z
1685 1587 1816 1623 mortui,
1842 1587 1923 1618 idest
1938 1593 2143 1628 peccatores,
2164 1590 2215 1620 vel
2235 1589 2437 1631 generaliter
2459 1598 2570 1620 omnes

377 1634 440 1665 bile
464 1639 520 1670 est,
544 1639 580 1665 ut
603 1635 704 1675 possit
726 1644 795 1665 non
818 1634 926 1665 videri.
1497 1633 1633 1669 mortui,
1662 1637 1837 1675 resurgent
1863 1633 2060 1673 incorrupti,
2085 1634 2167 1665 idest
2191 1634 2262 1665 sine
2289 1634 2400 1675 aliqua
2430 1634 2569 1665 diminu-

432 1677 494 1709 Snn
520 1688 643 1709 comm
666 1688 720 1709 ssr
739 1678 830 1719 quod
853 1689 971 1719 corpus
993 1684 1140 1710 nostrum
1162 1678 1392 1720 glorificabitur
1410 1680 1442 1709 in
1499 1678 1587 1708 tione
1602 1677 1828 1708 membrorum.
1845 1676 1931 1717 Ergo
1947 1678 2023 1708 mali
2039 1684 2205 1719 resurgent
2219 1680 2288 1710 sine
2304 1678 2569 1710 deformitatibus.

378 1722 603 1754 conformitate
626 1724 770 1763 corporis
794 1722 911 1753 Christi
934 1729 1009 1764 post
1031 1725 1297 1754 resurrectionem
1319 1725 1345 1754 *ἃ
1382 1723 1445 1754 Sed
1557 1732 1586 1752 2.
1603 1723 1800 1757 PRAn‘raanA,
1817 1722 1850 1751 in
1867 1721 2022 1753 damnatis
2038 1732 2106 1753 non
2122 1724 2181 1754 erit
2196 1723 2318 1764 aliquid
2334 1723 2425 1764 quod
2439 1732 2570 1755 sensum

379 1776 496 1807 corpus
521 1766 638 1797 Christi
665 1772 739 1807 post
766 1768 1032 1798 resurrectionem
1059 1778 1127 1798 non
1155 1768 1334 1799 necessario
1358 1767 1445 1798 vide-
1461 1775 1484 1796 ις
1500 1766 1620 1797 doloris
1650 1767 1683 1797 in
1715 1767 1760 1797 eis
1790 1766 1953 1806 impediat.
1987 1766 2050 1797 Sed
2079 1768 2245 1808 aegritudo
2276 1767 2411 1809 impedit
2440 1777 2570 1799 sensum

378 1811 487 1842 batur:
512 1811 613 1841 immo
638 1811 790 1851 disparuit
805 1812 843 1842 ab
866 1812 968 1842 oculis
983 1811 1216 1852 discipulorum
1231 1813 1265 1843 in
1281 1812 1445 1849 Emmaus,
1501 1811 1632 1848 doloris,
1648 1812 1842 1851 inquantum
1865 1819 1923 1850 per
1939 1820 2010 1841 eam
2031 1811 2236 1843 debilitantur
2259 1822 2379 1853 organa
2401 1812 2570 1844 sentiendi.

379 1861 416 1886 ut
439 1855 554 1886 dicitur
577 1855 656 1886 Luc.
681 1855 738 1886 ult.
763 1857 779 1872 ⁴*
810 1856 896 1897 Ergo
927 1861 958 1887 et
988 1866 1106 1897 corpus
1135 1856 1349 1897 glorificatum
1378 1866 1447 1888 non
1501 1856 1543 1886 Et
1558 1855 1701 1886 similiter
1717 1855 1860 1887 defectus
1882 1857 2020 1886 membri
2043 1856 2213 1897 impediret
2228 1866 2272 1888 ne
2286 1862 2369 1888 esset
2384 1857 2572 1888 universalis

379 1900 558 1931 necessario
582 1899 749 1930 videbitur.
1502 1900 1595 1931 dolor
1617 1901 1651 1931 in
1674 1909 1821 1940 corpore.
1855 1900 1941 1940 Ergo
1969 1902 2038 1931 sine
2065 1901 2132 1932 istis
2159 1901 2336 1932 defectibus
2359 1901 2501 1933 damnati
2523 1910 2572 1933 re-

437 1953 466 1974 2.
490 1944 691 1980 Parianus,
715 1944 759 1974 ibi
788 1945 846 1975 erit
873 1954 999 1975 summa
1028 1945 1210 1976 obedientia
1241 1947 1384 1986 corporis
1408 1945 1448 1976 ad
1502 1950 1641 1984 surgent.

380 1989 529 2019 animam.
554 1988 640 2028 Ergo
665 1997 782 2028 corpus
805 1989 924 2029 poterit
945 1988 1045 2020 videri
1060 1990 1111 2020 vel
1127 1999 1195 2020 non
1210 1990 1310 2021 videri
1333 1999 1447 2021 secun-
1462 1997 1488 2017 ⁴⁰
1557 1990 1747 2019 Rusponnzo
1771 1998 1931 2020 mmmmm
1958 1988 2048 2030 quod
2071 1990 2104 2020 in
2130 1999 2266 2031 corpore
2294 1991 2438 2022 humano
2465 1995 2572 2032 potest

381 2032 459 2063 dum
482 2032 681 2062 voluntatem
704 2033 839 2063 animae.
1503 2043 1570 2064 esse
1595 2032 1779 2064 deformitas
1803 2033 1982 2072 dupliciter.
2007 2033 2082 2064 Uno
2101 2034 2214 2071 modo,
2231 2044 2270 2066 ex
2286 2034 2414 2066 defectu
2437 2035 2573 2066 alieuius

435 2077 624 2107 Ruspommo
654 2085 814 2107 nrcnnntm
845 2076 935 2116 quod
964 2078 1086 2108 visibile
1113 2077 1239 2108 videtur
1268 2077 1448 2109 secundum
1501 2078 1655 2113 membri,
1679 2077 1762 2108 sicut
1787 2077 1953 2108 mutilatos
1979 2083 2090 2118 turpes
2118 2078 2273 2110 dicimus:
2305 2079 2394 2111 deest
2417 2080 2504 2110 enim
2527 2080 2573 2110 eis

382 2120 472 2161 quod
487 2121 550 2160 agit
565 2121 597 2150 in
615 2121 720 2151 visum
735 2122 762 2151 ’ἢ
786 2121 834 2151 Ex
855 2121 919 2152 hoc
935 2127 1043 2152 autem
1067 2122 1157 2163 quod
1173 2121 1295 2163 aliquid
1318 2123 1382 2163 agit
1396 2123 1447 2153 vel
1503 2121 1608 2152 debita
1631 2122 1799 2162 proportio
1822 2122 1962 2162 partium
1985 2122 2025 2153 ad
2046 2128 2162 2154 totum.
2188 2123 2229 2154 Et
2245 2123 2284 2154 de
2299 2123 2355 2155 tali
2371 2123 2573 2155 deformitate

381 2174 449 2196 non
473 2165 535 2205 agit
558 2165 591 2195 in
614 2165 746 2205 aliquod
774 2166 996 2202 extrinsecum,
1020 2175 1088 2197 non
1113 2171 1159 2197 est
1182 2167 1288 2207 aliqua
1311 2168 1447 2198 mutatio
1502 2166 1583 2197 nulli
1613 2165 1750 2197 dubium
1781 2173 1828 2197 est
1858 2166 1948 2207 quod
1975 2167 2009 2198 in
2037 2168 2227 2208 corporibus
2257 2167 2482 2200 damnatorum
2504 2177 2571 2200 non

381 2210 415 2240 in
437 2210 519 2249 ipso.
553 2208 647 2240 Unde
670 2209 738 2240 sine
766 2210 946 2240 mutatione
973 2210 1107 2241 alicuius
1135 2212 1337 2252 proprietatis
1365 2221 1448 2252 quae
1462 2217 1486 2238 ⁴⁵
1503 2211 1579 2242 erit:
1604 2212 1680 2251 quia
1703 2212 1813 2241 omnia
1837 2220 1983 2252 corpora,
2003 2217 2068 2242 tam
2092 2212 2256 2243 bonorum
2279 2222 2378 2254 quam
2400 2213 2572 2251 malorum,

381 2254 421 2284 sit
447 2253 487 2284 de
513 2252 710 2294 perfectione
742 2254 886 2295 corporis
915 2254 1100 2295 glorificati,
1123 2261 1231 2296 potest
1262 2257 1449 2297 contingere
1502 2256 1624 2296 integra
1646 2261 1812 2296 resurgent
1826 2257 1853 2286 *.

383 2297 472 2338 quod
494 2297 638 2328 videatur
662 2303 692 2328 et
714 2308 781 2329 non
806 2298 958 2329 videatur.
984 2299 1078 2330 Unde
1094 2301 1126 2330 in
1142 2305 1299 2340 potestate
1323 2301 1448 2332 animae
1557 2300 1633 2330 Alio
1662 2300 1764 2331 modo
1795 2300 1981 2331 deformitas
2012 2301 2170 2342 contingit
2197 2311 2239 2333 ex‘
2262 2302 2404 2333 indebita
2433 2303 2572 2343 partium

383 2341 575 2383 glorificatae
603 2343 661 2373 erit
689 2343 779 2382 quod
807 2353 924 2384 corpus
953 2353 1048 2374 suum
1071 2343 1216 2375 videatur
1238 2345 1289 2375 vel
1312 2355 1380 2376 non
1403 2346 1449 2376 vi-
1504 2344 1725 2385 dispositione,
1749 2344 1800 2375 vel
1823 2344 1964 2376 indebita
1988 2346 2164 2386 quantitate
2183 2347 2234 2377 vel
2258 2347 2409 2387 qualitate
2424 2347 2476 2378 vel
2499 2347 2572 2384 situ,

383 2387 509 2423 deatur‚
534 2387 616 2417 sicut
639 2392 670 2417 et
694 2387 856 2427 quaelibet
877 2388 938 2418 alia
961 2389 1044 2419 actio
1069 2390 1244 2429 corporalis
1266 2390 1300 2420 in
1324 2390 1449 2421 animae
1504 2398 1587 2429 quae
1612 2389 1707 2419 etiam
1730 2390 1977 2430 proportionem
2001 2390 2139 2421 debitam
2163 2391 2302 2431 partium
2325 2391 2365 2422 ad
2383 2396 2489 2423 totum
2504 2400 2572 2423 non

382 2436 539 2472 potestate
566 2432 641 2461 erit:
673 2431 748 2462 alias
776 2441 844 2462 non
873 2438 955 2463 esset
983 2442 1101 2474 corpus
1129 2434 1306 2474 gloriosum
1333 2435 1450 2465 instru-
1465 2443 1491 2463 50
1504 2434 1631 2474 patitur.
1642 2433 1684 2464 Et
1700 2433 1739 2464 de
1755 2434 1870 2465 talibus
1887 2433 2152 2472 deformitatibus,
2166 2441 2198 2466 et
2213 2435 2369 2467 similibus
2385 2435 2572 2474 defectibus,

383 2482 529 2506 mentum
553 2485 679 2507 summe
703 2476 856 2507 obediens
880 2478 1049 2518 principali
1072 2479 1188 2518 agenti.
1504 2479 1588 2508 sicut
1602 2483 1677 2509 sunt
1692 2477 1796 2509 febres
1812 2485 1843 2510 et
1858 2479 2044 2510 huiusmodi
2068 2480 2291 2520 aegritudines,
2309 2490 2391 2521 quae
2411 2480 2573 2512 interdum

439 2520 489 2550 An
516 2530 633 2550 ramum
664 2530 747 2551 aneo
776 2531 935 2552 memnon
966 2522 1056 2562 quod
1087 2523 1209 2553 claritas
1237 2523 1291 2553 illa
1321 2523 1451 2555 obediet
1505 2528 1579 2554 sunt
1595 2522 1806 2554 deformitatis
1824 2533 1929 2560 causa,
1946 2524 2146 2564 Augustinus
2169 2524 2451 2556 indeterminatum
2467 2531 2499 2556 et
2513 2525 2573 2557 sub

386 2564 514 2604 corpori
542 2564 702 2604 glorioso,
726 2570 762 2596 ut
784 2566 885 2606 possit
913 2576 983 2597 eam
1011 2567 1180 2598 ostendere
1203 2567 1254 2598 vel
1277 2568 1449 2599 occultare.
1505 2567 1605 2599 dubio
1634 2567 1786 2608 relinquit
1813 2569 1847 2599 in
1869 2568 2060 2599 Enchiridio
2078 2570 2109 2605 θ,
2134 2574 2169 2600 ut
2192 2570 2226 2600 in
2248 2570 2400 2600 litterat*
2424 2570 2574 2611 Magister
2601 2571 2611 2583 ·

440 2608 491 2639 An
507 2618 669 2639 sacunnuu
684 2619 843 2640 memnon
860 2610 949 2651 quod
966 2611 1057 2642 color
1073 2612 1217 2652 corporis
1233 2621 1301 2642 non
1316 2612 1451 2653 impedit
1506 2612 1591 2643 dicit.
1617 2611 1680 2643 Sed
1703 2612 1790 2652 apud
1813 2612 1962 2643 doctores
1984 2612 2160 2645 modernos
2184 2619 2231 2645 est
2253 2614 2373 2655 duplex
2395 2625 2492 2656 super
2510 2615 2574 2646 hoc

386 2653 591 2693 pervictatem
619 2654 718 2693 ipsius
746 2654 806 2684 nisi
833 2655 1027 2695 inquantum
1054 2657 1203 2687 immutat
1228 2656 1350 2693 visum,
1375 2657 1451 2698 quia
1467 2667 1489 2688 55
1506 2657 1630 2698 opinio.

386 2697 471 2727 visus
494 2706 560 2727 non
589 2703 695 2737 potest
722 2698 882 2730 immutari
910 2700 1005 2731 simul
1029 2710 1046 2730 a
1070 2699 1198 2731 duobus
1229 2701 1393 2732 coloribus
1415 2707 1452 2732 ut
1561 2700 1703 2739 Quidam
1719 2702 1736 2718 ⁴*
1760 2702 1846 2732 enim
1877 2701 1988 2732 dicunt
2020 2701 2109 2742 quod
2140 2703 2327 2734 huiusmodi
2357 2703 2574 2735 deformitates
2602 2704 2612 2715 '
2645 2718 2652 2725 ·

386 2746 559 2781 utrumque
580 2741 719 2782 perfecte
735 2743 890 2783 inspiciat.
916 2744 1018 2775 Color
1034 2750 1141 2775 autem
1161 2746 1305 2786 corporis
1320 2746 1452 2786 gloriosi
1507 2751 1538 2776 et
1557 2745 1700 2776 defectus
1723 2746 1756 2776 in
1780 2746 1970 2786 corporibus
1993 2746 2218 2778 damnatorum
2242 2749 2471 2779 remanebunt:
2497 2757 2575 2780 con·
2619 2773 2625 2779 .

388 2786 445 2816 erit
467 2786 501 2816 in
523 2791 680 2826 potestate
704 2788 838 2824 animae,
855 2794 890 2819 ut
906 2799 963 2829 per
978 2790 1086 2830 ipsum
1109 2790 1258 2821 immutet
1281 2790 1385 2821 visum
1401 2791 1452 2821 vel
1506 2789 1679 2820 siderantes
1703 2799 1814 2821 eorum
1836 2790 2087 2828 damnationem,
2105 2801 2168 2832 qua
2184 2791 2224 2823 ad
2239 2802 2399 2823 summam
2414 2793 2573 2824 miseriam

387 2839 453 2860 non
477 2831 634 2861 immutet.
668 2831 709 2862 Et
732 2831 806 2862 ideo
835 2833 893 2863 erit
916 2834 948 2864 in
972 2839 1130 2874 potestate
1161 2835 1229 2865 eius
1253 2840 1288 2865 ut
1312 2835 1452 2866 occultet
1507 2834 1710 2875 deputantur,
1737 2835 1788 2865 cui
1812 2835 1891 2866 nihil
1913 2835 2188 2867 incommoditatis
2211 2837 2353 2868 subtrahi
2376 2837 2480 2868 debet.

388 2883 505 2914 corpus
528 2874 617 2915 quod
641 2880 688 2906 est
709 2882 783 2916 post
807 2886 850 2913 se,
874 2878 926 2908 vel
948 2888 1016 2909 non
1041 2879 1191 2909 occultet.
1466 2888 1494 2908 ⁶0
1562 2878 1625 2909 Sed
1648 2879 1711 2909 hoc
1734 2888 1802 2910 non
1826 2879 1951 2910 videtur
1974 2881 2202 2912 rationabiliter
2225 2881 2297 2912 dici.
2322 2882 2358 2912 In
2376 2882 2575 2922 reparatione

442 2919 493 2949 An
517 2929 651 2950 rsa‘rnm
674 2930 833 2951 mem-snum
857 2921 947 2962 quod
971 2923 1130 2963 quantitas
1146 2929 1193 2954 est
1207 2924 1376 2954 inhaerens
1391 2924 1453 2964 ipsi
1507 2923 1594 2954 enim
1622 2924 1766 2963 corporis
1796 2925 1988 2964 resurgentis
2017 2925 2118 2966 magis
2150 2925 2322 2957 attenditur
2350 2931 2481 2957 naturae
2503 2935 2575 2967 per-

389 2964 515 3003 corpori
547 2963 707 3003 glorioso:
743 2975 850 3006 neque
884 2972 993 3007 posset
1027 2968 1187 3007 quantitas
1220 2968 1381 2999 immutari
1413 2968 1453 2999 ad
1507 2966 1604 2999 fectio
1629 2977 1727 3008 quam
1752 2968 1895 2999 conditio
1920 2978 2003 3010 quae
2026 2971 2115 3010 prius
2142 2968 2220 3000 fuit:
2250 2969 2337 3001 unde
2361 2975 2392 3001 et
2415 2971 2472 3011 qui
2494 2969 2576 3001 infra

388 3007 560 3047 imperium
583 3008 706 3039 animae
730 3010 798 3041 sine
821 3011 1000 3042 mutatione
1023 3012 1193 3043 intrinseca
1216 3013 1360 3053 corporis
1383 3013 1453 3054 glo·
1507 3010 1682 3052 perfectam
1712 3017 1848 3043 aetatem
1878 3013 2054 3050 decedunt,
2079 3015 2113 3044 in
2143 3019 2261 3045 statura
2290 3015 2436 3045 iuvenilis
2466 3015 2575 3046 aetatis

389 3051 474 3087 riosi,
495 3059 577 3091 quae
599 3053 841 3093 impassibilitati
858 3055 925 3086 eius
944 3062 1144 3096 repugnaret.
1169 3056 1210 3087 Et
1225 3055 1299 3088 ideo
1322 3066 1391 3088 non
1407 3062 1454 3088 est
1507 3062 1672 3096 resurgent
1687 3057 1714 3086 ¹¹.
1739 3057 1833 3088 Unde
1854 3063 1885 3088 et
1903 3058 1949 3089 illi
1972 3059 2028 3098 qui
2052 3058 2178 3099 aliquos
2202 3058 2345 3089 defectus
2367 3059 2526 3090 naturales
2541 3059 2575 3091 in

389 3095 491 3125 simile
507 3095 547 3126 de
563 3098 737 3136 quantitate
761 3104 791 3129 et
810 3099 999 3131 visibilitate.
1023 3100 1109 3139 Quia
1132 3101 1228 3132 etiam
1251 3101 1386 3142 qualitas
1401 3101 1454 3133 illa
1467 3109 1492 3135 65
1508 3109 1644 3141 corpore
1667 3101 1865 3138 habuerunt,
1889 3102 1939 3133 vel
1962 3102 2180 3134 deformitates
2202 3111 2241 3133 ex
2264 3103 2309 3133 eis
2331 3104 2575 3143 provenientes,

390 3148 446 3179 per
470 3149 566 3179 quam
595 3146 641 3171 est
667 3142 804 3179 visibile,
828 3153 896 3174 non
919 3150 1026 3184 potest
1055 3145 1197 3176 subtrahi
1219 3145 1259 3177 ad
1281 3147 1454 3187 imperium
1508 3145 1543 3175 in
1573 3145 1805 3176 resurrectione
1836 3146 1905 3177 sine
1936 3146 1998 3177 illis
2030 3146 2208 3178 defectibus
2238 3147 2289 3178 vel
2321 3146 2576 3179 deformitatibus

391 3184 532 3214 animae:
568 3185 623 3216 sed
655 3187 738 3217 actio
771 3187 855 3218 illius
888 3189 1046 3228 qualitatis
1079 3190 1310 3230 suspendetur;
1346 3196 1378 3221 et
1408 3191 1453 3222 sic
1508 3194 1729 3230 repararentur
1758 3190 1819 3220 nisi
1848 3191 1972 3231 peccati
2002 3191 2152 3222 meritum
2184 3191 2372 3231 impediret:
2407 3197 2438 3223 et
2467 3193 2526 3229 ita,
2550 3193 2576 3224 si

392 3228 602 3259 occultabitur
626 3239 742 3271 eorpus
766 3230 805 3262 ad
827 3232 999 3273 imperium
1023 3234 1159 3265 animae.
1509 3234 1623 3285 aliquis
1645 3243 1728 3285 ‘cum
1759 3233 1935 3265 defectibus
1965 3235 2016 3266 vel
2047 3234 2300 3266 deformitatibus
2330 3242 2488 3277 resurget,
2512 3237 2576 3268 hoc

535 3300 787 3345 QUAESTIO
814 3304 1310 3342 ocroGESMASEx‘rA
1470 3336 1497 3357 ⁷.
1510 3283 1599 3354 ‘mn‘
1591 3287 1695 3353 ²:4¹3.
1703 3287 1865 3363 {2323
1884 3279 2577 3366 ἒέἶῖΐείῗῗὲἷὲἕξξέἒᾝὲἶιἔῖἔέεἶῖοῗ

503 3355 548 3379 DE
576 3355 1065 3421 CONDITIONIQssUssgzffi-ffiff
1094 3361 1340 3387 DAMNATORUM
1510 3366 1711 3398 damnandus
1733 3367 1912 3398 minoribus
1935 3368 2074 3408 peccatis
2098 3368 2260 3399 subiectus
2284 3369 2406 3410 aliquas
2424 3369 2577 3401 deformi-

1510 3417 1590 3442 tates
1605 3411 1656 3442 vel
1676 3410 1820 3442 defectus
1842 3412 1957 3442 habeat
1980 3421 2059 3452 quas
2075 3421 2143 3443 non
2159 3413 2270 3444 habuit
2289 3414 2403 3454 aliquis
2423 3414 2577 3445 damnan-

397 3456 682 3519 Consnounnrsa
709 3450 975 3483 considerandum
1005 3459 1051 3484 est
1075 3453 1114 3485 de
1138 3454 1377 3486 conditionibus
1401 3455 1456 3486 da-
1510 3455 1570 3486 dus
1593 3456 1732 3497 peccatis
1754 3456 1951 3496 gravioribus
1973 3457 2120 3487 irretitus.
2145 3457 2249 3493 Unde,
2271 3458 2298 3488 si
2320 3458 2373 3489 ille
2397 3459 2454 3499 qui
2468 3459 2502 3489 in
2517 3459 2577 3490 hac

460 3497 642 3523 mnatorum
665 3495 896 3533 resurgentium
913 3497 938 3526 ἦ
1510 3501 1574 3531 vita
1601 3500 1817 3531 deformitates
1848 3500 1959 3531 habuit
1989 3510 2064 3531 cum
2095 3502 2140 3532 eis
2168 3507 2326 3542 resurgat,
2357 3503 2425 3533 sine
2460 3503 2578 3543 quibus

396 3532 488 3565 Circa
512 3535 601 3575 quod
624 3543 820 3576 quaeruntur
843 3539 910 3569 tria.
1469 3557 1493 3577 75
1510 3550 1635 3575 constat
1659 3544 1748 3585 quod
1772 3550 1913 3585 resurget
1937 3545 2016 3576 alius
2039 3546 2165 3585 gravius
2188 3546 2372 3587 puniendus
2396 3548 2452 3588 qui
2475 3556 2528 3578 eas
2542 3547 2576 3578 in

2595 1549 2606 1561 ·
2619 1548 2687 1570 Vera.
2701 1554 2734 1577 5²-

2595 1590 2811 1614 'InterLetLomb-

2603 3331 2613 3342 ·
2629 3329 2666 3352 Cf.
2680 3329 2750 3352 nent.
2763 3333 2816 3356 etp.

2602 3361 2732 3385 unvero.
2747 3361 2769 3378 a.
