2918 4088
116 690 127 701 ‘
140 688 210 711 νει-ε.
226 695 261 716 ι4.

115 847 126 859 ·
141 846 208 869 ven.
225 853 244 869 ι.

110 1270 124 1281 ‘
137 1268 207 1292 Vm.
220 1274 260 1292 πο.

109 1906 229 1937 ‘295²-

995 182 1258 229 QUAESTIO
1287 182 1499 230 LXXXIX,
1528 180 1820 219 ARTICULUS
1849 182 1898 218 VI

356 264 548 300 caritatem
576 267 698 298 autem
727 273 801 298 non
830 262 1007 307 habuero,
1038 261 1129 297 nihil
1146 261 1239 297 mihi
1256 260 1417 310 prodest.

356 316 444 352 Hoc
462 322 592 352 autem
611 325 692 351 non
711 322 808 350 esset
836 313 867 350 si
886 314 1020 350 saltem
1046 325 1116 362 per
1142 312 1418 362 poenitentiam

355 368 656 416 subsequentem
674 366 971 404 vivificarentur.
1001 367 1094 403 Non
1113 378 1203 414 ergo
1223 365 1418 415 poeniten-

355 421 407 458 tia
434 419 603 457 vivificat
631 431 750 469 opera
776 419 883 469 prius
911 427 1075 457 mortua.

408 474 632 511 REsPONDEo
652 484 834 510 DICENDUM
853 472 960 522 quod
988 484 1088 521 opus
1107 471 1263 520 aliquod
1283 470 1420 508 dicitur

355 533 556 563 mortuum
584 524 795 574 dupliciter.
830 525 917 562 Uno
946 525 1079 572 modo,
1109 523 1298 561 effective:
1328 523 1419 573 quia

355 578 495 616 scilicet
513 586 568 615 est
587 590 703 615 causa
722 577 867 615 mortis.
890 578 939 614 Et
957 577 1174 614 secundum
1193 577 1279 623 hoc,
1301 589 1419 625 opera

354 631 500 681 peccati
528 630 709 668 dicuntur
736 642 855 680 opera
882 637 1055 667 mortua:
1085 629 1302 667 secundum
1326 629 1420 666 illud

354 686 453 722 Heb.
474 697 509 721 1x
527 684 565 720 *ε
596 685 758 733 Sanguis
780 684 917 720 Christi
942 683 1153 719 emundabit
1179 683 1420 719 conscientias

355 743 500 775 nostras
531 739 579 774 ab
613 738 785 786 operibus
820 737 985 773 mortuis.
1029 736 1135 772 Haec
1162 734 1275 783 igitur
1302 746 1420 783 opera

355 798 509 828 mortua
535 801 616 826 non
643 788 887 826 vivificantur
918 800 989 837 per
1018 787 1313 837 poenitentiam,
1352 788 1419 825 sed

354 842 475 891 magis
494 842 716 880 abolentur:
747 840 964 878 secundum
983 840 1077 878 illud
1095 842 1195 878 Heb.
1211 852 1245 877 Vl
1264 840 1299 877 *ε
1326 841 1417 878 Νοη

353 908 483 933 rursus
510 897 682 933 iacientes
692 894 988 942 fundamentum
1001 895 1251 943 poenitentiae
1269 895 1316 931 ab
1335 905 1419 942 ope-

354 950 455 986 ribus
482 950 648 985 mortuis.

406 1000 492 1038 Alio
520 1001 641 1038 modo
669 999 851 1037 dicuntur
878 1011 997 1049 opera
1024 1006 1179 1036 mortua
1210 999 1417 1048 privative:

352 1053 492 1092 scilicet
528 1053 620 1103 quia
652 1061 781 1090 carent
812 1052 890 1090 vita
926 1052 1130 1102 spirituali,
1161 1065 1261 1102 quae
1290 1060 1345 1090 est
1373 1065 1419 1090 ex

352 1107 525 1154 caritate,
554 1119 624 1157 per
651 1119 771 1156 quam
799 1105 929 1143 anima
956 1107 1041 1143 Deo
1069 1105 1334 1154 coniungitur,
1373 1118 1419 1143 ex

351 1172 432 1210 quo
459 1159 554 1197 vivit
581 1159 678 1197 sicut
696 1171 839 1209 corpus
857 1171 928 1209 per
946 1159 1129 1197 animam.
1159 1159 1207 1196 Et
1226 1171 1296 1208 per
1314 1160 1420 1196 hunc

352 1213 518 1251 modum
546 1213 661 1250 etiam
686 1212 784 1250 fides
803 1225 903 1262 quae
923 1220 979 1249 est
997 1212 1079 1250 sine
1098 1211 1262 1260 caritate,
1283 1212 1421 1250 dicitur

352 1274 524 1304 mortua:
555 1266 772 1304 secundum
800 1265 893 1303 illud
913 1267 984 1302 Iac.
1005 1278 1026 1302 11
1045 1265 1079 1302 *z
1110 1266 1219 1303 Fides
1236 1267 1316 1303 sine
1334 1278 1419 1316 ope-

353 1322 454 1358 ribus
487 1326 638 1358 mortua
670 1325 732 1357 est.
775 1319 824 1356 Et
855 1331 925 1369 per
958 1319 1064 1356 hunc
1101 1318 1216 1356 etiam
1253 1319 1419 1357 modurn

353 1372 497 1411 omnia·
514 1385 633 1423 opera
660 1384 760 1422 quae
789 1379 878 1409 sunt
905 1372 1009 1409 bona
1036 1384 1083 1409 ex
1107 1383 1258 1420 genere,
1288 1372 1318 1409 si
1337 1371 1418 1409 sine

352 1425 505 1464 caritate
532 1426 639 1473 fiant,
670 1424 852 1462 dicuntur
878 1433 1050 1462 mortua:
1090 1425 1322 1474 inquantum
1350 1425 1419 1462 sci-

350 1479 438 1517 licet
464 1491 545 1516 non
572 1479 790 1529 procedunt
817 1491 864 1516 ex
891 1477 1080 1527 principio
1108 1477 1228 1524 vitae;
1264 1477 1361 1515 sicut
1387 1478 1419 1515 si

352 1531 528 1570 dicamus
555 1544 698 1570 sonum
726 1530 893 1569 citharae
912 1542 1052 1568 vocem
1071 1538 1267 1567 mortuam
1286 1530 1378 1567 dare
1392 1529 1417 1568 δ.

351 1584 556 1634 Sic.igitur
582 1584 797 1622 differentia
824 1582 958 1621 mortis
986 1591 1023 1620 et
1049 1583 1149 1621 vitae
1177 1583 1217 1620 in
1236 1583 1419 1632 operibus

350 1646 408 1676 est
434 1638 652 1676 secundum
679 1636 1012 1686 comparationem
1049 1636 1099 1673 ad
1125 1635 1359 1686 principium
1397 1648 1419 1673 a

350 1703 431 1742 quo
459 1691 688 1742 procedunt.
731 1691 863 1740 Opera
890 1696 1019 1727 autem
1054 1701 1134 1726 non
1162 1698 1326 1739 possunt
1352 1688 1418 1726 ite-

350 1756 440 1782 rum
473 1758 496 1782 a
528 1744 718 1795 principio
751 1743 979 1793 procedere:
1013 1742 1106 1792 quia
1136 1749 1354 1788 transeunt,
1383 1749 1420 1779 et

349 1798 491 1836 iterum
509 1798 648 1836 eadem
662 1809 828 1835 numero
848 1795 994 1834 assumi
1013 1808 1094 1833 non
1108 1803 1283 1845 possunt.
1305 1795 1418 1833 Unde

350 1851 588 1901 impossibile
616 1857 672 1888 est
699 1850 808 1900 quod
836 1860 956 1898 opera
982 1856 1138 1886 mortua
1164 1848 1305 1885 iterum
1323 1847 1419 1886 fiant

349 1903 442 1942 viva
467 1916 539 1954 per
564 1903 844 1955 poenitentiam
862 1902 894 1940 ⁸¹³.

406 2053 431 2089 ὃ)
450 2054 526 2079 dare.
542 2067 561 2071 —
580 2053 641 2078 Om.
660 2052 744 2078 tertia.

404 2089 428 2123 ε)
448 2089 594 2114 Patientia.
611 2103 630 2107 -
648 2088 682 2119 P;
701 2087 878 2113 Paenitentia.

403 2125 431 2160 ζ)
449 2125 542 2150 melius
554 2124 644 2158 fuisse
660 2124 686 2148 ei
704 2127 743 2149 ut.
761 2137 780 2142 -
798 2123 833 2152 F;
853 2126 883 2147 ut
903 2123 996 2148 melius
1006 2122 1097 2155 juisse
1110 2122 1135 2147 ei
1154 2125 1183 2147 ut
1202 2122 1234 2151 G,
1253 2128 1305 2146 non
1325 2121 1419 2155 melius

344 2161 435 2197 fuisse
452 2161 478 2186 ei
496 2164 527 2186 ut
544 2160 609 2191 Hbc,
622 2159 716 2184 melius
734 2165 790 2184 esse
799 2158 890 2192 fuisse
907 2158 944 2191 pl,
958 2158 1051 2183 melius
1069 2158 1094 2182 ei
1103 2158 1194 2191 fuisse
1206 2158 1240 2188 sl,
1254 2164 1305 2181 non
1325 2156 1418 2181 melius

344 2197 434 2231 fuisse
457 2196 483 2222 ei
506 2196 594 2221 ceteri.
613 2209 633 2214 ·-
657 2195 721 2220 Post
744 2194 895 2227 confitendo
918 2194 939 2218 F
959 2198 984 2218 et
1007 2194 1082 2218 tertia
1107 2193 1221 2218 addunt:
1246 2192 1300 2217 Sed
1323 2191 1419 2217 existi-

351 2232 480 2258 mandum
499 2234 540 2257 est
557 2230 723 2256 tolerabilius
741 2229 766 2255 ei
777 2230 905 2264 futurum
928 2229 1056 2254 iudicium
1077 2236 1156 2262 quam
1175 2228 1199 2253 si
1220 2228 1355 2253 Christum
1374 2234 1419 2252 ne-

350 2268 445 2302 gando
463 2267 532 2292 nihil
547 2273 640 2291 eorum
656 2268 809 2298 pateretur.

405 2303 433 2337 η)
449 2306 480 2328 ut
504 2302 572 2327 illud
596 2301 668 2334 quod
693 2301 743 2326 ait.
770 2315 790 2320 -
815 2300 904 2326 Tertia
930 2305 1034 2333 praeter
1057 2307 1086 2331 c;
1113 2299 1158 2324 Ad
1185 2299 1253 2324 illud
1280 2298 1352 2331 quod
1380 2297 1421 2323 ait

2459 183 2532 220 333

1524 261 1582 297 An
1602 272 1737 297 PRIMUM
1757 272 1855 297 ERGO
1880 272 2062 297 DICENDUM
2081 262 2188 310 quod
2215 261 2255 298 in
2284 263 2398 299 rebus
2426 270 2534 300 natu·

1472 312 1614 349 ralibus
1632 320 1711 350 tam
1730 319 1884 349 mortua
1903 325 2022 361 quam
2042 313 2268 351 mortificata
2287 323 2415 352 carent
2433 315 2533 364 prin-

1472 365 1572 414 cipio
1601 365 1712 402 vitae.
1744 365 1819 402 Sed
1849 377 1967 413 opera
1994 365 2173 402 dicuntur
2200 367 2426 404 mortificata
2453 380 2533 405 non

1453 428 1456 432 ·
1473 430 1519 455 ex
1537 425 1644 467 parte
1663 417 1837 467 principii
1852 429 1875 454 a
1889 429 1969 466 quo
1988 426 2266 467 processerunt,
2283 420 2349 456 sed
2367 432 2413 456 ex
2427 428 2533 469 parte

1472 470 1738 520 impedimenti
1766 469 1976 507 extrinseci.
2005 471 2161 508 Mortua
2189 479 2316 508 autem
2355 472 2535 510 dicuntur

1473 536 1520 560 ex
1545 531 1651 572 parte
1678 522 1866 573 principii.
1896 524 1944 559 Et
1962 522 2050 560 ideo
2078 535 2158 560 non
2186 531 2241 560 est
2268 524 2399 561 similis
2427 525 2533 562 ratio.

1526 578 1584 613 AD
1611 588 1801 614 SECUNDUM
1829 587 2010 613 monimum
2036 576 2144 624 quod
2172 588 2290 625 opera
2318 577 2365 613 de
2396 589 2533 624 genere

1473 630 1670 666 bonorum
1711 628 1792 665 sine
1833 628 1984 665 caritate
2025 629 2122 665 facta
2163 628 2342 666 dicuntur
2381 638 2535 667 mortua

1472 689 1629 731 propter
1663 681 1854 718 defectum
1882 681 2044 718 caritatis
2072 689 2108 718 et
2134 681 2273 729 gratiae
2311 682 2406 718 sicut
2433 682 2535 731 prin-

1473 734 1573 784 cipii.
1607 735 1694 771 Hoc
1721 741 1852 771 autem
1880 746 1960 771 non
1987 742 2200 783 praestatur
2226 734 2280 771 eis
2307 746 2377 783 per
2403 735 2535 783 poeni-

1472 787 1631 824 tentiam
1659 787 1971 836 subsequentem,
2000 794 2043 823 ut
2069 799 2116 824 ex
2143 786 2207 823 tali
2234 786 2421 836 principio
2449 799 2535 837 pro·

1473 841 1621 877 cedant.
1651 840 1763 877 Unde
1791 839 1886 877 ratio
1915 852 1995 877 non
2024 839 2207 889 sequitur.

1527 895 1584 930 An
1621 905 1780 930 TERTIUM
1817 905 1999 931 DICENDUM
2036 893 2143 942 quod
2178 893 2285 929 Deus
2312 893 2536 930 recordatur

1473 946 1670 983 bonorum
1707 958 1806 995 quae
1835 945 1921 995 quis
1948 945 2034 983 facit
2066 945 2105 983 in
2133 953 2231 983 statu
2258 945 2422 995 peccati,
2455 958 2535 983 non

1473 1007 1515 1036 ut
1543 1006 1762 1036 remuneret
1789 1011 1835 1036 ea
1862 998 1901 1035 in
1928 998 2006 1035 vita
2033 1006 2206 1046 aeterna,
2240 999 2347 1047 quod
2375 998 2536 1036 debetur

1473 1052 1563 1090 solis
1590 1052 1772 1102 operibus
1800 1051 1910 1098 vivis,
1939 1051 2035 1088 idest
2063 1064 2109 1088 ex
2137 1051 2288 1088 caritate
2315 1051 2437 1088 factis:
2467 1052 2535 1088 sed

1473 1113 1694 1142 remunerat
1711 1104 1912 1154 temporali
1932 1104 2238 1141 remuneratione
2258 1104 2288 1140 *.
2319 1104 2424 1142 Sicut
2443 1104 2534 1141 Gre-
2561 1113 2574 1124 ·
2586 1112 2615 1134 1>-
2630 1118 2678 1141 95·-

1473 1158 1603 1207 gorius
1635 1157 1744 1203 dicit,
1778 1158 1818 1195 in
1846 1157 2016 1195 Homilia
2047 1158 2092 1194 de
2119 1159 2240 1195 Divite
2267 1163 2300 1194 et
2327 1159 2474 1205 Lazaro
2492 1157 2533 1205 ²¹³,
2561 1162 2675 1211 fflfmss·
2695 1162 2736 1184 XL
2750 1163 2776 1184 1'2‘

1473 1212 1592 1261 quod,
1622 1213 1694 1248 nisi
1718 1211 1818 1248 dives
1845 1211 1905 1247 ille
1932 1210 2083 1260 aliquod
2107 1213 2245 1248 bonum
2273 1211 2403 1260 egisset
2436 1216 2470 1247 et
2497 1211 2534 1246 in
2615 1195 2655 1217 η’

1466 1266 1657 1315 praesenti
1681 1264 1828 1301 saeculo
1857 1265 2195 1300 remunerationem
2223 1264 2437 1312 accepisset,
2473 1275 2534 1299 ne-

1472 1330 1659 1368 quaquam
1687 1319 1722 1354 ei
1746 1318 1941 1354 Abraham
1969 1317 2124 1363 diceret,
2156 1317 2341 1366 Recepisti
2365 1318 2464 1353 bona
2497 1317 2534 1352 in

1472 1374 1546 1409 vita
1574 1377 1648 1407 tua.

1524 1424 1596 1461 Vel
1623 1424 1700 1460 hoc
1727 1422 1843 1459 etiam
1870 1429 1995 1471 potest
2023 1421 2151 1459 referri
2170 1422 2218 1458 ad
2238 1422 2314 1459 hoc
2341 1421 2449 1470 quod
2467 1433 2534 1470 pa-

1471 1477 1585 1514 tietur
1610 1474 1844 1513 tolerabilius
1872 1474 2060 1512 iudicium
2077 1474 2108 1511 ²¹⁸.
2147 1474 2259 1512 Unde
2287 1473 2377 1511 dicit
2403 1474 2534 1522 Augu-
2563 1484 2614 1506 ·n.
2629 1483 2682 1512 με,
2699 1489 2761 1511 «ψ.

1472 1529 1612 1577 stinus,
1648 1528 1687 1565 in
1719 1528 1816 1565 libro
1851 1528 1896 1565 de
1922 1529 2103 1565 Patientia
2122 1532 2135 1548 ⁸
2152 1527 2190 1563 ²¹²:
2224 1528 2314 1564 Non
2338 1539 2535 1576 possumus
2561 1565 2572 1575 ¹,
2659 1538 2671 1555 ε

1471 1582 1594 1619 dicere
1618 1582 1849 1619 schismatico
1876 1581 2006 1617 melius
2022 1581 2145 1628 fuisse
2171 1581 2206 1616 ei
2232 1585 2270 1616 ut
2288 1579 2316 1627 ζ,
2350 1580 2534 1616 Christum
2587 1563 2719 1620 &123va

1471 1635 1669 1685 negando,
1698 1634 1790 1670 nihil
1825 1645 1955 1670 eorum
1978 1638 2169 1682 pateretur
2203 1644 2297 1681 quae
2324 1644 2458 1682 passus
2485 1638 2535 1669 est
2610 1678 2614 1681 ἢ

1470 1687 1698 1736 confitendo:
1726 1692 1764 1723 ut
1791 1686 1882 1723 illud
1908 1686 2007 1735 quod
2033 1687 2115 1722 ait⁷¹²
2133 1685 2341 1734 Apostolus,
2366 1699 2385 1718 «
2402 1686 2443 1721 Si
2462 1690 2535 1721 tra-
2659 1695 2675 1719 η

1469 1742 1598 1778 didero
1612 1752 1747 1790 corpus
1765 1751 1890 1775 meum
1909 1740 1959 1775 ita
1974 1744 2012 1775 ut
2025 1738 2192 1784 ardeam,
2207 1739 2398 1774 caritatem
2413 1743 2535 1774 autem

1470 1807 1545 1832 non
1569 1795 1747 1839 habuero,
1767 1791 1859 1829 nihil
1884 1792 1977 1828 mihi
1997 1791 2149 1841 prodest
2170 1806 2204 1836 »,
2233 1790 2461 1840 intelligatur
2487 1791 2538 1827 ad

1469 1859 1631 1898 regnum
1664 1846 1854 1883 caelorum
1892 1844 2151 1890 obtinendum,
2180 1855 2255 1880 non
2293 1843 2344 1880 ad
2379 1845 2539 1880 extremi

1468 1901 1596 1938 iudicii
1611 1899 1831 1950 supplicium
1849 1895 1862 1919 θ
1889 1897 2116 1935 tolerabilius
2141 1896 2383 1933 subeundum.
2659 1899 2673 1925 θ

1468 2050 1582 2081 ABCac,
1610 2049 1683 2082 quod
1709 2049 1750 2074 ait
1777 2048 1813 2080 D,
1841 2047 1886 2073 Ad
1909 2048 2030 2080 primum
2058 2054 2124 2081 ergo
2152 2047 2295 2072 dicendum
2323 2047 2397 2079 quod
2423 2047 2465 2072 air
2486 2047 2534 2080 pE,

1468 2085 1513 2110 Ad
1531 2085 1652 2117 primum
1678 2084 1750 2117 quod
1775 2084 1816 2109 ait
1839 2084 1884 2115 sE,
1908 2087 1938 2108 ut
1955 2084 1996 2108 ait
2014 2083 2043 2107 F.
2064 2097 2084 2102 —
2105 2083 2144 2108 ita
2168 2090 2222 2107 om.
2245 2083 2319 2108 tertia
2342 2088 2444 2115 praeter
2466 2083 2494 2108 P.
2516 2097 2536 2102 -

1469 2120 1639 2161 intelligatur
1657 2119 1731 2144 tertia
1742 2123 1846 2152 praeter
1864 2119 1888 2149 13
1907 2119 1974 2144 nihil
1987 2119 2117 2151 prodesse
2134 2118 2304 2151 intelligatur
2320 2118 2360 2149 Fl,
2374 2118 2536 2152 intelligitur

1470 2161 1558 2225 cete&
1567 2190 1661 2216 iudicii
1678 2191 1846 2222 supplicium.
1863 2204 1883 2209 -
1901 2190 1994 2215 iudicii
2018 2189 2145 2215 iudicium
2164 2189 2193 2219 B,
2213 2189 2340 2214 iudicium
2358 2189 2482 2222 supplicii
2500 2189 2532 2221 G,

1470 2228 1648 2287 ξῑῖιτζίεηνζιηιυὲ)
1671 2226 1830 2258 supplicium
1856 2225 1984 2251 iudicium
2002 2225 2035 2256 H,
2053 2225 2212 2257 supplicium
2237 2224 2331 2250 iudicii
2348 2225 2387 2254 bc,
2409 2225 2535 2257 supplicii
