2878 4088
145 275 152 284 ¹
169 273 203 294 De
214 273 280 294 Bono
295 272 355 294 Con-

215 299 288 347 na}
303 304 355 346 aa:

143 331 256 399 Ξέἓὲἰιε,
277 341 284 348 ’
302 351 354 373 dist.

143 454 152 463 '¹
167 451 224 473 lbid.

141 670 151 678 ·
176 668 232 696 Cap.
258 667 353 690 Gaude-

140 700 198 721 mus,
215 694 244 715 de
261 694 352 716 Divort.

142 758 151 767 ·
162 757 216 783 Arg.
232 756 281 778 Sed
291 758 353 778 cont.

143 790 162 804 ι.
181 793 188 797 ·
205 782 240 804 Cf.
258 788 308 804 can.
325 783 354 804 U—

141 814 171 830 na
188 811 284 836 tantum,
300 809 353 831 dist.

142 835 218 857 XXVI
236 836 277 864 (ex
295 837 354 858 Arn-

142 861 223 891 bros.).

143 1815 153 1825 ·
167 1813 224 1841 Cap.
240 1813 327 1841 Nuper.

143 2080 152 2089 ·
164 2078 173 2099 1
183 2078 216 2100 ad
227 2078 294 2103 Tim„
305 2083 355 2104 cap.

144 2111 170 2126 ιιι
198 2111 257 2126 vers.
279 2110 304 2130 2;
323 2103 357 2125 ad

146 2131 192 2178 ἔα.
204 2137 255 2159 cap.
270 2137 288 2157 ι,
295 2136 356 2152 vere.

148 2657 157 2665 '¹
174 2654 209 2676 Cf.
232 2654 310 2676 Gloss.
335 2654 358 2674 in

148 2687 197 2702 can.
206 2680 296 2707 Lector,
305 2680 357 2701 dist.

148 2707 257 2732 XXX1V;
273 2707 356 2728 b.Alb.

148 2734 180 2755 1v
203 2733 282 2760 Sent.‚
305 2733 359 2755 dist.

148 2766 229 2786 xxvii,
250 2763 292 2782 art.
319 2766 359 2786 22;

390 186 460 223 138
624 185 888 232 QUAESTIO
918 185 1059 232 LXVI,
1079 184 1373 223 ARTICULUS
1401 184 1436 221 V
1455 206 1480 210 -
1501 182 1765 230 QUAESTIO
1794 182 1947 229 LXVII,
1973 182 2267 220 ARTICULUS
2295 183 2310 220 Ι

437 264 499 295 San
520 273 643 294 CONTRA
666 273 720 293 asr
737 262 827 303 quod
842 263 1042 303 Augustinus
1059 263 1135 294 dicit
1150 264 1183 294 ἥ
1208 263 1342 294 Acutius
1359 262 1450 293 intel·
1506 261 1547 292 ad
1570 272 1607 292 ea
1631 271 1713 302 quae
1737 267 1812 292 sunt
1831 261 1871 292 de
1893 262 1962 292 iure
1978 260 2124 298 naturali,
2142 267 2173 292 et
2196 267 2355 302 quantum
2371 261 2411 292 ad
2433 271 2471 292 ea
2494 270 2578 302 quae

382 308 490 349 ligant
512 308 567 348 qui
583 317 641 338 nec
664 317 736 337 eum
759 307 815 348 qui
830 308 1076 338 catechumenus
1092 313 1150 338 aut
1163 316 1319 349 paganus
1341 307 1452 337 habuit
1506 311 1581 336 sunt
1603 305 1643 336 de
1666 306 1853 336 necessitate
1876 311 2148 336 sacramentorum
2172 311 2204 336 et
2225 305 2317 337 fidei:
2349 305 2405 336 sed
2431 306 2466 336 in
2489 306 2576 342 aliis,

381 353 528 388 alteram,
543 351 760 382 ordinandum
776 357 972 383 censuerunt
982 360 993 382 .·
1013 353 1089 393 quia
1106 352 1145 383 de
1159 356 1362 383 sacramento
1379 350 1451 392 agi·
1507 359 1591 390 quae
1602 355 1677 380 sunt
1692 348 1733 380 de
1747 350 1948 380 institutione
1959 349 2205 390 Apostolorum,
2222 359 2298 381 cum
2308 350 2453 381 Ecclesia
2463 350 2578 381 habeat

382 402 445 432 tur,
463 406 528 426 non
552 396 592 426 de
608 401 754 436 peccato.
1506 404 1594 425 nunc
1618 393 1754 425 eandem
1783 399 1976 434 potestatem
2008 393 2167 424 statuendi
2199 399 2230 424 et
2258 393 2451 425 destituendi
2479 403 2578 435 quam

438 450 467 471 2.
488 441 684 476 Pani-anain,
697 441 779 471 sicut
794 440 881 471 idem
895 440 971 472 dicit
982 441 1009 476 *,
1025 440 1166 482 femina,
1180 440 1209 470 si
1224 439 1452 470 catechumena
1474 445 1483 466 ς
1506 444 1584 469 tunc
1600 438 1721 473 habuit,
1734 443 1841 478 potest
1856 448 1914 478 per
1930 447 2006 468 eum
2022 439 2079 478 qui
2094 439 2269 479 primatum
2279 439 2314 468 in
2325 438 2469 469 Ecclesia
2479 444 2577 475 tenet,

382 485 432 516 vel
448 494 586 526 pagana
603 484 715 515 vitiata
739 490 794 521 est,
812 495 877 515 non
893 490 1003 526 potest
1026 485 1110 515 inter
1128 484 1191 514 Dei
1215 484 1358 525 virgines
1378 488 1454 524 post
1507 483 1692 523 dispensari.

381 530 572 570 baptismum
595 529 708 560 velari.
739 529 836 569 Ergo,
854 529 967 560 eadem
990 529 1123 565 ratione,
1140 538 1201 559 nec
1217 528 1362 568 bigamus
1378 532 1452 558 ante
1561 527 1613 557 An
1637 537 1773 558 raa-mm
1795 536 1956 557 DICENDUM
1982 526 2072 567 quod
2101 536 2170 557 non
2198 526 2359 567 quaelibet
2388 525 2577 566 significafio

382 574 577 614 baptismum
600 573 749 604 ordinari.
1507 577 1554 602 est
1578 571 1618 602 de
1642 572 1777 602 essentia
1799 571 1998 607 sacramenti,
2025 570 2081 601 sed
2103 575 2230 601 tantum
2257 570 2311 601 illa
2334 579 2418 611 quae
2441 570 2579 611 pertinet

436 619 626 649 Rasponnzo
650 627 810 648 DICBNDUM
831 617 921 658 quod
944 617 1121 657 baptismus
1150 616 1246 647 solvit
1269 616 1396 656 culpas,
1422 621 1452 647 et
1507 615 1547 646 ad
1570 615 1715 646 officium
1738 616 1937 647 sacramenti.
1961 615 2003 646 Et
2025 615 2096 645 talis
2118 624 2187 645 non
2210 615 2333 646 tollitur
2347 623 2405 655 per
2427 614 2579 655 irregula—

381 672 449 693 non
472 662 566 693 solvit
589 663 740 702 coniugia
755 663 783 692 *.
807 661 912 698 Unde,
930 671 1006 691 cum
1022 671 1060 691 ex
1077 662 1148 701 ipso
1169 661 1322 701 coniugio
1338 669 1453 700 sequa-
1468 670 1493 685 ιο
1507 661 1642 691 ritatem.
2144 685 2146 687 .

381 712 432 737 tur
454 707 674 746 irregularitas,
691 716 749 746 per
764 706 960 746 baptismum
975 706 1046 736 tolli
1065 715 1133 736 non
1156 710 1272 746 potest,
1289 710 1325 735 ut
1340 705 1452 745 Augu·
1562 705 1613 734 An
1631 714 1780 735 onan-rim
1797 713 1959 735 mcrmmm
1975 703 2066 744 quod
2081 704 2114 734 in
2130 703 2373 744 particularibus
2389 712 2458 733 non
2472 707 2579 743 potest

382 751 482 781 stinus
505 750 582 781 dicit
596 752 623 780 ’ἦ
1506 749 1641 780 inveniri
1664 750 1744 780 ratio
1769 758 1852 789 quae
1876 748 2028 779 omnibus
2051 753 2215 788 competat
2238 747 2421 788 aequaliter,
2447 752 2579 788 propter

437 796 487 826 An
511 805 629 825 prunum
652 804 735 824 aneo
759 804 919 824 mcannun
936 793 1026 834 quod
1044 795 1078 824 in
1098 803 1173 824 casu
1195 794 1256 824 isto
1272 803 1341 824 non
1364 799 1453 824 tene·
1507 803 1621 824 eorum
1645 793 1868 824 diversitatem.
1900 793 1942 823 Et
1964 792 2038 823 ideo
2063 792 2154 833 quod
2182 792 2402 823 universaliter
2424 796 2579 822 statutum
2606 820 2617 831 ‚
2627 818 2659 841 Cf
2689 818 2712 840 v
2724 818 2744 840 S

381 845 433 870 tur
455 839 647 880 Hieronymi
671 839 802 878 opinio:
836 839 896 869 nisi
920 837 1002 868 forte
1025 838 1162 869 velimus
1185 847 1261 868 eum
1291 847 1454 878 exponere
1507 843 1554 868 est
1569 838 1796 868 rationabiliter
1812 837 2017 868 consideratis
2040 837 2089 867 his
2105 846 2188 877 quae
2208 837 2242 867 in
2257 836 2403 877 plurimis
2419 835 2578 872 accidunt,
2607 834 2663 868 dist:
2676 819 2817 878 {nqu‘fuui}

382 883 472 924 quod
494 884 638 923 loquitur
662 888 819 922 quantum
843 882 882 913 ad
906 882 1083 912 faciliorem
1106 882 1387 922 dispensationem.
1468 891 1491 912 ις
1506 887 1614 922 potest
1637 883 1733 913 etiam
1749 892 1806 922 per
1829 881 2102 922 dispensationem
2121 881 2350 912 rationabiliter
2370 880 2530 911 removeri
2544 880 2579 911 in
2606 875 2651 921 {33
2664 878 2678 895 ²
2731 872 2805 927 '’¹⁸‘'ss

437 928 487 958 An
512 937 674 957 secunaum
690 936 851 956 memnon
875 925 965 966 quod
980 935 1049 956 non
1065 932 1195 966 oportet
1213 932 1249 956 ut
1265 926 1355 966 quod
1378 925 1453 956 facit
1507 926 1617 967 aliquo
1642 937 1717 957 casu
1741 926 1951 957 determinato
1967 927 1994 956 ἦ
2606 931 2673 953 *π
2689 928 2731 948 ⁸¹¹¹-
2745 932 2770 953 4·

381 972 484 1002 maius
500 971 593 1001 faciat
608 971 725 1006 minus,
738 971 799 1000 nisi
815 970 854 1000 sit
870 970 910 1000 ad
925 969 1005 1000 illud
1021 970 1214 1000 ordinatum.
1234 970 1275 1000 Et
1293 971 1357 1000 hoc
1374 969 1452 1000 defi-

382 1016 425 1046 cit
447 1016 480 1045 in
496 1015 681 1055 proposito:
708 1015 784 1054 quia
799 1014 976 1054 baptismus
1000 1013 1040 1044 ad
1060 1014 1322 1054 irregularitatem
1337 1014 1452 1044 tollen·
1630 1012 1883 1056 QUAESTIO
1908 1011 2455 1046 SEXAGESIMASEPTIMA

382 1059 455 1090 dam
478 1068 546 1089 non
570 1058 743 1088 ordinatur.
1071 1102 1077 1108 ,
1162 1102 1167 1108 ,
1811 1075 1860 1099 DE
1890 1074 2076 1099 ιιΒΕιιο
2105 1074 2277 1099 REPUDII

436 1104 486 1133 AD
511 1112 645 1133 marrim
668 1111 829 1132 mcannuu
860 1101 951 1142 quod
981 1102 1046 1132 hoc
1069 1101 1314 1141 intelligendum
1344 1106 1391 1131 est
1414 1100 1453 1132 de
1468 1111 1494 1125 ²⁰
2863 1131 2865 1134 Α

381 1148 495 1187 poenis
519 1156 602 1187 quae
625 1151 869 1186 consequuntur
893 1155 931 1176 ex
955 1145 1071 1176 actuali
1094 1151 1227 1186 peccato
1256 1146 1347 1185 quasi
1370 1144 1454 1175 infli-
1572 1155 1665 1176 amm:
1689 1144 1959 1176 considerandum
1983 1150 2030 1176 est
2053 1144 2093 1175 de
2116 1145 2225 1175 libello
2249 1145 2375 1185 repudii
2390 1146 2416 1175 *.
2606 1149 2617 1160 ·
2631 1147 2668 1171 Cs-
2689 1153 2729 1177 qu.
2749 1153 2820 1174 mv,

382 1197 460 1227 ctae,
477 1201 545 1221 non
568 1190 770 1230 infligendae.
806 1190 882 1220 Non
915 1191 1002 1220 enim
1026 1190 1141 1230 aliquis
1170 1199 1228 1230 per
1256 1190 1454 1229 baptismum
1513 1157 1667 1220 DCirca
1690 1189 1780 1230 quod
1804 1194 2002 1229 quaeruntur
2024 1194 2158 1229 septem.
2607 1174 2694 1198 hm

381 1236 594 1276 virginitatem
609 1239 785 1275 recuperat.
806 1234 847 1264 Et
863 1234 1006 1264 similiter
1022 1243 1083 1265 nec
1099 1234 1200 1265 carnis
1216 1233 1452 1264 indivisionem.
1564 1235 1689 1265 Primo:
1715 1239 1825 1264 utrum
1858 1233 2108 1274 inseparabilitas
2139 1233 2336 1264 matrimonii
2368 1233 2408 1263 sit
2439 1232 2480 1263 de
2509 1233 2581 1273 lege

436 1280 487 1310 Ar>
513 1289 660 1309 QUARTUM
676 1288 836 1309 mmmmm
853 1278 943 1318 quod
958 1279 1135 1319 baptismus
1157 1277 1338 1309 conformat
1362 1277 1454 1308 Chn'-
1597 1284 1739 1309 naturae.

382 1330 431 1354 sto
456 1329 614 1364 quantum
637 1323 677 1354 ad
706 1324 856 1353 virtutem
886 1323 1020 1353 mentis:
1049 1322 1106 1353 sed
1135 1332 1203 1353 non
1233 1327 1392 1363 quantum
1415 1322 1455 1353 ad
1469 1336 1493 1355 ας
1565 1322 1735 1354 Secundo:
1760 1327 1870 1353 utrum
1892 1321 2060 1362 repudiare
2083 1331 2219 1352 uxorem
2241 1322 2343 1362 possit
2365 1330 2434 1352 esse
2457 1322 2582 1353 licitum

382 1374 499 1398 statum
515 1368 627 1404 carnis,
645 1368 701 1408 qui
717 1366 937 1398 consideratur
951 1368 986 1398 in
1002 1367 1181 1407 virginitate
1196 1367 1247 1397 vel
1262 1366 1455 1397 indivisione
1597 1377 1655 1407 per
1679 1367 1962 1407 dispensationem.

382 1413 492 1443 carnis.
1565 1412 1697 1442 Tertio:
1721 1417 1831 1442 utrum
1854 1411 1914 1442 sub
1937 1411 2008 1451 lege
2031 1410 2139 1451 Moysi
2161 1410 2257 1441 fuerit
2278 1410 2413 1441 licitum.

436 1457 487 1487 An
513 1466 652 1486 ommuni
675 1465 835 1486 DICENDUM
852 1455 942 1496 quod
965 1456 1037 1486 illae
1052 1455 1295 1495 irregularitates
1317 1465 1355 1486 ex
1378 1455 1455 1486 levi·
1565 1456 1707 1494 Quarto:
1731 1461 1842 1487 utrum
1856 1456 1965 1486 liceret
1987 1455 2082 1486 uxori
2096 1454 2281 1495 repudiatae
2303 1454 2403 1485 alium
2426 1455 2580 1496 accipere.

382 1502 441 1531 bus
464 1501 567 1531 causis
590 1510 658 1530 non
681 1500 845 1540 perpetuis
869 1506 958 1530 erant
980 1505 1173 1530 contractae.
1197 1500 1239 1530 Et
1260 1499 1335 1530 ideo
1359 1500 1456 1530 etiam
1566 1500 1708 1539 Quinto:
1743 1506 1853 1531 utrum
1885 1500 1995 1531 liceret
2022 1500 2092 1530 viro
2124 1499 2324 1540 repudiatam
2354 1509 2372 1529 a
2399 1508 2434 1530 se
2464 1499 2582 1530 iterum

381 1555 438 1585 per
461 1545 514 1575 illa
536 1550 733 1575 sacramenta
748 1544 864 1575 auferri
880 1549 1038 1585 poterant.
1054 1563 1078 1566 —
1093 1544 1135 1574 Et
1157 1545 1284 1580 iterum,
1303 1549 1393 1575 erant
1416 1544 1456 1575 ad
1471 1557 1497 1578 ιο
1599 1544 1726 1576 ducere.

381 1591 444 1620 hoc
469 1589 622 1620 ordinata.
646 1589 723 1619 Non
747 1594 855 1619 autem
878 1589 1056 1629 baptismus
1080 1588 1120 1619 ad
1142 1589 1206 1619 hoc
1230 1588 1404 1620 ordinatur.
1565 1588 1679 1620 Sexto:
1703 1594 1813 1620 utrum
1837 1598 1932 1619 causa
1954 1587 2080 1629 repudii
2103 1587 2199 1619 fuerit
2222 1587 2336 1619 odium
2357 1588 2476 1619 uxon‘s.

1566 1634 1730 1674 Septimo:
1754 1639 1864 1664 uuum
1876 1642 1990 1664 causae
2001 1632 2127 1673 repudii
2139 1631 2292 1663 deberent
2305 1633 2340 1663 in
2355 1631 2464 1663 libello
2476 1631 2580 1663 scribi.

489 1660 588 1690 ART.
605 1660 644 1690 V.
669 1669 775 1690 uranu
799 1669 862 1689 CUM
885 1669 1004 1690 memo
1029 1669 1140 1690 meur
1163 1669 1349 1690 msmnsm

739 1714 825 1742 ριιοαι.
840 1714 881 1741 iv,
897 1720 936 1742 qu.
952 1720 1003 1741 vm,
1019 1718 1062 1736 m.
1077 1720 1097 1736 2.
1509 1704 1609 1736 ART.
1627 1704 1650 1735 I.
1674 1714 1780 1735 urium
1801 1714 2069 1735 msnPARAerras
2083 1713 2195 1734 uxoms
2211 1713 2257 1734 srr
2279 1713 2320 1734 na
2342 1713 2423 1734 uon
2438 1713 2582 1735 aarum

448 1776 468 1795 n
493 1775 633 1796 aum-rim
651 1775 697 1795 sm
719 1774 925 1795 Paocanrrtm.
951 1765 1086 1796 Videtur
1109 1765 1199 1805 quod
1224 1775 1300 1796 cum
1325 1766 1454 1807 bigamo
1471 1781 1494 1802 ,ς
1690 1759 1725 1781 ¹¹⁸
1739 1759 1795 1785 ¹¹²²
1810 1765 1850 1786 ‘¹¹¹'
1865 1764 1926 1786 ‘²¹¹¹‘
1941 1762 1984 1781 *η’
1998 1764 2023 1785 ²³
2037 1758 2069 1780 ¹¹¹
2084 1757 2152 1780 ⁶⁰⁸²
2168 1757 2245 1786 &W
2259 1764 2311 1786 ‘²⁸¹²'
2326 1763 2407 1781 ‘¹²¹³‘

385 1778 515 1840 Anon
539 1810 632 1840 liceat
654 1808 846 1849 dispensare.
871 1809 957 1848 Quia
979 1809 1085 1847 Extra,
1103 1810 1143 1840 de
1164 1810 1314 1851 Bigamis
1329 1811 1356 1846 *,
1378 1810 1455 1841 dici-
1574 1820 1595 1841 n
1622 1819 1740 1841 panum
1768 1819 1814 1840 sre
1841 1819 2047 1840 pnoeamrmt.
2085 1808 2221 1839 Videtur
2244 1809 2335 1850 quod
2364 1809 2581 1850 inseparabili-

382 1861 449 1885 tur:
477 1854 558 1884 Cum
582 1853 708 1884 clericis
731 1854 795 1894 qui,
821 1854 1012 1894 inquantum
1037 1854 1069 1884 in
1094 1854 1171 1894 ipsis
1189 1854 1273 1896 fuit,
1297 1854 1456 1886 secundas
1511 1822 1622 1885 Atas
1644 1855 1753 1885 uxoris
1767 1863 1836 1884 non
1859 1854 1899 1895 sit
1922 1853 1962 1884 de
1985 1854 2056 1894 lege
2079 1858 2221 1884 naturae.
2245 1853 2313 1885 Lex
2337 1854 2424 1884 enim
2448 1858 2581 1885 naturae

382 1899 442 1930 sibi
465 1898 616 1929 mulieres
631 1898 874 1928 coniunxerunt
893 1898 1188 1934 matrimonialiter,
1206 1903 1360 1940 tanquam
1383 1909 1456 1930 cum
1510 1899 1693 1930 communis
1710 1904 1756 1929 est
1771 1897 1859 1938 apud
1881 1907 1996 1929 omnes
2011 1899 2038 1928 '.
2063 1897 2126 1929 Sed
2141 1897 2229 1928 nulla
2248 1898 2319 1938 lege
2336 1903 2461 1938 praeter
2475 1898 2582 1939 legem
2609 1902 2822 1931 ⁸1·u··,qu.xexv.

383 1943 530 1984 bigamis,
548 1952 612 1973 non
639 1942 712 1972 licet
734 1942 930 1982 dispensare.
1510 1943 1629 1975 Christi
1651 1942 1712 1973 fuit
1734 1943 1934 1983 prohibitum
1956 1951 2092 1973 uxorem
2115 1941 2283 1972 dimittere.
2307 1942 2394 1982 Ergo
2421 1943 2582 1983 insepara-
2607 1933 2650 1952 ω’
2664 1936 2689 1958 ⁴‘

440 1997 469 2017 2.
494 1987 691 2022 Panamara,
708 1991 820 2016 contra
842 1987 892 2017 ius
916 1986 1062 2017 divinum
1078 1996 1146 2016 non
1168 1986 1244 2017 licet
1262 1986 1454 2027 dispensare.
1469 2002 1496 2022 40
1509 1988 1613 2018 bilitas
1636 1987 1744 2018 uxoris
1767 1995 1835 2017 non
1858 1991 1906 2017 est
1929 1985 1969 2017 de
1991 1987 2062 2026 lege
2085 1991 2227 2016 naturae.

384 2031 447 2062 Sed
471 2031 579 2061 omnia
603 2040 686 2071 quae
709 2031 743 2060 in
760 2040 885 2061 canone
908 2030 1068 2067 dicuntur,
1086 2030 1126 2060 ad
1148 2031 1198 2060 ius
1224 2029 1369 2062 divinum
1384 2040 1456 2071 per·
1567 2041 1596 2062 2.
1620 2031 1818 2067 Pinarum,
1835 2036 2032 2061 sacramenta
2042 2039 2111 2061 non
2126 2035 2201 2060 sunt
2216 2029 2256 2061 de
2271 2030 2342 2070 lege
2357 2035 2498 2061 naturae.
2518 2029 2583 2062 Sed

383 2077 494 2106 tinent.
520 2075 606 2105 Cum
630 2084 706 2114 ergo
723 2074 901 2114 Apostolus
917 2075 952 2105 in
968 2075 1131 2115 Scriptura
1151 2075 1307 2105 canonica
1321 2076 1338 2092 θ
1362 2075 1455 2112 dicat,
1510 2075 1760 2116 inseparabilitas
1782 2075 1979 2105 matrimonii
1995 2074 2035 2105 ad
2050 2075 2238 2105 sacramenti
2256 2074 2383 2105 bonum
2401 2075 2540 2115 pertinet
2554 2075 2582 2106 ἒ.
2610 2077 2823 2106 'Qu-mms-

387 2120 522 2160 Oportet
544 2119 726 2159 episcopum
751 2119 847 2149 unius
864 2119 980 2150 uxoris
1003 2119 1109 2150 virum
1125 2128 1202 2155 esse,
1219 2118 1344 2150 videtur
1367 2119 1457 2160 quod
1510 2120 1597 2160 Ergo
1620 2129 1690 2150 non
1713 2124 1760 2150 est
1783 2119 1824 2150 de
1847 2119 1917 2159 lege
1939 2124 2082 2150 naturae.

383 2165 416 2195 in
438 2164 502 2194 hoc
526 2173 594 2194 non
617 2163 718 2203 possit
742 2162 925 2203 dispensari.
1568 2164 1598 2195 3.
1622 2164 1819 2200 Pm'raruu,
1837 2163 2024 2194 coniunctio
2043 2163 2103 2194 viri
2118 2168 2150 2194 et
2172 2162 2312 2194 feminae
2326 2163 2360 2193 in
2375 2163 2583 2199 matrimonio

440 2208 469 2239 3.
494 2208 691 2243 Pinarum,
708 2207 816 2238 nullus
831 2213 939 2248 potest
955 2207 1139 2248 dispensare
1161 2207 1195 2238 in
1211 2207 1260 2238 his
1283 2217 1367 2248 quae
1382 2214 1458 2239 sunt
1471 2222 1495 2243 ⁴5
1511 2208 1677 2240 ordinatur
1691 2207 1908 2249 principaliter
1931 2207 1971 2238 ad
1986 2207 2085 2248 prolis
2107 2207 2349 2248 generationem
2364 2213 2396 2238 et
2419 2207 2583 2239 educatio·

384 2252 423 2283 de
453 2253 640 2283 necessitate
670 2253 869 2282 sacramenti.
895 2251 959 2283 Sed
981 2261 1050 2282 non
1081 2261 1150 2282 esse
1177 2252 1382 2292 irregularem
1411 2258 1458 2283 est
1511 2263 1588 2284 nem
1604 2258 1636 2284 et
1651 2253 1897 2283 instructionem
1912 2253 1939 2282 “.
1964 2251 2028 2283 Sed
2043 2252 2121 2282 haec
2145 2252 2256 2282 omnia
2271 2251 2382 2292 aliquo
2398 2257 2486 2283 certo
2501 2257 2584 2284 tem-
2611 2256 2821 2285 ·Qu.=.xv.m.3.

384 2297 423 2327 de
447 2297 633 2327 necessitate
656 2297 845 2327 sacramenti
869 2296 1006 2327 ordinis:
1041 2305 1117 2327 cum
1141 2295 1349 2336 significatio,
1374 2306 1457 2337 quae
1511 2307 1592 2339 pore
1615 2302 1891 2328 consummantur.
1916 2296 2002 2337 Ergo
2019 2301 2093 2337 post
2115 2295 2195 2327 illud
2213 2301 2343 2337 tempus
2358 2296 2433 2328 licet
2448 2305 2584 2328 uxorem

384 2347 430 2372 est
453 2346 651 2371 sacramento
676 2340 864 2376 essentialis,
890 2340 980 2371 desit.
1006 2340 1092 2381 Ergo
1115 2350 1184 2371 non
1208 2346 1315 2381 potest
1337 2342 1370 2372 in
1393 2341 1457 2372 hoc
1512 2342 1671 2373 dimittere
1693 2342 1762 2372 sine
1785 2341 1895 2381 aliquo
1918 2340 2116 2381 praeiudicio
2140 2341 2218 2381 legis
2240 2346 2382 2372 naturae.

385 2386 568 2426 dispensari.
1567 2396 1598 2426 4.
1627 2386 1833 2422 Pium-anna,
1867 2395 1905 2416 ex
1938 2385 2145 2415 matrimonio
2177 2385 2392 2426 principaliter
2422 2385 2585 2425 quaeritur

439 2439 469 2469 4.
487 2429 684 2465 Pan-ranna,
702 2428 792 2469 quod
807 2429 1036 2460 rationabiliter
1051 2429 1173 2460 factum
1193 2434 1250 2465 est,
1267 2439 1335 2460 non
1351 2435 1459 2470 potest
1473 2443 1499 2464 ςο
1512 2431 1638 2461 bonum
1661 2430 1769 2471 prolis.
1794 2429 1857 2461 Sed
1872 2430 2121 2470 inseparabilitas
2137 2435 2184 2460 est
2199 2434 2312 2460 contra
2326 2430 2451 2460 bonum
2467 2429 2583 2470 prolis:

384 2474 610 2504 rationabiliter
633 2474 758 2504 mutari.
784 2473 817 2504 Si
842 2483 917 2513 ergo
942 2479 1050 2514 potest
1072 2473 1301 2505 rationabiliter
1330 2474 1458 2514 dispen-
1513 2476 1599 2516 quia,
1620 2480 1657 2506 ut
1679 2474 1808 2505 tradunt
1830 2474 1965 2515 physici,
1987 2474 2102 2514 aliquis
2125 2474 2172 2504 vir
2194 2483 2263 2504 non
2285 2479 2393 2514 potest
2417 2483 2455 2504 ex
2478 2473 2586 2515 aliqua

385 2519 444 2548 sari
468 2527 543 2548 cum
566 2518 706 2558 bigamo,
730 2518 984 2549 irrationabiliter
1008 2524 1055 2549 est
1079 2518 1108 2549 ei
1132 2517 1282 2549 adiuncta
1308 2519 1458 2559 irregula-
1513 2518 1634 2550 femina
1656 2519 1783 2559 prolem
1799 2519 1943 2559 accipere
1967 2519 2023 2559 qui
2046 2523 2156 2549 tamen
2171 2527 2210 2549 ex
2225 2518 2287 2549 alia
2301 2518 2446 2559 accipere
2465 2523 2584 2559 posset,

385 2563 467 2593 ritas·
493 2562 592 2600 Quod
616 2567 662 2592 est
686 2562 927 2593 inconveniens·
1513 2569 1545 2595 et
1561 2573 1644 2604 quae
1660 2564 1757 2594 etiam
1773 2563 1812 2593 ab
1828 2563 1891 2594 alio
1907 2563 1977 2593 viro
1993 2563 2265 2603 impraegnaretur
2275 2563 2302 2593 ⁶.
2323 2562 2409 2603 Ergo
2425 2563 2584 2603 insepara-
2611 2564 2825 2614 wgffmd-

441 2607 503 2638 San
527 2617 559 2637 m
584 2616 784 2637 com-mnium
807 2616 862 2637 asr
886 2606 977 2647 quod
1004 2606 1126 2638 Lucius
1156 2606 1243 2647 Papa
1266 2606 1459 2647 dispensavit
1513 2608 1616 2639 bilitas
1639 2607 1836 2639 matrimonii
1867 2607 1968 2648 magis
1991 2613 2038 2638 est
2061 2612 2173 2638 contra
2195 2607 2301 2647 legem
2330 2612 2462 2638 naturae
2486 2615 2585 2648 quam
2611 2607 2712 2645 navit
2726 2623 2778 2647 αρ.
2791 2606 2824 2645 νἰζ

387 2661 461 2681 cum
485 2651 640 2691 episcopo
665 2650 904 2687 Panormitano,
923 2651 980 2691 qui
1004 2656 1070 2681 erat
1093 2651 1239 2691 bigamus
1255 2651 1282 2681 *.
1474 2668 1497 2689 55
1514 2652 1554 2684 de
1576 2653 1647 2693 lege
1669 2657 1810 2683 naturae.
2611 2644 2826 2694 mmss

442 2705 471 2725 2.
496 2695 693 2731 Pmmnm,
712 2695 866 2725 Martinus
882 2695 969 2735 Papa
984 2696 1001 2712 ⁴*
1018 2695 1112 2726 dicit:
1138 2696 1264 2731 Lector,
1281 2695 1310 2726 si
1329 2695 1460 2727 uiduam
1569 2697 1632 2728 San
1657 2706 1791 2732 CONTRA,
1807 2695 1887 2727 illud
1909 2697 2082 2736 praecipue
2109 2700 2156 2726 est
2179 2694 2220 2726 de
2242 2695 2314 2736 lege
2340 2700 2472 2726 naturae
2494 2694 2586 2736 quod
2611 2697 2802 2726 lib-Ian‘m·

387 2749 523 2770 uxorem
546 2739 694 2780 accipiat,
712 2739 744 2769 in
762 2739 920 2770 lectoratu
930 2745 1134 2780 permaneat,
1154 2745 1220 2776 aut,
1237 2740 1266 2771 si
1289 2741 1461 2772 necessitas
1513 2746 1626 2772 natura
1648 2742 1732 2772 bene
1755 2741 1898 2771 instituta
1913 2741 2037 2781 accepit
2059 2740 2094 2770 in
2109 2740 2159 2770 sui
2181 2740 2352 2780 principio.
2377 2739 2440 2771 Sed
2458 2740 2584 2782 insepa-

149 2786 254 2808 Gnuffid·
273 2786 359 2808 Summ·
377 2784 496 2825 fuerit,
512 2783 730 2814 subdiaconus
741 2784 831 2824 fiat:
855 2784 936 2814 nihil
968 2789 1076 2815 autem
1103 2794 1214 2825 supra.
1247 2784 1403 2815 Similiter
1432 2785 1461 2816 si
1514 2786 1652 2816 rabilitas
1674 2785 1871 2816 matrimonii
1893 2790 1941 2815 est
1963 2783 2165 2821 huiusmodi,
2190 2789 2228 2815 ut
2250 2789 2337 2825 patet
2360 2784 2472 2815 Matth.
2489 2793 2541 2816 xix
2555 2785 2584 2816 ⁹.
2612 2787 2623 2796 '
2636 2784 2704 2808 Van.
2719 2790 2732 2814 3
2745 2790 2797 2814 “n-

150 2815 159 2824 '
173 2813 264 2835 Mania.
279 2813 359 2834 Braca-

149 2845 209 2861 rens.
218 2839 343 2871 Cap-nuri,
350 2849 361 2855 -

150 2866 360 2919 {ffiifflessffss

150 2918 226 2967 ³⁰35·
236 2919 254 2967 ξ’
267 2925 316 2967 Ἥί·
327 2925 353 2967 {3

151 2972 235 3002 Summ.
255 2961 297 2993 lib.
314 2952 362 2998 lu:

151 3002 185 3019 nt.
200 3004 233 3024 ιιι,
248 2998 277 3019 de
290 2998 362 3026 Biga-

151 3025 203 3051 ntia,
219 3025 228 3050 ς
243 3030 262 3046 ².

155 3187 163 3196 ·
179 3185 204 3207 Β.
224 3185 312 3207 Albert.
332 3185 362 3206 1v

153 3211 226 3238 Sent„
234 3211 365 3239 dintaxvn,

154 3242 196 3260 art.
212 3244 244 3259 22.

387 2828 534 2869 bigamus
548 2827 667 2869 fuerit.
692 2828 778 2868 Ergo
803 2827 843 2858 ad
865 2829 973 2859 minus
1002 2838 1106 2870 usque
1130 2829 1170 2860 ad
1192 2828 1460 2860 subdiaconatum
1514 2830 1601 2870 Ergo
1625 2835 1672 2860 est
1695 2829 1735 2860 de
1758 2829 1828 2869 lege
1851 2834 1992 2860 naturae.

389 2882 463 2903 cum
488 2881 527 2902 eo
551 2871 725 2912 dispensari
747 2877 855 2912 potest
870 2873 896 2902 ἦ
1473 2884 1501 2904 so
1572 2883 1601 2904 2.
1626 2874 1822 2910 Paaarsaaa,
1840 2872 1879 2904 de
1902 2873 1974 2914 lege
1988 2878 2120 2904 naturae
2136 2878 2183 2904 est
2198 2871 2289 2914 quod
2303 2873 2405 2903 homo
2429 2873 2500 2904 Deo
2516 2881 2585 2904 non

442 2916 632 2947 Rnsponnzo
656 2926 817 2946 mcunmm
841 2916 931 2957 quod
963 2917 1119 2957 bigamiae
1143 2927 1211 2948 non
1235 2923 1282 2948 est
1311 2917 1460 2949 adiuncta
1515 2919 1733 2949 contrarietur.
1759 2917 1822 2949 Sed
1837 2918 1938 2948 homo
1963 2916 2208 2958 quodammodo
2224 2917 2400 2948 contrarius
2416 2921 2498 2948 esset
2512 2916 2584 2947 Deo

389 2961 596 3000 irregularitas
620 2959 660 2991 de
682 2961 752 2991 iure
782 2961 934 2997 naturali,
961 2961 1017 2991 sed
1040 2961 1080 2992 de
1108 2962 1177 2992 iure
1206 2962 1356 3002 positivo.
1391 2962 1460 2994 Nec
1514 2963 1540 2993 si
1564 2968 1723 3003 separaret
1745 2971 1827 3003 quos
1841 2962 1932 2993 Deus
1954 2962 2134 2993 coniunxit.
2159 2961 2247 2992 Cum
2263 2970 2340 3002 ergo
2356 2969 2395 2992 ex
2409 2961 2474 2992 hoc
2495 2961 2584 2991 insti-

390 3005 505 3035 iterum
528 3010 575 3035 est
598 3004 638 3035 de
669 3005 888 3035 essentialibus
918 3004 1038 3036 ordinis
1067 3005 1157 3046 quod
1186 3006 1301 3046 aliquis
1330 3016 1397 3037 non
1421 3008 1461 3038 sit
1514 3012 1583 3038 tuta
1613 3007 1654 3037 sit
1686 3006 1935 3047 inseparabilitas
1958 3007 2170 3042 matrimonii,
2195 3005 2306 3036 Matth.
2330 3014 2383 3035 xxx
2401 3005 2436 3041 *‚
2460 3003 2586 3036 videtur
2613 3008 2623 3018 ·
2638 3005 2705 3028 Vm.
2719 3005 2742 3028 ⁶-

390 3049 550 3088 bigamus:
577 3048 666 3089 quod
689 3054 775 3090 patet
799 3059 837 3080 ex
860 3050 924 3080 hoc
948 3049 1048 3090 quod,
1064 3051 1090 3080 si
1115 3050 1229 3090 aliquis
1251 3050 1397 3090 bigamus
1420 3051 1461 3082 ad
1514 3050 1605 3092 quod
1627 3051 1666 3082 sit
1689 3050 1729 3081 de
1752 3051 1822 3091 lege
1844 3056 1985 3082 naturae.

391 3092 517 3123 ordines
540 3093 671 3129 accedit,
689 3094 902 3124 characterem
927 3095 1051 3135 accipit.
1083 3094 1124 3125 Et
1147 3094 1221 3125 ideo
1245 3095 1332 3135 Papa
1353 3101 1461 3135 potest
1473 3104 1498 3130 65
1569 3096 1760 3126 Ruspounno
1783 3105 1944 3126 memnon
1967 3093 2058 3135 quod
2079 3094 2321 3125 matrimonium
2345 3102 2383 3123 ex
2406 3093 2586 3124 intentione

392 3136 573 3176 dispensare
599 3138 633 3167 in
661 3137 715 3167 tali
747 3138 975 3178 irregularitate
1007 3139 1164 3169 totaliter:
1197 3138 1253 3170 sed
1287 3140 1460 3180 episcopus
1514 3145 1646 3170 naturae
1677 3139 1841 3170 ordinatur
1871 3138 1911 3170 ad
1941 3139 2167 3170 educationem
2195 3137 2295 3178 prolis
2317 3146 2385 3167 non
2415 3137 2523 3168 solum
2545 3137 2586 3169 ad

393 3186 549 3220 quantum
572 3181 612 3211 ad
634 3182 775 3212 minores
799 3182 938 3213 ordines.
978 3182 1020 3213 Et
1043 3182 1176 3223 quidam
1191 3184 1208 3200 ⁸*
1231 3183 1343 3214 dicunt
1371 3183 1462 3224 quod
1515 3183 1648 3224 aliquod
1671 3189 1810 3224 tempus,
1827 3183 1884 3214 sed
1898 3193 1956 3224 per
1978 3188 2080 3214 totam
2095 3182 2194 3212 vitam
2208 3181 2318 3222 prolis.
2344 3180 2439 3212 Unde
2459 3181 2499 3212 de
2515 3181 2586 3222 lege

393 3225 487 3254 etiam
504 3230 661 3264 quantum
677 3225 717 3256 ad
732 3226 870 3257 maiores
886 3227 919 3257 in
942 3227 1004 3257 illis
1028 3227 1085 3267 qui
1107 3227 1221 3258 volunt
1244 3227 1315 3258 Deo
1331 3228 1366 3258 in
1389 3228 1461 3259 reli·
1515 3234 1648 3259 naturae
1665 3233 1712 3259 est
1727 3227 1818 3268 quod
1823 3232 1978 3268 parentes
1982 3227 2069 3268 filiis
2085 3226 2302 3267 thesaurizent
2312 3226 2340 3262 ³,
2353 3231 2385 3256 et
2399 3225 2457 3256 filii
2471 3235 2587 3267 paren·
2613 3229 2825 3259 ’Πάδον-,αι’-

393 3269 489 3307 gione
518 3270 651 3305 servire,
675 3275 806 3310 propter
829 3270 996 3301 vitandum
1018 3271 1243 3312 religiosorum
1271 3271 1460 3303 discursum.
1515 3278 1587 3303 tum
1601 3271 1734 3303 heredes
1750 3272 1813 3302 sint
1827 3272 1854 3302 ”’.
1879 3271 1921 3302 Et
1942 3270 2027 3307 ideo,
2044 3279 2120 3302 cum
2142 3269 2250 3311 proles
2273 3269 2312 3300 sit
2335 3279 2512 3301 commune
2526 3270 2586 3302 bo-
2612 3262 2824 3307 3³52&

448 3312 499 3342 An
522 3323 638 3343 panum
661 3323 743 3344 aneo
767 3324 927 3345 mcasmun
959 3315 1050 3355 quod
1072 3325 1130 3356 per
1152 3315 1239 3346 illam
1270 3315 1462 3347 decretalem
1475 3330 1503 3351 7⁰
1515 3326 1597 3348 num
1619 3317 1678 3347 viri
1701 3321 1733 3347 et
1755 3316 1882 3352 uxoris,
1907 3320 2036 3356 oportet
2065 3323 2180 3345 eorum
2210 3314 2397 3345 societatem
2425 3319 2584 3355 perpetuo
2613 3314 2825 3339 mmmm-..z

395 3355 571 3386 ostenditur
595 3357 706 3388 eadem
737 3367 804 3388 esse
835 3358 1003 3389 difficultas
1033 3359 1238 3400 dispensandi
1260 3361 1294 3391 in
1317 3360 1378 3391 illis
1406 3361 1463 3401 qui
1515 3370 1704 3402 permanere
1736 3359 1904 3391 indivisam
1936 3358 2116 3390 secundum
2145 3358 2224 3399 legis
2251 3363 2383 3389 naturae
2414 3357 2584 3390 dictamen.
2613 3351 2624 3363 ”
2643 3350 2679 3373 ‘³‘
2699 3349 2734 3373 '⁴
2752 3349 2826 3378 ἧκ’

396 3399 435 3429 de
458 3398 542 3430 facto
566 3410 641 3431 cum
664 3401 808 3441 pluribus
824 3409 1058 3440 contraxerunt,
1076 3414 1112 3435 ac
1135 3405 1162 3434 si
1185 3404 1225 3435 de
1243 3405 1314 3435 iure
1337 3410 1463 3436 contra—
1516 3405 1558 3436 Et
1580 3405 1625 3436 sic
1648 3403 1898 3444 inseparabilitas
1919 3403 2116 3434 matrimonii
2140 3408 2187 3433 est
2210 3402 2250 3433 de
2272 3402 2342 3443 lege
2365 3407 2506 3434 naturae.
2612 3382 2828 3452 ῗνζὲᾷὛὲΞ

396 3444 528 3473 xissent:
553 3453 621 3474 non
644 3444 734 3484 quod
757 3447 956 3477 subtrahatur
979 3448 1164 3488 simpliciter
1193 3453 1334 3489 potestas
1357 3449 1463 3490 Papae
1571 3449 1623 3480 An
1638 3458 1756 3479 numm
1778 3457 1861 3478 aizoo
1885 3457 2045 3478 memnon
2060 3446 2151 3488 quod
2166 3447 2235 3478 sola
2250 3447 2301 3477 lex
2320 3446 2438 3478 Christi
2455 3447 2586 3488 adper-
2612 3445 2694 3479 datae.
2719 3435 2771 3484 ωἷί
2789 3461 2827 3484 vu,

397 3486 600 3527 dispensandi
622 3488 655 3518 in
678 3488 803 3519 talibus.
1507 3493 1636 3535 fectum
1652 3493 1832 3523 humanum
1842 3500 1944 3531 genus
1960 3490 2090 3522 adduxit
2101 3492 2127 3528 ”,
2140 3491 2296 3522 reducens
2311 3492 2346 3522 in
2360 3496 2478 3522 statum
2493 3492 2585 3522 novi·
2608 3481 2827 3538 ζῖζξὲἱζηῗξςῗ

452 3531 503 3561 AD
527 3541 688 3562 sneunnuu
711 3542 870 3563 meatuum
894 3535 983 3574 quod
1013 3536 1076 3566 hoc
1101 3542 1147 3567 est
1169 3546 1282 3568 verum
1305 3543 1463 3578 quantum
1476 3549 1501 3570 75
1516 3537 1588 3568 tatis
1603 3542 1735 3568 naturae
1750 3536 1776 3566 *ἦ
1802 3535 1896 3567 Unde
1913 3540 1944 3566 et
1959 3536 1993 3566 in
2009 3536 2078 3576 lege
2099 3535 2206 3577 Moysi
2230 3540 2262 3567 et
2284 3536 2318 3566 in
2333 3535 2457 3576 legibus
2471 3535 2585 3567 huma·
2612 3542 2640 3564 ι5·
