2918 4088
168 501 178 510 '
194 498 258 520 Vers.
275 498 295 519 6.

169 1352 180 1361 ·
199 1350 254 1371 Luc.
275 1355 324 1377 cap.
340 1354 381 1376 vn,

169 1383 228 1398 vers.
244 1376 282 1403 48.

170 1727 180 1736 '¹
195 1725 261 1748 Vei-s.
279 1731 310 1752 ²3·

170 1943 180 1952 ·
188 1940 271 1962 Isidor.
281 1940 382 1968 Etymol.

170 1967 256 1993 lib.V1,
266 1973 315 1995 cap.
323 1973 382 1989 xix.-

170 1994 204 2016 Cf.
234 2000 284 2015 can.
313 1993 385 2015 Multi

168 2020 296 2047 saecular„
312 2020 382 2042 enus.

169 2047 187 2074 1,
203 2053 241 2075 qu.
258 2053 274 2068 1.

407 162 459 198 44

406 228 603 267 descendit
629 239 746 277 super
766 226 962 264 Christum
981 225 1213 275 inquantum
1236 227 1369 268 homo,
1390 237 1471 262 non

406 283 638 332 inquantum
657 282 782 318 Deus:
803 279 895 329 quia
914 279 967 316 sic
986 279 1066 329 ipse
1086 279 1151 316 dat
1171 279 1357 328 Spiritum
1377 279 1471 315 San-

406 343 524 373 ctum.
561 336 663 382 Ergo
694 333 848 371 videtur
883 333 990 382 quod
1027 331 1220 379 Christus,
1255 332 1471 368 secundum

406 389 515 438 quod
541 389 684 435 homo,
713 386 847 423 habuit
874 393 1099 436 potestatem
1134 385 1356 422 interiorem
1383 384 1471 421 effe-

407 450 513 480 ctum
541 447 873 479 sacramentorum
901 438 1096 476 causandi.

462 507 496 532 2.
518 496 750 539 PRAETEREA,
770 493 906 529 Matth.
927 504 962 529 1x
975 491 995 513 ²³²
1014 491 1208 528 Dominus
1234 490 1342 527 dicit:
1371 491 1472 527 Scia-

406 551 450 586 tis
478 548 577 598 quod
602 547 718 585 Filius
745 547 905 583 hominis
932 546 1039 582 habet
1067 546 1104 581 in
1133 550 1234 581 terra
1256 549 1472 593 potestatem

408 601 611 639 dimittendi
630 605 797 650 peccata.
837 598 914 636 Sed
939 597 1113 634 remissio
1141 604 1390 646 peccatorum
1419 603 1473 632 est

407 654 564 692 interior
591 653 749 690 effectus
781 650 1019 689 sacramenti.
1057 651 1158 698 Ergo
1185 649 1338 687 videtur
1365 648 1473 698 quod

409 707 594 754 Christus,
625 705 842 743 secundum
870 704 977 753 quod
1006 704 1146 751 homo,
1176 702 1398 739 interiorem
1425 702 1473 738 ef-

407 761 551 798 fectum
579 765 910 796 sacramentorum
938 764 1130 806 operatur.

464 814 498 850 3.
529 814 761 858 PRAETEREA,
790 809 972 848 institutio
1001 816 1332 847 sacramentorum
1364 807 1474 858 perti·

409 874 474 904 net
501 867 550 904 ad
578 864 674 903 eum
699 864 766 913 qui
791 871 978 912 tanquam
1001 862 1209 911 principale
1238 874 1354 910 agens
1382 873 1474 910 ope-

409 927 514 957 ratur
541 919 590 956 ad
618 917 839 955 interiorem
867 915 1094 953 sacramenti
1123 915 1315 952 effectum.
1349 914 1474 951 Mani-

408 974 548 1010 festum
577 979 632 1008 est
659 978 790 1008 autem
818 970 925 1018 quod
950 968 1124 1005 Christus
1153 974 1391 1005 sacramenta
1418 967 1474 1004 in-

409 1026 535 1063 stituit.
574 1026 676 1072 Ergo
713 1023 794 1072 ipse
824 1030 879 1059 est
913 1021 981 1071 qui
1016 1021 1173 1058 interius
1201 1028 1383 1070 operatur
1416 1033 1474 1057 sa-

409 1085 697 1116 cramentorum
725 1076 917 1112 effectum.

461 1143 498 1179 4.
528 1132 770 1175 PRAETEREA,
799 1129 928 1164 nullus
961 1135 1086 1176 potest
1120 1126 1201 1163 sine
1234 1133 1474 1163 sacramento

409 1185 590 1221 effectum
615 1180 843 1219 sacramenti
862 1180 1046 1226 conferre,
1068 1179 1140 1216 nisi
1161 1179 1318 1228 propria
1335 1178 1474 1215 virtute

408 1235 635 1274 sacramenti
663 1234 845 1271 effectum
874 1240 1065 1282 operetur.
1097 1232 1173 1269 Sed
1195 1232 1368 1268 Christus
1394 1231 1475 1268 sine

408 1296 648 1328 sacramento
668 1287 827 1324 contulit
845 1285 1074 1323 sacramenti
1094 1285 1292 1322 effectum:
1313 1292 1355 1321 ut
1373 1291 1476 1333 patet

408 1344 448 1380 in
465 1342 707 1391 Magdalena,
732 1339 795 1377 cui
814 1339 916 1386 dixit,
932 1340 1177 1376 Dimittuntur
1194 1339 1261 1375 tihi
1271 1343 1428 1387 peccata
1442 1337 1474 1374 ²¹².

409 1398 510 1444 Ergo
545 1395 698 1432 videtur
731 1393 839 1443 quod
878 1392 1074 1438 Christus,
1111 1391 1328 1429 secundum
1367 1390 1475 1439 quod

408 1451 543 1495 homo,
573 1455 754 1498 operetur
781 1445 1003 1483 interiorem
1030 1444 1259 1483 sacramenti
1279 1444 1473 1482 effectum.

465 1504 497 1540 5.
528 1503 761 1548 PRAETEREA‚
781 1500 875 1537 illud
903 1499 944 1536 in
963 1499 1074 1536 cuius
1092 1498 1231 1536 virtute
1259 1509 1475 1535 sacramen-

408 1564 493 1594 tum
521 1562 712 1605 operatur,
733 1561 789 1591 est
815 1552 1024 1602 principale
1044 1563 1160 1600 agens
1186 1552 1236 1589 ad
1254 1550 1476 1588 interiorem

409 1610 602 1647 effectum.
642 1607 719 1645 Sed
755 1614 994 1644 sacramenta
1030 1605 1174 1643 habent
1210 1604 1391 1642 virtutem
1429 1616 1477 1640 ex

409 1662 588 1712 passione
609 1660 749 1699 Christi
768 1668 804 1697 et
823 1659 1066 1697 invocatione
1090 1657 1260 1695 nominis
1288 1657 1388 1694 eius:
1419 1669 1476 1694 se-

410 1716 585 1753 cundum
620 1714 714 1751 illud
741 1715 756 1750 I
788 1715 874 1751 Cor.
903 1725 912 1749 1
938 1713 977 1750 *z
1014 1711 1198 1761 Nunquid
1230 1711 1371 1748 Paulus
1401 1722 1476 1760 pro

409 1771 512 1807 vobis
539 1770 743 1816 crucifixus
771 1767 853 1803 est?
879 1767 955 1803 Aut
983 1767 1019 1802 in
1049 1767 1201 1802 nomine
1228 1765 1339 1802 Pauli
1361 1765 1476 1813 bapti—

410 1824 482 1871 {ati
507 1821 617 1859 estis?
645 1822 747 1869 Ergo
769 1819 955 1863 Christus,
976 1819 1209 1868 inquantum
1229 1819 1363 1866 homo,
1385 1829 1476 1867 ope-

411 1883 515 1913 ratur
542 1874 764 1912 interiorem
793 1872 1020 1910 sacramenti
1048 1873 1241 1909 effectum.

465 1929 538 1966 SED
559 1940 703 1965 CONTRA
725 1939 790 1964 EsT
809 1927 918 1975 quod
937 1925 1174 1974 Augustinus
1194 1924 1283 1961 dicit
1296 1924 1331 1961 *ε
1352 1926 1399 1961 In
1419 1936 1477 1961 sa-

410 1983 608 2019 cramentis
636 1981 761 2018 divina
779 1981 894 2018 virtus
911 1980 1085 2016 secretius
1106 1984 1283 2028 operatur
1308 1978 1475 2014 salutem.

410 2035 551 2072 Divina
579 2042 710 2071 autem
737 2033 858 2070 virtus
887 2039 942 2069 est
962 2031 1102 2069 Christi
1123 2031 1341 2068 secundum
1370 2030 1477 2079 quod

411 2096 466 2125 est
493 2089 612 2134 Deus,
633 2099 713 2124 non
733 2094 863 2123 autem
888 2085 1106 2122 secundum
1125 2085 1234 2134 quod
1263 2091 1319 2120 est
1341 2085 1476 2120 homo.

411 2143 512 2190 Ergo
548 2140 721 2178 Christus
763 2152 844 2176 non
880 2146 1062 2188 operatur
1098 2137 1320 2174 interiorem
1355 2148 1478 2174 sacra-

410 2194 530 2232 menti
559 2194 740 2231 effectum
769 2192 987 2230 secundum
1020 2192 1128 2241 quod
1157 2198 1212 2228 est
1239 2191 1380 2239 homo,
1411 2190 1478 2227 sed

411 2248 628 2285 secundum
656 2247 764 2297 quod
792 2253 847 2283 est
874 2245 993 2283 Deus.

464 2303 690 2339 REspoNosso
728 2311 910 2337 DICENDUM
952 2298 1061 2348 quod
1096 2296 1318 2335 interiorem
1356 2309 1479 2334 sacra-

411 2363 635 2392 mentorum
663 2353 845 2390 effectum
874 2359 1056 2402 operatur
1078 2350 1251 2388 Christus
1279 2358 1316 2387 et
1344 2362 1479 2387 secun-

411 2409 509 2446 dum
524 2408 632 2457 quod
651 2414 705 2443 est
720 2407 838 2453 Deus,
855 2413 892 2442 et
911 2405 1128 2443 secundum
1143 2404 1252 2453 quod
1267 2411 1323 2441 est
1339 2404 1478 2441 homo:

465 2540 479 2574 β
510 2540 558 2566 sed
577 2538 827 2565 instrumentaliter.
839 2551 858 2556 -
870 2540 896 2563 et
909 2537 1151 2562 instrumentaliter
1163 2536 1203 2562 ed.
1216 2543 1242 2564 a,
1255 2543 1308 2561 om.
1323 2536 1389 2568 HpG
1403 2541 1428 2561 et
1441 2536 1479 2560 bc.

464 2540 491 2611 γζ
510 2577 564 2609 qui.
581 2590 601 2595 -
619 2582 687 2608 quae
706 2574 743 2599 sG
763 2579 788 2599 et
807 2573 829 2599 b.
847 2587 867 2592 -
885 2574 936 2598 Pro
955 2576 981 2598 et
999 2573 1057 2605 ipsa
1081 2575 1259 2600 sacramenta,
1279 2575 1305 2597 et
1323 2579 1403 2603 super
1422 2571 1480 2603 ipsa

411 2615 581 2638 sacramenta
600 2612 630 2641 D,
652 2611 710 2643 ipsa
733 2613 902 2635 sacramenta
921 2609 969 2642 pE,
988 2612 1014 2634 et
1032 2615 1113 2641 super
1131 2610 1300 2633 sacramenta
1320 2607 1364 2639 sE,
1384 2615 1437 2632 om.
1456 2606 1480 2631 H

412 2654 437 2673 et
457 2648 591 2673 editiones.

1083 147 1347 194 QUAEST1o
1375 146 1515 194 Lxlv,
1545 129 1839 183 ARTmULth
1867 145 1913 183 111

1526 225 1631 262 aliter
1657 232 1788 261 tamen
1816 231 1852 260 et
1880 224 1996 261 aliter.
2026 225 2131 262 Nam
2159 225 2376 263 secundum
2404 226 2513 275 quod
2536 233 2592 263 est

1526 279 1644 325 Deus,
1666 284 1848 327 operatur
1875 277 1914 314 in
1943 277 2188 314 sacramentis
2215 290 2286 327 per
2313 278 2589 316 auctoritatem.

1527 331 1755 369 Secundum
1783 338 1914 367 autem
1943 330 2050 379 quod
2079 337 2134 366 est
2161 331 2303 379 homo,
2333 339 2515 381 operatur
2541 332 2591 369 ad

1526 384 1725 421 interiores
1758 384 1916 421 effectus
1945 390 2278 420 sacramentorum
2311 384 2527 430 meritorie,
2556 392 2593 421 et

1527 437 1752 484 efficienter,
1783 437 1851 474 sed
1884 435 2221 473 instrumentaliter
2239 435 2266 473 β.
2303 436 2462 474 Dictum
2498 445 2555 475 est
2572 437 2592 459 *

1527 490 1632 527 enim
1660 490 1768 539 quod
1795 489 1923 539 passio
1953 488 2111 534 Christi,
2140 501 2241 538 quae
2269 490 2454 539 competit
2481 490 2516 527 ei
2534 502 2592 527 se-

1527 543 1703 580 cundum
1730 544 1946 580 humanam
1982 550 2183 590 naturam,
2213 553 2330 579 causa
2357 549 2413 579 est
2440 550 2592 580 nostrae

1527 596 1806 633 iustificationis
1834 603 1871 632 et
1897 595 2104 641 meritorie,
2125 602 2161 632 et
2188 594 2374 642 effective,
2400 607 2481 634 non
2509 595 2593 645 qui-

1528 649 1620 686 dem
1638 661 1708 699 per
1725 649 1893 686 modum
1920 648 2139 699 principalis
2159 647 2314 697 agentis,
2335 648 2416 685 sive
2439 659 2509 698 per
2527 659 2593 685 au-

1528 702 1751 749 ctoritatem,
1772 702 1840 739 sed
1867 714 1937 752 per
1961 702 2128 739 modum
2155 700 2410 747 instrumenti,
2430 701 2594 751 inquan-

1527 763 1612 792 tum
1632 755 1852 793 humanitas
1871 763 1927 792 est
1945 755 2244 792 instrumentum
2275 754 2480 792 divinitatis
2499 753 2593 803 eius,

1528 816 1571 845 ut
1599 821 1716 858 supra
1734 808 1754 831 ’¹‘
1782 808 1929 845 dictum
1957 816 2024 845 est.

1583 862 1660 899 Sed
1678 870 1820 908 tamen,
1837 861 1929 911 quia
1948 869 2003 898 est
2021 861 2323 898 instrumentum
2342 860 2595 899 coniunctum

1506 913 1509 915 ’
1529 915 1716 952 divinitati
1743 914 1783 951 in
1810 926 1999 964 persona,
2028 914 2144 952 habet
2178 915 2378 964 quandam
2404 914 2594 964 principa-

1528 968 1672 1006 litatem
1699 975 1736 1004 et
1763 967 2024 1005 causalitatem
2052 975 2227 1017 respectu
2250 967 2595 1006 instrumentorum

1529 1021 1852 1068 extrinsecorum,
1889 1021 1957 1070 qui
1980 1026 1996 1048 Υ
2024 1028 2114 1058 sunt
2147 1020 2310 1057 ministri
2338 1021 2531 1058 Ecclesiae
2560 1029 2597 1058 et

1530 1073 1614 1123 ipsa
1641 1081 1897 1121 sacramenta,
1927 1081 1970 1111 ut
1997 1085 2045 1110 ex
2078 1085 2196 1123 supra
2213 1073 2234 1096 ²*
2263 1073 2371 1110 dictis
2399 1081 2513 1123 patet.
2548 1075 2597 1112 Et

1530 1126 1631 1171 ideo,
1660 1127 1757 1164 sicut
1786 1126 1973 1174 Christus,
1993 1126 2227 1176 inquantum
2243 1127 2363 1174 Deus,
2383 1127 2500 1164 habet
2526 1138 2596 1177 po-

1529 1187 1703 1216 testatem
1731 1181 1956 1216 auctoritatis
1983 1179 2023 1215 in
2051 1179 2310 1226 sacramentis,
2339 1179 2402 1226 ita,
2434 1180 2597 1229 inquan—

1529 1239 1615 1269 tum
1647 1233 1768 1269 homo
1781 1261 1790 1277 ,
1820 1232 1936 1268 habet
1962 1239 2190 1281 potestatem
2227 1231 2426 1269 ministerii
2461 1233 2598 1282 princi·

1529 1284 1638 1334 palis,
1659 1284 1739 1321 sive
1764 1291 1994 1334 potestatem
2016 1285 2265 1321 excellentiae.
2296 1285 2409 1331 Quae
2437 1284 2598 1334 quidem

1530 1337 1700 1375 consistit
1719 1337 1759 1374 in
1778 1344 1957 1387 quatuor.
1986 1336 2118 1375 Primo
2138 1337 2311 1387 quidem,
2331 1337 2372 1374 in
2390 1336 2468 1375 hoc
2490 1339 2599 1388 quod

1529 1391 1714 1428 meritum
1742 1398 1778 1428 et
1805 1390 1926 1428 virtus
1954 1390 2143 1440 passionis
2171 1390 2254 1428 eius
2281 1398 2464 1440 operatur
2481 1391 2522 1428 in
2539 1403 2598 1429 sa·

1530 1443 1747 1492 crementis,
1775 1451 1819 1481 ut
1847 1455 1964 1493 supra
1983 1443 2003 1466 ³²
2030 1444 2177 1481 dictum
2195 1451 2262 1481 est.
2292 1466 2317 1471 —
2346 1445 2395 1481 Et
2413 1444 2505 1494 quia
2522 1444 2599 1482 vir-

1529 1505 1591 1535 tus
1618 1497 1808 1547 passionis
1836 1498 2041 1547 copulatur
2067 1497 2180 1534 nobis
2207 1509 2278 1547 per
2303 1496 2437 1544 fidem,
2462 1508 2599 1535 secun-

1530 1551 1628 1588 dum
1655 1551 1755 1588 illud.
1776 1552 1887 1588 Rom.
1908 1563 1942 1588 111
1960 1550 1991 1598 ²¹⁸,
2027 1551 2146 1594 Quem
2169 1553 2366 1601 proposuit
2391 1552 2495 1588 Deus
2507 1564 2600 1602 pro-

1525 1606 1739 1655 pitiatorem
1761 1617 1835 1654 per
1850 1604 1972 1653 fidem
2001 1605 2039 1641 in
2066 1606 2253 1654 sanguine
2280 1605 2378 1650 eius,
2405 1615 2527 1653 quam
2553 1604 2599 1642 fi-

1531 1658 1620 1696 dem
1651 1670 1720 1707 per
1747 1657 2035 1695 invocationem
2063 1657 2233 1694 nominis
2256 1656 2396 1695 Christi
2414 1665 2599 1707 protesta-

1531 1723 1639 1749 mur:
1676 1711 1777 1757 ideo,
1807 1711 1992 1759 secundo,
2021 1711 2071 1748 ad
2098 1718 2328 1760 potestatem
2355 1710 2599 1748 excellentiae

1531 1777 1652 1814 quam
1691 1764 1864 1802 Christus
1901 1764 2017 1801 habet
2054 1763 2094 1800 in
2131 1763 2400 1809 sacramentis,
2438 1763 2602 1813 pertinet

1531 1818 1639 1867 quod
1659 1817 1699 1854 in
1719 1817 1801 1855 eius
1820 1817 1979 1854 nomine
2000 1825 2239 1854 sacramenta
2258 1817 2555 1854 sanctificantur.
2576 1839 2602 1844 -

1532 1872 1580 1908 Et
1608 1870 1699 1920 quia
1718 1883 1765 1908 ex
1783 1868 2042 1907 institutione⁶
2071 1878 2309 1908 sacramenta
2327 1869 2509 1908 virtutem
2535 1870 2601 1908 ob-

1531 1924 1663 1970 tinent,
1693 1924 1783 1961 inde
1811 1931 1867 1960 est
1886 1923 2006 1973 quod,
2026 1923 2147 1971 tertio,
2169 1924 2218 1960 ad
2242 1923 2505 1961 excellentiam
2531 1935 2602 1973 po—

1531 1977 1672 2015 testatis
1701 1977 1842 2014 Christi
1870 1976 2033 2026 pertinet
2052 1977 2160 2026 quod
2189 1976 2282 2026 ipse,
2302 1977 2371 2027 qui
2398 1977 2503 2014 dedit
2529 1976 2602 2014 vir-

1531 2038 1653 2068 tutem
1673 2030 1932 2074 sacramentis,
1951 2029 2076 2080 potuit
2095 2029 2291 2067 instituere
2310 2037 2561 2068 sacramenta.
2577 2053 2603 2058 —

1533 2085 1582 2121 Et
1609 2083 1702 2133 quia
1729 2095 1846 2121 causa
1873 2095 1955 2120 non
1973 2083 2166 2133 dependet
2194 2083 2242 2121 ab
2271 2084 2423 2131 effectu,
2444 2083 2512 2121 sed
2534 2095 2603 2133 po-

1532 2137 1607 2174 tius
1626 2149 1647 2174 e
1667 2149 1871 2183 converso,
1900 2144 2051 2186 quarto,
2072 2137 2121 2174 ad
2149 2137 2413 2174 excellentiam
2437 2144 2603 2187 potesta-

1532 2190 1578 2228 tis
1608 2189 1748 2228 Christi
1766 2190 1930 2240 pertinet
1954 2190 2062 2240 quod
2081 2189 2163 2240 ipse
2191 2189 2316 2240 potuit
2335 2189 2522 2228 effectum·
2545 2202 2603 2228 sa-

1533 2251 1823 2282 cramentorum
1851 2243 1932 2280 sine
1961 2242 2138 2281 exteriori
2156 2250 2396 2281 sacramento
2416 2243 2601 2282 conferre.

1587 2298 1636 2334 Et
1663 2309 1733 2346 per
1750 2297 1828 2334 hoc
1853 2304 1958 2346 patet
1985 2296 2186 2347 responsio
2214 2297 2264 2335 ad
2292 2296 2462 2334 obiecta:
2501 2304 2602 2334 utra-

1533 2363 1610 2400 que
1646 2350 1752 2387 enim
1788 2362 1877 2400 pars
1912 2350 2177 2388 obiectionum
2201 2355 2213 2372 ⁸
2240 2362 2333 2388 vera
2367 2358 2443 2398 est,
2473 2357 2516 2387 ut
2546 2349 2603 2388 di-

1533 2412 1637 2442 ctum
1668 2411 1724 2440 est
1742 2403 1772 2451 ²⁸,
1803 2403 2022 2441 secundum
2049 2403 2205 2454 aliquid.

1585 2536 1612 2572 δ)
1631 2537 1807 2563 institutione.
1824 2551 1844 2556 —
1862 2537 2030 2562 institutione
2049 2537 2106 2563 eius
2123 2537 2152 2567 F.
2170 2537 2227 2562 eius
2246 2537 2413 2562 institutione
2433 2537 2568 2563 editiones.

1587 2573 1610 2607 ε)
1629 2573 1814 2599 obiectionum.
1832 2587 1852 2592 —-
1869 2574 2032 2598 obiectorum
2051 2573 2089 2603 bc,
2104 2581 2158 2599 om.
2172 2573 2205 2599 G.
2222 2587 2242 2591 -
2258 2573 2403 2598 secundum
2421 2572 2527 2606 aliquid
2544 2577 2604 2598 ante

1534 2617 1598 2635 vera
1618 2609 1689 2643 ponit
1708 2610 1742 2641 P;
1762 2613 1902 2642 utraque...
1921 2609 2026 2642 aliquid
2044 2617 2099 2634 om.
2117 2609 2136 2635 1.
2341 2605 2344 2608 ⁴

1089 2730 1424 2763 commentaria.
1447 2729 1700 2761 cardinalis
1722 2727 1926 2760 Caietani

472 2824 579 2845 nunus
603 2814 705 2844 clarus
729 2818 784 2843 est.
809 2830 832 2834 —
854 2812 890 2842 In
914 2821 1049 2852 corpore
1074 2816 1120 2841 est
1142 2820 1207 2841 una
1226 2810 1404 2846 conclusio,
1424 2810 1479 2840 ha-

414 2827 550 2889 Tbens
573 2863 635 2889 tres
653 2863 773 2898 partes:
802 2856 962 2891 Christus,
980 2856 1171 2896 inquantum
1186 2855 1292 2891 Deus,
1309 2854 1403 2885 habet
1418 2862 1480 2895 po-

412 2909 555 2935 testatem
567 2902 771 2933 auctoritatis
787 2901 819 2931 in
836 2901 1064 2931 sacramentis:
1080 2900 1270 2941 inquantum
1283 2909 1359 2930 vero
1371 2899 1478 2934 homo,

411 2949 504 2979 habet
520 2951 713 2988 potestatem
736 2945 907 2976 ministerii
916 2942 1121 2986 principalis,
1138 2945 1205 2975 sive
1214 2949 1407 2986 potestatem
1424 2953 1479 2974 ex—

412 2992 587 3029 cellentiae,
612 2992 835 3022 consistentem
859 2990 891 3020 in
916 2995 1066 3031 quatuor.
1092 2988 1270 3020 Conclusio
1290 2989 1379 3024 haec,
1404 2988 1480 3029 quia

414 3037 453 3068 de
475 3042 632 3077 potestate
654 3036 808 3076 loquitur,
832 3034 871 3065 de
896 3044 960 3075 qua
984 3035 1165 3074 quaesitum
1189 3039 1236 3064 est
1257 3034 1291 3064 in
1314 3033 1424 3069 titulo;
1449 3038 1480 3063 et

413 3081 558 3121 potentia
588 3090 645 3121 per
675 3085 783 3110 actum
813 3079 1037 3119 cognoscitur:
1070 3078 1143 3109 ideo
1172 3078 1211 3108 ab
1235 3078 1423 3119 operatione
1446 3078 1480 3108 in

413 3126 516 3155 littera
538 3124 766 3155 manifestatur.

469 3169 510 3199 Et
533 3168 642 3209 quoad
663 3168 800 3208 primam
825 3167 955 3207 quidem
979 3172 1112 3207 partem,
1138 3167 1213 3207 quia
1236 3166 1325 3197 Deus
1342 3166 1480 3197 auctori-

414 3213 510 3243 tau've
533 3217 692 3253 operatur.

469 3256 588 3295 Quoad
611 3255 785 3287 secundam
807 3264 895 3291 vero,
920 3256 995 3295 quia
1020 3255 1174 3291 Christus,
1195 3254 1374 3285 secundum
1391 3254 1481 3294 quod

414 3302 534 3338 homo,
566 3306 716 3341 operatur
747 3301 780 3330 in
810 3300 1013 3330 sacramentis
1043 3299 1204 3330 meritorie
1237 3305 1268 3329 et
1297 3298 1479 3330 efficienter.

1533 2808 1633 2847 Quod
1648 2808 1817 2849 probatur:
1844 2807 1920 2847 quia
1934 2806 2040 2846 passio
2058 2805 2177 2836 Christi
2196 2810 2243 2835 est
2259 2814 2354 2835 causa
2368 2802 2602 2835 iustificationis

1532 2859 1660 2884 nostrae
1683 2852 1844 2883 meritorie
1869 2857 1900 2882 et
1924 2850 2078 2882 effective.
2102 2850 2144 2881 Et
2158 2850 2223 2880 hoc
2238 2849 2389 2880 ultimum
2408 2847 2600 2878 declaratur:

1534 2897 1624 2939 quod
1647 2907 1715 2928 non
1740 2896 1884 2927 effective
1907 2895 2140 2936 principaliter,
2169 2893 2225 2924 sed
2246 2903 2304 2934 pet
2326 2892 2463 2923 modurn
2486 2893 2602 2923 instru-

1533 2943 1650 2979 menti;
1674 2951 1741 2972 non
1767 2941 2012 2981 cuiuscumque,
2029 2938 2084 2970 sed
2108 2938 2273 2969 coniuncti
2291 2936 2447 2968 divinitati
2473 2937 2507 2967 in
2530 2946 2602 2977 per—

1533 2997 1622 3023 sona,
1648 2992 1679 3017 et
1702 2991 1872 3027 propterea
1893 2983 2159 3026 principalitatem
2174 2987 2206 3013 et
2221 2980 2437 3012 causalitatem
2453 2981 2601 3012 obtinen-

1532 3033 1571 3062 tis
1594 3036 1743 3072 respectu
1767 3030 2028 3065 extrinsecorum,
2045 3033 2124 3069 puta
2144 3026 2365 3058 ministrorum
2385 3025 2547 3056 Ecclesiae
2571 3031 2603 3056 et

1533 3081 1817 3107 sacramentorum.

1589 3120 1698 3151 Tertia
1720 3124 1828 3150 autem
1851 3128 1924 3159 pars
1947 3116 2165 3149 conclusionis
2187 3115 2342 3156 probatur
2364 3113 2600 3146 manifestando

1532 3165 1586 3195 illa
1611 3169 1760 3204 quatuor,
1785 3173 1867 3204 quae
1891 3167 1966 3193 sunt
1987 3161 2148 3197 meritum,
2172 3169 2304 3196 nomen,
2321 3159 2489 3195 institutio,
2507 3163 2539 3190 et
2553 3158 2602 3189 in-

1534 3208 1764 3249 dependentia;
1789 3213 1820 3238 et
1841 3205 2010 3247 probando
2033 3204 2158 3245 singula
2180 3203 2317 3244 propriis
2337 3203 2524 3239 rationibus.
2549 3212 2602 3234 ex-

1535 3258 1630 3293 cepto
1654 3253 1771 3293 primo,
1795 3250 1886 3292 quod
1908 3255 2077 3281 tractatum
2092 3248 2153 3280 fuit
2171 3249 2205 3279 in
2221 3249 2336 3288 quinto
2353 3247 2487 3279 articulo
2504 3257 2602 3288 quae-

1535 3298 1647 3328 stionis
1671 3293 2054 3337 sexagesimaesecundae.

2717 433 2731 466 β

2619 470 2629 479 ·
2641 467 2688 495 Qu.
2699 473 2778 493 ιινιιι,
2789 471 2831 490 nrt.

2622 502 2640 519 ι,
2661 495 2688 520 6;
2710 500 2749 522 qu.
2769 500 2832 522 xux,

2619 524 2661 542 art.
2677 527 2696 543 ι.

2622 808 2632 818 ·
2643 807 2691 835 Qu.
2699 812 2749 833 xm.
2759 810 2802 829 ιη.
2812 813 2833 834 a,

2621 839 2647 862 3;
2657 839 2696 862 qu.
2706 840 2755 862 xix,
2765 837 2834 857 um.

2623 1074 2634 1085 '¹
2648 1073 2699 1095 Art.
2716 1080 2735 1095 ι.

2626 1446 2637 1456 ·
2644 1444 2692 1473 Qu.
2700 1449 2758 1470 un.
2767 1447 2810 1467 m.
2817 1449 2836 1472 5.

2626 1560 2637 1571 ·
2652 1558 2719 1581 νεα.
2733 1563 2766 1587 ²⁵·

2630 2405 2641 2415 ·
2654 2403 2680 2426 ln
2694 2409 2802 2432 corpore.
