2918 4088
114 714 127 725 ·
135 713 172 735 ΑΙ.
182 712 257 734 Sem.
268 712 301 734 ad

117 739 252 762 Catechum.
274 738 300 766 1,

117 771 166 794 etp.
180 771 196 787 1.

116 976 278 1027 αιῗὲιπῖἷω
281 977 327 1000 ¹⁰⁰

40 1814 54 1839 ἕ
100 1819 329 1853 &uz-sumt.

117 2135 331 2216 zan-*¹¹32

115 2168 279 2249 ff*
218 2222 242 2239 ¹²·
258 2188 331 2245 15·Βῲ

54 2430 67 2469 ’,ἑ
117 2457 236 2509 .ffl„1,0.
252 2464 330 2512 ,ἐξ

50 2509 272 2576 5,3m„
263 2501 330 2540 dist.

1026 209 1289 256 QUAESTIO
1319 209 1460 256 LXXI,
1490 209 1782 247 ARTICULUS
1810 212 1854 247 ΙΙΙ

353 288 473 326 cismo
493 296 579 325 ante
599 287 846 337 baptismum,
877 287 926 325 ita
945 287 1059 324 etiam
1082 289 1274 337 quaedam
1294 299 1410 335 agun-

353 349 415 378 tur
437 349 524 390 post
543 341 798 390 baptismum:
830 341 925 378 sicut
953 341 1059 389 quod
1088 341 1264 378 sacerdos
1291 339 1411 389 bapti-

353 402 481 431 zatum
509 394 615 442 ungit
635 399 651 415 α
679 394 718 430 in
746 394 897 431 vertice.
928 393 1004 431 Sed
1033 404 1078 430 ea
1106 405 1204 442 quae
1232 400 1318 442 post
1347 393 1411 429 ba-

352 446 538 496 ptismum
567 454 731 495 aguntur
757 458 837 483 non
864 446 1044 483 videntur
1070 445 1211 494 aliquid
1240 445 1410 481 efficere:

353 499 444 548 quia
472 500 688 536 secundum
715 500 801 541 hoc,
832 499 988 536 effectus
1011 498 1190 547 baptismi
1218 506 1315 534 esset
1343 497 1412 534 im-

353 553 553 602 perfectus.
597 553 698 600 Ergo
735 564 806 588 nec
841 564 887 588 ea
923 562 1022 600 quae
1057 558 1144 587 ante
1176 550 1412 599 baptismum

355 612 519 653 aguntur
546 617 585 642 1n
614 616 839 642 exorcxsmo.

409 658 482 695 SED
502 670 644 695 con-rm
665 669 730 695 EST
757 657 865 706 quod
883 656 1118 704 Augustinus
1138 655 1237 701 dicit,
1258 655 1297 692 in
1317 655 1412 692 libro

354 711 400 747 de
427 711 604 759 Symbolo
623 711 662 747 *ς
691 710 847 748 Parvuli
872 710 1120 759 exsufflantur
1147 715 1180 746 et
1198 710 1413 756 exorcizan-

354 770 425 810 tur,
446 769 484 800 ut
496 764 658 813 pellatur
676 764 723 800 ab
742 764 792 799 eis
811 763 949 799 diaboli
959 768 1120 811 potestas
1139 763 1301 807 inimica,
1321 773 1415 811 quae

355 817 493 866 decepit
511 817 708 853 hominem.
742 815 849 852 Nihil
877 822 1004 851 autem
1035 814 1156 863 agitur
1182 814 1318 851 frustra
1345 826 1415 863 per

355 868 577 906 Ecclesiam.
625 869 726 916 Ergo
763 879 833 917 per
868 867 1093 905 huiusmodi
1131 866 1414 904 exsufflationes

355 923 431 959 hoc
459 921 580 969 agitur
605 929 648 958 ut
676 921 914 958 daemonum
941 928 1107 970 potestas
1135 921 1353 970 expellatur.

409 975 632 1012 Respowmzo
651 986 832 1011 DICENDUM
852 974 959 1022 quod
987 973 1147 1023 quidam
1165 972 1185 994 '¹‘
1213 972 1344 1010 dicunt
1370 985 1415 1010 ea

355 1039 456 1077 quae
493 1027 532 1064 in
569 1026 783 1064 exorcismo
820 1034 985 1074 aguntur
1021 1026 1116 1063 nihil
1144 1026 1313 1073 efficere,
1348 1026 1414 1063 sed

355 1081 483 1118 solum
502 1079 724 1128 significare.
741 1101 766 1106 —
782 1079 859 1116 Sed
877 1080 953 1116 hoc
971 1087 1073 1129 patet
1087 1091 1168 1116 esse
1183 1079 1331 1126 falsum,
1347 1092 1416 1129 per

355 1134 431 1171 hoc
445 1133 551 1182 quod
567 1132 736 1170 Ecclesia
749 1132 789 1169 in
803 1132 1025 1169 exorcismis
1040 1132 1273 1182 imperativis
1287 1133 1415 1170 verbis

355 1186 474 1224 utitur
487 1186 537 1223 ad
551 1185 821 1235 expellendum
840 1185 1041 1222 daemonis
1059 1193 1302 1235 potestatem:
1322 1194 1416 1235 puta

356 1251 447 1276 cum
466 1238 566 1285 dicit,
595 1240 714 1288 Ergo,
734 1239 926 1275 maledicte
943 1239 1098 1284 diabole,
1128 1240 1192 1275 exi
1208 1240 1255 1275 ab
1274 1251 1329 1285 eo,
1346 1246 1414 1276 etc.

409 1292 458 1328 Et
475 1291 563 1329 ideo
588 1291 795 1328 dicendum
824 1298 879 1328 est
905 1292 1011 1340 quod
1041 1291 1208 1340 aliquem
1237 1291 1416 1328 effectum

357 1345 523 1382 habent:
570 1344 788 1381 differenter
826 1351 956 1381 tamen
998 1344 1045 1381 ab
1087 1344 1170 1393 ipso
1211 1344 1414 1393 baptismo.

355 1397 461 1435 Nam
497 1409 567 1446 per
602 1397 838 1456 baptismum
879 1397 990 1434 datur
1025 1397 1175 1434 homini
1215 1397 1332 1445 gratia
1368 1398 1417 1434 ad

356 1451 511 1509 plenam
531 1449 796 1487 remissionem
815 1451 1028 1498 culparum
1049 1451 1122 1486 Per
1141 1462 1186 1487 ea
1203 1462 1297 1487 vero
1317 1462 1416 1500 quae

356 1502 396 1539 in
424 1503 638 1539 exorcismo
667 1510 841 1551 aguntur,
858 1503 1070 1539 excluditur
1095 1503 1236 1552 duplex
1256 1503 1416 1552 impedi-

356 1563 533 1592 mentum
560 1555 699 1603 gratiae
727 1554 898 1592 salutaris
925 1555 1204 1604 percipiendae.
1235 1556 1417 1602 Quorum

355 1619 481 1644 unum
496 1615 551 1644 est
570 1607 892 1656 impedimentum
912 1607 1177 1655 extrinsecum,
1194 1616 1309 1656 prout
1327 1609 1416 1644 dae-

355 1671 493 1697 mones
526 1661 687 1704 salutem
715 1659 885 1696 hominis
912 1660 1099 1708 impedire
1127 1668 1325 1697 conantur.
1369 1661 1417 1697 Et

355 1713 432 1749 hoc
450 1712 774 1761 impedimentum
802 1712 1015 1748 excluditur
1032 1724 1102 1761 per
1121 1712 1415 1759 exsufflationes,

356 1764 498 1814 quibus
525 1772 691 1814 potestas
719 1764 921 1802 daemonis
949 1765 1151 1814 repellitur,
1172 1773 1214 1802 ut
1241 1773 1343 1815 patet
1371 1778 1415 1802 ex

355 1817 511 1855 inducta
528 1817 549 1839 ’¹‘
577 1817 798 1854 auctoritate
817 1817 1039 1865 Augustini:
1069 1826 1259 1867 quantum
1279 1818 1418 1855 scilieet

356 1870 406 1908 ad
433 1871 509 1907 hoc
536 1870 644 1919 quod
671 1882 752 1907 non
771 1878 934 1920 praestet
953 1870 1275 1920 impedimentum
1296 1884 1417 1909 sacra-

355 1930 488 1961 mento
517 1923 772 1972 suscipiendo.
815 1924 948 1960 Manet
974 1931 1104 1961 tamen
1135 1932 1302 1973 potestas
1330 1925 1418 1962 dae-

355 1975 483 2014 monis
511 1976 551 2013 in
579 1976 738 2013 homine
767 1984 956 2025 quantum
984 1977 1033 2014 ad
1052 1979 1246 2015 maculam
1273 1979 1418 2027 peccati

356 2037 393 2067 et
419 2037 567 2067 reatum
597 2041 764 2078 poenae,
794 2041 1000 2078 quousque
1028 2038 1231 2079 peccatum
1259 2043 1328 2080 per
1354 2032 1417 2069 ba-

355 2082 542 2132 ptismum
570 2083 733 2119 tollatur.
777 2083 825 2119 Et
853 2083 1069 2119 secundum
1098 2084 1173 2120 hoc
1202 2084 1419 2134 Cyprianus

357 2135 446 2173 dicit
464 2135 501 2172 *z
532 2137 634 2172 Scias
653 2135 791 2172 diaboli
809 2137 1006 2185 nequitiam
1020 2148 1131 2185 posse
1150 2149 1346 2174 remanere
1364 2150 1419 2174 us-

357 2201 427 2239 que
454 2189 504 2226 ad
530 2201 666 2238 aquam
694 2189 915 2225 salutarem:
949 2190 986 2225 in
1015 2191 1196 2239 baptismo
1229 2196 1351 2227 autem
1379 2204 1418 2228 0-

356 2254 482 2279 mnem
511 2243 710 2291 nequitiam
738 2243 915 2278 amittere.

351 2298 354 2300 ’
411 2294 534 2332 Aliud.
560 2302 690 2331 autem
725 2293 1048 2343 impedimentum
1077 2303 1132 2332 est
1159 2295 1419 2344 intrinsecum,

356 2355 473 2397 prout
501 2347 639 2384 scilicet
666 2348 788 2384 homo
817 2359 863 2384 ex
891 2347 1092 2384 infectione
1115 2348 1305 2397 originalis
1333 2361 1420 2399 pec-

357 2400 430 2438 cati
458 2401 573 2438 habet
601 2412 735 2437 sensus
767 2401 986 2450 praeclusos
1014 2401 1063 2437 ad
1090 2401 1337 2451 percipienda
1364 2415 1421 2439 sa-

356 2453 444 2491 lutis
463 2453 655 2503 mysteria.
675 2453 787 2491 Unde
807 2453 1002 2500 Rabanus,
1023 2454 1069 2490 de
1086 2456 1318 2492 Institutione
1340 2456 1420 2492 Cle-

358 2508 523 2544 ricorum
542 2506 573 2553 *,
603 2505 691 2543 dicit
719 2506 825 2555 quod
849 2519 921 2556 per
947 2507 1104 2544 salivam
1128 2510 1292 2557 typicam
1313 2514 1346 2545 et
1363 2521 1422 2546 sa-

357 2559 512 2597 cerdotis
539 2565 674 2596 tactum
695 2557 710 2588 β
735 2561 914 2608 sapientia
934 2566 967 2596 et
984 2562 1098 2597 virtus
1125 2561 1250 2598 divina
1268 2562 1422 2598 salutem

411 2672 439 2706 α)
460 2673 546 2706 ungit.
564 2686 583 2691 -
600 2673 745 2698 chrismate
765 2673 844 2706 ungit
861 2673 962 2699 PEIsG.

411 2707 436 2740 β)
456 2711 566 2734 tactum.
584 2722 604 2726 -
621 2711 710 2733 actum
730 2708 796 2733 PHl.
816 2708 866 2732 Pro
884 2709 1045 2741 aperiantur
1062 2710 1146 2742 primo
1166 2710 1233 2741 loco,
1252 2710 1422 2742 accipiantur

357 2744 450 2776 Apssc.
468 2749 616 2776 operantur
634 2743 689 2775 pD3
714 2744 794 2768 altero
822 2744 889 2773 loco,
916 2744 1076 2776 aperiantur
1102 2745 1139 2770 eis
1158 2746 1176 2769 Ρ
1196 2753 1263 2778 quae
1290 2751 1376 2770 tamen
1395 2746 1421 2770 in

357 2779 481 2812 singulari
505 2779 688 2804 catechumeni
706 2786 764 2803 cum
783 2779 802 2809 1,
817 2784 842 2803 et
860 2779 885 2804 ei
903 2787 962 2804 cum
981 2780 1024 2810 GI,
1044 2785 1070 2804 et
1088 2780 1128 2805 illi
1146 2788 1203 2805 cum
1224 2786 1308 2806 cetera
1332 2781 1421 2811 tertia3

357 2822 406 2848 pro
425 2815 615 2846 recipiendum,
634 2814 817 2846 accipiendum
837 2814 855 2845 l,
869 2815 1072 2847 percipiendum
1092 2816 1121 2840 Ρ.

2450 215 2520 252 123

1465 290 1732 325 catechumenis
1760 295 1945 338 operatur
1975 296 2012 326 ut
2040 293 2256 340 aperiantur
2275 305 2324 330 ets
2344 307 2452 331 nares
2475 295 2526 332 ad

1464 341 1714 390 recipiendum
1750 342 1900 378 odorem
1937 344 2084 380 notitiae
2110 345 2199 390 Dei,
2238 351 2275 381 ut
2309 349 2525 395 aperiantur

1465 406 1574 430 aures
1601 394 1652 430 ad
1677 395 1899 431 audiendum
1929 396 2105 432 mandata
2132 397 2214 442 Dei,
2245 404 2281 434 ut
2309 402 2525 446 aperiantur

1467 446 1537 482 illis
1563 458 1690 483 sensus
1718 449 1755 483 in
1784 449 1913 484 intimo
1941 448 2054 484 corde
2080 449 2131 485 ad
2156 452 2460 498 respondendum.

1519 502 1576 535 AD
1605 511 1739 537 PRIMUM
1767 512 1864 537 ERGO
1898 512 2077 537 DICENDUM
2110 502 2217 549 quod
2249 515 2317 551 per
2345 516 2388 540 ea
2425 517 2524 553 quae

1467 560 1631 600 aguntur
1658 552 1697 589 in
1726 552 1940 589 exorcismo
1968 565 2048 589 non
2069 554 2209 590 tollitur
2228 557 2349 604 culpa,
2370 566 2526 606 propter

1468 617 1587 653 quam
1615 605 1736 642 homo
1773 605 1932 654 punitur
1964 614 2051 654 post
2078 615 2263 644 mortem:
2304 609 2371 645 sed
2399 612 2525 647 solum

1466 659 1651 694 tolluntur
1691 657 1967 707 impedimenta
2013 659 2219 708 recipiendi
2260 661 2524 700 remissionem

1468 711 1602 760 culpae
1639 723 1709 760 per
1745 719 2038 748 sacramentum.
2081 713 2193 749 Unde
2234 722 2320 762 post
2360 723 2526 752 mortem

1468 763 1704 800 exorcismus
1732 776 1812 800 non
1840 765 1939 801 valet
1967 764 2047 801 sine
2075 765 2278 813 baptismo.

1521 816 1805 865 Praepositinus
1824 822 1839 845 Υ
1867 825 1997 854 autem
2016 817 2105 854 dicit
2122 818 2142 839 '¹‘
2165 819 2271 867 quod
2290 820 2399 868 pueri
2420 833 2526 858 exor-
2555 843 2565 853 ·

1469 868 1595 916 cizati,
1631 869 1661 906 si
1696 870 1910 906 moriantur
1946 878 2031 907 ante
2068 870 2321 920 baptismum,
2357 873 2526 911 minores

1467 922 1643 959 tenebras
1670 922 1871 972 patientur.
1902 923 1979 960 Sed
2007 924 2083 960 hoc
2101 936 2182 961 non
2201 924 2353 962 videtur
2371 938 2526 964 verum:

1469 975 1560 1024 quia
1586 976 1764 1013 tenebrae
1793 975 1875 1012 illae
1896 984 1983 1013 sunt
2002 977 2168 1014 carentia
2187 977 2338 1015 divinae
2357 978 2527 1028 visionis,

1470 1041 1569 1077 quae
1598 1041 1678 1065 non
1707 1028 1838 1078 recipit
1865 1029 1986 1078 magis
2014 1037 2050 1066 et
2078 1030 2219 1067 minus.

1523 1083 1580 1118 AD
1600 1094 1788 1119 SECUNDUM
1817 1094 1996 1119 DICENDUM
2025 1083 2131 1131 quod
2159 1083 2207 1120 de
2235 1083 2380 1121 ratione
2409 1097 2528 1123 sacra-

1470 1134 1590 1171 menti
1618 1143 1673 1171 est
1707 1135 1815 1184 quod
1848 1135 2019 1184 perficiat
2053 1135 2302 1185 principalem
2336 1138 2527 1186 effectum,

1471 1187 1538 1236 qui
1573 1195 1628 1224 est
1662 1187 1780 1235 gratia
1814 1187 2008 1225 remittens
2043 1190 2214 1237 culpam,
2250 1191 2311 1226 vel
2346 1193 2529 1240 supplens

1471 1240 1639 1289 aliquem
1667 1240 1835 1277 hominis
1863 1241 2065 1278 defectum.
2109 1243 2228 1289 Quod
2257 1242 2415 1292 quidem
2447 1257 2528 1282 non

1471 1293 1514 1330 fit
1541 1306 1610 1343 per
1629 1306 1673 1331 ea
1693 1306 1791 1343 quae
1812 1301 1976 1342 aguntur
1993 1294 2032 1331 in
2052 1295 2284 1332 exorcismo:
2315 1297 2381 1333 sed
2401 1299 2528 1335 solum

1471 1346 1696 1383 huiusmodi
1724 1347 2000 1395 impedimenta
2026 1349 2219 1385 tolluntur.
2258 1350 2306 1385 Et
2333 1349 2420 1386 ideo
2449 1363 2529 1388 non

1471 1407 1559 1436 sunt
1587 1407 1833 1446 sacramenta,
1863 1400 1929 1436 sed
1958 1401 2243 1439 sacramentalia
2271 1402 2475 1450 quaedam.

1525 1454 1581 1489 AD
1600 1465 1758 1490 TERTmM
1785 1465 1966 1490 DICENDUM
1995 1454 2101 1502 quod
2121 1454 2317 1503 dispositio
2337 1455 2530 1493 sufficiens

1472 1506 1520 1542 ad
1550 1505 1832 1553 suscipiendam
1866 1505 2023 1553 gratiam
2051 1507 2317 1555 baptismalem
2352 1516 2407 1544 est
2433 1508 2530 1546 fides

1472 1565 1508 1594 et
1535 1557 1705 1604 intentio,
1733 1559 1795 1594 vel
1822 1558 1978 1606 propria
1998 1559 2078 1595 eius
2107 1560 2174 1608 qui
2192 1560 2415 1608 baptizatur,
2436 1561 2466 1598 si
2486 1562 2531 1598 sit

1472 1610 1634 1655 adultus,
1663 1611 1724 1646 vel
1751 1610 1964 1669 Ecclesiae,
1985 1611 2015 1647 si
2043 1611 2088 1648 sit
2115 1614 2309 1660 parvulus.
2349 1614 2405 1650 Ea
2436 1627 2530 1651 vero

1472 1675 1571 1711 quae
1600 1670 1764 1710 aguntur
1782 1662 1821 1698 in
1841 1663 2066 1710 exorcismo,
2094 1664 2320 1702 ordinantur
2338 1666 2385 1702 ad
2406 1678 2530 1703 remo-

1471 1716 1645 1751 vendum
1674 1714 1960 1763 impedimenta.
2003 1717 2051 1753 Et
2085 1716 2172 1753 ideo
2209 1717 2288 1754 sine
2317 1717 2370 1754 eis
2407 1727 2532 1768 potest

1471 1767 1607 1817 aliquis
1636 1767 1822 1816 consequi
1851 1768 2030 1805 effectum
2059 1769 2249 1818 baptismi.

1525 1822 1618 1857 Non
1645 1829 1775 1857 tamen
1810 1829 1898 1857 sunt
1926 1821 2150 1859 huiusmodi
2183 1823 2530 1872 praetermittenda,

1472 1873 1544 1910 nisi
1571 1873 1611 1910 in
1639 1873 1870 1911 necessitatis
1889 1874 2059 1911 articulo.
2089 1876 2137 1912 Et
2155 1883 2256 1923 tunc,
2278 1885 2446 1914 cessante
2466 1890 2531 1927 pe-

1472 1926 1604 1974 riculo,
1634 1927 1774 1964 debent
1803 1927 1987 1976 suppleri:
2024 1936 2067 1965 ut
2094 1937 2266 1966 servetur
2292 1929 2531 1968 uniformitas

1473 1980 1512 2016 in
1540 1979 1742 2039 baptismo.
1773 1981 1857 2016 Nec
1883 1981 2019 2017 frustra
2047 1983 2272 2030 supplentur
2298 1990 2384 2031 post
2412 1983 2531 2033 bapti-

1474 2045 1621 2069 smum:
1665 2033 1766 2082 quia,
1796 2033 1892 2070 sicut
1920 2033 2127 2083 impeditur
2161 2035 2317 2072 effectus
2353 2036 2531 2085 baptismi

1473 2093 1682 2135 antequam
1709 2085 1958 2135 percipiatur,
1997 2086 2047 2124 ita
2074 2095 2198 2136 potest
2225 2088 2402 2137 impediri
2429 2097 2531 2138 post-

1474 2151 1591 2188 quam
1621 2138 1732 2175 fuerit
1758 2147 1972 2188 perceptus.

1527 2193 1584 2227 An
1605 2203 1776 2233 QUARTUM
1794 2204 1975 2230 DICENDUM
1995 2193 2102 2241 quod
2130 2205 2267 2230 eorum
2295 2206 2394 2242 quae
2414 2206 2531 2242 agun-

1474 2252 1536 2280 tur
1563 2251 1649 2293 post
1667 2244 1903 2294 baptismum
1932 2244 2030 2282 circa
2049 2246 2295 2294 baptizatum,
2315 2246 2458 2296 aliquid
2478 2256 2533 2285 est

1475 2298 1583 2346 quod
1610 2309 1690 2334 non
1719 2299 1846 2334 solum
1874 2297 2070 2346 significat,
2101 2299 2167 2336 sed
2196 2299 2326 2336 efficit:
2356 2307 2449 2349 puta
2476 2300 2532 2337 in-

1475 2350 1605 2387 unctio
1634 2362 1733 2399 quae
1761 2350 1804 2387 fit
1827 2350 1866 2387 in
1885 2351 2036 2398 vertice,
2065 2364 2164 2400 quae
2184 2360 2364 2401 operatur
2382 2365 2532 2390 conser-

1475 2402 1672 2440 vationem
1691 2401 1704 2425 δ
1740 2403 1879 2451 gratiae
1920 2404 2165 2453 baptismalis,
2207 2405 2362 2454 Aliquid
2403 2414 2533 2442 autem

1476 2464 1531 2493 est
1559 2456 1665 2505 quod
1694 2455 1787 2493 nihil
1816 2455 1939 2504 efficit,
1970 2458 2036 2494 sed
2061 2459 2187 2494 solum
2207 2457 2408 2506 significat:
2439 2459 2534 2496 sicut

1476 2509 1583 2568 quod
1612 2509 1724 2546 datur
1744 2509 1804 2568 ‘eis
1825 2509 1939 2546 vestis
1967 2510 2139 2558 candida,
2169 2511 2217 2548 ad
2246 2510 2534 2559 significandam

1477 2570 1687 2599 novitatem
1715 2570 1825 2599 vltae.

1526 2676 1553 2710 γ)
1573 2677 1782 2708 Ηαεροείΐίηιιε.
1805 2691 1824 2695 -
1848 2676 1940 2706 PEFc;
1969 2677 2168 2709 Praepositivus
2195 2677 2299 2706 ACGlb,
2329 2677 2486 2709 Praeposits
2506 2678 2535 2707 Β,

1469 2712 1596 2743 ρναεῑπὶῡδ
1614 2712 1645 2743 D,
1661 2715 1686 2744 ᾔ
1700 2719 1720 2743 p
1733 2712 1822 2737 otinas
1837 2712 1868 2742 H,
1883 2712 2014 2737 Positivus
2028 2713 2067 2737 ed.
2080 2719 2098 2736 a
2116 2712 2328 2745 (Praepositinus
2347 2718 2475 2738 corrector
2489 2721 2535 2737 no-

1474 2747 1520 2771 stri
1539 2746 1712 2781 exemplaris).

1525 2781 1551 2816 δ)
1570 2784 1807 2808 conservationem.
1824 2797 1844 2801 -
1860 2783 1936 2807 Alias
1954 2783 1991 2807 ad
2009 2783 2234 2808 conservationem
2258 2791 2347 2815 margo
2366 2783 2393 2808 P.

1036 2905 1370 2937 Commentaria
1393 2904 1646 2937 Gardjnalis
1666 2904 1868 2937 Caietani

426 3003 498 3023 ch
522 2994 724 3033 quaestiones
747 2993 1014 3033 septuagesimam
1036 2998 1066 3022 et
1085 2993 1420 3032 septuagesimampri-

364 3003 513 3068 Cmam
528 3038 607 3068 nihil
630 3037 834 3067 scribendum
856 3037 981 3067 videtur
1003 3037 1063 3067 nisi
1084 3037 1118 3066 in
1133 3037 1182 3066 his
1204 3046 1287 3076 quae
1309 3036 1421 3067 dicun-

361 3086 413 3112 tur
434 3082 468 3112 in
491 3081 624 3112 articulo
640 3082 733 3112 tertio
750 3082 766 3098 ἢ*
789 3081 829 3112 de
853 3081 1033 3111 causalitate
1058 3081 1321 3111 exorcismorum.
1345 3080 1421 3111 Non

363 3131 470 3156 carent
489 3125 647 3166 siquidem
670 3126 822 3165 scrupulo
839 3125 904 3156 duo
921 3126 965 3155 ibi
989 3124 1081 3155 dicta.
1105 3125 1249 3155 Primum
1270 3130 1316 3155 est
1340 3125 1422 3155 circa

304 3186 310 3192 ·
363 3170 561 3210 apertionem
577 3179 729 3200 sensuum
745 3179 801 3210 per
817 3170 1011 3200 exorcismos
1033 3169 1233 3209 baptismales
1249 3169 1275 3199 *.
1301 3168 1421 3199 Secun-

364 3213 442 3244 dum
475 3219 521 3244 est
554 3215 636 3245 circa
665 3214 853 3244 unctionem
884 3223 966 3254 quae
998 3213 1033 3243 fit
1061 3214 1094 3243 in
1116 3213 1234 3243 vertice
1261 3213 1420 3253 baptizati,

365 3257 454 3298 quod
476 3263 625 3298 operatur
648 3259 925 3289 conservationem
947 3258 1064 3298 gratiae
1087 3257 1281 3298 baptismalis
1297 3259 1323 3287 ὓ.

418 3301 560 3332 Primum
584 3303 670 3333 enim
692 3303 835 3342 intelligo
865 3312 933 3333 non
956 3302 1000 3332 sic
1033 3301 1122 3342 quod
1145 3301 1340 3332 exorcismus
1363 3301 1422 3331 mi-

364 3350 442 3376 nuat
465 3346 649 3377 interiorem
675 3346 883 3377 infectionem
906 3355 1059 3377 sensuum
1082 3346 1224 3376 animae:
1257 3346 1331 3386 quia
1358 3346 1422 3376 hoc

365 3389 433 3420 sine
455 3391 552 3430 gratia
574 3400 641 3421 non
663 3390 758 3421 video
781 3400 876 3431 posse
899 3390 967 3421 fieri
989 3391 1022 3421 in
1038 3390 1187 3430 parvulis,
1212 3389 1368 3430 quidquid
1384 3391 1423 3420 sit

364 3433 398 3464 in
421 3433 544 3465 adultis.
579 3434 642 3465 Sed
670 3435 812 3475 intelligo
842 3436 886 3465 sic
914 3434 1003 3475 quod
1033 3440 1171 3474 potestas
1195 3433 1360 3464 daemonis
1383 3433 1422 3464 ad

365 3477 636 3517 praecludendum
651 3489 762 3510 sensus
776 3480 942 3510 interiores
958 3480 1092 3515 animae,
1106 3488 1257 3509 concessa
1273 3478 1422 3509 daemoni

364 3527 495 3562 propter
516 3522 699 3553 interiorem
722 3522 929 3554 infectionem
953 3523 1097 3559 animae,
1125 3532 1182 3563 per
1210 3523 1422 3553 exorcismum

1473 2992 1661 3032 impeditur:
1689 3003 1730 3023 ne
1754 2993 1882 3029 scilicet,
1907 2993 1949 3023 ob
1972 2992 2104 3023 infectas
2127 2993 2292 3023 interiores
2315 2994 2439 3023 animae
2462 3003 2534 3033 par-

1473 3042 1530 3073 τες,
1555 3037 1738 3076 praecludat
1760 3037 1828 3067 illas
1851 3036 1890 3066 ad
1911 3037 2113 3067 sentiendum
2129 3037 2301 3076 spiritualia
2317 3046 2399 3077 quae
2417 3036 2534 3068 Christi

1474 3086 1557 3111 sunt.
1593 3081 1638 3111 Ita
1661 3080 1750 3121 quod
1779 3086 1918 3121 potestas
1942 3080 2106 3111 daemonis
2136 3090 2193 3121 per
2216 3081 2410 3111 exorcismos
2433 3081 2534 3121 bapti-

1474 3125 1587 3155 smales
1602 3124 1776 3165 impeditur
1790 3134 1831 3155 ne
1846 3125 1947 3164 possit
1963 3126 2136 3155 extrinseca
2148 3125 2311 3156 obstacula
2323 3131 2533 3161 sacramento,

1475 3174 1506 3199 et
1528 3169 1698 3199 intrinseca
1720 3169 1907 3199 sacramenti
1932 3168 2059 3199 effectui
2082 3174 2249 3209 praestare.

1520 3212 1705 3244 Secundum
1729 3212 1864 3249 dictum,
1894 3222 1968 3243 cum
1992 3213 2031 3243 de
2054 3214 2155 3243 activa
2179 3213 2419 3244 conservatione
2442 3213 2535 3243 intel-

1475 3257 1530 3297 ligi
1553 3263 1701 3297 nequeat,
1722 3257 1761 3287 de
1784 3258 1907 3297 passiva
1931 3262 2058 3297 oportet
2080 3257 2227 3297 intelligi:
2252 3258 2296 3287 sic
2313 3257 2401 3297 quod
2424 3258 2534 3287 unctio

1475 3301 1528 3331 illa
1551 3307 1700 3341 operatur
1724 3301 1887 3341 quoddam
1910 3302 2032 3332 actuale
2063 3301 2215 3332 auxilium
2244 3301 2362 3332 faciens
2386 3311 2423 3331 ex
2447 3306 2535 3340 parte

1476 3346 1625 3386 baptizati
1654 3345 1693 3376 ad
1722 3346 1996 3376 conservationem
2025 3346 2142 3386 gratiae
2172 3351 2346 3385 susceptae.
2382 3345 2535 3375 Consistit

1477 3395 1584 3420 autem
1607 3390 1759 3420 auxilium
1775 3390 1837 3420 hoc
1860 3390 1894 3420 in
1918 3395 1990 3420 actu
2006 3389 2165 3420 secundo:
2191 3390 2246 3429 qui
2268 3391 2302 3419 in
2325 3389 2438 3419 adultis
2458 3394 2535 3419 tunc

1476 3435 1627 3464 excitatur
1650 3440 1704 3464 aut
1728 3433 1908 3470 adiuvatur3
1933 3435 1966 3464 in
1989 3434 2126 3474 parvulis
2154 3439 2260 3464 autem
2282 3443 2350 3464 non
2373 3433 2433 3463 nisi
2455 3438 2535 3462 tem—

1476 3488 1555 3518 pore
1587 3479 1778 3508 extensionis
1810 3479 1925 3518 gratiae
1955 3478 1994 3508 ad
2025 3478 2245 3518 operationem
2278 3478 2386 3508 locum
2421 3477 2535 3506 habere

1476 3528 1591 3563 potest.

2651 817 2668 842 Υ

2579 841 2664 864 Summ.

2555 874 2607 895 cap.
2626 868 2656 889 de

2555 900 2611 916 smo-

2656 2407 2671 2432 θ)

2701 857 2708 863 .
2726 842 2766 873 w,

2708 874 2769 890 0701·
