2878 4088
168 449 180 460 ⁶
196 447 261 469 Vei-s.
277 452 310 473 22,
325 452 357 475 23-

170 1071 179 1080 ·
189 1068 224 1090 Cf.
232 1074 269 1095 qu.
276 1070 351 1094 v1,art.
359 1074 377 1094 ι,

170 1095 197 1116 ad
211 1102 233 1121 4.

166 1947 175 1957 ·
189 1946 235 1973 Qu.
250 1951 287 1972 vn,
301 1948 342 1966 art.
356 1952 374 1971 ι,

165 1971 373 2026 filiastraf‘fiffi‘·

169 2698 179 2707 “”
186 2696 242 2718 nist.
248 2701 296 2717 xvn
302 2702 376 2724 ,cappa

169 2722 233 2744 Nunc
239 2723 377 2751 priusquam

168 2752 190 2770 et
206 2749 260 2770 Cum
274 2755 340 2777 ergo.

411 190 454 225 16

461 269 511 299 Ar>
535 278 651 298 PRIMUM
678 278 760 298 ERGO
791 277 950 298 DICENDUM
980 266 1069 307 quod
1099 266 1232 296 Iacobus
1261 263 1403 302 loquitur
1419 269 1464 310 *ex

406 313 704 353 praesuppositione
728 312 852 343 divinae
868 311 1082 342 institutionis
1107 309 1147 339 Et
1163 309 1237 348 quia
1254 307 1401 355 divinitus
1417 313 1464 333 in-

407 357 528 387 stitutio
552 362 762 396 praecesserat
786 356 824 386 de
849 355 1049 386 confessione
1073 352 1287 383 sacerdotibus
1311 347 1462 399 iacienda,

406 411 463 441 per
485 401 547 431 hoc
570 400 661 440 quod
684 401 727 431 eis
750 405 939 440 potestatem
963 396 1142 429 remittendi
1164 400 1293 436 peccata
1316 402 1348 422 m
1375 392 1463 430 Apo-

407 445 495 475 stolis
519 444 622 480 dedit,
649 450 685 475 ut
707 450 794 484 patet
817 445 903 474 Ioan.
929 453 969 473 xx
991 444 1025 477 ᾖ*;
1058 441 1130 471 ideo
1154 435 1394 485 intelligendum
1419 439 1464 463 est

408 488 497 529 quod
520 489 653 519 Iacobus
683 488 897 519 sacerdotibus
928 486 1162 517 confessionem
1192 491 1258 512 esse
1289 477 1464 510 faciendam

407 533 543 563 monuit.
1368 567 1374 572 ι

462 577 513 607 AD
537 586 698 607 SECUNDUM
721 585 878 606 DICENDUM
909 573 996 613 quod
1020 572 1193 610 baptismus
1218 573 1263 598 est
1292 575 1391 605 magis
1415 574 1463 614 sa-

408 627 605 652 eramentum
620 620 811 650 necessitatis
835 628 930 658 quam
946 614 1140 656 poenitentia
1163 611 1270 652 quoad
1289 609 1463 640 confessio-

407 675 482 696 nem
506 671 536 695 et
555 665 807 694 absolutionem:
833 663 907 702 quia
923 659 1116 700 quandoque
1133 657 1306 695 baptismus
1325 657 1462 701 praeter-

407 710 489 740 mitti
511 719 579 739 non
597 713 702 748 potest
725 708 790 737 sine
809 705 951 746 periculo
976 703 1081 733 salutis
1098 706 1250 733 aeternae,
1268 703 1303 728 ut
1326 701 1411 746 patet
1429 705 1463 725 111

407 754 513 793 pueris
537 753 592 792 qui
614 762 681 782 non
704 752 820 781 habent
843 758 936 779 usum
959 746 1103 780 rationis;
1128 743 1183 773 sed
1202 752 1268 772 non
1293 746 1338 771 est
1357 746 1400 770 ita
1423 739 1462 789 de

408 797 607 828 confessione
631 801 661 826 et
684 794 892 828 absolutione,
910 801 991 831 quae
1014 794 1136 819 tantum
1156 787 1196 817 ad
1219 785 1343 834 adultos
1366 789 1462 823 perti-

406 847 493 876 nent,
510 842 543 870 in
566 840 681 879 quibus
705 838 851 868 contritio
876 845 949 866 curn
970 833 1136 873 proposito
1156 828 1330 861 confitendl
1353 834 1384 858 et
1407 827 1462 858 de-

406 885 520 915 siderio
544 883 750 913 absolutionis
765 880 879 911 sufficit
895 879 933 909 ad
948 876 1145 908 liberandum
1166 885 1184 904 a
1206 878 1309 903 morte
1325 878 1460 902 aeterna.

406 929 446 959 Et
469 928 541 958 ideo
564 937 630 957 non
655 931 700 956 est
722 925 823 955 simile
848 923 886 953 de
910 922 1066 961 baptismo
1091 925 1122 949 et
1145 917 1356 948 confessione.

459 973 509 1001 AD
534 980 665 1000 marium
688 978 845 998 memnon
869 966 956 1006 quod
980 966 1012 994 in
1036 963 1247 994 satisfactione
1263 970 1331 991 non
1355 960 1462 990 solum

405 1014 592 1045 attendenda
616 1019 661 1043 est
684 1013 840 1052 quantitas
863 1019 997 1050 poenae,
1014 1007 1069 1038 sed
1093 1008 1188 1037 etiarn
1206 1007 1305 1035 virtus
1329 1005 1397 1035 eius
1413 1014 1461 1034 se-

405 1059 545 1089 cundum
563 1054 650 1096 quod
673 1062 719 1086 est
734 1065 803 1095 pars
820 1053 1006 1084 sacramenti
1021 1053 1047 1081 ὕ.
1082 1051 1122 1081 Et
1145 1051 1188 1080 sic
1205 1049 1336 1089 requirit
1359 1058 1460 1079 sacra-

403 1108 584 1132 mentorum
608 1101 873 1140 dispensatorem:
900 1097 1043 1137 quamvis
1067 1096 1161 1125 etiam
1177 1094 1215 1124 ab
1240 1094 1302 1123 alio
1326 1103 1424 1133 quam
1444 1103 1462 1123 a

403 1145 563 1176 sacerdote
587 1145 741 1184 quantitas
765 1151 888 1182 poenae
912 1141 1007 1171 taxari
1031 1139 1140 1180 possit.

456 1190 506 1220 An
531 1198 677 1219 QUARTUM
699 1196 857 1216 DrcENDUM
874 1185 962 1225 quod
978 1193 1172 1223 cognoscere
1195 1182 1321 1212 vultum
1336 1182 1461 1221 pecoris

402 1234 440 1264 ad
464 1233 528 1263 duo
552 1238 657 1272 potest
679 1231 890 1261 necessarium
915 1239 991 1259 esse.
1015 1229 1133 1263 Primo,
1151 1225 1240 1267 quod
1256 1225 1462 1256 coordinetur

401 1278 486 1317 gregi
510 1277 635 1307 Christi.
667 1276 707 1305 Et
729 1276 773 1305 sic
797 1275 989 1314 cognoscere
1014 1272 1138 1303 vultum
1168 1271 1293 1311 pecoris
1325 1271 1462 1310 pertinet

402 1322 440 1352 ad
467 1331 574 1351 curam
608 1326 638 1350 et
672 1318 918 1349 sollicitudinem
951 1317 1158 1357 pastoralem,
1187 1324 1270 1355 quae
1305 1315 1462 1345 incumbit

402 1365 595 1406 quandoque
609 1364 669 1394 illis
686 1364 740 1403 qui
757 1373 823 1393 non
839 1367 913 1392 sunt
929 1360 1117 1391 sacerdotes.
1129 1379 1151 1382 —
1164 1358 1324 1395 Secundo,
1342 1358 1382 1389 ad
1398 1360 1461 1389 hoc

401 1409 489 1450 quod
520 1408 721 1449 provideatur
754 1408 783 1437 ei
813 1407 1006 1437 conveniens
1038 1404 1310 1436 medicamentum
1342 1404 1459 1434 salutis.

400 1455 441 1484 Et
464 1454 507 1484 sic
531 1461 723 1493 cognoscere
746 1452 871 1481 vultum
894 1450 1018 1490 pecoris
1041 1450 1177 1490 pertinet
1200 1447 1240 1478 ad
1263 1457 1339 1478 eum
1370 1448 1461 1478 cuius

401 1504 447 1528 est
468 1497 736 1528 medicamentum
766 1495 882 1530 salutis,
906 1495 1024 1525 scilicet
1048 1498 1281 1524 sacramentum
1309 1492 1461 1522 Euchari-

401 1543 475 1572 stiae
500 1547 530 1572 et
553 1542 621 1577 alia,
638 1541 797 1581 praebere,
815 1540 933 1570 scilicet
956 1538 995 1568 ad
1014 1537 1226 1581 sacerdotem..
1246 1537 1287 1567 Et
1302 1536 1342 1567 ad
1364 1537 1461 1566 talem

401 1587 617 1626 cognitionem
640 1585 765 1625 pecoris
789 1583 948 1614 confessio
973 1582 1145 1613 ordinatur.

525 1673 622 1703 ART.
641 1673 677 1702 ΙΙ.
701 1681 805 1701 UTRUM
827 1681 859 1700 IN
883 1680 999 1700 Amano
1024 1680 1099 1700 cAsu
1123 1679 1232 1699 LlcaAT
1256 1679 1335 1699 Anus

666 1726 752 1746 QUAM
775 1725 1000 1746 sacaanorlaus
1031 1724 1194 1744 comnis-1³1

669 1779 737 1805 Infra,
753 1782 795 1801 art.
810 1785 833 1805 4,
849 1778 876 1799 ad
892 1784 916 1806 5;
931 1784 970 1805 qu.
985 1784 1015 1804 ix,
1031 1781 1072 1799 art.
1087 1783 1108 1805 3,
1122 1776 1151 1798 ad
1165 1783 1185 1805 3.

465 1862 485 1881 D
502 1861 661 1881 sncuxmm
683 1861 728 1880 src
750 1860 952 1880 PRocamTUR.
968 1849 1101 1880 Videtur
1117 1848 1206 1889 quod
1226 1849 1259 1879 in
1278 1849 1369 1879 nullo
1386 1859 1460 1879 casu

402 1863 645 1926 Aliceataliis
661 1905 757 1934 quam
777 1894 991 1925 sacerdotibus
1015 1893 1169 1924 confiteri.
1194 1893 1279 1931 Quia
1301 1893 1460 1924 confessio

399 1940 642 1971 sacramentalis
657 1939 818 1970 accusatio
836 1945 898 1969 est:
919 1944 954 1969 ut
970 1948 1007 1968 ex
1023 1948 1116 1978 supra
1127 1939 1143 1954 *
1155 1938 1259 1978 posita
1274 1937 1461 1968 definitione

400 1985 541 2015 habetur.
567 1984 629 2014 Sed
652 1984 843 2023 dispensatio
868 1983 1053 2013 sacramenti
1077 1982 1115 2012 ad
1131 1982 1222 2012 illum
1245 1988 1371 2013 tantum
1389 1992 1460 2023 per-

399 2030 478 2059 tinet
501 2029 557 2068 qui
581 2034 626 2058 est
649 2028 834 2058 sacramenti
857 2028 1007 2057 minister.
1037 2026 1122 2057 Cum
1147 2036 1222 2067 ergo
1247 2027 1390 2057 minister
1413 2037 1460 2057 sa-

401 2073 551 2103 cramenti
574 2073 787 2112 poenitentiae
810 2073 849 2102 sit
872 2071 1027 2107 sacerdos,
1044 2071 1168 2102 videtur
1192 2071 1281 2111 quod
1304 2072 1384 2102 nulli
1408 2071 1460 2102 alii

400 2118 438 2147 sit
461 2117 618 2147 confessio
643 2116 795 2147 facienda.

455 2171 484 2191 2.
508 2162 702 2196 PRAETEREA,
720 2160 879 2191 confessio
903 2161 935 2190 in
960 2160 1104 2200 quolibet
1126 2159 1246 2190 iudicio
1271 2159 1310 2190 ad
1333 2165 1459 2191 senten-

1475 1993 1502 2012 4ο

1021 186 1282 236 QUAESTIO
1312 181 1715 229 V111,ART1CULUS
1744 182 1785 227 11,
1811 182 1867 226 111,
1889 181 1938 216 1v

1518 259 1599 289 fiteri
1623 259 1674 288 cui
1697 263 1819 298 potest:
1845 258 1900 298 qui
1925 258 2070 297 quamvis
2094 263 2327 288 sacramentum
2347 257 2499 298 perficere
2514 268 2583 289 non

1517 304 1627 342 possit,
1644 307 1680 332 ut
1703 302 1796 332 faciat
1811 301 1844 331 id
1868 300 1957 341 quod
1981 310 2019 331 ex
2041 306 2129 341 parte
2146 301 2317 332 sacerdotis
2334 308 2390 338 est,
2407 303 2583 333 absolutio-

1518 356 1592 376 nem
1616 346 1744 381 scilicet‚
1761 351 1868 375 tamen
1885 344 2046 375 defectum
2062 345 2232 376 sacerdotis
2256 345 2408 377 Summus
2429 346 2583 377 Sacerdos
2631 355 2633 357 ’

1518 390 1654 429 supplet.
1679 389 1895 419 Nihilominus
1912 388 2071 419 confessio
2095 389 2177 420 laico
2202 399 2240 420 ex
2256 389 2412 421 desiderio
2436 390 2582 421 sacerdo-

1486 443 1495 462 ς
1518 434 1556 463 tis
1579 433 1660 463 facta
1683 433 1916 463 sacramentalis
1940 439 1987 463 est
2006 433 2267 473 quodammodo:
2293 435 2438 474 quamvis
2460 444 2529 465 non
2544 435 2584 465 sit

1517 482 1750 507 sacramentum
1765 476 1955 517 perfectum,
1972 478 2048 518 quia
2063 477 2151 508 deest
2167 479 2196 508 ei
2218 477 2251 508 id
2267 478 2357 518 quod
2379 484 2426 509 est
2442 488 2480 509 ex
2494 484 2583 519 parte

1517 520 1697 551 sacerdotis.

1571 564 1622 594 Ar>
1651 575 1814 595 SECUNDUM
1843 575 2004 596 monimum
2033 565 2139 606 quod,
2163 567 2309 606 quamvis
2331 567 2431 597 laicus
2453 576 2521 597 non
2544 567 2584 597 sit

1516 607 1612 638 iudex
1636 609 1704 639 eius
1728 610 1784 649 qui
1807 610 1867 640 sibi
1890 609 2062 640 confitetur
2084 610 2239 646 absolute,
2256 616 2364 641 tamen
2382 611 2505 642 ratione
2527 620 2583 641 ne-

1478 664 1503 678 m
1517 653 1668 683 cessitatis
1685 654 1799 693 accipit
1814 653 1970 685 iudicium
1989 664 2084 694 super
2099 664 2185 690 eum,
2203 654 2381 685 secundum
2399 654 2490 695 quod
2505 664 2583 686 con-

1516 696 1609 727 fitens
1633 707 1671 727 ex
1695 697 1851 728 desiderio
1875 698 2046 729 sacerdotis
2070 708 2103 728 se
2128 699 2157 729 ei
2180 698 2295 734 subdit.

1571 741 1622 771 An
1646 751 1781 772 rimi-mm
1803 752 1963 773 mcmmuu
1987 742 2077 783 quod
2099 752 2157 783 per
2172 748 2368 773 sacramenta
2390 743 2491 773 homo
2515 752 2584 773 non

1516 785 1623 815 solum
1646 786 1728 822 Deo,
1745 785 1800 817 sed
1821 787 1982 817 Ecclesiae
2006 793 2134 827 oportet
2151 787 2240 827 quod
2263 787 2496 818 reconcilietur.
2521 787 2583 818 Ec-

1517 829 1630 860 clesiae
1653 836 1762 862 autem
1777 831 1975 862 reconciliari
1997 841 2065 861 non
2087 836 2194 871 potest
2213 832 2275 862 nisi
2298 831 2505 862 sanctificatio
2521 831 2583 862 Ec-

1477 884 1500 904 15
1516 874 1629 904 clesiae
1653 874 1691 905 ad
1715 884 1791 905 eum
1813 876 1985 915 perveniat.
2011 875 2047 906 In
2068 876 2227 916 baptismo
2244 881 2352 906 autem
2374 875 2582 906 sanctificatio

1515 919 1676 949 Ecclesiae
1700 919 1740 949 ad
1754 920 1922 950 hominem
1944 920 2088 960 pervenit
2103 929 2160 960 per
2182 921 2290 960 ipsum
2313 920 2510 950 elementum
2530 929 2583 950 ex-

1515 963 1612 993 terius
1635 963 1822 1000 adhibitum,
1844 963 1934 1004 quod
1957 964 2052 995 verbo
2077 964 2161 995 vitae
2176 965 2192 981 ³*
2215 963 2445 1001 sanctificatur,
2469 973 2583 995 secun·

1515 1007 1594 1037 dum
1616 1007 1754 1038 formam
1778 1008 1949 1045 Ecclesiae,
1973 1018 1990 1038 a
2014 1017 2233 1048 quocumque.
2269 1009 2310 1039 Et
2337 1008 2428 1045 ideo,
2453 1018 2492 1039 ex
2515 1018 2582 1049 quo

1515 1052 1614 1082 semel
1638 1052 1814 1092 baptizatus
1838 1058 1884 1083 est
1900 1062 1918 1082 a
1941 1062 2161 1092 quocumque,
2178 1062 2246 1083 non
2267 1058 2396 1093 oportet
2412 1052 2502 1093 quod
2523 1054 2582 1083 ite-

1477 1105 1502 1119 ²⁰
1515 1106 1587 1126 rum
1610 1096 1797 1136 baptizetur.
1813 1114 1837 1118 —
1860 1096 1923 1127 Sed
1945 1097 1979 1127 in
2002 1097 2199 1136 poenitentia
2222 1097 2384 1127 Ecclesiae
2407 1096 2583 1128 sanctifica-

1515 1141 1560 1170 tio
1585 1150 1652 1170 non
1676 1141 1820 1180 pervenit
1844 1140 1884 1171 ad
1913 1141 2079 1171 hominem
2107 1141 2168 1171 nisi
2191 1150 2248 1181 per
2277 1142 2475 1172 ministrum:
2507 1142 2584 1182 quia

1515 1194 1583 1214 non
1606 1190 1653 1214 est
1675 1185 1719 1214 ibi
1743 1184 1875 1224 aliquod
1898 1184 2094 1215 elementum
2118 1185 2284 1224 corporale
2303 1185 2439 1216 exterius
2463 1185 2583 1216 adhibi-

1515 1234 1595 1264 tum,
1613 1228 1703 1268 quod
1726 1238 1764 1258 ex
1787 1228 2038 1259 sanctificatione
2060 1229 2252 1259 invisibilem
2274 1230 2406 1268 gratiam
2430 1229 2582 1260 conferat.

1515 1273 1556 1303 Et
1579 1272 1663 1309 ideo,
1682 1274 1827 1312 quamvis
1849 1273 1903 1303 ille
1926 1273 2008 1303 laico
2040 1272 2204 1303 confessus
2228 1273 2261 1303 in
2285 1273 2418 1304 articulo
2446 1274 2583 1304 necessi-

1476 1318 1586 1347 astatis
1610 1322 1803 1347 consecutus
1826 1317 2015 1347 sitveniam
2038 1326 2056 1347 a
2079 1317 2168 1353 Deo,
2192 1326 2232 1347 eo
2261 1317 2351 1357 quod
2379 1318 2584 1357 propositum

1516 1361 1701 1397 confitendi,
1726 1361 1905 1391 secundum
1929 1360 2116 1391 mandatum
2135 1361 2196 1391 Dei
2219 1361 2309 1401 quod
2332 1362 2484 1401 percepit,
2502 1363 2584 1392 sicut

1515 1407 1622 1446 potuit
1645 1406 1805 1446 implevit;
1829 1415 1897 1436 non
1920 1411 2027 1436 tamen
2051 1405 2155 1436 adhuc
2179 1405 2340 1436 Ecclesiae
2360 1406 2584 1437 reconciliatus

1516 1456 1572 1486 est,
1589 1455 1625 1480 ut
1649 1449 1688 1480 ad
1711 1454 1907 1480 sacramenta
1929 1449 2092 1480 Ecclesiae
2115 1449 2238 1480 admitti
2261 1449 2390 1486 debeat,
2411 1451 2473 1480 nisi
2495 1451 2584 1491 prius

1515 1505 1534 1525 a
1556 1494 1720 1525 sacerdote
1736 1494 1933 1530 absolvatur;
1958 1495 2040 1525 sicut
2054 1494 2108 1524 ille
2124 1494 2181 1534 qui
2202 1495 2361 1534 baptismo
2376 1494 2513 1525 flaminis
2529 1495 2583 1526 ba-

1477 1550 1502 1570 30
1514 1540 1651 1579 ptizatus
1668 1543 1724 1575 est,
1741 1538 1782 1569 ad
1796 1538 2028 1569 Eucharisu'am
2044 1548 2112 1569 non
2128 1538 2313 1569 admittitur.
2337 1539 2379 1569 Et
2393 1538 2468 1570 ideo
2485 1548 2583 1579 opor-

1515 1589 1560 1614 tet
1583 1583 1673 1623 quod
1695 1584 1812 1614 iterum
1836 1582 2027 1614 confiteatur
2042 1582 2208 1619 sacerdoti,
2224 1592 2300 1614 cum
2323 1583 2452 1623 copiam
2466 1584 2584 1615 habere

1514 1628 1665 1668 potuerit.
1690 1628 1732 1658 Et
1746 1628 1918 1668 praecipue
1935 1628 2010 1667 quia
2028 1632 2263 1658 sacramentum
2278 1628 2496 1668 poenitentiae
2510 1637 2584 1668 per·

1515 1672 1636 1702 fectum
1659 1682 1727 1702 non
1751 1672 1811 1702 fuit
1826 1673 1853 1702 ³&
1878 1672 1972 1703 Unde
1996 1677 2124 1712 oportet
2147 1671 2237 1712 quod
2260 1671 2456 1712 perficiatur:
2485 1678 2522 1703 ut
2541 1682 2584 1704 ex

1514 1718 1583 1757 ipsa
1606 1717 1814 1756 perceptione
1830 1717 2019 1747 sacramenti
2041 1716 2221 1756 pleniorem
2237 1715 2388 1747 effectum
2404 1726 2583 1758 consequa-

1477 1771 1499 1791 ις
1514 1767 1580 1798 tur;
1597 1767 1629 1791 et
1643 1766 1680 1791 ut
1694 1760 1881 1792 mandatum
1898 1760 1938 1791 de
1949 1761 2166 1801 poenitentiae
2182 1766 2381 1791 sacramento
2396 1761 2582 1802 recipiendo

1514 1806 1656 1846 impleat.

1647 1872 1747 1903 ART.
1765 1872 1816 1902 111.
1840 1882 1955 1908 UTRUM,
1982 1882 2083 1902 nxrRA
2107 1881 2206 1902 casum
2228 1881 2448 1908 nucassrrxns,

1514 1927 1617 1948 Possrr
1640 1927 1763 1947 ALIOUIS
1778 1926 1842 1947 NON
1859 1925 2014 1947 SACBRDOS
2035 1925 2266 1946 CONFESSIONEM
2281 1925 2450 1946 vnmautm
2468 1926 2582 1947 aunum

1579 1993 1600 2013 n
1623 1993 1758 2013 marum
1781 1993 1827 2013 sxe
1850 1992 2055 2013 pnocznrrun.
2079 1981 2214 2012 Videtur
2237 1981 2341 2022 quod,
2363 1988 2448 2013 extra
2472 1992 2583 2014 casum

1516 1998 1783 2063 Anecessstafis,
1800 2037 1868 2057 non
1883 2027 1984 2067 possit
2007 2026 2121 2067 aliquis
2143 2036 2212 2057 non
2235 2026 2382 2058 sacerdos
2407 2026 2583 2058 confessio-

1513 2081 1590 2103 nem
1612 2072 1786 2103 venialium
1809 2071 1928 2102 audire.
1953 2071 2039 2109 Quia
2069 2076 2303 2102 sacramentum
2331 2071 2463 2111 aliquod
2493 2081 2582 2102 com-

1513 2117 1649 2147 mittitur
1671 2117 1753 2147 laico
1778 2115 2028 2156 dispensandum
2042 2116 2166 2146 ratione
2188 2115 2392 2146 necessitatis.
2418 2115 2481 2146 Sed
2504 2125 2583 2147 con-

1514 2160 1609 2192 fessio
1633 2161 1807 2192 venialium
1829 2170 1897 2191 non
1921 2165 1967 2190 est
1991 2159 2030 2190 de
2053 2159 2250 2190 necessitate.
2283 2159 2369 2200 Ergo
2401 2169 2469 2191 non
2492 2169 2582 2191 com-

399 2206 475 2235 tiam
499 2205 668 2235 ordinatur.
693 2205 755 2235 Sed
784 2206 938 2235 sententia
960 2205 993 2234 in
1017 2204 1088 2234 foro
1124 2205 1326 2235 contentioso
1350 2215 1418 2235 non
1442 2215 1459 2235 a
1473 2214 1497 2234 45
1513 2206 1648 2236 mittitur
1670 2206 1762 2236 laico.

400 2259 458 2280 suo
482 2249 585 2280 iudice
608 2250 669 2279 lata
691 2249 778 2279 nulla
802 2254 863 2279 est:
889 2255 919 2279 et
943 2249 1015 2279 ideo
1044 2258 1111 2279 non
1135 2248 1279 2279 facienda
1312 2255 1358 2279 est
1381 2259 1459 2280 con-

399 2293 493 2324 fessio
517 2294 577 2324 nisi
599 2293 705 2324 iudici.
731 2293 793 2324 Sed
814 2293 909 2323 iudex
932 2294 965 2323 in
989 2293 1060 2323 foro
1085 2293 1298 2324 conscientiae
1321 2303 1389 2324 non
1413 2299 1460 2324 est

399 2339 460 2368 nisi
483 2337 646 2374 sacerdos,
673 2338 727 2378 qui
750 2338 845 2367 habet
867 2342 1058 2377 potestatem
1091 2337 1209 2377 ligandi
1242 2343 1273 2368 et
1302 2338 1457 2369 solvendi.

400 2382 484 2422 Ergo
507 2392 574 2412 non
598 2387 644 2412 est
667 2383 717 2412 alii
741 2381 898 2412 confessio
923 2381 1076 2412 facienda.

457 2426 485 2456 3.
510 2426 703 2461 PRAETEREA,
720 2427 753 2455 in
776 2427 944 2466 baptismo,
969 2427 1043 2466 quia
1069 2426 1202 2466 quilibet
1225 2432 1331 2466 potest
1358 2428 1459 2467 bapti·
1475 2435 1499 2455 5⁰

401 2479 482 2506 zare,
499 2470 524 2499 si
539 2471 676 2510 baptizat
690 2470 797 2506 laicus,
815 2471 909 2500 etiam
933 2471 1051 2510 absque
1067 2471 1262 2507 necessitate,
1278 2481 1346 2501 non
1366 2471 1460 2502 debet

403 2524 420 2543 a
442 2513 604 2544 sacerdote
627 2515 800 2554 baptismus
830 2515 942 2544 iterari.
977 2514 1039 2545 Sed
1069 2516 1094 2545 si
1124 2515 1237 2555 aliquis
1270 2515 1461 2547 confiteatur

402 2558 483 2588 laico
499 2558 532 2587 in
556 2568 630 2588 casu
645 2559 846 2594 necessitatis,
863 2559 977 2589 iterum
993 2564 1118 2590 tenetur
1133 2559 1287 2590 sacerdoti
1303 2560 1459 2594 confiteri.

403 2602 429 2631 si
451 2602 618 2632 articulum
633 2603 825 2632 necessitatis
850 2603 968 2633 evadat.
993 2603 1078 2643 Ergo
1095 2603 1254 2634 confessio
1270 2614 1338 2634 non
1354 2610 1461 2645 potest

403 2645 470 2675 fieri
493 2646 574 2676 laico
598 2647 630 2676 in
655 2656 728 2676 casu
751 2647 952 2677 necessitatis.

458 2689 520 2720 San
544 2700 666 2720 CONTRA
688 2700 741 2720 EST
765 2690 853 2730 quod
876 2692 908 2721 in
932 2692 1032 2722 littera
1051 2693 1068 2708 ἃ
1092 2692 1326 2724 determinatur.

458 2734 644 2764 Rnspommo
667 2745 826 2764 memnon
849 2735 953 2775 quod,
977 2736 1058 2766 sicut
1087 2737 1261 2776 baptismus
1290 2744 1337 2768 est
1359 2748 1460 2768 sacra-

403 2783 547 2808 mentum
570 2779 770 2815 necessitatis,
788 2780 829 2809 ita
853 2785 883 2809 et
906 2781 1110 2819 poenitentia.
1146 2781 1326 2821 Baptismus
1342 2788 1459 2818 autem,

404 2823 478 2861 quia
502 2828 547 2852 est
570 2829 800 2853 sacramentum
823 2825 1030 2860 necessitatis,
1057 2824 1217 2865 duplicem
1241 2826 1336 2857 habet
1367 2827 1461 2857 mini-

404 2871 518 2896 strum:
552 2876 654 2897 unum
677 2868 729 2897 cui
752 2877 790 2897 ex
821 2867 927 2898 officio
958 2869 1114 2908 baptizare
1143 2870 1318 2906 incumbit,
1342 2871 1461 2902 scilicet
1474 2877 1501 2896 60

403 2910 615 2947 sacerdotem3
641 2911 738 2941 alium
761 2913 813 2942 cui
836 2913 957 2942 ratione
979 2914 1171 2943 necessitatis
1191 2914 1382 2954 dispensatio
1407 2916 1460 2946 ba-

403 2955 510 2993 ptismi
533 2956 749 2985 committitur.
774 2956 814 2986 Et
837 2957 879 2986 ita
903 2957 997 2986 etiam
1020 2958 1162 2987 minister
1177 2959 1391 2998 poenitentiae
1408 2961 1461 2990 cui

406 2997 562 3028 confessio
587 3004 633 3029 est
655 2998 798 3030 facienda
821 3009 858 3030 ex
882 3000 999 3036 officio,
1020 3007 1066 3031 est
1082 3002 1244 3032 sacerdos:
1270 3002 1325 3033 sed
1347 3004 1380 3033 in
1404 3014 1460 3034 ne-

406 3042 546 3072 cessitate
569 3044 663 3073 etiam
686 3044 783 3074 laicus
806 3045 908 3074 vicem
932 3045 1101 3076 sacerdotis
1118 3047 1254 3086 supplet,
1271 3053 1307 3077 ut
1330 3048 1359 3077 ei
1383 3058 1460 3078 con-

405 3085 498 3115 fessio
522 3085 589 3116 fieri
612 3088 720 3126 possit.

459 3130 508 3159 An
532 3140 647 3160 ramum
670 3141 751 3161 ERGO
775 3142 932 3162 meimnum
956 3133 1043 3173 quod
1066 3134 1099 3164 in
1123 3140 1319 3165 sacramento
1347 3137 1460 3175 poeni-

406 3173 520 3203 tentiae
542 3183 609 3204 non
633 3175 738 3205 solum
767 3182 813 3206 est
836 3177 954 3216 aliquid
985 3187 1022 3207 ex
1045 3183 1133 3217 parte
1163 3179 1315 3215 ministri,
1342 3180 1461 3211 scilicet

407 3217 562 3247 absolutio
587 3223 617 3248 et
640 3219 857 3250 satisfactionis
880 3221 1050 3257 iniunctio;
1075 3222 1130 3252 sed
1153 3223 1248 3253 etiam
1279 3223 1399 3263 aliquid
1423 3234 1461 3255 ex

407 3266 493 3299 parte
515 3261 613 3300 ipsius
637 3263 692 3301 qui
715 3264 845 3303 suscipit
869 3271 1110 3301 sacramentum,
1127 3266 1216 3306 quod
1241 3273 1286 3297 est
1302 3268 1397 3298 etiarn
1421 3268 1460 3299 de

409 3305 539 3334 essentia
555 3307 748 3342 sacramenti,
765 3307 845 3337 sicut
868 3309 1015 3338 contritio
1036 3315 1067 3339 et
1089 3309 1259 3341 confessio.
1283 3311 1459 3342 Satisfactio
1474 3322 1501 3342 7⁰

408 3352 514 3377 autem
536 3348 599 3378 iam
621 3350 732 3389 incipit
755 3360 821 3380 esse
845 3361 863 3380 a
885 3352 1038 3387 ministro,
1055 3353 1245 3393 inquantum
1262 3364 1332 3385 eam
1355 3356 1460 3386 iniun-

408 3391 467 3429 git;
492 3397 522 3421 et
545 3402 562 3421 a
584 3394 777 3431 poenitente,
793 3395 983 3433 inquantum
1004 3405 1074 3426 eam
1096 3398 1216 3437 implet.
1242 3399 1282 3428 Et
1298 3399 1337 3429 ad
1359 3400 1461 3439 pleni-

409 3433 551 3464 tudinem
574 3438 758 3466 sacramenti
780 3442 952 3477 utrumque
975 3439 1067 3469 debet
1100 3450 1304 3478 concurrere,
1331 3443 1461 3482 quando

409 3478 558 3516 possibile
581 3485 636 3509 est.
650 3479 722 3509 ‘Sed
738 3481 866 3519 quando
890 3483 1057 3514 necessitas
1072 3485 1226 3521 imminet,
1243 3486 1336 3516 debet
1360 3486 1462 3517 facere

1541 2273 1542 2276 η
1570 2260 1599 2280 2.
1623 2250 1820 2285 PRAETEREA‚
1838 2254 1949 2280 contra
1964 2249 2099 2279 venialia
2118 2248 2282 2279 ordinatur
2298 2253 2438 2279 extrema
2457 2249 2581 2285 unctio,

1513 2295 1595 2325 sicut
1618 2300 1649 2325 et
1671 2294 1880 2334 poenitentia.
1905 2293 1968 2324 Sed
1990 2293 2043 2324 ina
2066 2302 2132 2323 non
2157 2298 2264 2333 potest
2291 2292 2357 2323 dari
2380 2302 2398 2323 a
2421 2293 2522 2324 laico:
2546 2298 2584 2324 ut

1512 2344 1599 2379 patet
1623 2339 1684 2369 Iac.
1700 2339 1815 2369 ultimo
1832 2339 1859 2368 ἦ
1884 2338 1969 2378 Ergo
1993 2347 2054 2368 nec
2086 2337 2266 2368 confessio.
2279 2337 2453 2368 venialium
2476 2343 2584 2377 potest

1513 2384 1543 2414 ei
1565 2383 1644 2414 fieri.
2266 2409 2269 2413 .

1569 2428 1631 2459 San
1657 2438 1780 2458 con-riui
1803 2437 1858 2458 nsr
1882 2426 1973 2467 quod
1995 2426 2071 2458 dicit
2095 2425 2181 2457 Beda
2204 2426 2238 2456 in
2261 2425 2363 2456 littera
2378 2427 2405 2456 ⁸⁹.

1567 2473 1758 2503 Rnsrommo
1782 2481 1941 2502 mensuum
1965 2471 2055 2511 quod
2070 2481 2128 2511 per
2150 2475 2320 2510 peccatum
2334 2470 2458 2501 veniale
2480 2471 2582 2502 homo

1513 2527 1574 2548 nec
1597 2527 1615 2547 a
1638 2517 1708 2547 Deo
1733 2526 1793 2547 nec
1809 2526 1827 2546 a
1843 2516 2046 2546 sacramentis
2069 2515 2232 2546 Ecclesiae
2248 2520 2419 2555 separatur.
2443 2515 2486 2546 Et
2507 2514 2582 2546 ideo

1513 2571 1582 2592 non
1604 2561 1725 2601 indiget
1747 2570 1851 2591 novae
1867 2561 1984 2600 gratiae
2008 2560 2180 2591 collatione
2196 2559 2236 2590 ad
2259 2560 2328 2590 eius
2350 2559 2582 2596 dimissionem,

1513 2615 1621 2646 neque
1644 2605 1765 2646 indiget
1787 2605 1984 2635 reconciliari
2008 2605 2180 2635 Ecclesiae.
2208 2603 2249 2634 Et
2270 2609 2402 2644 propter
2424 2604 2499 2640 hoc,
2514 2613 2584 2635 non

1475 2662 1497 2682 55
1514 2656 1643 2691 oportet
1666 2649 1756 2690 quod
1778 2649 1914 2680 venialia
1937 2649 2051 2689 aliquis
2081 2647 2239 2679 sacerdoti
2271 2647 2477 2679 confiteatur:
2507 2648 2599 2688 quia

1513 2696 1582 2735 ipsa
1598 2694 1758 2725 confessio
1775 2694 1857 2724 laico
1873 2693 1956 2724 facta
1974 2692 2199 2724 sacramentale
2211 2691 2376 2732 quoddam
2393 2697 2439 2723 est
2454 2692 2582 2732 (quam-

1513 2740 1560 2769 vis
1583 2749 1651 2769 non
1675 2739 1714 2769 sit
1736 2744 1970 2769 sacramentum
1990 2737 2183 2778 perfectum)
2208 2742 2240 2768 et
2263 2746 2301 2768 ex
2317 2737 2445 2768 caritate
2467 2744 2582 2777 proce-

1514 2783 1611 2820 dens;
1637 2789 1668 2814 et
1690 2783 1806 2814 talibus
1828 2788 1940 2813 natum
1964 2787 2012 2813 est
2033 2782 2157 2812 veniale
2180 2781 2307 2818 remitti,
2324 2782 2406 2812 sicut
2427 2790 2486 2821 per
2507 2786 2582 2812 tun-

1514 2829 1639 2864 sionem
1662 2828 1801 2868 pectoris
1825 2832 1856 2857 et
1879 2836 1997 2867 aquam
2020 2825 2231 2857 benedictam.

1513 2916 1657 2957 indigent
1679 2916 1867 2946 sacramenti
1890 2915 2098 2956 perceptione
2121 2914 2161 2945 ad
2183 2914 2404 2944 dimissionem
2432 2914 2500 2949 sui,
2524 2912 2581 2944 sed

1513 2960 1630 2991 sufficit
1652 2961 1696 2991 ibi
1719 2959 1850 3000 aliquod
1873 2959 2110 2994 sacramentale,
2127 2964 2163 2989 ut
2182 2967 2265 2998 aqua
2280 2957 2447 2988 benedicta
2470 2963 2501 2988 et
2524 2957 2580 2991 ali-
2621 2969 2650 2991 rt.

1514 3005 1592 3045 quid
1614 3004 1801 3035 huiusmodi
1816 3005 1843 3034 *.
1995 3042 1997 3045 ι

1568 3050 1619 3079 Ar>
1643 3058 1806 3079 sactmmm
1828 3058 1987 3079 monimum
2003 3046 2093 3088 quod
2109 3051 2249 3078 extrema
2270 3047 2382 3077 unctio
2404 3055 2473 3076 non
2489 3045 2581 3078 datur

1473 3097 1497 3123 ὅς
1514 3093 1631 3124 directe
1656 3099 1767 3124 contra
1788 3093 1911 3123 veniale
1927 3093 1954 3128 *,
1970 3102 2030 3122 nec
2055 3090 2186 3132 aliquod
2209 3095 2444 3122 sacramentum
2459 3091 2503 3121 *⁴2

1635 3181 1734 3212 ART.
1752 3181 1804 3211 IV.
1829 3190 1934 3211 unum
1957 3190 2003 3210 sn·
2025 3189 2234 3210 NECESSARIUM
2257 3188 2344 3209 ouon
2367 3188 2457 3210 nouo

1765 3234 1980 3256 cenni-urim
2002 3233 2136 3254 rnomuo
2161 3233 2332 3254 sacssanorr

1868 3288 1900 3310 tv
1916 3287 1984 3310 Cont.
1999 3287 2076 3314 Gent„
2091 3293 2143 3315 cap.
2159 3292 2229 3309 uxu.

1579 3367 1599 3386 n
1624 3367 1772 3388 auam-un
1800 3367 1845 3388 src
1868 3366 2072 3387 moenum-tm.
2103 3355 2237 3386 Videtur
2265 3355 2354 3396 quod
2372 3365 2440 3386 non
2464 3356 2503 3387 sit
2524 3365 2581 3387 ne-

1517 3369 1750 3432 Acessarium
1781 3401 1871 3441 quod
1901 3401 2002 3432 homo
2030 3399 2221 3431 confiteatur
2252 3400 2384 3440 proprio
2413 3399 2578 3432 sacerdoti.

1516 3444 1688 3484 Gregorius
1712 3446 1798 3476 enim
1815 3445 1890 3476 dicit
1905 3446 1938 3476 *z
1963 3444 2148 3486 Apostolico
2168 3443 2388 3475 moderamine
2409 3449 2441 3475 et
2449 3444 2580 3485 pietatis

1516 3488 1624 3528 officio
1649 3499 1668 3518 a
1693 3490 1783 3520 nobis
1805 3490 2012 3520 constitutum
2035 3494 2082 3520 est
2104 3489 2191 3530 quod
2218 3488 2438 3519 sacerdotibus
2466 3498 2579 3520 mona-

408 3521 576 3560 poenitens
601 3523 688 3562 quod
712 3533 749 3553 ex
772 3530 859 3563 parte
882 3535 938 3555 sua
962 3532 1017 3562 est,
1044 3527 1162 3558 scilicet
1185 3530 1306 3559 conteri
1330 3536 1360 3560 et
1384 3540 1461 3561 con·
1476 3539 1499 3560 75
1516 3532 1598 3567 chis,
1623 3534 1853 3572 Apostolorum
1866 3534 2019 3575 figuram
2043 3533 2236 3569 tenentibus,
2262 3533 2357 3564 liceat
2372 3532 2577 3574 praedicare,

1569 2872 1610 2902 Et
1625 2881 1682 2912 per
1705 2872 1768 2902 hoc
1784 2877 1871 2911 patet
1893 2871 2013 2902 solutio
2033 2870 2073 2901 ad
2088 2870 2238 2910 primum.
2263 2869 2349 2907 Quia
2363 2869 2498 2900 venialia
2512 2878 2581 2900 non
2607 2887 2618 2899 .

2609 967 2827 1020 Wefifflffl·

2609 1675 2790 1707 'OE.rup.nd
2805 1684 2826 1700 ι.

2609 2341 2702 2366 ’ναι
2717 2348 2752 2370 ¹⁴-

2609 2429 2621 2439 ·
2636 2427 2695 2451 Βία.
2704 2433 2759 2454 xva.
2768 2433 2821 2456 etp.

2610 2454 2825 2482 mmm

2606 3447 2618 3458 ·
2637 3445 2695 3478 Can.
2716 3445 2754 3469 Re
2773 3451 2821 3468 an-

2606 3474 2729 3528 cxtzlnfag:
2737 3477 2820 3522 aaa
