2918 4088
974 184 1238 231 QUAESTIO
1266 183 1406 231 LXVI,
1435 184 1728 233 ARTICULUS
1756 186 1791 223 V

345 263 403 299 An
430 274 621 300 SECUNDUM
643 274 825 300 D1CEND1JM
844 263 953 312 quod
971 262 1154 300 admixtio
1174 262 1357 300 chrisma-

291 314 338 352 tis
365 326 447 352 non
479 314 591 352 solvit
625 314 792 363 speciem
825 327 960 364 aquae.
998 315 1104 353 Sicut
1135 327 1207 352 nec
1241 315 1357 352 etiam

292 379 395 418 aqua
430 367 665 405 decoctionis
699 367 895 411 carnium,
925 375 991 405 aut
1023 368 1187 405 aliorum
1223 367 1356 404 huius-

291 420 418 458 modi:
454 420 527 457 nisi
553 420 648 458 forte
677 420 723 457 sit
749 421 845 458 facta
872 428 975 458 tanta
1006 420 1188 458 resolutio
1223 431 1356 469 corpo-

291 485 381 510 rum
408 472 614 511 lixatorum
635 473 675 510 in
693 486 797 523 aqua
819 474 928 523 quod
955 473 1082 522 liquor
1107 473 1195 522 plus
1218 473 1358 510 habeat

292 526 342 563 de
367 525 492 564 aliena
520 526 730 563 substantia
757 538 878 575 quam
906 526 955 563 de
982 538 1105 575 aqua3
1143 525 1250 574 quod
1270 530 1283 547 ⁸
1310 537 1358 562 ex

291 578 536 628 spissitudine
563 579 728 629 perspici
746 586 882 628 potest.
912 579 953 616 Si
980 586 1111 615 tamen
1139 589 1186 614 ex
1208 577 1357 627 liquore

292 631 347 670 sic
373 631 576 682 inspissato
605 631 840 682 exprimatur
866 643 969 680 aqua
996 630 1154 678 subtilis,
1174 638 1299 680 potest
1318 631 1358 668 in

292 696 339 725 ea
356 684 440 722 fieri
458 685 692 735 baptismus:
713 684 809 721 sicut
827 691 864 720 et
882 684 923 720 in
941 695 1043 733 aqua
1062 695 1162 733 quae
1182 683 1357 743 exprimi-

291 745 354 778 tur
372 750 419 776 ex
433 739 525 785 luto,
541 737 653 775 licet
644 749 684 774 111
703 738 783 774 11110
802 736 1016 786 baptismus
1029 735 1114 773 fieri
1128 748 1208 773 non
1227 736 1356 786 possit.

344 791 403 828 An
430 802 590 828 mnrium
617 802 799 827 mel-:unum
827 789 936 839 quod
954 801 1056 839 aqua
1083 789 1209 826 fluens
1228 790 1277 827 de
1305 791 1357 826 la-

291 851 370 885 tere
390 842 541 880 Christi
567 842 770 892 pendentis
798 842 838 879 in
866 854 980 879 cruce
1008 854 1089 880 non
1116 842 1185 879 fuit
1213 843 1358 880 humor

168 893 194 919 ¹⁸
215 927 228 943 ,
255 904 266 944 ζ
290 895 580 947 phlegmaticus,
600 903 644 933 ut
662 895 823 944 quidam
851 894 1029 932 dixerunt
1046 895 1149 932 *.111
1168 895 1231 932 tali
1253 895 1358 932 enim

291 949 458 990 humore
486 960 568 986 non
585 955 716 997 posset
742 947 826 985 fieri
849 947 1083 998 baptismus:
1113 948 1210 985 sicut
1228 948 1358 986 necin

291 1000 476 1051 sanguine
504 1001 691 1048 animalis,
720 1008 786 1038 aut
813 1000 852 1038 in
880 1001 985 1047 vino,
1007 1009 1072 1038 aut
1099 1001 1138 1038 in
1167 1013 1357 1051 quocum-

291 1066 368 1105 que
396 1054 546 1104 liquore
579 1053 739 1092 alicuius
765 1055 929 1103 plantae.
966 1054 1055 1091 Fuit
1092 1062 1222 1092 autem
1257 1067 1359 1104 aqua

202 1096 227 1116 ’“
290 1119 390 1158 pura
407 1107 428 1129 '¹‘
453 1107 684 1145 miraculose
712 1106 910 1155 egrediens
938 1119 961 1144 a
989 1119 1150 1157 corpore
1186 1115 1356 1154 mortuo,

291 1160 389 1202 sieut
421 1167 459 1197 et
493 1160 667 1209 sanguis,
701 1160 750 1198 ad
787 1160 1123 1210 comprobandam
1158 1160 1358 1198 veritatem

289 1213 486 1254 Dominici
512 1214 706 1263 corporis,
733 1221 866 1251 contra
901 1213 1224 1251 Manichaeorum
1256 1226 1358 1251 erro—

291 1278 396 1309 rem:
424 1273 468 1304 ut
485 1266 626 1304 scilicet
651 1278 722 1316 per
749 1279 904 1316 aquam,
925 1278 1025 1316 quae
1045 1274 1101 1304 est
1119 1278 1245 1304 unum
1263 1279 1358 1316 qua-

290 1327 381 1365 tum:
407 1321 712 1367 elementorum,
742 1319 1006 1356 ostenderetur
1037 1331 1179 1369 corpus
1217 1320 1358 1357 Christi

290 1376 382 1416 vere
418 1373 534 1410 fuisse
570 1372 832 1450 compositum
864 1385 911 1410 ex
939 1380 1109 1422 quatuor
1140 1373 1356 1420 elementis3

342 1486 370 1558 ἐζ

389 1523 426 1549 in.
443 1537 463 1542 -
481 1530 528 1548 nec
547 1523 573 1548 in
593 1523 644 1547 PE.

387 1487 504 1521 quod.—
521 1487 623 1518 Tei-tim
641 1494 719 1520 quae.
1383 1488 1387 1553 Ι
1400 1490 1402 1493 “

2420 193 2470 239 67

1410 274 1481 311 per
1508 263 1736 311 sanguinem
1763 275 1857 301 vero
1886 266 2149 303 ostenderetur
2173 280 2254 305 esse
2283 270 2473 319 composi-

1411 322 1496 352 tum
1525 327 1571 352 ex
1599 323 1766 364 quatuor
1794 317 2036 355 humoribus.
2242 349 2245 350 γ

1464 369 1522 404 AD
1551 379 1723 410 QUARTUM
1750 381 1932 407 monimum
1965 372 2073 419 quod
2106 371 2145 408 in
2182 372 2332 420 lixivio,
2363 383 2399 411 et
2433 375 2473 412 in

1411 420 1522 469 aquis
1550 421 1848 470 sulphureorum
1879 422 2120 470 balneorum,
2148 433 2272 473 potest
2298 427 2380 464 fieri
2408 428 2473 464 ba-

1411 472 1591 522 ptismus:
1621 473 1713 523 quia
1731 475 1822 511 tales
1842 487 1965 524 aquae
1994 488 2074 513 non
2094 476 2388 527 incorporantur
2405 493 2475 529 pei

1411 533 1533 563 artem
1560 528 1623 563 vel
1649 534 1828 564 naturam
1856 527 2048 577 aliquibus
2076 530 2303 590 corporibus
2334 532 2472 579 mixtis,

1411 579 1479 615 sed
1511 580 1640 616 solum
1674 579 1936 617 alterationem
1973 582 2171 630 quandam
2206 583 2392 633 recipiunt
2429 597 2474 622 ex

1411 632 1488 668 hoc
1515 632 1623 681 quod
1650 639 1849 669 transeunt
1875 645 1945 682 per
1972 634 2099 683 aliqua
2127 647 2301 685 corpora.

1464 685 1522 721 AD
1551 697 1712 727 QUINTUM
1744 697 1926 724 mCENDUM
1958 688 2066 735 quod
2101 700 2202 737 aqua
2236 701 2392 727 rosacea
2420 699 2475 727 est

1411 737 1540 786 liquor
1566 749 1676 774 rosae
1714 740 1916 776 resolutus.
1955 740 2067 777 Unde
2096 740 2135 777 in
2164 753 2209 778 ea
2243 754 2323 779 non
2351 751 2475 792 potest

1411 790 1496 827 fieri
1523 790 1748 839 baptismus,
1778 792 1838 838 Et,
1859 792 1993 829 eadem
2025 792 2181 841 ratione,
2202 806 2273 831 nec
2300 795 2339 831 in
2365 796 2475 845 aquis

1412 843 1636 880 alchimicis:
1668 843 1764 881 sicut
1790 843 1831 881 in
1850 844 1862 868 ζ
1890 844 1994 882 vino.
2025 846 2109 883 Nec
2137 854 2192 883 est
2215 848 2352 884 eadem
2380 849 2474 886 ratio

1412 895 1460 933 de
1489 896 1599 945 aquis
1625 897 1868 946 pluvialibus,
1889 910 1989 947 quae
2017 907 2247 947 generantur
2274 913 2320 937 ex
2339 901 2475 938 maiori

1411 957 1518 998 parte
1547 961 1594 986 ex
1612 949 1866 987 subtiliatione
1886 956 1905 978 η
1932 963 2125 1000 vaporum
2151 954 2409 991 resolutorum
2429 967 2475 991 ex

1413 1002 1534 1051 aquis,
1564 1002 1773 1040 minimum
1795 1011 1925 1041 autem
1944 1004 1996 1041 ibi
2016 1012 2071 1041 est
2089 1005 2137 1042 de
2157 1005 2370 1055 liquoribus
2396 1019 2475 1044 cor-

1412 1067 1556 1105 porum
1584 1055 1816 1093 mixtorum:
1847 1056 1914 1106 qui
1933 1065 2062 1094 tamen
2081 1070 2151 1107 per
2168 1058 2394 1097 huiusmodi
2413 1073 2474 1097 su-

1412 1108 1696 1155 blimationem,
1732 1109 1872 1147 virtute
1904 1118 2084 1157 naturae,
2119 1124 2219 1160 quae
2256 1121 2311 1149 est
2343 1113 2476 1150 fortior

1414 1169 1504 1209 arte,
1533 1163 1780 1199 resolvuntur
1806 1162 1845 1199 in
1872 1175 2005 1200 veram
2033 1176 2188 1213 aquam,
2209 1166 2316 1214 quod
2345 1178 2405 1202 ars
2422 1167 2474 1203 fa-

1413 1226 1499 1252 cere
1518 1227 1599 1252 non
1618 1222 1753 1264 potest.
1774 1216 1886 1253 Unde
1905 1228 2007 1266 aqua
2025 1217 2201 1277 pluvialis
2220 1219 2367 1255 nullam
2385 1231 2474 1268 pro—

1412 1267 1612 1317 prietatem
1641 1267 1775 1305 retinet
1812 1268 1971 1306 alicuius
2004 1269 2175 1319 corporis
2206 1270 2332 1308 mixti:
2367 1273 2474 1321 quod

1413 1321 1462 1358 de
1490 1320 1600 1370 aquis
1628 1321 1791 1358 rosaceis
1811 1330 1848 1359 et
1865 1322 1914 1359 de
1941 1322 2051 1371 aquis
2079 1323 2288 1361 alchimicis
2302 1323 2376 1361 dici
2394 1337 2474 1362 non

1412 1381 1548 1423 potest

1466 1488 1493 1523 η)
1512 1489 1703 1515 subtiliatione.
1720 1503 1738 1508 -
1757 1489 1944 1515 sublimatione
1961 1490 1981 1514 F
2001 1495 2026 1515 et
2044 1491 2119 1516 tertia
2136 1496 2239 1524 praeter
2256 1492 2274 1516 l.

967 1592 1302 1626 Commentario
1323 1593 1576 1626 Cardinalis
1596 1594 1800 1626 Caietam

321 1673 343 1695 u
357 1663 452 1698 titulo
467 1663 604 1704 simplex
619 1663 756 1694 sumitur
770 1668 807 1694 ut
822 1662 1026 1704 distinguitur
1041 1668 1152 1694 contra
1168 1663 1355 1700 admixtum,

293 1675 551 1748 Impositum,
577 1712 608 1737 et
631 1706 879 1747 quomodolibet
902 1707 1100 1738 adiunctum.

346 1751 382 1783 In
398 1760 535 1792 corpore
549 1751 609 1782 ma
624 1750 716 1782 fiunt.
740 1751 859 1787 Primo,
877 1750 1116 1791 distinguuntur
1129 1751 1220 1782 modi
1240 1752 1357 1792 quibus

290 1804 375 1837 aqua
397 1795 541 1827 amittere
564 1800 670 1836 potest
693 1795 948 1836 simplicitatem;
971 1795 1126 1832 secundo,
1147 1795 1359 1836 respondetur

1412 1665 1557 1704 quaesito
1582 1664 1621 1695 de
1638 1674 1721 1705 aqua
1743 1671 1951 1696 transmutata
1966 1675 2024 1706 per
2040 1672 2153 1704 artem;
2179 1673 2210 1698 et
2224 1669 2328 1705 tertio,
2344 1678 2476 1710 respon-

1412 1708 1504 1739 detur
1527 1709 1672 1749 quaesito
1697 1708 1736 1739 de
1759 1718 1842 1749 aqua
1865 1715 2071 1741 transmutata
2086 1720 2143 1751 per
2158 1717 2313 1743 naturam.
2338 1713 2379 1743 Et
2395 1713 2476 1744 clare

1412 1758 1522 1793 patent
1545 1754 1655 1783 omnia
1677 1754 1711 1784 in
1734 1753 1845 1784 littera.

1080 1923 1399 1966 ARTICULUS
1429 1923 1687 1973 QUINTUS

829 2017 987 2048 UTRUM
1009 2017 1130 2048 HAEC
1155 2017 1221 2049 SIT
1245 2017 1524 2049 CONVENIENS
1547 2017 1700 2049 FORMA
1723 2018 1941 2050 BAPTISMI:

599 2060 695 2092 EGO
722 2061 780 2092 TE
799 2060 995 2092 BAPTIZO
1017 2061 1071 2092 IN
1091 2061 1281 2093 NOMINE
1300 2062 1460 2093 PATRIS
1479 2062 1544 2092 ET
1561 2062 1678 2093 FILII
1695 2062 1761 2093 ET
1778 2063 1984 2094 SPIRITUS
2005 2063 2174 2095 SANCTI

531 2141 624 2173 Supra,
643 2147 689 2172 qu.
707 2147 747 2171 Lx,
766 2144 813 2166 art.
832 2139 864 2170 8;
884 2140 957 2170 Infra,
976 2148 1022 2174 qu.
1041 2148 1140 2172 Lxmv,
1159 2146 1206 2166 art.
1228 2140 1257 2171 35
1276 2141 1310 2165 1v
1329 2141 1413 2170 Sem‘.5
1433 2141 1492 2165 dist.
1511 2148 1548 2170 111,
1568 2146 1614 2166 art.
1635 2148 1659 2172 2,
1678 2141 1728 2174 qu·
1748 2147 1773 2172 1,
1793 2148 1823 2173 23
1842 2141 1851 2166 1
1870 2142 1908 2166 ad
1929 2142 1998 2171 Com,
2018 2150 2074 2176 cap.
2093 2150 2111 2174 1,
2131 2143 2188 2169 lect.
2207 2150 2235 2168 11.

315 2237 319 2244 ψ·
375 2232 382 2253 2
410 2241 437 2257 ,s
503 2223 527 2248 D
547 2223 709 2254 Qum-rum
728 2223 780 2249 513
800 2223 1036 2250 PROCEDITUR.
1066 2211 1227 2249 Videtur
1249 2212 1358 2261 quod

342 2250 462 2325 N
505 2265 603 2302 haec
634 2276 715 2301 non
743 2264 790 2301 sit
817 2264 1052 2302 conveniens
1084 2265 1209 2302 forma
1236 2265 1357 2314 bapti-

311 2322 428 2372 ἱρῇ
450 2316 600 2359 (151111ε
637 2319 725 2368 Ego
752 2323 788 2354 te
813 2319 957 2367 baptizo
991 2319 1029 2354 in
1059 2319 1211 2355 nomine
1236 2319 1360 2355 Patris

299 2366 318 2393 ‚‘
348 2365 444 2402 5³⁴⁴)
460 2338 493 2406 ζ(
514 2376 539 2407 t
565 2370 655 2408 Filii
679 2376 714 2407 et
741 2372 897 2420 Spiritus
924 2372 1060 2408 Sancti.
1103 2372 1221 2407 Actus
1254 2370 1359 2408 enim

294 2422 416 2472 magis
443 2418 558 2460 debet
584 2423 737 2460 attribui
763 2423 972 2483 principali
991 2423 1116 2472 agenti
1143 2436 1263 2483 quarn
1291 2423 1359 2461 mi-

294 2475 426 2514 nistro.
456 2476 533 2514 Sed
561 2475 601 2513 in
620 2484 860 2514 sacramento
879 2476 1051 2514 minister
1069 2476 1143 2525 agit
1162 2484 1204 2514 ut
1222 2476 1359 2514 instru-

237 2551 243 2558 -
260 2551 267 2557 ·
294 2535 485 2572 mentum,
505 2535 548 2566 ut
566 2541 683 2578 supra
696 2529 716 2551 *
735 2529 882 2567 dictum
901 2537 975 2566 est:
1001 2529 1210 2579 principale
1230 2537 1360 2567 autem

295 2593 412 2631 agens
439 2580 480 2618 in
506 2581 699 2630 baptismo
727 2589 783 2620 est
811 2582 996 2626 Christus,
1026 2583 1243 2620 secundum
1267 2582 1360 2620 illud

295 2635 400 2672 Ioan.
421 2646 431 2671 1
449 2633 490 2671 *z
519 2635 639 2684 Super
658 2647 766 2684 quem
784 2636 919 2673 videris
946 2636 1123 2684 Spiritum
1143 2636 1360 2673 descenden-

295 2693 368 2725 tem
396 2693 430 2724 et
456 2693 682 2734 manentem,
710 2688 770 2725 hic
797 2694 849 2725 est
877 2690 940 2738 qui
965 2691 1132 2739 baptizat.
1175 2690 1360 2726 Inconve-

296 2740 445 2778 nienter
467 2752 558 2788 ergo
577 2740 749 2777 minister
775 2740 876 2788 dicit,
905 2743 991 2791 Ego
1010 2748 1045 2778 te
1062 2743 1226 2791 baptizo:
1253 2754 1360 2791 prae-

296 2793 427 2832 sertim
455 2793 547 2842 quia
574 2793 614 2830 in
642 2794 719 2830 hoc
746 2794 854 2842 quod
882 2793 1019 2831 dicitur
1045 2796 1200 2844 baptizo,
1230 2794 1362 2832 intelli-

295 2846 396 2896 gitur
423 2858 507 2896 ego,
537 2854 574 2883 et
601 2846 655 2883 sic
681 2845 834 2883 videtur
860 2846 1056 2895 superflue
1085 2846 1240 2896 apponi.

352 2910 387 2937 2.
418 2900 655 2946 PRAETEREA,
689 2911 770 2936 non
798 2906 949 2949 oportet
976 2899 1083 2948 quod
1111 2899 1172 2936 ille
1200 2899 1268 2949 qui
1296 2900 1361 2936 311-

297 2964 418 3002 quem
437 2959 564 2989 actum
586 2959 746 2999 exercet,
766 2953 814 2989 de
834 2959 921 2990 actu
941 2951 1104 2990 exercito
1126 2951 1235 2989 faciat
1253 2965 1362 2990 men-

296 3005 463 3044 tionem:
490 3005 586 3042 sicut
604 3005 664 3042 ille
684 3005 751 3054 qui
779 3006 901 3052 docet,
918 3018 998 3043 non
1018 3012 1168 3054 oportet
1186 3005 1293 3054 quod
1308 3005 1362 3042 di-

297 3066 368 3107 cat,
397 3060 483 3109 Ego
510 3071 576 3096 vos
594 3059 720 3095 doceo.
750 3058 944 3095 Dominus
964 3066 1094 3095 autem
1113 3057 1228 3095 simul
1249 3058 1363 3095 tradi-

298 3111 352 3149 dit
378 3118 628 3162 praeceptum
646 3111 864 3161 baptizandi
889 3119 924 3148 et
943 3111 1120 3158 docendi,
1141 3110 1272 3148 dicens
1293 3116 1310 3132 ²
1323 3111 1361 3148 *z

250 3162 270 3195 ‘·
298 3166 447 3211 Euntes,
463 3165 589 3202 docete
607 3177 735 3202 omnes
753 3171 892 3215 gentes,
906 3171 973 3202 etc.
991 3165 1093 3212 Ergo
1113 3176 1194 3202 non
1213 3171 1364 3214 oportet

299 3218 407 3267 quod
434 3217 474 3254 in
500 3217 626 3255 forma
652 3217 832 3267 baptismi
859 3217 926 3255 fiat
944 3217 1089 3255 mentio
1117 3217 1166 3254 de
1194 3224 1281 3254 actu
1299 3217 1363 3254 ba-

299 3278 440 3320 ptismi.

355 3323 390 3360 3.
419 3325 656 3372 PRAETEREA,
690 3323 750 3361 ille
779 3323 847 3374 qui
875 3323 1096 3374 baptizatur,
1127 3323 1364 3373 quandoque

299 3388 380 3415 non
408 3375 576 3426 intelligit
597 3377 736 3415 verba:
766 3384 860 3427 puta
879 3376 910 3414 si
929 3376 974 3414 sit
994 3377 1134 3414 surdus
1161 3383 1227 3414 aut
1254 3388 1362 3426 puer.

352 3490 380 3526 α)
400 3490 496 3517 dicens.
514 3505 534 3511 -
550 3492 658 3517 Addunt
675 3491 774 3518 Matth.
794 3492 843 3517 ult.
861 3492 940 3522 PIsG,
961 3492 1049 3518 Marci
1068 3493 1115 3518 ult.
1135 3493 1173 3518 bc.
1389 3489 1393 3516 Ι

1412 2212 1568 2248 Frustra
1596 2219 1727 2248 autem
1755 2212 1803 2249 ad
1831 2214 1946 2250 talem
1974 2225 2102 2251 sermo
2122 2213 2314 2262 dirigitur:
2344 2227 2476 2252 secun-

1412 2264 1509 2301 dum
1537 2264 1630 2302 illud
1657 2266 1772 2302 Eccli.
1793 2265 1828 2302 *2
1864 2267 1936 2304 Ubi
1962 2279 2037 2303 non
2066 2273 2118 2304 est
2144 2267 2301 2314 auditus,
2331 2281 2405 2305 non
2426 2269 2476 2316 ef-
2504 2277 2515 2287 ·
2556 2282 2569 2297 a
2630 2282 2679 2298 ¹¹¹

1408 2317 1549 2365 fundas
1580 2330 1803 2355 sermonem.
1846 2319 1949 2367 Ergo
1981 2319 2297 2357 inconvenienter
2328 2320 2476 2369 dicitur,

1412 2372 1498 2420 Ego
1527 2377 1561 2408 te
1588 2372 1743 2420 baptizo,
1773 2383 1952 2410 sermone
1981 2372 2124 2410 directo
2148 2373 2198 2410 ad
2217 2385 2308 2410 eum
2328 2373 2395 2423 qui
2414 2374 2477 2411 ba-

1413 2423 1586 2473 ptizatur.

1467 2489 1504 2524 4.
1525 2478 1757 2524 PRAETEREA,
1787 2478 1969 2526 contingit
1997 2478 2112 2516 simul
2139 2480 2268 2528 plures
2296 2479 2478 2528 baptizari

1415 2542 1437 2566 a
1452 2528 1467 2559 β
1485 2530 1679 2579 pluribus:
1705 2530 1800 2567 sicut
1818 2531 1992 2580 Apostoli
2011 2531 2300 2581 baptizaverunt
2319 2545 2398 2569 una
2416 2532 2478 2569 die

1414 2582 1484 2619 tria
1511 2583 1640 2631 millia,
1671 2591 1707 2620 et
1734 2583 1806 2621 alia
1834 2584 1895 2621 die
1923 2584 2095 2634 quinque
2114 2585 2244 2632 millia,
2272 2593 2315 2622 ut
2342 2585 2479 2622 dicitur

1414 2636 1495 2673 Act.
1517 2648 1538 2673 11
1556 2636 1577 2658 '¹‘
1604 2644 1640 2674 et
1667 2649 1702 2674 1v
1720 2637 1771 2674 *²¹‘.
1801 2638 1894 2674 Non
1914 2649 2003 2686 ergo
2025 2638 2138 2675 debet
2155 2638 2280 2675 forma
2298 2638 2478 2687 baptismi
2504 2646 2526 2683 ζ,
2552 2651 2599 2693 erss
2629 2652 2636 2667 ¹

1415 2689 1659 2726 determinari
1686 2689 1726 2726 in
1746 2689 1926 2738 singulari
1945 2703 2122 2738 numero,
2152 2698 2194 2727 ut
2214 2691 2371 2738 dicatur,
2391 2693 2477 2741 Ego

1414 2748 1449 2778 te
1475 2743 1638 2792 baptizo:
1674 2743 1741 2779 sed
1769 2751 1894 2792 potest
1921 2743 2007 2791 dici,
2035 2745 2119 2781 Nos
2145 2756 2211 2782 vos
2237 2745 2475 2793 baptizamus.

1472 2796 1505 2831 5.
1526 2796 1759 2841 PRAETEREA,
1789 2796 2002 2845 baptismus
2020 2796 2200 2834 virtutem
2220 2797 2335 2833 habet
2353 2809 2376 2833 a
2394 2809 2477 2845 pas-

1415 2847 1524 2884 sione
1553 2848 1702 2885 Christi.
1734 2849 1810 2886 Sed
1838 2861 1908 2898 per
1925 2849 2092 2886 formam
2110 2849 2323 2898 baptismus
2343 2849 2477 2886 sancti-

1415 2899 1561 2937 ficatur.
1605 2901 1708 2949 Ergo
1736 2901 1887 2938 videtur
1923 2902 2030 2950 quod
2065 2902 2105 2938 in
2139 2902 2263 2939 forma
2297 2901 2477 2950 baptismi

1416 2953 1553 2990 debeat
1579 2953 1663 2990 fieri
1690 2953 1835 2990 mentio
1863 2954 1911 2990 de
1939 2954 2118 3003 passione
2147 2953 2297 2991 Christi.

1470 3007 1506 3042 6.
1540 3007 1782 3054 PRAETEREA,
1818 3018 1963 3044 nomen
2001 3007 2172 3055 designat
2205 3006 2477 3056 proprietatem

1416 3058 1470 3095 rei
1488 3058 1518 3094 ²¹².
1550 3059 1626 3096 Sed
1654 3066 1728 3095 tres
1747 3067 1836 3096 sunt
1862 3059 2110 3118 proprietates
2138 3061 2357 3109 personales
2385 3060 2478 3097 divi-

1416 3123 1556 3148 narum
1584 3123 1850 3160 personarum,
1871 3120 1912 3148 ut
1939 3112 1979 3149 in
2001 3113 2130 3150 Prima
2158 3114 2267 3150 Parte
2285 3112 2305 3134 ²¹⁹
2332 3112 2518 3150 dictumc

1417 3171 1482 3201 est.
1524 3165 1618 3201 Non
1655 3177 1744 3213 ergo
1779 3165 1892 3202 debet
1925 3164 2017 3212 dici,
2047 3167 2085 3202 in
2119 3167 2270 3203 nomine
2296 3167 2418 3203 Patris
2445 3172 2479 3202 et

1416 3217 1504 3255 Filii
1529 3223 1562 3254 et
1590 3219 1746 3267 Spiritus
1773 3219 1909 3264 Sancti,
1939 3218 2019 3265 sed,
2049 3220 2086 3255 in
2116 3220 2337 3256 nominihus.

1471 3282 1508 3318 7.
1538 3271 1776 3318 PRAETEREA,
1813 3283 1979 3320 persona
2006 3271 2126 3308 Patris
2162 3284 2243 3309 non
2271 3273 2398 3309 solum
2431 3272 2478 3309 si-

1417 3323 1620 3372 gnificatur
1646 3324 1805 3361 nomine
1834 3323 1964 3371 Patris,
1994 3325 2060 3362 sed
2089 3324 2203 3362 etiam
2231 3324 2390 3362 nomine
2416 3327 2479 3362 In-

1418 3377 1606 3414 nascibilis·⁴
1639 3384 1675 3414 et
1706 3377 1909 3422 Genitoris;
1945 3377 2064 3414 Filius
2099 3377 2213 3414 etiam
2247 3377 2479 3426 significatur

1473 3491 1498 3527 β)
1517 3499 1543 3518 α.
1561 3506 1580 3511 -
1597 3496 1624 3517 et
1641 3500 1658 3517 a
1677 3493 1716 3518 ΡΙ.

2505 3064 2604 3086 *cti-M
2606 3064 2718 3086 simulne-

2505 3090 2598 3118 nphye.
2621 3091 2661 3112 li.b
2676 3091 2716 3118 111,

2506 3123 2665 3166 ΡΤιῖηιι,
2658 3123 2718 3191 vr&

2505 3171 2525 3191 le
2527 3174 2558 3191 c.t

2506 3203 2583 3244 3υηῃιηι,
2562 3229 2573 3245 ²
2572 3176 2620 3224 xqu
2624 3202 2717 3223 .ιιινιι,

2506 3251 2515 3261 ’
2532 3250 2579 3277 Qu.
2593 3255 2649 3271 xxx1

2506 3283 2525 3305 3·

2651 3255 2665 3275 1,
2675 3252 2716 3271 nrt.
