2878 4088
99 1148 112 1159 ·
125 1145 191 1168 Vm.
205 1151 239 1168 ις.

107 2611 120 2622 ·
134 2609 170 2632 Cf.
184 2612 226 2632 m.
240 2615 260 2639 3.

0 1705 22 2471 Ι

0 2476 5 2509 ἱ

0 2516 7 2550 l

0 2555 18 3036 Ι
109 2698 120 2710 ·
137 2697 172 2720 Cf.
191 2696 225 2719 lv
242 2697 322 2728 Sent„

44 2742 46 2746 ,
109 2723 163 2746 dist.
194 2729 264 2752 xxix,
298 2730 321 2745 m

110 2750 209 2779 princip.

109 3103 324 3131 perulam-emor.

115 3139 126 3144 -
135 3127 172 3151 Cf.
186 3135 236 3151 eun.
251 3129 324 3151 Solli-

114 3155 201 3183 cimdo,
211 3155 266 3178 dist.
277 3156 324 3177 Lu.

533 187 796 234 QUAESTIO
826 186 981 232 XXXV,
1002 183 1293 223 ARTICULUS
1321 182 1382 229 IV,
1402 182 1437 218 V
1456 203 1480 207 -
1501 182 1764 228 QUAESTIO
1794 183 1963 230 XXXVI,
1985 185 2275 223 ARTICULUS
2299 187 2313 222 Ι
2461 187 2509 223 65

334 275 414 306 pum
429 270 667 306 promoveatur,
683 265 729 295 illi
745 274 827 305 quos
844 265 968 296 ordinat
983 275 1050 295 non
1065 264 1183 295 habent
1204 263 1360 294 ordinem.
1375 279 1399 284 -

335 310 398 341 Sed
427 315 534 340 tamen
557 310 610 349 pie
633 308 719 339 credi
748 315 854 349 potest
885 309 990 349 quod,
1015 314 1172 349 quantum
1202 307 1241 338 ad
1267 307 1398 338 ultimos

335 354 467 386 effectus
490 359 772 390 sacramentorum,
803 353 956 385 Summus
979 352 1132 384 Sacerdos
1158 352 1321 392 suppleret
1344 350 1398 381 de-

335 398 475 434 fectum;
508 404 539 428 et
569 397 659 438 quod
689 407 757 428 non
788 398 983 438 permitteret
1014 398 1078 427 hoc
1108 398 1151 427 ita
1181 397 1277 427 latere
1309 393 1399 435 quod

335 442 497 473 Ecclesiae
519 448 628 482 posset
650 442 831 482 periculum
853 442 1030 472 imminere.

409 507 508 538 ART.
533 508 586 538 IV.
610 517 715 538 urium
738 518 920 538 eumaem(
943 517 1066 538 onnmrs
1089 515 1326 537 PRAESUPPONAT

471 562 512 582 DE
530 562 733 582 necessrrarn
756 561 980 582 eumenium
1004 560 1264 581 conantum-mins

341 629 422 692 An
439 629 588 649 anunm
611 629 656 649 src
675 628 878 648 puocenrrun.
903 617 1036 648 Videtur
1058 616 1148 657 quod
1163 621 1401 656 praesupponat

403 662 442 693 de
457 663 643 693 necessitate
667 663 879 693 characterem
903 661 1164 692 confirmationis.
1189 660 1274 698 Quia
1296 661 1329 690 in
1352 660 1401 689 his
1417 668 1442 683 ¹0

339 717 421 748 quae
437 713 511 737 sunt
526 706 670 737 ordinata
685 706 725 737 ad
739 707 888 742 invicem,
904 706 986 736 sicut
1004 704 1149 735 medium
1171 704 1403 744 praesupponit

338 752 488 792 primum,
504 752 548 781 ita
562 751 713 781 ultimum
733 750 963 790 praesupponit
985 748 1139 779 medium.
1164 747 1227 778 Sed
1242 748 1402 778 character

339 795 591 827 confirmationis
620 794 851 834 praesupponit
881 793 1102 833 baptismalem
1133 792 1223 832 quasi
1250 792 1400 831 primum.

339 841 424 880 Ergo
441 840 600 870 character
615 838 734 868 ordinis
749 837 980 878 praesupponit
1003 837 1217 867 characterem
1233 835 1402 866 confirma-

339 885 435 915 tionis
458 883 548 923 quasi
571 881 724 912 medium.

395 937 426 958 2.
449 927 652 962 Pmmmi,
680 927 736 965 qui
767 925 807 955 ad
836 925 916 955 alios
947 923 1185 955 confirmandos
1218 929 1402 964 ponuntur,

338 971 476 1002 maxime
491 969 609 1000 debent
623 979 692 1000 esse
707 969 800 1000 firmi.
823 968 886 1000 Sed
901 969 946 999 illi
962 969 1019 1009 qui
1034 974 1268 1000 sacramentum
1284 968 1403 999 ordinis

338 1015 516 1055 suscipiunt
537 1019 612 1044 sunt
635 1014 772 1045 aliorum
795 1013 1045 1044 confirmatores.
1073 1013 1158 1053 Ergo
1182 1013 1243 1053 ipsi
1266 1013 1403 1044 maxime

339 1059 456 1090 debent
478 1058 594 1088 habere
617 1063 850 1089 sacramentum
874 1057 1135 1088 confirmationis.

393 1102 456 1134 San
487 1112 626 1139 com-m,
652 1102 803 1143 Apostoli
835 1108 1026 1143 receperunt
1058 1107 1250 1142 potestatem
1284 1100 1403 1132 ordinis

338 1151 412 1185 ante
434 1147 680 1183 Ascensionem,
705 1147 793 1178 Ioan.
817 1157 857 1177 xx
872 1146 904 1182 *‚
929 1147 985 1177 ubi
1015 1146 1137 1177 dictum
1168 1151 1234 1176 est:
1262 1145 1405 1186 Accipite

338 1190 494 1232 Spiritum
509 1191 673 1222 Sanctum.
698 1191 761 1222 Sed
785 1191 964 1222 confirmati
987 1196 1061 1221 sunt
1083 1195 1157 1231 post
1171 1190 1404 1221 Ascensionem

337 1245 396 1276 per
411 1235 585 1266 adventum
601 1235 735 1276 Spiritus
752 1236 868 1267 Sancti.
892 1235 978 1276 Ergo
994 1235 1074 1266 ordo
1090 1245 1158 1265 non
1173 1235 1404 1275 praesupponit

339 1279 629 1310 confirmationem.

352 1359 355 1360 ⁷
393 1324 582 1355 Rnsmwnsso
620 1334 780 1354 memnon
817 1323 907 1364 quod
941 1322 980 1354 ad
1014 1324 1252 1364 susceptionem
1285 1322 1404 1353 ordinis

338 1369 550 1408 praeexigitur
573 1368 694 1408 aliquid
717 1369 808 1408 quasi
824 1368 864 1399 de
879 1369 1065 1399 necessitate
1088 1368 1285 1403 sacramenti,
1303 1373 1334 1398 et
1349 1367 1404 1397 ali-

340 1412 419 1452 quid
441 1412 481 1443 de
504 1413 712 1452 congruitate.
741 1413 790 1443 De
811 1413 998 1443 necessitate
1022 1413 1108 1443 enim
1131 1412 1318 1442 sacramenti
1341 1412 1405 1441 exi-

339 1457 424 1497 gitur
440 1456 530 1496 quod
552 1457 606 1487 ille
629 1457 686 1497 qui
701 1457 823 1488 accedit
838 1456 878 1488 ad
893 1456 1020 1487 ordines
1035 1458 1076 1487 sit
1090 1456 1299 1496 susceptivus,
1316 1455 1406 1496 quod

341 1501 496 1541 competit
518 1501 548 1531 ei
570 1511 628 1541 per
646 1502 851 1541 baptismum.
875 1501 916 1531 Et
930 1500 1005 1532 ideo
1029 1502 1189 1532 character
1211 1500 1406 1540 baptismalis

339 1546 610 1585 praesupponitur
632 1544 672 1576 de
694 1546 881 1576 necessitate
904 1546 1102 1581 sacramenti,
1118 1546 1161 1575 ita
1176 1544 1266 1584 quod
1281 1545 1349 1575 sine
1365 1554 1405 1574 eo

340 1594 574 1620 sacramentum
597 1589 716 1619 ordinis
740 1589 877 1620 conferri
899 1599 967 1620 non
982 1595 1098 1630 potest.
1123 1588 1186 1620 Sed
1201 1589 1240 1619 de
1257 1589 1406 1628 congrui-

340 1638 404 1663 tate
426 1633 598 1673 requiritur
620 1634 726 1663 omnis
748 1633 903 1673 perfectio
926 1643 984 1673 per
1000 1643 1098 1673 quam
1121 1634 1235 1673 aliquis
1258 1633 1406 1663 reddatur

340 1676 476 1707 idoneus
499 1676 540 1707 ad
563 1677 786 1707 executionem
809 1677 946 1708 ordinis:
972 1683 1003 1708 et
1025 1687 1128 1708 unum
1152 1677 1192 1708 de
1214 1678 1280 1707 istis
1304 1682 1351 1707 est
1371 1682 1407 1707 ut

340 1721 380 1751 sit
402 1719 618 1751 confirmatus.
650 1721 692 1751 Et
714 1720 788 1751 ideo
813 1721 852 1752 de
876 1722 1074 1761 congruitate
1105 1722 1265 1752 character
1287 1721 1407 1751 ordinis

341 1764 555 1795 characterem
585 1764 838 1796 confirmationis
866 1767 1115 1806 praesupponit,
1140 1771 1171 1796 et
1197 1775 1265 1796 non
1288 1764 1328 1796 de
1351 1775 1407 1796 ne-

341 1809 495 1840 cessitate.

396 1853 447 1884 An
470 1863 588 1884 ramum
617 1863 700 1884 mzoo
730 1863 890 1884 mCENDUM
913 1853 1003 1894 quod
1025 1863 1093 1884 non
1117 1859 1164 1884 est
1186 1854 1296 1884 similis
1318 1854 1407 1884 habi-

342 1896 422 1928 tudo
445 1897 541 1928 huius
563 1897 661 1928 medii
683 1897 723 1928 ad
746 1898 907 1934 ultimum,
925 1903 956 1928 et
971 1899 1066 1938 primi
1089 1898 1129 1929 ad
1147 1898 1307 1929 medium:
1333 1899 1408 1938 quia

341 1950 400 1982 per
422 1942 635 1972 characterem
658 1942 879 1982 baptismalem
902 1942 938 1973 fit
960 1943 1061 1973 homo
1085 1944 1284 1983 susceptivus
1307 1953 1408 1973 sacra-

342 1986 443 2016 menti
466 1985 733 2022 confirmationis,
757 1996 825 2017 non
855 1992 963 2017 autem
994 1997 1051 2027 per
1073 1993 1307 2018 sacramentum
1331 1997 1408 2018 con·
1422 1995 1449 2016 4⁰

342 2029 530 2061 firmationis
553 2030 590 2061 fit
612 2031 811 2071 susceptivus
834 2032 1022 2062 sacramenti
1041 2031 1170 2062 ordinis.
1194 2032 1235 2062 Et
1250 2031 1324 2062 ideo
1340 2041 1408 2062 non

344 2079 391 2105 est
414 2075 524 2105 similis
546 2075 637 2105 ratio.

399 2119 449 2149 An
473 2129 635 2149 sncmzmm
657 2129 816 2149 mmmmm
839 2119 929 2159 quod
951 2119 1005 2150 illa
1026 2120 1107 2150 ratio
1123 2116 1274 2160 procedit*
1285 2119 1324 2150 de
1339 2119 1409 2151 ido-

343 2163 461 2193 neitate
485 2168 642 2203 quantum
665 2163 704 2193 ad
727 2164 970 2203 congruitatem.

366 2232 466 2263 ART.
489 2233 528 2263 V.
557 2242 662 2262 urium
685 2243 868 2263 CHARACTER
890 2243 980 2263 umus
1004 2243 1127 2264 ormmxs
1151 2245 1388 2266 PRAESUPPONAT

445 2286 485 2306 m:
508 2286 710 2307 memmi-Ari:
735 2287 960 2307 anRAcrmum
983 2288 1130 2308 Amemus
1154 2288 1288 2309 omanus.

571 2331 604 2352 1v
617 2331 691 2358 Sent„
707 2331 760 2353 dist.
777 2337 817 2359 vn,
832 2337 871 2360 qu.
886 2338 915 2358 u,
930 2335 972 2354 art.
989 2340 1012 2359 ι,
1027 2332 1072 2360 qu·
1085 2339 1106 2361 3,
1120 2332 1149 2354 ad
1163 2339 1183 2362 3.

349 2393 431 2457 An
467 2393 606 2418 amm-un
636 2393 682 2413 sic
715 2393 919 2414 PROCEDITUR.
959 2384 1093 2415 Videtur
1127 2385 1217 2426 quod
1251 2386 1412 2417 character

411 2429 507 2458 unius
531 2427 650 2458 ordinis
673 2434 911 2468 praesupponat
926 2428 965 2459 de
987 2430 1173 2460 necessitate
1197 2430 1411 2461 characterem
1427 2441 1452 2461 50

348 2472 475 2502 alterius
504 2471 635 2502 ordinis.
664 2472 750 2510 Quia
778 2473 880 2503 maior
908 2478 955 2503 est
977 2474 1201 2504 convenientia
1229 2475 1348 2505 ordinis
1371 2475 1412 2506 ad

348 2515 495 2546 ordinem
518 2525 617 2556 quam
640 2515 759 2546 ordinis
783 2516 822 2547 ad
845 2516 931 2547 aliud
953 2523 1196 2549 sacramentum.
1222 2518 1285 2550 Sed
1304 2520 1411 2550 chara-

349 2565 414 2590 cter
433 2560 553 2591 ordinis
574 2561 805 2600 praesupponit
828 2561 1040 2592 characterem
1063 2562 1190 2593 alterius
1212 2565 1410 2600 sacramenti,

348 2604 468 2635 scilicet
489 2605 638 2645 baptismi
654 2605 680 2635 ’ἢ
704 2605 790 2644 Ergo
813 2605 916 2636 multo
940 2605 1053 2636 fortius
1075 2607 1235 2638 character
1249 2608 1345 2638 unius
1361 2618 1412 2638 or-

349 2648 430 2679 dinis
453 2649 684 2689 praesupponit
707 2649 919 2680 characterem
942 2650 1078 2681 alterius.

406 2702 435 2723 2.
460 2693 655 2729 Pnamnnm,
672 2692 799 2723 ordines
823 2699 897 2724 sunt
920 2694 1050 2734 quidam
1072 2695 1187 2735 gradus
1203 2697 1229 2726 ὓ.
1254 2696 1318 2727 Sed
1340 2697 1412 2727 nul-

349 2737 398 2767 lus
422 2742 527 2776 potest
549 2737 714 2777 pervenire
738 2737 777 2768 ad
800 2738 1010 2777 posteriorem
1033 2739 1167 2779 gradum
1190 2741 1251 2770 nisi
1273 2742 1412 2781 priorem

349 2780 534 2812 ascenderit.
559 2782 645 2821 Ergo
661 2781 768 2811 nullus
784 2787 890 2821 potest
905 2783 1048 2823 accipere
1065 2784 1278 2815 characterem
1294 2785 1413 2816 ordinis

349 2826 511 2865 sequentis
533 2826 595 2856 nisi
617 2826 704 2865 prius
728 2826 863 2865 accipiat
885 2826 1031 2858 ordinem
1053 2828 1308 2868 praecedentem.

399 2869 467 2905 >Sin)
491 2879 632 2905 CONTRA,
656 2870 682 2900 si
705 2870 869 2900 omittatur
899 2871 1019 2911 aliquid
1041 2872 1075 2902 in
1097 2879 1294 2904 sacramento
1324 2873 1414 2914 quod
1427 2881 1454 2902 60

349 2914 389 2944 sit
412 2913 452 2944 de
474 2915 660 2944 necessitate
690 2915 894 2950 sacramenti,
919 2921 1046 2955 oportet
1069 2916 1158 2956 quod
1181 2924 1414 2949 sacramentum

349 2958 488 2989 iteretur.
518 2958 581 2989 Sed
603 2959 629 2988 si
652 2958 765 2998 aliquis
788 2959 922 2998 accipiat
944 2966 1132 2999 sequentem
1155 2961 1301 2992 ordinem
1323 2972 1414 3002 prae-

349 3003 495 3033 termisso
518 3004 634 3042 primo,
650 3012 718 3032 non
733 3002 974 3040 reordinabitur‚
991 3004 1046 3034 sed
1070 3004 1232 3036 confertur
1250 3007 1309 3036 sibi
1325 3006 1414 3047 quod

352 3046 474 3082 deerat,
501 3046 680 3077 secundum
713 3052 828 3077 statuta
863 3055 1025 3078 canonum
1040 3048 1067 3079 ἦ
1103 3049 1187 3090 Ergo
1221 3051 1414 3090 praecedens

351 3090 432 3121 ordo
455 3101 524 3121 non
547 3097 594 3122 est
617 3090 656 3121 de
679 3092 865 3122 necessitate
889 3093 1060 3132 sequentis.

405 3135 594 3166 Rasponmzo
625 3146 784 3166 mmmmm
814 3136 904 3175 quod
929 3146 997 3167 non
1021 3142 1068 3167 est
1090 3136 1129 3167 de
1153 3139 1339 3169 necessitate
1361 3149 1414 3170 su-

352 3179 515 3218 periorum
538 3179 688 3210 ordinum
704 3180 794 3220 quod
809 3180 922 3220 aliquis
945 3182 1085 3211 minores
1109 3181 1235 3212 ordines
1257 3184 1344 3223 prius
1359 3184 1415 3214 ha—

352 3222 440 3252 beat:
466 3224 541 3263 quia
562 3229 735 3264 potestates
751 3230 825 3255 sunt
841 3224 1024 3262 distinctae;
1049 3230 1080 3255 et
1103 3235 1177 3262 una,
1195 3232 1352 3266 quantum
1369 3234 1415 3258 est

354 3265 394 3296 de
417 3267 466 3296 sui
488 3268 620 3304 ratione,
636 3278 703 3298 non
727 3269 859 3308 requirit
882 3269 975 3299 aliam
999 3270 1032 3300 in
1056 3270 1171 3301 eodem
1195 3271 1350 3302 subiecto.
1374 3272 1415 3302 Et

1451 262 1589 291 maiores
1619 261 1746 292 ordines
1774 271 1807 292 se
1829 271 1897 292 non
1926 262 2046 302 ingerat
2078 264 2133 303 qui
2163 265 2250 303 prius
2277 265 2311 294 in
2337 265 2514 295 minoribus

1453 304 1565 336 officiis
1581 315 1614 335 se
1629 315 1697 336 non
1713 305 1900 336 humiliavit.
1925 306 1965 336 Et
1980 307 2054 337 inde
2077 313 2122 337 est
2138 308 2227 347 quod
2250 309 2307 348 qui
2330 309 2515 339 ordinantur

1452 359 1510 389 per
1537 350 1668 386 saltum,
1697 349 1875 380 secundum
1905 359 2044 380 canones
2059 352 2086 386 *‚
2110 361 2177 381 non
2199 352 2436 389 reordinantur,
2459 353 2515 384 sed

1453 393 1486 424 id
1509 393 1599 433 quod
1622 394 1778 424 omissum
1804 393 1907 424 fuerat
1930 393 1969 424 de
1992 395 2254 434 praecedentibus
2283 396 2446 427 ordinibus
2471 398 2515 428 eis

1454 437 1626 468 confertur.

1498 482 1548 512 An
1572 492 1688 512 ramim
1711 491 1794 512 ERGO
1818 491 1977 512 mmmmm
2008 481 2097 522 quod
2122 483 2222 522 magis
2246 486 2442 515 conveniunt
2465 495 2515 515 or-

1455 525 1544 556 dines
1567 526 1607 556 ad
1629 527 1768 557 invicem
1798 525 1976 556 secundum
2006 526 2246 557 similitudinem
2276 530 2393 567 speciei
2419 539 2516 569 quam

1455 569 1536 600 ordo
1560 580 1636 601 cum
1659 571 1834 610 baptismo:
1859 569 1915 600 sed
1937 569 2116 600 secundum
2138 573 2381 610 proportionem
2403 579 2516 613 poten-

1455 615 1516 644 tiae
1533 614 1573 644 ad
1587 620 1695 645 actum
1710 615 1810 654 magis
1827 614 1978 645 convenit
2000 614 2176 654 baptismus
2193 624 2267 645 curn
2287 616 2397 646 ordine
2420 627 2517 657 quam

1456 658 1536 688 ordo
1554 668 1629 689 cum
1651 658 1772 689 ordine.
1797 658 1882 697 Quia
1896 668 1954 698 per
1970 659 2164 698 baptismum
2187 660 2321 699 acquirit
2343 660 2443 690 homo
2459 671 2517 700 po-

1455 703 1587 732 tentiam
1609 703 1767 742 passivam
1790 702 1964 743 recipiendi
1990 702 2136 733 ordines:
2167 713 2235 733 non
2258 709 2365 734 autem
2388 714 2445 745 per
2468 715 2518 734 or-

1456 745 1565 776 dinem
1580 746 1765 777 inferiorem
1781 746 1872 778 datur
1886 747 2031 787 potentia
2051 748 2174 787 passiva
2196 748 2369 787 recipiendi
2383 749 2519 779 maiores

1457 790 1597 820 ordines.

1511 835 1562 864 An
1586 844 1748 864 SECUNDUM
1771 844 1930 865 metuntur
1954 835 2043 876 quod
2070 835 2196 866 ordines
2219 845 2287 866 non
2310 842 2384 867 sunt
2406 837 2520 877 gradus

1418 889 1426 902 ¹
1458 879 1514 918 qui
1537 884 1706 909 occurrant
1728 880 1762 909 in
1785 880 1911 910 actione
1934 890 1998 910 una
2021 880 2071 910 vel
2094 881 2128 910 in
2151 890 2218 910 uno
2242 886 2344 917 motu,
2364 887 2400 911 ut
2423 891 2520 922 opor-

1457 928 1521 953 teat
1537 922 1576 953 ad
1591 923 1742 954 ultimum
1758 933 1814 963 per
1829 924 1970 963 primum
1993 924 2141 955 devenire
2154 935 2160 955 :
2185 924 2241 955 sed
2260 931 2337 966 sunt
2355 926 2437 956 sicut
2451 935 2520 966 gra-

1458 966 1518 997 dus
1533 968 1567 997 in
1583 967 1712 998 diversis
1734 969 1828 998 rebus
1853 969 2026 999 constituti.
2050 969 2139 1000 Sicut
2162 974 2209 999 est
2229 969 2343 1009 gradus
2365 970 2447 1000 inter
2461 971 2521 1000 ho-

1458 1012 1579 1042 minem
1596 1017 1627 1042 et
1643 1012 1811 1052 angelum:
1835 1022 1896 1043 nec
1915 1018 2043 1053 oportet
2067 1013 2156 1053 quod
2177 1013 2229 1043 ille
2253 1014 2309 1053 qui
2325 1014 2364 1044 sit
2379 1015 2519 1054 angelus,

1457 1056 1546 1096 prius
1569 1055 1664 1086 fuerit
1685 1057 1796 1087 homo.
1825 1056 1975 1087 Similiter
1997 1059 2093 1088 etiam
2117 1063 2163 1088 est
2184 1057 2298 1097 gradus
2321 1059 2402 1088 inter
2425 1065 2521 1099 caput

1459 1105 1490 1131 et
1505 1101 1615 1130 omnia
1637 1101 1781 1131 membra
1805 1102 1964 1141 corporis:
1988 1111 2048 1132 nec
2073 1107 2201 1141 oportet
2224 1102 2312 1142 quod
2334 1102 2413 1133 illud
2432 1103 2521 1143 quod

1459 1150 1505 1175 est
1528 1150 1634 1185 caput,
1658 1146 1746 1185 prius
1773 1144 1867 1175 fuerit
1890 1155 1956 1185 pes.
1989 1146 2030 1176 Et
2052 1147 2194 1176 similiter
2217 1152 2264 1177 est
2285 1147 2319 1177 in
2341 1148 2519 1187 proposito.

1634 1224 1886 1268 QUAESTIO
1910 1224 2354 1260 TRIGESIMASEXTA

1535 1290 1580 1315 DE
1600 1290 1799 1320 QUALITATE
1818 1291 2075 1316 SUSClPIEN'HUM
2094 1292 2167 1316 Hoc
2186 1292 2444 1318 SACRAMENTUM

1462 1374 1614 1438 Damni:
1648 1364 1916 1396 considerandum
1947 1371 1993 1396 est
2026 1365 2065 1396 de
2099 1367 2251 1406 qualitate
2280 1369 2521 1409 suscipientium

1522 1409 1585 1439 hoc
1608 1415 1842 1440 sacramentum
1857 1410 1883 1439 *.

1460 1453 1554 1484 Circa
1578 1453 1666 1493 quod
1690 1459 1886 1493 quaeruntur
1909 1454 2063 1494 quinque.

1514 1497 1641 1527 Primo:
1666 1503 1774 1528 utrum
1797 1499 1830 1528 in
1853 1499 2098 1538 suscipientibus
2127 1501 2191 1531 hoc
2217 1507 2451 1532 sacramentum
2474 1512 2523 1532 re-

1550 1542 1692 1581 quiratur
1714 1543 1838 1572 bonitas
1860 1543 1953 1572 vitae.

1515 1585 1684 1616 Secundo:
1709 1591 1818 1616 utrum
1840 1588 2017 1627 requiratur
2040 1588 2171 1619 scientia
2193 1589 2292 1619 totius
2315 1599 2420 1620 sacrae
2442 1590 2523 1621 Scri-

1549 1635 1671 1670 pturae.

1516 1673 1644 1704 Tertio:
1669 1679 1778 1704 utrum
1794 1684 1832 1704 ex
1847 1675 1918 1714 ipso
1941 1676 2055 1706 merito
2079 1677 2161 1707 vitae
2185 1677 2298 1717 aliquis
2322 1678 2440 1708 ordinis
2455 1688 2524 1718 gra-

1551 1717 1610 1748 dus
1633 1724 1856 1758 consequatur.

1517 1761 1657 1799 Quarto:
1682 1768 1791 1792 utrum
1814 1772 2010 1802 promovens
2033 1763 2182 1804 indignos
2197 1765 2237 1795 ad
2253 1765 2380 1796 ordines
2403 1773 2524 1806 peccet.

1517 1805 1660 1843 Quinto:
1685 1812 1793 1837 utrum
1817 1807 1931 1847 aliquis
1954 1808 1987 1838 in
2010 1814 2144 1848 peccato
2173 1810 2308 1840 existens
2334 1812 2436 1850 possit
2458 1812 2525 1841 sine

1553 1856 1685 1890 peccato
1710 1850 1822 1881 ordine
1845 1857 1995 1892 suscepto
2019 1853 2076 1883 uti.

1617 1921 1717 1951 ART.
1742 1921 1764 1951 Ι.
1789 1931 1894 1951 UTRUM
1916 1932 1948 1952 IN
1971 1932 2210 1954 suscmnnrmus
2234 1933 2365 1955 oannms

1764 1975 1962 1996 REQUIRATUR
1985 1976 2115 1998 nomi-as
2137 1978 2229 1998 vnum

1527 2041 1548 2061 n
1578 2041 1695 2061 PRIMUM
1718 2042 1763 2062 src
1786 2042 1990 2063 Pnocnmrun.
2024 2033 2157 2065 Videtur
2180 2035 2270 2075 quod
2292 2036 2325 2066 in
2353 2037 2527 2077 suscipien—

1466 2043 1612 2106 Atibus
1636 2075 1763 2106 ordines
1786 2086 1854 2107 non
1880 2077 2058 2117 requiratur
2081 2079 2206 2109 bonitas
2232 2080 2325 2110 vitae.
2357 2080 2442 2118 Quia
2469 2092 2527 2122 per

1465 2119 1610 2150 ordinem
1634 2120 1748 2160 aliquis
1771 2120 1934 2151 ordinatur
1957 2121 1996 2152 ad
2019 2121 2288 2162 dispensationem
2315 2132 2527 2156 sacramento-

1464 2173 1547 2194 rum.
1571 2163 1634 2195 Sed
1657 2170 1852 2195 sacramenta
1874 2171 2010 2205 possunt
2033 2165 2206 2207 dispensari
2229 2178 2247 2198 a
2269 2169 2361 2199 bonis
2380 2175 2412 2200 et
2426 2171 2526 2201 malis.

1465 2209 1550 2248 Ergo
1574 2218 1642 2239 non
1665 2210 1835 2249 requiritur
1857 2210 1943 2240 bona
1965 2211 2037 2240 vita.

1523 2263 1551 2283 2.
1575 2253 1770 2289 Pmmnnm,
1786 2263 1855 2284 non
1871 2260 1918 2284 est
1932 2255 2035 2285 maius
2057 2256 2269 2286 ministerium
2293 2257 2382 2296 quod
2405 2258 2475 2288 Deo
2494 2260 2527 2289 in

1465 2298 1668 2327 sacramentis
1693 2298 1870 2334 exhibetur,
1896 2308 1993 2338 quam
2017 2300 2106 2339 quod
2128 2301 2189 2340 ipsi
2213 2302 2419 2341 corporaliter
2442 2304 2528 2333 exhi-

1465 2342 1567 2372 betur.
1592 2341 1655 2372 Sed
1671 2351 1688 2371 a
1703 2342 1878 2372 ministerio
1901 2343 2000 2383 ipsius
2024 2346 2182 2384 corporali
2202 2355 2269 2375 non
2285 2346 2401 2385 repulit
2416 2347 2528 2377 Domi-

1465 2395 1526 2416 nus
1542 2386 1710 2416 mulierem
1734 2387 1944 2426 peccatricem
1961 2393 1992 2418 et
2006 2387 2178 2419 infamem:
2203 2395 2239 2419 ut
2253 2395 2339 2429 patet
2355 2390 2433 2421 Luc.
2445 2401 2489 2422 vn
2500 2393 2527 2422 ἃ.

1465 2430 1551 2470 Ergo
1574 2439 1635 2460 nec
1651 2440 1669 2460 a
1683 2430 1859 2461 ministerio
1883 2432 1951 2462 eius
1974 2433 2007 2462 in
2030 2434 2232 2464 sacramentis
2254 2434 2331 2464 tales
2350 2441 2424 2465 sunt
2440 2445 2528 2466 amo-

1466 2474 1571 2504 vendi.

1523 2519 1552 2549 3.
1577 2518 1772 2555 ΡΚΑΕΤΕΚΕΑ,
1789 2528 1847 2559 per
1862 2529 1994 2550 omnem
2012 2521 2143 2561 gratiam
2168 2521 2258 2552 datur
2281 2523 2412 2563 aliquod
2427 2534 2529 2555 reme-

1466 2562 1556 2593 dium
1573 2568 1683 2593 contra
1698 2568 1878 2603 peccatum.
1903 2564 1965 2595 Sed
1980 2565 2040 2595 illis
2057 2566 2113 2605 qui
2127 2566 2245 2597 habent
2267 2574 2446 2607 peccatum,
2462 2579 2530 2599 non

1467 2607 1562 2638 debet
1584 2607 1716 2647 aliquod
1739 2607 1917 2639 remedium
1941 2608 2089 2649 denegari
2112 2611 2202 2650 quod
2225 2612 2269 2641 eis
2292 2613 2396 2643 valere
2418 2614 2528 2652 possit.

1467 2651 1553 2682 Cum
1574 2661 1649 2692 ergo
1665 2652 1699 2682 in
1714 2658 1912 2683 sacramento
1936 2653 2056 2684 ordinis
2079 2655 2177 2694 gratia
2200 2656 2390 2693 conferatur,
2407 2657 2530 2688 videtur

1467 2695 1557 2736 quod
1580 2695 1693 2726 debeat
1716 2697 1811 2726 etiam
1834 2699 2055 2737 peccatoribus
2074 2699 2136 2729 hoc
2153 2707 2386 2731 sacramentum
2410 2701 2485 2732 dari.

1522 2740 1584 2771 SED
1609 2750 1742 2776 CONTRA,
1766 2741 1866 2771 Levit.
1886 2752 1938 2772 xx1
1953 2743 1986 2772 *:
2010 2742 2121 2774 Homo
2145 2744 2184 2774 de
2206 2745 2326 2775 semine
2340 2747 2452 2776 Aaron
2476 2747 2531 2786 qui

1466 2785 1615 2815 habuerit
1635 2786 1806 2821 maculam,
1827 2795 1891 2816 non
1917 2787 2035 2827 offerat
2050 2798 2155 2827 panes
2178 2798 2288 2819 coram
2304 2790 2455 2825 Domino,
2474 2801 2532 2821 nec

1467 2829 1600 2860 accedat
1622 2829 1665 2860 ad
1687 2830 1898 2860 ministerium
1925 2831 2003 2861 eius.
2035 2831 2097 2862 Sed
2119 2842 2176 2872 per
2199 2834 2372 2870 maculam,
2397 2839 2433 2864 ut
2456 2834 2532 2865 dicit

1469 2873 1584 2904 Glossa
1594 2875 1621 2910 θ’,
1638 2883 1735 2904 omne
1759 2874 1869 2905 vitium
1893 2875 2086 2915 intelligitur.
2111 2877 2195 2917 Ergo
2219 2878 2271 2907 ille
2288 2878 2344 2917 qui
2360 2884 2406 2908 est
2421 2878 2529 2918 aliquo

1470 2918 1546 2948 vitio
1569 2918 1716 2954 irretitus,
1732 2928 1799 2948 non
1824 2919 1918 2950 debet
1941 2919 1980 2950 ad
2002 2921 2213 2951 ministerium
2237 2921 2355 2952 ordinis
2379 2922 2529 2953 adhiberi.

1525 2972 1555 2992 2.
1578 2962 1774 2999 ΡΚΑΕΤΕΒΕΑ,
1791 2963 2009 3004 Hieronymus
2028 2964 2104 2995 dicit
2119 2966 2136 2982 ’θ
2159 2965 2248 3005 quod
2264 2976 2329 2996 non
2345 2968 2450 2997 solum
2467 2967 2530 3007 epi—

1468 3007 1566 3047 scopi,
1585 3007 1769 3048 preslgrteri
1792 3013 1823 3038 et
1845 3007 1975 3039 diaconi
1997 3008 2109 3039 debent
2137 3019 2334 3051 magnopere
2356 3011 2532 3051 providere

1469 3056 1505 3081 ut
1527 3056 1676 3081 cunctum
1692 3052 1851 3092 populum
1875 3053 1928 3082 cui
1945 3053 2133 3093 praesident
2153 3064 2301 3084 sermone
2316 3060 2347 3085 et
2361 3065 2532 3086 conversa—

1470 3096 1557 3126 tione
1566 3096 1775 3136 praecedant,
1792 3106 1902 3127 verum
1919 3097 2014 3127 etiam
2031 3098 2205 3139 inferiores
2226 3099 2360 3140 gradus,
2377 3105 2408 3130 et
2423 3109 2532 3130 omnes

1469 3140 1524 3180 qui
1546 3140 1686 3170 Domini·
1706 3141 1842 3171 oraculo
1873 3141 2074 3172 deserviunt:
2102 3143 2177 3183 quia
2202 3143 2400 3173 vehementer
2421 3143 2532 3174 Eccle-

1468 3184 1550 3214 siam
1565 3184 1628 3214 Dei
1643 3184 1779 3215 destruit
1799 3186 1949 3216 meliores
1967 3196 2034 3216 esse
2057 3187 2158 3217 laicos
2173 3197 2268 3228 quam
2285 3188 2429 3218 clericos.
2446 3188 2531 3228 Ergo

1469 3229 1503 3259 in
1526 3229 1677 3259 omnibus
1701 3229 1865 3260 ordinibus
1888 3231 2058 3270 requiritur
2081 3232 2226 3262 sanctitas
2250 3233 2341 3262 vitae.

1523 3272 1713 3303 stponneo
1746 3283 1904 3304 mmmmm
1935 3275 2041 3314 quod,
2065 3276 2147 3306 sicut
2179 3276 2351 3317 Dionysius
2382 3276 2474 3312 dicit,
2499 3287 2533 3306 111

354 3309 428 3340 ideo
458 3311 554 3341 etiam
581 3312 616 3342 in
642 3313 801 3352 primitiva
830 3313 974 3344 Ecclesia
1003 3314 1101 3354 aliqui
1132 3314 1359 3346 ordinabantur
1381 3317 1415 3347 in
1429 3327 1456 3347 7⁰
1470 3325 1539 3356 cap.
1555 3317 1678 3347 Eccles.
1694 3317 1789 3348 Hier.
1806 3319 1839 3348 ἐ
1868 3319 1910 3349 Ut
1929 3319 2112 3350 subtiliores
2134 3325 2165 3350 et
2187 3321 2344 3351 clariores
2367 3321 2531 3355 essentiae,
2560 3326 2570 3336 '

354 3354 554 3395 presbyteros
577 3357 634 3395 qui
655 3357 743 3396 prius
765 3356 931 3388 inferiores
954 3358 1081 3388 ordines
1103 3368 1171 3389 non
1194 3365 1413 3400 susceperant:

355 3403 387 3428 et
401 3403 508 3428 tamen
530 3404 679 3438 poterant
699 3402 808 3432 omnia
831 3411 914 3441 quae
937 3402 1101 3433 inferiores
1121 3403 1248 3434 ordines
1263 3410 1413 3444 possunt;

356 3443 431 3482 quia
452 3442 583 3473 inferior
605 3449 744 3483 potestas
767 3446 1048 3486 comprehenditur
1070 3448 1103 3477 in
1119 3449 1275 3488 superiori
1290 3449 1414 3485 virtute,

355 3487 437 3517 sicut
460 3496 570 3517 sensus
592 3487 626 3517 in
647 3488 810 3519 intellectu
826 3495 858 3520 et
872 3489 1006 3522 ducatus
1029 3492 1063 3522 in
1084 3501 1194 3532 regno.
1219 3492 1282 3523 Sed
1304 3499 1416 3533 postea

1471 3361 1610 3401 repletae
1633 3361 1762 3401 influxu
1789 3363 1946 3393 solarium
1976 3364 2200 3403 splendorum,
2225 3365 2330 3395 lumen
2355 3365 2388 3394 in
2413 3365 2458 3395 eis
2479 3375 2533 3395 su-

1464 3405 1678 3446 pereminens,
1695 3406 1739 3437 ad
1760 3407 1999 3438 similitudinem
2018 3409 2106 3443 solis,
2130 3409 2173 3439 ad
2195 3409 2262 3440 alia
2285 3418 2425 3449 corpora
2448 3409 2534 3439 inve-

1470 3450 1550 3480 hunt
1557 3456 1569 3486 ,⁶
1591 3450 1638 3480 sic
1654 3450 1686 3480 in
1703 3451 1792 3481 omni
1807 3451 1916 3482 divino
1934 3462 1998 3482 non
2016 3458 2063 3483 est
2077 3453 2259 3483 audendum
2278 3453 2352 3483 aliis
2373 3453 2441 3483 dux
2456 3463 2532 3489 esse,

1471 3493 1534 3524 nisi
1548 3494 1722 3525 secundum
1739 3505 1864 3526 omnem
1879 3496 2020 3527 habitum
2035 3507 2129 3527 suum
2135 3498 2252 3539 factus
2267 3498 2534 3539 deiformissimus

355 3540 412 3572 per
435 3531 698 3563 constitutionem
723 3533 884 3565 Ecclesiae
913 3534 1158 3567 determinatum
1189 3542 1235 3568 est
1265 3537 1354 3577 quod
1377 3537 1416 3568 ad
1431 3546 1455 3567 75
1471 3543 1502 3569 et
1523 3538 1594 3568 Deo
1618 3539 1810 3570 simillimus.
1835 3540 1938 3577 Unde,
1964 3551 2038 3571 cum
2061 3542 2094 3572 in
2118 3541 2263 3582 quolibet
2286 3541 2397 3572 ordine
2421 3542 2533 3581 aliquis

497 3591 608 3616 Susum:
624 3591 728 3616 Tnsox..
747 3592 778 3617 D.
792 3593 906 3619 Tuon:
920 3595 952 3620 Τ.
971 3596 1014 3620 [Χ.

2358 3602 2390 3635 9*

2541 360 2551 369 ‘
2575 358 2610 379 Cf.
2638 363 2685 385 arg.
2707 357 2756 379 Sed

2542 386 2632 406 contra.

2549 1417 2559 1425 “
2574 1413 2610 1435 Cf.
2625 1418 2664 1439 qu.
2679 1419 2760 1441 xxxiv,

2550 1440 2637 1462 Introd-

2555 2393 2567 2404 ”
2580 2393 2647 2414 Vers.
2660 2398 2687 2421 37
2702 2398 2753 2420 sqq.

2558 2756 2568 2766 ⁸
2583 2754 2649 2776 Vers.
2666 2760 2698 2781 17,
2716 2754 2748 2776 18.

2559 2887 2569 2897 ”
2590 2885 2645 2906 Ord.
2668 2884 2768 2912 Hesych.

2558 2975 2568 2984 '¹
2593 2972 2717 2994 Commeat.
2745 2972 2769 2992 in

2558 2999 2601 3027 Ep.
2617 2999 2650 3020 ad
2665 2999 2726 3025 Tit„
2741 2998 2770 3019 ad

2619 3031 2643 3051 n,
2652 3031 2710 3046 vers.
2721 3031 2751 3052 ¹5.
2759 3035 2770 3039 -

2615 3058 2664 3073 can.
2687 3051 2770 3079 Qualis

2559 3080 2627 3105 enim,
2638 3084 2700 3100 caus.
2710 3077 2770 3103 vlu,

2560 3112 2598 3132 qu.
2614 3111 2630 3126 1.

2559 3032 2608 3074 2³¹8·

2585 3325 2594 3350 5
2611 3331 2645 3350 ¹4-
