2878 4088
376 208 446 256 198

371 285 484 316 accidit
516 286 549 315 in
581 285 723 315 motibus
757 294 794 315 ex
827 285 1002 315 resistentia
1033 283 1140 315 medii.
1175 283 1317 321 Quilibet
1350 281 1435 311 enim

370 335 478 360 motus
501 330 596 359 habet
619 328 865 359 determinatum
888 334 1016 369 tempus
1039 329 1215 359 velocitatis
1240 333 1270 357 et
1285 325 1435 356 tarditatis

371 384 408 405 ex
431 374 564 404 victoria
586 374 745 403 moventis
769 383 864 413 supra
887 373 1022 408 mobile,
1048 373 1143 403 etiam
1166 372 1191 402 si
1215 370 1293 401 nihil
1316 369 1438 399 resistat

371 429 408 449 ex
431 424 520 458 parte
542 417 659 448 medii:
691 418 773 448 sicut
796 422 883 458 patet
905 418 938 448 in
963 417 1151 457 corporibus
1176 415 1379 448 caelestibus,
1404 413 1437 442 in

371 463 486 503 quibus
520 472 588 492 non
621 462 782 492 invenitur
815 461 936 502 aliquid
965 461 1053 501 quod
1083 461 1186 491 obstet
1219 459 1323 489 motui
1352 458 1438 496 ipso-

370 516 452 542 rum,
470 512 500 536 et
523 511 631 536 tamen
653 516 722 536 non
744 512 916 536 moventur
938 507 972 535 in
1000 505 1137 539 instanti,
1155 503 1210 533 sed
1237 504 1270 532 in
1293 507 1439 541 tempore

371 551 579 582 determinato
611 550 790 581 secundum
819 550 1063 591 proportionem
1095 547 1257 588 potentiae
1281 545 1440 576 moventis

371 594 410 626 ad
433 595 563 625 mobile.
594 595 635 625 Et
658 595 701 625 ita
724 600 810 635 patet
834 593 938 634 quod,
963 594 988 623 si
1012 597 1150 633 ponatur
1173 590 1293 630 aliquid
1317 589 1440 620 moveri

370 640 403 670 in
434 649 554 674 vacuo,
578 649 646 669 non
671 639 832 679 oportebit
856 637 944 678 quod
967 641 1135 667 moveatur
1157 636 1190 665 in
1214 635 1361 665 instanti:
1386 632 1442 663 sed

372 683 461 724 quod
475 684 554 714 nihil
570 683 702 714 addatur
717 683 855 723 tempori
872 681 960 722 quod
984 680 1116 711 debetur
1131 680 1235 710 motui
1252 689 1289 709 ex
1305 687 1441 719 propor-
1458 687 1483 701 ιο

370 729 458 758 tione
474 728 633 768 praedicta
655 728 812 758 moventis
834 726 872 756 ad
888 725 1017 760 mobile,
1035 725 1110 764 quia
1125 730 1233 754 motus
1255 733 1324 754 non
1347 727 1443 753 retar-

371 772 472 802 datur.

429 816 491 847 Sed
514 817 593 847 haec
616 816 794 856 responsio,
811 820 847 845 ut
863 814 1110 844 Commentator
1126 813 1202 843 dicit
1220 811 1350 848 ibidem,
1366 821 1442 852 pro-

374 861 457 891 cedit
473 871 511 891 ex
527 860 604 891 falsa
626 860 854 899 imaginatione
878 868 942 898 qua
966 859 1037 897 quis
1061 858 1252 897 imaginatur
1276 856 1365 897 quod
1380 862 1441 886 tar-

373 905 451 936 ditas
479 914 561 945 quae
591 909 736 935 causatur
763 913 801 933 ex
827 902 1002 933 resistentia
1030 901 1144 938 medii,
1169 902 1208 932 sit
1236 901 1342 941 aliqua
1370 910 1441 941 pars

372 955 480 980 motus
504 949 608 979 addita
630 949 734 978 motui
756 947 900 983 naturali,
918 947 973 986 qui
989 947 1085 976 habet
1101 947 1310 986 quantitatem
1327 955 1440 976 secun-

373 993 450 1024 dum
473 993 718 1032 proportionem
745 992 904 1021 moventis
929 990 968 1021 ad
991 990 1126 1026 mobile,
1151 991 1233 1020 sicut
1263 1000 1328 1020 una
1357 990 1441 1020 linea

372 1037 497 1067 additur
520 1037 640 1072 lineae,
664 1037 787 1066 ratione
819 1036 910 1066 cuius
941 1034 1055 1065 accidit
1077 1035 1110 1065 in
1134 1035 1226 1065 lineis
1257 1034 1347 1074 quod
1372 1044 1439 1064 non

372 1087 515 1111 remanet
544 1081 656 1111 eadem
686 1081 854 1120 proportio
883 1080 981 1110 totius
1005 1079 1045 1109 ad
1067 1084 1168 1109 totam
1197 1079 1331 1114 lineam,
1357 1088 1440 1119 quae

373 1131 438 1156 erat
461 1125 617 1155 linearum
642 1124 819 1155 additarum
844 1123 883 1154 ad
903 1125 1060 1154 invicem:
1086 1129 1121 1154 ut
1137 1124 1181 1154 sic
1198 1124 1294 1153 etiam
1317 1133 1386 1153 non
1401 1123 1441 1153 sit

373 1169 485 1200 eadem
508 1170 676 1210 proportio
698 1169 796 1199 totius
811 1174 920 1199 motus
937 1168 976 1199 ad
992 1173 1097 1199 toturn
1113 1173 1241 1198 motum
1258 1167 1440 1198 sensibilem

373 1224 455 1254 quae
472 1220 519 1244 est
534 1213 783 1245 retardationum
808 1213 1064 1253 contingentium
1080 1222 1118 1243 ex
1134 1213 1309 1243 resistentia
1331 1211 1439 1242 medii.

373 1259 465 1297 Quae
489 1258 620 1299 quidem
652 1258 836 1298 imaginatio
867 1257 944 1288 falsa
972 1263 1028 1288 est.
1062 1257 1148 1295 Quia
1179 1257 1339 1297 quaelibet
1370 1266 1441 1297 pars

373 1309 481 1334 motus
504 1303 599 1334 habet
622 1308 747 1333 tantum
771 1302 810 1333 de
830 1302 999 1333 velocitate
1023 1307 1181 1342 quantum
1204 1307 1291 1332 totus
1314 1307 1439 1332 motus:

373 1357 441 1378 non
465 1353 572 1378 autem
597 1347 757 1387 quaelibet
780 1356 851 1387 pars
875 1347 976 1377 lineae
1005 1347 1100 1377 habet
1127 1351 1252 1376 tantum
1276 1345 1315 1376 de
1340 1355 1441 1386 quan-

373 1392 461 1422 titate
485 1391 660 1422 dimensiva
683 1397 841 1431 quantum
864 1391 959 1422 habet
982 1396 1049 1421 tota
1071 1391 1165 1421 linea.
1197 1389 1292 1421 Unde
1314 1390 1442 1421 tarditas

374 1437 424 1467 vel
448 1437 599 1467 velocitas
623 1435 727 1467 addita
750 1437 854 1466 motui
878 1435 1034 1466 redundat
1057 1436 1090 1466 in
1114 1435 1291 1476 quamlibet
1318 1440 1442 1475 partem

375 1482 461 1512 eius:
487 1481 577 1521 quod
600 1480 640 1511 de
663 1481 753 1511 lineis
777 1490 845 1510 non
869 1481 1035 1520 contingit.
1060 1480 1101 1511 Et
1119 1481 1163 1510 sic
1187 1479 1313 1510 tarditas
1337 1479 1443 1510 addita

374 1526 479 1556 motui
501 1535 568 1556 non
593 1524 667 1556 facit
690 1525 784 1555 aliam
808 1530 931 1565 partem
954 1530 1073 1561 motus,
1098 1525 1179 1555 sicut
1202 1525 1235 1555 in
1252 1524 1344 1555 lineis
1359 1525 1442 1554 acei—

376 1570 469 1601 debat
493 1569 583 1610 quod
606 1569 749 1600 additum
773 1575 819 1599 est
842 1579 914 1610 pars
937 1570 1036 1600 totius
1059 1569 1172 1599 lineae.

431 1615 472 1645 Et
494 1614 569 1645 ideo
594 1614 633 1644 ad
656 1613 895 1654 intelligendam
925 1614 1150 1654 probationem
1177 1613 1383 1654 Philosophi,
1407 1618 1443 1643 ut

377 1658 623 1689 Commentator
646 1658 765 1689 ibidem
789 1659 930 1698 exponit,
947 1658 1114 1689 sciendum
1139 1657 1291 1698 estquod
1314 1663 1444 1698 oportet

377 1704 520 1743 accipere
543 1708 649 1734 totum
672 1712 731 1743 pro
755 1713 840 1739 uno,
865 1702 985 1733 scilicet
1012 1703 1222 1733 resistentiam
1251 1702 1380 1732 mobilis
1404 1701 1443 1732 ad

377 1749 527 1778 virtutem
554 1753 758 1783 moventem,
783 1752 814 1777 et
837 1747 1046 1778 resistentiam
1073 1746 1171 1777 medii
1198 1756 1256 1787 per
1280 1746 1369 1787 quod
1397 1751 1444 1776 est

377 1798 496 1827 motus,
514 1797 544 1822 et
561 1793 794 1831 cuiuscumque
818 1791 945 1822 alterius
968 1791 1157 1822 resistentis:
1182 1791 1224 1821 ita
1249 1791 1338 1831 quod
1362 1791 1444 1821 acci·

377 1837 482 1877 piatur
502 1837 661 1876 quantitas
684 1835 836 1866 tarditatis
859 1836 958 1866 totius
981 1841 1090 1866 motus
1114 1835 1292 1866 secundum
1308 1845 1444 1876 propor-

378 1881 501 1911 tionem
524 1881 647 1911 virtutis
670 1881 829 1910 moventis
853 1880 892 1910 ad
915 1880 1035 1910 mobile
1059 1880 1205 1910 resistens
1234 1889 1444 1920 quocumque

378 1925 496 1961 modo,
520 1925 571 1955 vel
599 1934 637 1955 ex
664 1934 697 1954 se
725 1925 775 1955 vel
805 1934 842 1955 ex
870 1924 933 1955 alio
965 1925 1152 1955 extrinseco.
1186 1923 1323 1965 Oportet
1358 1925 1445 1955 enim

378 1979 504 2009 semper
528 1968 617 2009 quod
640 1969 760 1999 mobile
783 1969 904 1999 resistat
927 1969 1036 2009 aliquo
1060 1968 1160 1999 modo
1183 1969 1343 1999 moventi:
1369 1978 1445 1999 cum

378 2023 512 2044 movens
529 2019 560 2044 et
575 2018 712 2049 motum,
730 2022 826 2053 agens
843 2018 873 2043 et
888 2014 1022 2053 patiens,
1039 2013 1232 2053 inquantum
1248 2013 1443 2049 huiusmodi,

377 2059 440 2088 sint
456 2058 621 2088 contraria.
645 2057 850 2097 Quandoque
867 2062 975 2087 autem
991 2058 1152 2087 invenitur
1166 2058 1309 2087 resistere
1324 2057 1445 2087 mobile

378 2102 521 2132 moventi
545 2111 583 2132 ex
606 2102 731 2141 seipso:
761 2101 811 2132 vel
840 2102 915 2141 quia
943 2102 1038 2132 habet
1061 2102 1211 2132 virtutem
1238 2102 1445 2132 inclinantem

378 2146 418 2177 ad
441 2147 636 2177 contrarium
663 2151 808 2182 motum,
833 2147 914 2176 sicut
941 2151 1036 2186 patet·
1054 2146 1088 2176 in
1110 2146 1253 2176 motibus
1276 2146 1444 2182 violentis;

377 2191 428 2221 vel
451 2191 563 2221 saltem
587 2191 662 2230 quia
686 2191 780 2221 habet
803 2190 913 2220 locum
938 2191 1133 2221 contrarium
1164 2191 1238 2221 loco
1263 2191 1319 2230 qui
1343 2196 1390 2221 est
1412 2191 1445 2221 in

378 2236 556 2266 intentione
579 2235 748 2271 moventis,
774 2234 956 2265 cuiusmodi
979 2235 1153 2266 resistentia
1174 2235 1334 2266 invenitur
1350 2235 1446 2265 etiam

379 2289 553 2320 corporum
570 2279 753 2310 caelestium
770 2278 809 2309 ad
825 2289 901 2310 suos
916 2284 1068 2310 motores.
1079 2298 1102 2302 —
1115 2279 1322 2320 Quandoque
1338 2284 1446 2310 autem

378 2324 498 2354 mobile
522 2324 635 2354 resistit
658 2324 765 2354 virtuti
788 2324 948 2354 moventis
973 2333 1010 2354 ex
1034 2324 1096 2354 alio
1120 2329 1246 2354 tantum
1270 2329 1300 2355 et
1318 2333 1387 2354 non
1408 2333 1446 2354 ex

379 2369 504 2409 seipso:
538 2369 620 2399 sicut
642 2373 729 2408 patet
752 2368 786 2398 in
809 2373 902 2398 motu
929 2368 1064 2398 naturali
1092 2369 1236 2408 gravium
1261 2374 1291 2399 et
1315 2368 1444 2399 levium.

379 2413 464 2451 Quia
485 2422 542 2453 per
558 2413 660 2453 ipsam
683 2412 820 2442 formam
844 2422 958 2443 eorum
981 2413 1174 2444 inclinantur
1197 2413 1236 2444 ad
1256 2418 1384 2444 motum
1400 2418 1446 2443 ta-

379 2457 461 2488 lem:
487 2462 534 2488 est
549 2458 636 2487 enim
652 2456 755 2487 forma
773 2458 940 2497 impressio
965 2458 1154 2497 generantis,
1172 2457 1262 2498 quod
1278 2463 1324 2488 est
1339 2462 1447 2488 motor

380 2511 418 2532 ex
441 2507 530 2542 parte
557 2502 701 2541 gravium
732 2507 762 2531 et
792 2501 922 2532 levium.
960 2502 1007 2532 Ex
1038 2507 1126 2542 parte
1160 2508 1269 2533 autem
1297 2503 1446 2533 materiae

379 2555 447 2576 non
470 2546 630 2576 invenitur
653 2545 760 2586 aliqua
783 2546 958 2576 resistentia
986 2555 1093 2586 neque
1116 2547 1239 2577 virtutis
1267 2547 1446 2577 inclinantis

381 2590 420 2620 ad
444 2590 639 2620 contrarium
661 2595 806 2626 motum,
830 2599 937 2630 neque
967 2591 1115 2621 contrarii
1142 2591 1225 2621 loci:
1257 2591 1333 2631 quia
1355 2591 1447 2622 locus

380 2644 448 2664 non
472 2634 605 2664 debetur
631 2635 780 2664 materiae
809 2635 869 2664 nisi
897 2635 1076 2666 secundum
1106 2635 1210 2675 quod,
1235 2636 1294 2666 sub
1323 2635 1447 2666 dimen-

381 2678 525 2709 sionibus
549 2679 741 2714 consistens,
766 2678 929 2718 perficitur
957 2679 1060 2710 forma
1086 2680 1230 2710 naturali.
1262 2679 1356 2711 Unde
1378 2689 1447 2710 non

380 2728 487 2763 potest
510 2732 578 2753 esse
601 2723 775 2753 resistentia
798 2724 859 2753 nisi
883 2733 919 2754 ex
945 2729 1032 2763 parte
1055 2723 1171 2755 medii:
1203 2733 1287 2764 quae
1315 2723 1447 2764 quidem

380 2767 556 2797 resistentia
587 2773 633 2798 est
663 2768 767 2798 motui
798 2777 912 2798 eorum
942 2768 1166 2798 connaturalis.
1190 2786 1212 2791 -
1239 2768 1447 2809 Quandoque

382 2817 499 2886 autetrlil
511 2812 686 2843 resistentia
709 2817 755 2842 est
779 2821 817 2842 ex
840 2818 995 2853 utroque:
1029 2813 1110 2843 sicut
1133 2818 1220 2853 patet
1242 2813 1275 2843 in
1305 2813 1448 2844 motibus

382 2865 468 2886 amm
500 2865 578 2886 ium.

1457 909 1479 929 ¹5

1454 1129 1481 1143 2⁰

1455 1355 1480 1375 25

1458 1577 1483 1597 30

1459 1803 1482 1823 ³5

1459 2023 1486 2043 40

1460 2245 1484 2266 45

1462 2468 1488 2489 50

1462 2690 1485 2710 55

438 2900 577 2938 Quando
601 2910 677 2940 ergo
701 2901 734 2931 in
758 2906 851 2931 motu
874 2910 941 2931 non
966 2907 1012 2931 est
1035 2902 1211 2932 resistentia
1229 2902 1289 2932 nisi
1305 2911 1343 2932 ex
1359 2907 1447 2942 parte
1461 2910 1488 2930 ⁶0

382 2944 520 2981 mobilis,
544 2945 625 2975 sicut
649 2944 762 2975 accidit
785 2946 816 2975 in
842 2946 1030 2985 corporibus
1055 2946 1252 2982 caelestibus,
1271 2952 1347 2976 tunc
1367 2951 1448 2976 tem-

383 2998 443 3029 pus
466 2994 573 3019 motus
601 2995 802 3019 mensuratur
830 2989 1008 3020 secundum
1037 2991 1284 3030 proportionem
1314 2991 1448 3021 motoris

384 3032 423 3063 ad
445 3033 574 3064 mobile.
602 3033 643 3064 Et
666 3034 699 3063 in
722 3033 837 3064 talibus
864 3043 931 3064 non
959 3034 1104 3074 procedit
1131 3035 1211 3065 ratio
1239 3035 1446 3075 Philosophi:

384 3077 468 3117 quia,
492 3083 618 3108 remoto
642 3078 732 3108 omni
755 3077 874 3114 medio,
895 3078 998 3109 adhuc
1022 3084 1130 3109 manet
1152 3084 1261 3109 motus
1285 3089 1399 3110 eorum
1414 3080 1448 3109 in

383 3126 539 3161 tempore.
563 3140 585 3143 —
615 3121 678 3152 Sed
700 3122 733 3152 in
756 3122 817 3152 illis
840 3123 982 3153 motibus
1005 3123 1039 3153 in
1063 3123 1180 3163 quibus
1203 3129 1250 3154 est
1273 3124 1448 3154 resistentia
1461 3130 1485 3157 σς

384 3174 422 3195 ex
438 3171 526 3205 parte
544 3165 641 3196 medii
662 3171 797 3202 tantum,
814 3167 968 3206 accipitur
991 3177 1141 3198 mensura
1164 3168 1318 3208 temporis
1333 3177 1447 3199 secun-

384 3209 462 3240 dum
484 3210 751 3250 impedimentum
775 3210 864 3250 quod
888 3215 934 3241 est
958 3221 996 3241 ex
1019 3211 1127 3242 medio
1152 3212 1267 3242 solum.
1293 3211 1397 3248 Unde,
1421 3213 1447 3243 si

384 3254 582 3285 subtrahatur
608 3254 743 3284 omnino
771 3254 929 3291 medium,
953 3255 1080 3286 nullum
1107 3255 1376 3296 impedimentum
1398 3266 1446 3287 re-

384 3297 534 3328 manebit.
567 3298 608 3328 Et
638 3299 683 3328 sic
710 3299 761 3328 vel
790 3299 971 3329 movebitur
999 3300 1033 3329 in
1060 3300 1207 3336 instanti;
1240 3300 1291 3331 vel
1321 3301 1447 3341 aequali

384 3346 529 3381 ternpore
552 3343 733 3372 movebitur
748 3342 927 3373 secundum
942 3353 1081 3374 vacuum
1100 3344 1239 3384 spatium
1255 3350 1287 3374 et
1302 3344 1445 3384 plenum.
1460 3356 1488 3377 7⁰

385 3384 479 3422 Quia,
503 3385 577 3416 dato
602 3385 691 3426 quod
713 3392 880 3416 moveatur
902 3387 936 3417 in
958 3392 1104 3427 tempore
1127 3397 1184 3428 per
1202 3398 1352 3425 vacuum,
1368 3388 1447 3419 illud

385 3433 512 3469 tempus
527 3430 561 3460 in
577 3430 683 3470 aliqua
706 3431 916 3469 proportione
932 3440 965 3461 se
981 3432 1109 3462 habebit
1129 3431 1168 3462 ad
1186 3437 1314 3472 tempus
1329 3433 1363 3463 in
1380 3442 1447 3472 quo

386 3478 533 3503 movetur
559 3483 616 3513 per
638 3474 781 3514 plenum.
812 3474 966 3504 Possibile
993 3481 1040 3505 est
1067 3481 1173 3506 autem
1200 3477 1364 3516 imaginari
1392 3476 1448 3506 ali-

387 3516 476 3556 quod
500 3526 616 3557 corpus
634 3518 668 3547 in
684 3517 796 3547 eadem
818 3518 1028 3557 proportione
1052 3519 1197 3550 subtilius
1221 3529 1357 3560 corpore
1380 3529 1447 3560 quo

384 3561 525 3600 spatium
557 3561 690 3601 plenum
722 3567 805 3597 erat;
839 3571 906 3601 quo
936 3562 961 3592 si
991 3562 1077 3593 aliud
1109 3564 1247 3602 spatium
1278 3564 1448 3603 impleatur
1461 3574 1486 3594 75
1503 3572 1615 3598 cenna,
1631 3563 1664 3592 in
1680 3562 1723 3592 VI
1748 3562 1958 3592 Naturalium
1975 3563 2000 3597 *‚
2022 3571 2116 3592 omne
2140 3571 2257 3603 corpus
2281 3562 2476 3592 luminosum
2492 3570 2568 3592 con—
2595 3563 2807 3592 wammam

1042 204 1305 252 QUAESTIO
1335 201 1525 247 LXXXV,
1546 199 1840 237 ARTICULUS
1869 200 1883 235 Ι

1492 278 1634 318 aequale,
1658 278 1691 308 in
1716 283 1781 308 tam
1804 287 1903 318 parvo
1928 282 2076 317 tempore
2105 276 2286 307 movebitur
2309 286 2366 316 per
2388 276 2468 307 illud
2490 277 2559 317 ple-

1491 332 1571 352 num
1595 323 1677 352 sicut
1699 322 1804 362 primo
1830 331 1886 362 per
1904 330 2062 352 vacuum:
2088 321 2173 360 quia,
2198 326 2356 360 quantum
2379 320 2504 351 additur
2520 320 2560 351 ad

1492 366 1699 397 subtilitatem
1722 366 1830 403 medii,
1855 371 1979 396 tantum
2003 365 2196 396 subtrahitur
2220 364 2259 395 de
2283 365 2459 405 quantitate
2479 371 2559 395 tem-

1493 411 1599 451 poris;
1625 416 1656 441 et
1679 416 1800 451 quanto
1825 416 1871 441 est
1894 411 1995 450 magis
2018 409 2150 445 subtile,
2174 409 2281 439 minus
2303 410 2427 439 resistit.
2451 427 2474 432 —
2497 409 2559 440 Sed

1493 456 1527 485 in
1551 455 1618 485 aliis
1641 455 1801 491 motibus,
1825 456 1859 485 in
1883 455 2000 495 quibus
2024 459 2071 484 est
2094 453 2270 484 resistentia
2293 463 2330 483 ex
2353 454 2424 493 ipso
2448 453 2560 484 mobili

1494 504 1526 529 et
1542 508 1580 529 ex
1602 499 1722 535 medio,
1747 500 1905 539 quantitas
1928 499 2081 539 temporis
2105 503 2152 528 est
2175 497 2359 537 accipienda
2382 497 2560 528 secundum

1494 545 1739 584 proportionem
1762 544 1922 574 moventis
1945 543 2108 584 potentiae
2132 541 2171 572 ad
2194 542 2403 572 resistentiam
2432 541 2561 572 mobilis

1496 593 1527 618 et
1549 588 1647 618 medii
1670 588 1775 619 simul.
1809 588 1917 624 Unde,
1942 588 2016 618 dato
2042 586 2132 627 quod
2158 586 2297 617 totaliter
2319 585 2464 616 medium
2486 586 2561 616 sub-

1495 633 1635 662 trahatur
1657 633 1708 663 vel
1730 642 1798 663 non
1821 632 1989 673 impediat,
2013 641 2081 662 non
2104 631 2249 671 sequitur
2272 629 2362 670 quod
2390 635 2499 660 motus
2523 630 2562 660 sit

1496 677 1530 706 in
1556 677 1703 707 instanti:
1733 676 1789 707 sed
1815 677 1904 717 quod
1930 683 2058 716 tempus
2081 681 2190 706 motus
2212 680 2414 705 mensuratur
2436 679 2561 705 tantum

1497 731 1535 751 ex
1551 722 1726 752 resistentia
1748 722 1886 752 mobilis.
1910 721 2025 761 Neque
2042 721 2100 751 erit
2115 720 2346 750 inconveniens
2362 719 2388 749 si
2403 728 2460 759 per
2474 718 2562 749 idem

1496 770 1624 806 tempus
1647 771 1815 796 moveatur
1837 776 1895 807 per
1917 775 2057 796 vacuum
2074 770 2105 795 et
2120 774 2177 805 per
2192 764 2337 804 plenum,
2362 763 2471 803 aliquo
2487 763 2562 793 sub-

1496 810 1641 840 tilissimo
1672 819 1808 850 corpore
1837 811 2029 851 imaginato:
2064 810 2139 850 quia
2170 808 2378 839 determinata
2407 807 2562 838 subtilitas

1495 854 1608 891 medii,
1633 860 1755 895 quanto
1784 860 1831 886 est
1852 856 1970 891 maior,
1994 860 2068 885 nata
2096 859 2143 884 est
2170 852 2274 884 facere
2301 852 2480 883 tarditatem
2502 852 2562 882 mi-

1495 909 1610 930 norem
1637 900 1670 929 in
1699 904 1810 936 motu;
1843 898 1930 930 unde
1960 904 2067 939 potest
2097 898 2263 938 imaginari
2292 902 2379 928 tanta
2408 896 2563 927 subtilitas

1496 944 1586 983 quod
1610 945 1667 974 erit
1690 949 1763 974 nata
1791 943 1895 974 facere
1921 944 2082 974 minorem
2109 942 2287 973 tarditatem
2316 951 2414 982 quam
2442 942 2482 971 sit
2509 940 2564 971 illa

1495 987 1622 1018 tarditas
1649 997 1748 1028 quam
1778 987 1853 1018 facit
1882 988 2056 1018 resistentia
2086 987 2234 1023 mobilis;
2266 991 2297 1017 et
2320 987 2364 1017 sic
2387 986 2564 1016 resistentia

1494 1031 1593 1062 medii
1615 1032 1738 1062 nullam
1761 1031 1940 1063 tarditatem
1963 1032 2090 1062 adiiciet
2113 1031 2152 1062 ad
2175 1037 2312 1062 motum.

1550 1076 1639 1106 Patet
1671 1086 1747 1116 ergo
1780 1076 1886 1116 quod,
1911 1077 2057 1117 quamvis
2086 1075 2231 1106 medium
2257 1085 2326 1106 non
2348 1075 2470 1106 resistat
2493 1083 2563 1105 cor-

1494 1121 1628 1160 poribus
1651 1121 1812 1160 gloriosis,
1837 1120 2016 1151 secundum
2039 1121 2103 1151 hoc
2128 1119 2217 1160 quod
2244 1120 2369 1160 possint
2397 1129 2464 1150 esse
2488 1128 2563 1150 cum

1495 1165 1558 1195 alio
1584 1174 1720 1205 corpore
1742 1165 1776 1195 in
1800 1164 1916 1195 eodem
1944 1165 2018 1195 loco
2033 1188 2041 1201 ‚
2071 1164 2282 1195 nihilominus
2310 1169 2419 1194 motus
2449 1173 2564 1195 eorum

1495 1219 1563 1240 non
1588 1210 1646 1240 erit
1669 1210 1702 1239 in
1725 1210 1872 1240 instanti:
1905 1210 1980 1249 quia
2009 1210 2117 1249 ipsum
2148 1218 2265 1249 corpus
2293 1208 2415 1239 mobile
2442 1209 2565 1239 resistet

1495 1254 1603 1284 virtuti
1633 1255 1778 1284 moventi
1808 1263 1846 1287 ex
1876 1254 1939 1284 hoc
1969 1254 2041 1294 ipso
2073 1252 2163 1293 quod
2193 1253 2288 1283 habet
2318 1252 2564 1283 determinatum

1496 1299 1603 1335 situm,
1628 1298 1710 1329 sicut
1733 1298 1772 1329 de
1797 1298 1986 1338 corporibus
2011 1298 2199 1328 caelestibus
2223 1297 2345 1328 dictum
2368 1302 2425 1327 est.

1551 1343 1602 1374 An
1627 1353 1762 1373 marum
1785 1352 1945 1373 nrcznntm
1961 1342 2061 1382 quod,
2079 1342 2225 1382 quamvis
2240 1342 2339 1372 virtus
2355 1342 2480 1372 animae
2495 1341 2565 1381 glo·

1496 1387 1635 1418 rificatae
1659 1387 1782 1418 excedit
1805 1387 2076 1418 inaestimabiliter
2097 1387 2248 1417 virtutem
2272 1386 2396 1417 animae
2413 1395 2481 1417 non
2495 1385 2565 1426 glo-

1496 1431 1652 1466 rificatae.
1676 1442 1744 1462 non
1772 1437 1880 1463 tamen
1908 1431 2032 1462 excedit
2053 1432 2087 1462 in
2111 1430 2293 1461 infinitum:
2324 1431 2401 1471 quia
2429 1435 2565 1471 utraque

1496 1478 1595 1508 virtus
1624 1482 1670 1507 est
1698 1476 1796 1507 finita.
1830 1476 1924 1508 Unde
1951 1485 2020 1507 non
2047 1476 2192 1516 sequitur
2220 1475 2310 1516 quod
2335 1481 2506 1506 moveatur
2531 1475 2566 1505 in

1496 1522 1636 1552 instanti.

1553 1566 1586 1597 Si
1609 1572 1718 1597 tamen
1742 1571 1824 1596 esset
1846 1565 2032 1606 simpliciter
2054 1564 2198 1595 infinitae
2217 1565 2350 1601 virtutis,
2366 1574 2435 1595 non
2451 1573 2566 1604 seque·
2594 1586 2596 1589 -

1498 1616 1584 1641 retur
1607 1610 1698 1651 quod
1720 1616 1904 1641 moveretur
1918 1611 1952 1640 in
1968 1610 2107 1646 instanti,
2123 1610 2185 1640 nisi
2207 1614 2410 1650 superaretur
2429 1609 2568 1640 totaliter

1497 1656 1674 1686 resistentia
1697 1665 1780 1695 quae
1805 1660 1851 1685 est
1875 1665 1913 1686 ex
1936 1660 2026 1695 parte
2048 1654 2187 1684 mobilis.
2212 1654 2368 1692 Quamvis
2392 1659 2500 1684 autem
2518 1662 2567 1684 re-

1498 1701 1639 1730 sistentia
1669 1709 1733 1740 qua
1762 1699 1882 1730 mobile
1912 1699 2026 1729 resistit
2055 1699 2200 1729 moventi
2230 1707 2288 1739 per
2311 1699 2568 1729 contrarietatem

1499 1754 1597 1784 quam
1619 1745 1714 1775 habet
1730 1743 1769 1774 ad
1785 1744 1882 1774 talem
1905 1748 2032 1774 motum
2055 1744 2179 1774 ratione
2202 1743 2417 1773 inclinationis
2433 1742 2473 1773 ad
2489 1751 2568 1773 con-

1498 1790 1630 1819 trarium
1652 1794 1790 1824 motum,
1806 1788 1908 1828 possit
1923 1798 1941 1818 a
1956 1793 2109 1818 movente
2131 1786 2275 1818 infinitae
2290 1787 2414 1817 virtutis
2428 1787 2568 1818 totaliter

1499 1834 1659 1873 superari;
1692 1838 1798 1863 tamen
1831 1832 2007 1863 resistentia
2039 1841 2138 1872 quam
2170 1831 2246 1862 facit
2278 1841 2316 1862 ex
2346 1831 2567 1862 contrarietate

1499 1887 1598 1918 quam
1621 1878 1716 1908 habet
1739 1876 1778 1908 ad
1801 1877 1913 1907 locum
1937 1886 2036 1917 quem
2059 1875 2196 1907 intendit
2217 1881 2325 1906 motor
2347 1885 2405 1916 per
2427 1881 2566 1912 motum,

1499 1932 1567 1953 non
1590 1927 1697 1963 potest
1720 1922 1858 1952 totaliter
1881 1922 2032 1961 superari,
2056 1921 2117 1951 nisi
2141 1919 2301 1951 auferatur
2323 1921 2362 1951 ab
2387 1930 2424 1951 ea
2447 1929 2515 1951 esse
2533 1921 2567 1951 in

1498 1967 1553 1997 tali
1575 1967 1651 1997 loco
1674 1967 1724 1997 vel
1748 1966 1781 1996 in
1804 1966 1858 1996 tali
1881 1966 1953 1996 situ.
1982 1965 2071 1996 Sicut
2095 1965 2182 1996 enim
2205 1965 2315 1995 album
2337 1965 2453 1995 resistit
2473 1965 2566 2005 nigro

1499 2012 1622 2042 ratione
1639 2011 1803 2046 albedinis,
1821 2015 1852 2040 et
1867 2015 1956 2040 tanto
1971 2011 2072 2050 magis
2090 2015 2212 2050 quanto
2228 2009 2342 2040 albedo
2358 2010 2459 2050 magis
2475 2009 2568 2040 distat

1500 2066 1518 2086 a
1540 2055 1724 2096 nigredine;
1748 2056 1791 2085 ita
1815 2064 1933 2094 corpus
1956 2055 2071 2085 resistit
2093 2054 2189 2084 alicui
2211 2053 2287 2084 loco
2310 2063 2368 2094 per
2390 2054 2454 2084 hoc
2478 2053 2568 2094 quod

1499 2100 1595 2130 habet
1626 2099 1736 2130 locum
1769 2100 1974 2139 oppositum,
1999 2104 2031 2129 et
2058 2103 2148 2129 tanto
2181 2103 2227 2128 est
2258 2098 2362 2129 maior
2393 2099 2569 2129 resistentia

1501 2149 1623 2185 quanto
1647 2149 1695 2175 est
1718 2144 1865 2175 distantia
1887 2143 1999 2173 maior.
2030 2143 2107 2173 Non
2131 2147 2239 2173 autem
2261 2147 2369 2183 potest
2391 2153 2409 2173 a
2431 2152 2569 2183 corpore

1500 2189 1659 2220 removeri
1682 2188 1771 2229 quod
1795 2189 1834 2218 sit
1857 2189 1890 2218 in
1918 2188 2027 2228 aliquo
2051 2187 2126 2218 loco
2157 2187 2207 2217 vel
2230 2187 2292 2218 situ
2319 2187 2381 2218 nisi
2409 2186 2569 2218 auferatur

1501 2234 1531 2264 ei
1553 2243 1611 2264 sua
1635 2234 1846 2274 corporeitas,
1871 2242 1928 2273 per
1951 2241 2050 2272 quam
2077 2231 2211 2262 debetur
2234 2231 2263 2262 ei
2286 2231 2378 2262 locus
2401 2231 2453 2262 vel
2479 2232 2568 2263 situs.

1501 2277 1612 2315 Unde,
1638 2277 1781 2319 quandiu
1812 2283 1921 2308 manet
1948 2277 1982 2307 in
2010 2282 2123 2307 natura
2155 2276 2316 2316 corporis,
2343 2276 2435 2307 nullo
2467 2276 2568 2307 modo

1500 2328 1607 2363 potest
1630 2323 1754 2353 moveri
1769 2323 1802 2353 in
1818 2322 1957 2357 instanti,
1975 2326 2237 2362 quantacumque
2253 2321 2293 2351 sit
2308 2321 2407 2351 virtus
2421 2330 2568 2352 movens.

1502 2367 1631 2408 Corpus
1661 2373 1768 2398 autem
1798 2366 1976 2407 gloriosum
2005 2375 2175 2406 nunquam
2204 2374 2296 2396 suam
2323 2365 2570 2406 corporeitatem

1501 2413 1634 2443 amittet.
1658 2412 1752 2443 Unde
1774 2420 1943 2451 nunquam
1966 2410 2000 2440 in
2023 2410 2153 2441 instanti
2175 2410 2299 2440 moveri
2321 2410 2448 2450 poterit.

1556 2457 1608 2487 An
1633 2466 1781 2487 auam-un
1813 2465 1973 2486 mesanum
2006 2454 2097 2495 quod
2123 2464 2191 2496 par
2222 2454 2370 2485 celeritas
2401 2455 2435 2486 in
2466 2455 2571 2486 verbis

1501 2501 1673 2541 Augustini
1689 2506 1736 2531 est
1751 2499 1956 2541 intelligenda
1975 2505 2133 2539 quantum
2150 2498 2190 2530 ad
2205 2499 2268 2529 hoc
2285 2498 2375 2540 quod
2391 2504 2438 2530 est
2453 2499 2570 2540 imper-

1502 2545 1659 2586 ceptibilis
1683 2555 1829 2576 excessus
1845 2545 1941 2575 unius
1957 2549 2104 2584 respectu
2127 2544 2274 2574 alterius:
2298 2544 2381 2574 sicut
2396 2549 2427 2574 et
2441 2549 2571 2585 tempus

1501 2591 1600 2621 totius
1622 2596 1731 2620 motus
1755 2595 1801 2620 est
1824 2588 2087 2630 impercegtibile.

1557 2635 1608 2665 An
1621 2644 1762 2665 aurarum
1777 2644 1938 2664 nrcnumm
1949 2632 2049 2673 quod,
2063 2633 2209 2673 quamvis
2220 2638 2295 2673 post
2305 2633 2571 2664 resurrectionem

1502 2689 1570 2710 non
1587 2680 1645 2710 erit
1660 2684 1788 2719 tempus
1806 2678 1895 2719 quod
1912 2684 1959 2709 est
1973 2686 2128 2708 numerus
2151 2683 2260 2708 motus
2283 2677 2372 2714 caeli,
2388 2683 2497 2708 tamen
2513 2677 2572 2708 erit

1502 2730 1630 2764 tempus
1661 2733 1857 2764 consurgens
1887 2733 1926 2753 ex
1955 2731 2093 2753 numero
2123 2722 2238 2762 prioris
2269 2727 2300 2752 et
2328 2721 2514 2762 posterioris
2536 2722 2570 2752 in

1502 2769 1647 2810 quolibet
1669 2774 1772 2798 motu.

1637 2832 1891 2877 QUAESTIO
1923 2831 2437 2876 OCTOGESIMAQUINTA

1690 2887 1734 2912 DE
1754 2886 1953 2912 CLARtTATE
1973 2886 2168 2911 conpotum
2187 2885 2381 2911 sanonum

1565 2955 1658 2976 amna
1687 2944 1955 2976 considerandum
1984 2949 2031 2975 est
2059 2943 2099 2975 de
2127 2943 2267 2974 claritate
2298 2952 2472 2984 corporum
2495 2943 2568 2973 bea-

1506 2957 1674 3021 Dtorum
1697 2989 1931 3030 resurgentium
1947 2989 1973 3019 “;

1503 3034 1596 3066 Circa
1619 3033 1709 3075 quod
1732 3039 1930 3075 quaeruntur
1952 3033 2019 3064 tria.

1557 3080 1684 3110 Primo:
1710 3084 1819 3109 utrum
1843 3078 1966 3109 claritas
1989 3078 2082 3108 inerit
2105 3076 2294 3117 corporibus
2316 3075 2472 3115 gloriosis.

1559 3123 1728 3155 Secundo:
1754 3128 1863 3153 utrum
1893 3122 2016 3153 claritas
2045 3121 2099 3152 illa
2127 3119 2227 3151 videri
2255 3120 2374 3160 poterit
2403 3120 2441 3150 ab
2470 3120 2568 3151 oculo

1591 3178 1660 3198 non
1682 3168 1834 3208 glorioso.

1558 3213 1688 3243 Tertio:
1713 3217 1823 3243 utrum
1847 3220 1965 3251 corpus
1987 3209 2166 3250 gloriosum
2189 3209 2368 3239 necessario
2391 3207 2535 3239 videatur
2550 3219 2568 3240 a

1592 3266 1728 3297 corpore
1751 3265 1819 3286 non
1842 3255 1994 3295 gloriose.

1524 3322 1623 3353 ART.
1645 3322 1667 3352 1.
1687 3331 1792 3352 uranu
1811 3329 2001 3351 couronmus
2021 3327 2182 3349 GLORJOSIS
2203 3328 2351 3349 emimus
2370 3327 2546 3349 convitium

1715 3372 1776 3393 Part.
1790 3370 1835 3396 111.
1866 3376 1887 3392 u.
1902 3375 1959 3396 ιιν,
1974 3372 2016 3390 ιη.
2031 3374 2057 3394 ²3
2072 3374 2111 3396 qu.
2127 3374 2178 3394 mv,
2194 3372 2236 3391 ιη.
2251 3374 2272 3395 2,
2287 3368 2314 3390 nd
2331 3376 2354 3395 ις

1760 3397 1792 3418 lv
1806 3397 1853 3419 Seu
1865 3412 1880 3421 ..
1895 3395 1950 3418 dist.
1964 3401 2031 3421 xux.
2062 3401 2085 3417 u.
2101 3401 2136 3420 ιν,
2151 3399 2193 3417 an.
2208 3401 2227 3424 5,
2244 3396 2288 3423 qu·
2302 3402 2326 3424 3:

1649 3424 1681 3445 lv
1697 3424 1764 3446 Cant.
1781 3423 1857 3449 Gesta,
1873 3428 1925 3450 cap.
1939 3428 2037 3448 nxxxvu
2076 3421 2110 3444 ad
2124 3421 2189 3449 Cor„
2205 3428 2256 3450 cap.
2271 3429 2309 3448 xv,
2324 3423 2375 3445 lect.
2390 3428 2421 3444 vt.

1505 3486 1588 3548 Ar>
1622 3484 1740 3505 pamma
1772 3483 1818 3504 s1c
1850 3482 2054 3503 PROCEDITUR.
2092 3472 2227 3503 Videtur
2257 3472 2347 3513 quod
2380 3473 2568 3514 corporibus

1567 3519 1714 3559 gloriosis
1739 3518 1860 3548 claritas
1882 3527 1949 3547 non
1973 3518 2153 3547 conveniet.
2183 3517 2278 3555 Quia,
2295 3518 2378 3548 sicut
2398 3517 2473 3548 dicit
2491 3517 2568 3548 Avi-

2596 2985 2712 3037 ῐῃῦπίὲέιι.
2721 2991 2809 3013 amn,
