2918 4088
967 220 1231 267 QUAESTIO
1259 222 1450 268 LXXVII,
1484 223 1775 261 ARTICULUS
1803 227 1817 261 I

306 301 508 332 substantiae.
524 319 547 324 -—
565 300 628 332 Sed
650 300 766 331 modus
791 299 914 330 essendi
937 309 993 339 per
1015 299 1151 330 modum
1175 300 1366 329 substantiae

307 346 471 376 constituit
501 346 640 376 activum
671 350 706 375 ut
731 344 817 385 quod
847 348 993 383 respectu
1024 344 1129 373 omnis
1160 343 1367 383 producibilis

307 390 398 420 cuius
421 390 465 420 ibi
488 390 623 420 salvatur
647 390 786 420 activum
810 393 845 418 ut
867 397 941 428 quo.

361 433 485 472 Quarto
509 433 658 464 differunt
681 432 788 474 quoad
805 432 1001 473 passionem,
1018 440 1075 461 seu
1092 430 1272 471 potentiam
1290 440 1367 470 pas-

304 477 418 509 sivam.
443 477 608 515 Quoniam
626 486 684 517 per
699 477 800 508 solam
816 475 1092 507 conservationem
1115 484 1184 505 non
1199 474 1369 514 acquirunt

304 531 425 552 novam
448 521 588 561 aliquam
611 521 788 561 potentiam
810 520 978 560 passivam.
993 537 1016 541 -
1039 518 1102 550 Sed
1118 519 1144 548 si
1160 518 1294 548 collatus
1309 527 1368 558 po-

304 566 392 596 nitur
414 565 531 596 modus
554 566 756 601 substantiae,
781 564 895 595 collata
919 567 1152 603 consequenter
1175 563 1307 602 ponitur
1322 562 1369 591 vis

306 615 403 650 atque
423 610 568 650 potentia
582 609 784 645 substantiae,
800 613 836 638 ut
851 608 952 648 possit
967 607 1087 638 scilicet
1102 606 1176 637 inde
1192 606 1260 636 fieri
1277 605 1369 646 quid-

307 653 386 694 quid
408 659 517 694 posset
541 663 579 684 ex
602 653 774 684 substantia
797 653 824 682 si
846 657 937 682 esset.

362 697 413 728 111.
438 697 538 736 Quod
560 697 778 728 rationabilior
806 701 914 726 autem
944 695 1118 735 sitopinio
1142 703 1268 734 ponens
1292 703 1369 724 con-

306 740 380 772 ferri
403 741 655 772 dimensionibus
670 740 807 772 modum
821 740 952 780 vimque
968 737 1170 774 substantiae,
1188 748 1226 768 ex
1242 737 1369 768 duobus

308 791 447 826 apparet.
470 786 589 821 Primo,
614 786 690 826 quia
712 785 758 815 sic
779 784 939 814 salvantur
958 782 1141 814 naturaliter
1157 791 1270 812 omnes
1287 791 1370 822 quae

303 829 350 860 *ad-
373 839 503 860 sensum
535 834 688 870 apparent
714 828 908 859 mutationes
937 837 956 858 a
981 826 1177 857 naturalibus
1204 827 1369 866 agentibus

308 874 390 905 circa
413 874 653 904 Eucharistiam.
691 873 792 908 Nam,
823 872 991 912 supposito
1020 871 1082 901 hoc
1108 880 1176 900 uno
1203 871 1369 906 miraculo,
1383 888 1390 894 ›

307 924 532 958 quaecumque
562 916 662 953 fiunt,
686 916 868 948 naturaliter
897 915 1057 946 salvantur
1090 924 1126 945 ac
1153 915 1179 945 si
1202 914 1315 945 fierent
1336 915 1370 944 in

302 961 498 992 substantia:
523 961 678 1002 quoniam
701 961 894 1001 supponitur
917 958 1188 995 vice-substantia,
1213 959 1370 999 quantitas

300 1005 426 1036 'scilicet
447 1005 567 1036 habens
590 1004 736 1040 modum,
754 1005 829 1034 >vim
852 1004 1146 1044 proprietatemque
1166 1003 1370 1033 substantiae.

322 1067 323 1070 =
361 1048 512 1080 Secundo
535 1054 676 1089 apparet,
700 1049 776 1089 quia
798 1057 867 1078 non
890 1053 937 1078 est
959 1048 1012 1078 hic
1035 1046 1258 1078 affirmandum
1276 1047 1370 1078 mira—

302 1093 417 1126 culum
444 1092 534 1133 quod
556 1102 625 1124 non
647 1098 799 1132 sequatur
822 1102 861 1123 ex
884 1092 1142 1122 consecratione:
1175 1097 1206 1122 et
1228 1091 1370 1132 paucitas

305 1137 534 1169 miraculorum
549 1136 771 1178 praeeligenda
787 1142 834 1167 est
849 1137 957 1177 potius
974 1145 1072 1176 quarn
1087 1136 1272 1166 multitudo.
1297 1135 1369 1171 Sed,

261 1207 266 1213 ,
305 1182 363 1226 sic(
373 1180 538 1222 ponendo,
562 1190 666 1212 unum
681 1181 788 1211 solum
804 1180 995 1211 miraculum
1011 1180 1152 1221 ponitur,
1170 1179 1259 1220 quod
1276 1181 1371 1210 etiam

296 1225 539 1267 'consecrationi
562 1230 609 1256 est
632 1235 802 1256 annexum.
840 1225 925 1255 Nam
951 1223 991 1255 ad
1013 1234 1143 1266 sensum
1171 1224 1371 1255 convincitur

306 1269 397 1310 quod
419 1279 458 1300 ex
480 1269 647 1310 speciebus
665 1269 726 1300 illis
750 1268 915 1300 educibilis
931 1274 978 1299 est
993 1268 1033 1299 de
1048 1269 1193 1308 potentia
1208 1268 1248 1299 ad
1263 1274 1370 1299 actum

305 1321 364 1354 per
385 1322 482 1354 agens
504 1313 647 1354 naun-ale
669 1314 786 1344 raritas.
811 1313 903 1351 Quae
926 1323 994 1343 non
1010 1318 1057 1343 est
1072 1312 1237 1343 educibilis
1256 1312 1296 1343 de
1311 1322 1370 1352 po-

284 1359 405 1392 gemb
428 1357 666 1391 dimensionum
686 1363 718 1388 et
731 1357 931 1398 reliquorum
947 1356 1159 1388 accidentium
1175 1357 1219 1387 ibi
1235 1358 1371 1387 existen-

306 1402 388 1434 tium
410 1403 472 1433 nisi
494 1403 576 1433 sicut
598 1401 723 1432 medio:
755 1402 911 1442 quoniam
941 1407 1066 1432 constat
1095 1402 1254 1431 raritatem
1277 1400 1371 1432 educi

307 1445 348 1479 de
370 1447 515 1487 potentia
536 1447 685 1477 materiae
704 1445 924 1486 parvificabilis
948 1446 1007 1476 sub
1023 1445 1231 1486 amplioribus
1248 1444 1371 1476 dimen-

307 1490 461 1521 sionibus.
485 1490 534 1520 Ex
557 1500 596 1520 eo
620 1490 706 1522 enirn
730 1489 820 1530 quod
842 1490 885 1520 ibi
908 1499 976 1520 non
1000 1494 1047 1520 est
1069 1490 1209 1525 materia,
1228 1490 1290 1519 nisi
1311 1498 1371 1529 po-
1390 1496 1404 1529 '.

306 1539 400 1565 natur
423 1533 543 1574 aliquid
565 1534 634 1564 vice
649 1534 808 1570 materiae,
833 1539 961 1573 oportet
980 1533 1084 1564 dicere
1108 1539 1162 1563 aut
1185 1532 1371 1563 huiusmodi

267 1580 269 1582 ’
306 1579 429 1619 species
458 1587 527 1609 non
553 1587 621 1608 esse
650 1577 890 1608 rarefactibiles:
921 1582 992 1614 aut,
1023 1587 1080 1618 per
1103 1586 1199 1617 agens
1229 1577 1371 1607 naturale

298 1621 402 1656 educi
424 1623 583 1653 raritatem
613 1621 653 1652 de
675 1622 820 1662 potentia
846 1621 886 1652 ad
913 1627 1021 1652 actum
1051 1621 1172 1661 absque
1199 1621 1308 1661 aliquo
1333 1630 1371 1651 ex

303 1675 374 1709 quo
396 1666 438 1707 vsit
460 1665 625 1697 educibilis
648 1666 755 1703 raritas
778 1665 818 1695 de
834 1666 979 1706 potentia
994 1664 1034 1695 ad
1049 1670 1173 1701 actum;
1198 1665 1288 1705 quod
1303 1674 1371 1695 non

307 1715 355 1746 est
376 1709 574 1750 intelligibile
597 1710 718 1750 absque
741 1718 827 1739 novo
850 1710 1016 1740 miraculo.
1040 1727 1063 1731 —
1085 1710 1127 1740 Et
1147 1709 1222 1739 hinc
1238 1719 1371 1750 quoque

307 1750 438 1799 a‘ppa‘ret
449 1753 590 1785 soliditas
602 1754 697 1784 huius
710 1753 889 1794 opinionis:
907 1753 985 1792 dum
997 1754 1094 1784 unico
1107 1753 1262 1784 miraculo
1272 1754 1372 1784 'salvat

298 1799 417 1831 omnia
440 1798 641 1838 apparentia,
669 1803 701 1828 et
722 1797 956 1828 naturalitatem
980 1798 1128 1828 omnium
1151 1798 1317 1828 actionum
1341 1803 1374 1828 et

298 1847 305 1852 ’
381 1843 504 1873 'onum.

296 1850 431 1923 μῗεο
453 1885 638 1918 immediata
653 1887 852 1917 conservatio
875 1886 994 1920 horum
1009 1896 1028 1916 a
1043 1886 1114 1916 Deo
1137 1886 1288 1926 prohibet
1303 1895 1373 1916 cor-

306 1930 492 1973 ruptionem
523 1930 700 1961 naturalem
730 1930 924 1961 eorundem:
956 1931 1111 1971 quoniam
1141 1940 1209 1961 non
1235 1930 1308 1971 plus
1336 1940 1374 1960 ex

306 1974 492 2014 immediata
521 1975 764 2006 conservatione
794 1979 1044 2005 manutenentur
1074 1983 1172 2014 quam
1204 1984 1279 2005 cum
1305 1984 1373 2004 me-

309 2017 415 2062 diante
437 2019 612 2049 substantia
635 2024 872 2049 conservantur.
899 2018 957 2048 Est
980 2019 1066 2049 enirn
1090 2019 1289 2048 conservatio
1313 2018 1374 2048 Dei

273 2079 280 2087 ·
307 2063 419 2094 suavis
435 2063 530 2094 rebus
550 2063 743 2093 conservatis
759 2064 785 2093 *.
810 2063 852 2093 Et
866 2061 940 2093 ideo
956 2072 1024 2093 non
1040 2063 1240 2093 conservatio
1257 2061 1373 2098 divina,

309 2106 365 2138 sed
379 2116 429 2138 res
448 2112 634 2138 conservata
655 2107 836 2137 succumbit
859 2107 964 2146 agenti
986 2106 1121 2137 naturali
1145 2107 1373 2146 corrumpenti.

321 2165 323 2167 ·
365 2151 417 2182 IV.
441 2151 510 2182 Nee
534 2156 663 2191 oportet
685 2151 858 2182 sollicitum
873 2160 941 2181 esse
966 2151 1049 2181 circa
1064 2151 1228 2181 entitatem
1246 2149 1374 2190 ,praedi-

309 2200 437 2226 ctorum
451 2196 478 2232 ἦ
503 2195 623 2227 scilicet
637 2195 728 2225 modi
746 2194 880 2231 essendi,
897 2195 1108 2235 proprietatis,
1124 2195 1171 2225 vis
1186 2195 1374 2234 virtutisque

309 2239 512 2271 substantiae.
537 2239 609 2280 Ipsa
623 2238 782 2279 siquidem
798 2249 847 2270 res
863 2238 902 2269 de
917 2248 1034 2279 genere
1050 2238 1273 2275 accidentium,
1297 2244 1375 2278 puta

309 2284 468 2324 quantitas
492 2293 567 2314 cum
590 2293 650 2314 suo
675 2291 753 2319 esse,
778 2282 814 2313 fit
837 2293 855 2313 a
878 2283 949 2313 Deo
973 2284 1020 2313 vis
1042 2283 1207 2323 virtusque
1231 2283 1375 2313 substan-

303 2326 382 2364 tiae,
405 2327 525 2358 habens
549 2332 656 2358 actum
679 2327 881 2367 modumque
905 2327 1107 2357 substantiae.

364 2371 584 2403 Manifestatur
606 2377 714 2402 autem
737 2372 801 2401 hoc
824 2381 891 2401 esse
914 2381 982 2401 non
1005 2371 1112 2401 solum
1135 2371 1295 2411 possibile,
1320 2370 1375 2400 sed

307 2414 737 2452 rationabile;·discurrendo
760 2425 818 2456 per
841 2425 878 2446 ea
901 2425 984 2455 quae
1005 2421 1167 2455 apparent,
1192 2420 1223 2445 et
1247 2415 1376 2455 opinata

298 2460 346 2498 *in
366 2460 581 2502 philosophia.
604 2459 760 2491 Videmus
782 2460 816 2490 in
839 2460 949 2500 primis
972 2460 1006 2489 in
1029 2459 1194 2489 elementis
1218 2458 1375 2499 quaedam

309 2513 379 2536 non
401 2505 533 2541 semina,
553 2503 609 2535 sed
623 2503 876 2544 proportionalia
891 2503 1077 2539 seminibus,
1094 2513 1170 2534 cum
1185 2508 1376 2543 generantur

311 2548 459 2580 animalia
471 2557 509 2579 ex
524 2547 768 2588 putrefactione.
781 2547 936 2579 Videmus
953 2556 1085 2588 quoque
1101 2547 1377 2588 imperfectissima

299 2593 406 2629 entia,
431 2592 538 2633 qualia
559 2597 635 2623 sunt
657 2592 788 2628 semina,
812 2593 918 2622 vicem
940 2601 1048 2632 gerere
1069 2591 1286 2632 perfectorum
1310 2591 1376 2621 ani-

310 2637 461 2674 malium,
493 2645 569 2667 cum
591 2641 782 2676 generantur
805 2636 954 2667 animalia
975 2635 1117 2676 perfecta
1139 2645 1197 2676 per
1218 2645 1376 2676 propaga-

300 2681 446 2719 tionem.
481 2680 661 2722 Opinamur
687 2689 820 2721 quoque
852 2679 918 2711 dari
940 2680 1194 2720 proportionalia
1215 2680 1375 2710 membra:

299 2731 390 2767 ⁴puta
411 2726 446 2756 in
468 2725 649 2756 carentibus
671 2723 779 2761 corde,
803 2724 923 2765 aliquid
945 2724 1188 2765 proportionale
1211 2724 1286 2755 loco
1308 2733 1378 2754 cor-

231 2759 233 2761 *
262 2798 265 2802 Α
311 2769 369 2800 dis.
394 2768 564 2801 Credimus
587 2778 721 2810 quoque
744 2768 855 2799 lumen
878 2767 961 2799 effici
984 2769 1050 2799 vim
1066 2769 1139 2799 astri
1154 2768 1239 2799 illius
1260 2769 1293 2799 in
1310 2778 1376 2808 quo

310 2813 472 2854 recipitur,
495 2819 574 2854 puta
596 2813 701 2844 lunae.
725 2813 854 2844 Tenent
875 2812 979 2848 multi,
1003 2818 1040 2843 ut
1054 2812 1164 2843 infra*
1179 2813 1309 2853 patebit,
1327 2822 1379 2843 ac-

312 2857 449 2889 cidentia
470 2858 600 2898 propria
623 2866 691 2888 esse
712 2857 794 2887 vires
809 2857 893 2897 ipsas
917 2857 1173 2888 substantiarum.
1198 2857 1245 2887 Ex
1262 2857 1379 2897 quibus

298 2903 474 2939 -omnibus,
490 2902 517 2932 si
531 2901 758 2932 adverterimus
781 2901 991 2942 quantitatem
1006 2910 1074 2932 esse
1092 2910 1160 2932 rem
1176 2902 1379 2941 propinquae

313 2951 346 2978 et
368 2947 459 2987 quasi
481 2945 731 2987 proportionalis
760 2951 892 2976 naturae
919 2955 994 2976 cum
1017 2946 1167 2982 materia,
1190 2955 1258 2976 non
1282 2954 1379 2985 appa-

2404 230 2471 276 195

1422 301 1502 330 rebit
1525 301 1731 340 impossibile,
1756 309 1810 333 aut
1826 314 1842 333 a
1859 306 1979 335 ratione
1996 307 2145 343 alienum,
2170 308 2258 347 quod
2280 309 2413 348 ipsamet
2429 318 2477 338 res

1423 353 1505 383 quae
1529 351 1575 374 est
1599 347 1755 385 quantitas
1779 346 1833 376 fiat
1856 348 2073 379 vice-materia
2090 357 2119 380 et
2135 352 2183 386 sit,
2200 362 2235 381 ac
2252 353 2395 392 suppleat
2410 362 2476 382 ma-

1422 388 1518 418 teriae
1549 388 1710 425 officium,
1742 390 1829 420 velut
1857 392 2019 430 quoddam
2049 396 2287 433 proportionale
2318 397 2476 431 materiae,

1422 431 1503 461 sicut
1523 433 1762 472 proportionale
1780 434 1868 464 cordi
1884 434 1957 465 facit
1974 435 2115 466 officium
2132 438 2243 468 cordis.
2267 439 2335 469 Nec
2351 446 2477 479 oportet

1423 475 1516 505 aliam
1529 477 1692 506 entitatem
1708 486 1869 516 quaerere.
1887 478 2050 515 Quoniam
2065 481 2146 510 sicut
2161 482 2333 512 accidentia
2348 482 2477 513 fluentia

1423 528 1441 548 a
1463 520 1635 559 principiis
1649 521 1866 551 essentialibus
1890 523 2090 559 substantiae,
2115 533 2152 554 ex
2175 525 2237 554 hoc
2255 526 2326 564 ipso
2350 526 2438 566 quod
2461 537 2478 556 a

1423 564 1585 603 principiis
1615 564 1675 593 illis
1702 564 1825 600 fluunt,
1859 571 1933 595 sunt
1962 576 2029 596 non
2052 567 2157 597 solum
2186 569 2374 605 accidentia,
2402 575 2478 609 puta

1424 607 1519 643 calor,
1544 607 1599 637 sed
1622 613 1696 638 sunt
1718 609 1764 638 vis
1786 614 1817 638 et
1832 610 1930 639 virtus
1946 610 2146 646 substantiae,
2171 612 2212 641 ita
2236 613 2323 651 quod
2346 619 2480 652 possunt

1423 650 1601 690 producere
1617 652 1834 688 substantiam,
1847 658 1882 683 ut
1899 653 2028 683 inferius
2040 655 2056 670 ὕ
2073 655 2207 694 amplius
2223 657 2341 694 patebit
2356 657 2479 696 (quam-

1423 695 1469 724 vis
1489 695 1619 734 quidam
1636 696 1771 726 sentiant
1790 697 2013 736 contrarium):
2038 698 2080 727 ita
2097 699 2253 737 quantitas
2268 700 2480 730 Eucharistiae

1423 744 1530 778 potest
1553 740 1655 769 sortiri
1672 749 1689 769 a
1705 749 1853 780 suprema
1870 741 2016 770 omnium
2033 742 2276 772 substantiarum
2298 749 2335 773 ut
2349 744 2481 783 ipsamet

1425 783 1582 822 quantitas
1598 784 1637 813 sit
1651 784 1919 820 vice-substantia,
1937 790 1995 814 etc.
2017 785 2120 815 Multo
2138 787 2222 815 enirn
2238 787 2481 817 vehementioris

1424 837 1461 857 ac
1484 828 1651 857 intimioris
1676 827 1834 858 efficaciae
1859 834 1905 858 est
1927 829 2048 868 primae
2067 830 2258 860 substantiae
2281 831 2362 860 actio
2386 840 2482 870 quam

1425 872 1623 911 quicumque
1656 871 1760 902 fluxus
1789 872 1959 902 accidentis
1990 882 2008 902 a
2038 874 2200 913 principiis
2230 874 2482 904 substantialibus

1424 916 1568 946 subiecti.

1480 959 1542 989 Hic
1567 965 1613 989 est
1636 969 1711 1000 ergo
1735 959 1852 990 modus
1876 969 1942 1000 quo
1966 960 2125 995 facillime,
2150 961 2268 1001 absque
2295 962 2484 1002 multiplica-

1424 1004 1513 1034 tione
1536 1009 1602 1034 tam
1625 1004 1855 1034 miraculorum
1879 1013 1976 1044 quarn
2000 1005 2184 1040 entitatum,
2209 1005 2366 1036 salvantur
2389 1015 2484 1046 appa-

1424 1049 1525 1078 rentia
1549 1048 1631 1078 circa
1654 1047 1829 1078 accidentia
1851 1049 2067 1079 Eucharistiae
2091 1049 2172 1078 inter
2195 1049 2354 1088 agendum
2377 1055 2408 1080 et
2430 1059 2484 1090 pa-

1425 1092 1581 1122 tiendum.

1480 1137 1519 1167 V.
1544 1136 1670 1174 Quibus
1693 1137 1881 1176 praelibatis,
1897 1136 1937 1167 ad
1953 1137 2077 1177 singula
2093 1136 2325 1173 descendendo,
2342 1139 2484 1178 perspice

1424 1181 1458 1211 in
1481 1181 1586 1220 primo
1611 1181 1744 1211 articulo
1768 1181 1863 1211 huius
1886 1181 2018 1217 litterae,
2041 1181 2074 1211 in
2098 1182 2306 1221 responsione
2330 1181 2369 1212 ad
2392 1192 2485 1222 quar—

1425 1230 1504 1261 tum,
1518 1225 1658 1265 primum
1674 1224 1764 1265 quod
1780 1224 1917 1255 diximus
1928 1226 1962 1255 *t
1977 1225 2097 1255 scilicet
2113 1225 2202 1265 quod
2218 1225 2363 1256 accidens
2378 1227 2486 1256 transit

1425 1269 1465 1299 de
1487 1279 1550 1309 quo
1576 1274 1623 1299 est
1644 1269 1677 1299 in
1700 1269 1786 1309 quod
1809 1274 1870 1304 est,
1901 1274 1932 1299 et
1955 1275 2002 1299 est
2025 1268 2174 1309 deinceps
2205 1270 2419 1309 compositum
2448 1280 2485 1300 ex

1424 1313 1511 1354 quod
1534 1318 1581 1344 est
1603 1318 1634 1343 et
1657 1323 1720 1354 quo
1744 1318 1800 1344 est.

1480 1357 1627 1397 Perspice
1650 1357 1803 1393 secundo,
1828 1358 1861 1388 in
1885 1357 2018 1388 articulo
2043 1357 2200 1393 secundo,
2223 1358 2256 1387 in
2279 1359 2486 1397 responsione

1426 1401 1465 1432 ad
1487 1402 1646 1442 primum,
1678 1402 1888 1442 quantitatem
1918 1402 2048 1432 transire
2079 1401 2119 1432 de
2145 1402 2289 1432 subiecto
2316 1401 2423 1432 medio
2454 1403 2486 1432 in

1424 1445 1619 1485 recipiendo,
1643 1446 1676 1476 in
1699 1446 1878 1476 subiectum
1901 1446 1935 1476 in
1957 1445 2163 1476 sustentando
2180 1447 2206 1476 ’ἢ

1479 1489 1627 1530 Perspice
1658 1490 1768 1526 tertio,
1800 1490 1834 1520 in
1857 1489 1990 1520 articulo
2014 1490 2124 1526 tertio,
2154 1490 2187 1520 in
2209 1491 2418 1530 responsione
2449 1490 2487 1520 ad

1425 1534 1574 1569 tertium,
1606 1533 1638 1563 id
1662 1533 1751 1574 quod
1775 1533 1911 1564 diximus
1927 1534 1943 1550 ὓ
1968 1533 2007 1564 de
2030 1533 2246 1564 accidentibus
2276 1533 2447 1564 fluentibus
2471 1544 2486 1564 a

1425 1578 1609 1608 substantia.

1480 1621 1533 1652 VI.
1558 1621 1621 1652 Sed
1643 1627 1816 1652 occurrunt
1831 1623 1865 1652 in
1879 1622 1943 1652 hoc
1967 1622 2040 1652 loco
2065 1621 2130 1652 duo
2154 1622 2363 1653 intolerabilia
2378 1622 2486 1658 Scoto,

1425 1666 1459 1696 in
1474 1675 1518 1696 x11
1534 1665 1736 1696 distinctione
1752 1666 1769 1682 ὓ
1792 1665 1914 1704 Quarti.
1943 1666 2086 1696 Primum
2110 1671 2156 1696 est
2179 1666 2268 1706 quod
2291 1666 2392 1697 forma
2415 1667 2488 1697 sub-

1426 1710 1576 1741 stantialis
1599 1710 1697 1750 geniti
1719 1719 1786 1740 non
1806 1709 1842 1740 fit
1860 1709 2042 1740 immediate
2059 1720 2076 1740 a
2092 1709 2195 1740 forma
2217 1710 2412 1740 substantiali
2434 1721 2488 1750 ge-

1425 1754 1573 1784 nerantis.
1588 1772 1612 1776 —
1635 1753 1820 1784 Secundum
1844 1759 1890 1784 est
1913 1753 2002 1794 quod
2018 1754 2183 1794 qualitates
2206 1760 2304 1794 agunt
2318 1755 2352 1784 in
2374 1755 2487 1785 virtute

1426 1797 1548 1828 formae
1571 1798 1796 1834 substantialis,
1820 1797 2031 1838 producendo
2055 1799 2270 1828 substantiam.

1481 1842 1522 1872 Et
1545 1842 1661 1873 Scotus
1684 1841 1815 1882 quidem
1838 1842 1973 1882 longum
1997 1843 2079 1872 circa
2097 1843 2176 1873 haec
2199 1852 2385 1883 processum
2405 1843 2487 1873 facit.

1427 1886 1497 1926 Ego
1521 1892 1639 1922 autem,
1663 1887 1738 1926 quia
1761 1886 1801 1917 de
1817 1887 2021 1917 sacramentis
2043 1892 2154 1922 tracto,
2179 1892 2210 1917 et
2225 1886 2411 1917 huiusmodi
2426 1887 2487 1917 dis-

1426 1931 1551 1971 putatio
1583 1940 1651 1961 non
1674 1936 1721 1961 est
1743 1931 1919 1961 necessaria
1949 1930 1988 1961 ad
2011 1931 2199 1961 sacramenti
2225 1931 2385 1966 notitiam,
2416 1940 2488 1971 per-

1427 1974 1657 2005 transeundum
1681 1984 1807 2010 censeo,
1832 1974 2021 2005 declarando
2045 1980 2153 2004 tamen
2176 1984 2306 2005 sensum
2328 1975 2487 2005 Auctoris.

1428 2018 1536 2056 Quem
1558 2018 1664 2049 noluit
1686 2018 1767 2049 forte
1797 2019 1971 2058 intelligere
1995 2018 2126 2049 Scotus:
2162 2019 2325 2059 quoniam,
2350 2019 2375 2049 si
2398 2019 2488 2049 illum

1427 2063 1640 2098 intellexisset,
1664 2072 1732 2092 non
1755 2063 1800 2092 sic
1823 2063 1985 2102 arguisset.

1484 2106 1570 2137 Cum
1599 2106 1734 2136 dicimus
1765 2107 1932 2146 qualitates
1962 2116 2053 2146 agere
2076 2107 2109 2136 in
2132 2107 2246 2136 virtute
2270 2105 2392 2136 formae
2415 2107 2488 2136 sub-

1429 2151 1596 2186 stantialis,
1626 2160 1694 2180 non
1722 2151 1920 2181 somniamus
1943 2160 2011 2181 rem
2034 2150 2137 2186 aliam,
2162 2150 2341 2180 absolutam
2364 2156 2418 2180 aut
2440 2159 2488 2180 re-

1429 2195 1611 2234 spectivam,
1637 2193 1692 2225 sed
1714 2195 1816 2234 ipsam
1841 2195 2023 2234 qualitatem
2047 2204 2114 2224 esse
2137 2195 2286 2224 virtutem
2309 2194 2392 2224 illius
2415 2195 2489 2224 sub-

1429 2239 1579 2269 stantiae:
1605 2239 1687 2269 sicut
1707 2237 1842 2269 dicimus
1865 2248 1975 2269 semen
1991 2248 2057 2268 esse
2073 2239 2222 2268 virtutem
2237 2239 2424 2278 generantis.
2448 2238 2489 2268 Et

1429 2288 1598 2322 propterea
1620 2283 1717 2323 sicut,
1743 2287 1930 2313 conservato
1954 2283 2091 2318 semine,
2115 2291 2225 2312 semen
2247 2282 2338 2325 bpvis
2361 2288 2489 2322 generat

1429 2327 1557 2362 bovem,
1582 2332 1613 2357 et
1636 2336 1745 2357 semen
1761 2327 1901 2356 hominis
1916 2331 2045 2366 generat
2059 2326 2236 2362 hominem,
2261 2326 2374 2366 procul
2390 2325 2488 2356 dubio

1429 2371 1463 2400 in
1485 2371 1601 2401 virtute
1623 2371 1763 2400 hominis
1786 2380 1804 2400 a
1827 2380 1893 2410 quo
1916 2370 2017 2406 fluxit,
2040 2371 2091 2400 sol
2114 2371 2200 2400 enirn
2223 2375 2254 2400 et
2274 2370 2370 2400 homo
2392 2379 2489 2411 gene·

1431 2420 1507 2445 rant
1520 2415 1690 2450 hominem,
1706 2420 1743 2445 ut
1758 2414 1872 2445 dicitur
1887 2414 1913 2444 11
1925 2414 2053 2455 Physic.
2064 2416 2095 2451 *;
2113 2419 2144 2444 et
2158 2419 2265 2444 tamen
2280 2423 2347 2444 non
2363 2419 2490 2454 oportet

1430 2468 1541 2489 semen
1567 2458 1647 2489 illud
1676 2458 1876 2490 subordinari
1903 2458 2056 2489 defuncto
2080 2459 2204 2488 homini
2234 2459 2277 2488 ita
2299 2458 2388 2498 quod
2410 2457 2489 2488 refe—

1430 2508 1515 2533 ratur
1539 2502 1579 2533 ad
1601 2502 1692 2533 illum
1716 2508 1770 2532 aut
1792 2507 1958 2533 moveatur
1982 2503 2020 2532 ab
2044 2502 2110 2538 illo,
2135 2507 2181 2532 sat
2204 2507 2250 2532 est
2266 2503 2352 2532 enim
2376 2503 2490 2532 servari

1419 2546 1513 2577 sicut
1536 2546 1627 2577 fiuxit
1649 2547 1688 2577 ab
1711 2546 1786 2577 illo:
1818 2547 1861 2576 ita
1884 2547 2018 2586 qualitas
2040 2547 2107 2576 vini
2138 2547 2282 2576 conversi
2309 2547 2342 2575 in
2365 2546 2490 2586 sangui-

1430 2601 1506 2621 nem
1530 2590 1657 2627 Christi,
1682 2591 1757 2631 quia
1780 2596 1845 2626 erat
1867 2591 1966 2621 virtus
1988 2591 2063 2626 vini,
2081 2591 2107 2620 si
2123 2590 2195 2630 (pro
2211 2590 2300 2631 quia)
2325 2599 2490 2620 conserva-

1431 2641 1482 2666 tur
1505 2635 1587 2665 sicut
1610 2640 1684 2671 erat,
1709 2634 1898 2674 productiva
1921 2640 1967 2665 est
1985 2635 2067 2671 vini;
2092 2639 2289 2665 converteret
2312 2635 2397 2664 enim
2420 2639 2490 2673 gut-

1431 2685 1496 2710 tam
1520 2689 1622 2719 aquae
1647 2680 1681 2710 in
1695 2679 1825 2715 vinum,
1848 2689 1917 2709 non
1939 2679 2046 2710 minus
2070 2688 2167 2718 quam
2191 2679 2216 2708 si
2239 2679 2410 2709 substantia
2424 2679 2490 2708 vini

1432 2724 1585 2754 subesset.
1608 2723 1677 2754 Nec
1701 2729 1828 2763 oportet
1851 2723 2050 2754 subordinari
2065 2723 2141 2753 vino
2158 2732 2324 2759 converso,
2345 2732 2405 2752 nee
2420 2732 2490 2752 mo-

1431 2768 1498 2798 veri
1521 2768 1559 2798 ab
1583 2767 1656 2798 illo:
1688 2767 1743 2797 sed
1767 2767 1881 2798 dicitur
1904 2777 1996 2807 agere
2019 2768 2053 2797 in
2075 2767 2190 2797 virtute
2212 2767 2315 2802 illius,
2347 2767 2421 2806 quia
2445 2771 2491 2796 est

1432 2813 1531 2842 virtus
1555 2821 1637 2852 quae
1660 2811 1750 2842 fluxit
1773 2812 1811 2842 ab
1831 2812 1912 2852 ipso.
1937 2810 1999 2842 Sed
2022 2811 2101 2841 haec
2124 2811 2347 2851 metaphysicis
2370 2810 2490 2840 resolu-

1433 2856 1574 2887 tionibus
1598 2865 1803 2886 reservemuS.

1488 2900 1556 2930 VII.
1580 2900 1715 2940 Reliqua
1739 2909 1821 2939 quae
1845 2908 1939 2939 supra
1954 2900 1971 2916 ὓ
1995 2898 2140 2934 diximus,
2164 2899 2198 2928 in
2221 2898 2353 2928 articulo
2377 2898 2490 2937 quinto

1434 2950 1465 2975 et
1488 2949 1604 2974 octavo
1628 2944 1710 2974 clare
1732 2944 1897 2974 habentur.

2507 666 2516 675 ‘
2531 665 2580 686 Art.
2594 671 2613 692 5.

2512 1234 2521 1242 “
2536 1231 2606 1253 Num.
2621 1237 2647 1254 ιι.

2514 1452 2523 1461 ·
2539 1451 2575 1473 Cf.
2595 1451 2661 1479 ibid„
2679 1451 2721 1473 Se-

2513 1478 2596 1499 cundo.

2514 1542 2524 1551 ·
2538 1539 2608 1562 Num.
2619 1540 2725 1567 praeced.

2515 1674 2524 1682 ·
2540 1670 2587 1698 Qu.
2603 1676 2636 1692 ιιι.

2517 2421 2526 2431 ·
2542 2419 2598 2467 (ζῗξι,
2609 2425 2633 2446 ιι,
2643 2425 2666 2441 n.
2678 2426 2728 2441 u.-

2516 2446 2541 2467 S.
2595 2462 2600 2467 .
2615 2446 2667 2468 lect.
2683 2451 2713 2467 rv.

2517 2906 2634 2960 ἓξὲξ-λιι,
2638 2907 2727 2934 Tertio,
