2878 4088
161 264 170 273 ·
190 262 245 284 Can.
270 262 298 283 Si
319 261 371 288 quis

161 288 261 315 viduam,
269 288 321 311 dist.
331 288 354 309 L⁴
364 298 372 302 -

160 315 195 336 Cf.
208 321 258 342 cap.
275 315 371 336 Senten-

160 342 224 367 tiam,
244 341 278 363 Ne
292 341 373 362 clerici

162 369 199 390 vel
209 368 316 389 monach.
328 372 370 389 etc.

159 432 169 441 ·
178 430 232 451 Loc.
245 429 282 452 cit.
292 429 314 451 in
323 435 370 456 arg.

159 703 169 713 ·
183 701 207 723 In
223 708 329 730 corpore.

181 1272 213 1294 Ca
232 1288 237 1294 .
251 1272 368 1299 Litteras,

157 1299 186 1320 de
210 1278 310 1327 gontug.
335 1299 367 1320 le-

154 1331 239 1378 efficti„
247 1352 370 1380 eapp.Per-

157 1381 233 1406 vemt,
255 1383 277 1400 et
304 1379 367 1407 Quo-

156 1406 227 1427 niam.

157 1434 165 1443 ·
180 1432 238 1454 lbid.

156 1460 166 1470 ·
174 1459 209 1480 Ct.
219 1459 290 1486 gloss.
300 1459 366 1480 Bern.

155 1485 236 1533 ἐὲἰςὲιρ.
242 1485 367 1511 Pervenit„

159 2963 167 2973 ·
189 2962 224 2984 Cf.
247 2969 285 2991 qu.
306 2969 361 2989 ιιιι,

158 2993 200 3011 art.
217 2996 236 3015 ι,
250 2989 278 3011 ad
291 2996 315 3016 4.

404 177 476 215 130

398 256 592 287 condemnat
615 263 823 298 praeceptum
847 259 994 299 implens,
1016 259 1194 300 irregularis
1219 259 1353 290 efficitur
1369 261 1395 289 *.
1421 259 1468 289 Si-

398 302 512 331 militer
529 302 624 332 etiam
647 302 700 332 ille
725 303 781 342 qui
805 309 1014 343 praeceptum
1037 304 1174 344 implens
1194 303 1338 334 debitum
1362 303 1466 339 solvit,

396 345 537 376 redditur
567 347 694 386 ineptus
722 346 762 377 ad
785 346 891 378 divina
923 347 1028 378 officia
1058 348 1262 388 exequenda,
1287 358 1354 378 non
1378 347 1468 387 quod

397 390 449 420 ille
474 396 562 420 actus
578 391 617 421 sit
632 397 812 431 peccatum,
830 391 886 422 sed
902 393 1024 422 ratione
1048 393 1236 423 carnalitatis
1260 392 1343 422 illius
1368 398 1465 422 actus.

398 435 438 464 Et
461 435 516 471 sic,
540 435 719 466 secundum
743 436 833 476 quod
857 437 1006 476 Magister
1034 437 1109 467 dicit
1125 438 1151 473 ξ
1176 437 1395 476 Hieronymus
1419 436 1466 466 lo-

398 479 506 519 quitur
529 485 654 510 tantum
678 479 717 510 de
740 481 890 511 ministris
914 481 1094 511 Ecclesiae:
1120 491 1188 510 non
1207 486 1315 511 autem
1332 480 1371 510 de
1388 480 1464 516 aliis,

398 524 454 563 qui
470 530 543 554 sunt
559 534 618 554 suo
635 524 755 555 iudicio
779 525 998 565 relinquendi;
1024 526 1098 565 quia
1114 530 1249 565 possunt
1266 530 1296 554 et
1313 534 1350 554 ex
1368 524 1466 554 devo-

396 569 485 598 tione
509 568 676 605 dimittere,
694 575 725 599 et
740 579 866 600 sumere
890 579 1007 609 corpus
1032 569 1158 605 Christi,
1177 570 1295 609 absque
1319 574 1464 609 peccato.

452 613 502 642 An
519 623 681 643 SECUNDUM
701 624 861 644 mcaNDUM
878 614 967 654 quod
983 624 1064 644 uxor
1080 623 1147 644 non
1163 614 1258 644 habet
1273 618 1465 653 potestatem

396 657 430 687 in
446 667 563 698 corpus
578 658 637 688 viri
659 658 720 688 nisi
737 658 821 688 salva
838 659 1041 688 consistentia
1064 667 1221 698 personae
1240 658 1349 698 ipsius,
1367 663 1402 687 ut
1418 657 1465 687 di-

398 707 486 732 ctum
503 707 550 732 est
565 703 591 732 ᾖ.
617 702 720 738 Unde,
741 703 765 732 si
783 703 863 732 ultra
880 703 985 742 exigit,
1005 713 1072 733 non
1089 708 1135 732 est
1155 703 1267 742 petitio
1285 702 1392 738 debiti,
1410 701 1465 732 sed

397 747 514 776 iniusta
527 747 659 776 exactio.
677 747 717 777 Et
729 752 859 787 propter
871 748 935 777 hoc
947 748 993 777 vir
1005 757 1072 777 non
1088 753 1214 777 tenetur
1230 747 1258 777 ei
1275 746 1463 777 satisfacere.

452 791 502 820 AD
527 801 661 821 mnrium
686 801 843 821 mcnnnuu
867 791 972 831 quod,
998 792 1023 821 si
1047 791 1161 831 aliquis
1190 791 1332 822 redditur
1358 792 1464 831 impo—

397 840 466 865 tens
483 835 522 865 ad
539 835 682 865 debitum
699 835 890 865 solvendum
907 845 944 866 ex
962 846 1056 866 causa
1072 846 1110 866 ex
1126 836 1331 866 matrimonio
1345 841 1463 871 secuta,

397 885 475 919 puta
499 889 574 909 cum
596 880 684 919 prius
709 879 851 910 debitum
871 879 1007 910 reddidit
1029 886 1060 910 et
1076 886 1122 910 est
1142 881 1304 920 impotens
1321 880 1360 910 ad
1377 879 1464 910 debi-

397 929 466 954 turn
479 923 668 953 solvendum
685 924 827 959 ulterius,
840 924 955 954 mulier
970 934 1038 954 non
1053 925 1149 954 habet
1164 925 1213 954 ius
1230 924 1302 964 plus
1319 924 1462 964 petendi:

397 973 427 998 et
443 969 476 997 in
492 967 631 1007 petendo
649 968 780 998 ulterius
796 977 829 998 se
845 969 944 1007 magis
960 969 1160 998 meretricem
1176 978 1274 1008 quam
1291 969 1463 1008 coniugem

397 1012 532 1042 exhibet.
558 1012 590 1042 Si
615 1018 722 1042 autem
745 1011 893 1042 reddatur
915 1013 1077 1051 impotens
1102 1022 1139 1042 ex
1163 1013 1223 1042 alia
1247 1022 1351 1048 causa,
1369 1013 1395 1042 si
1411 1013 1463 1042 illa

396 1062 442 1086 est
465 1056 563 1091 licita,
588 1056 632 1085 sic
656 1057 771 1086 iterum
795 1066 862 1085 non
887 1061 1026 1092 tenetur,
1051 1066 1111 1086 nec
1134 1061 1241 1095 potest
1264 1056 1379 1086 mulier
1399 1057 1463 1086 exi-

395 1109 478 1140 gere.
493 1099 525 1130 Si
541 1110 608 1129 non
625 1106 680 1136 est,
698 1105 774 1130 tunc
791 1105 913 1139 peccat,
927 1105 958 1130 et
973 1106 1143 1139 peccatum
1159 1101 1277 1135 uxoris,
1291 1101 1316 1129 si
1332 1106 1463 1140 propter

396 1145 457 1174 hoc
473 1145 506 1174 in
522 1143 767 1174 fornicationem
792 1144 924 1180 labatur,
942 1144 1051 1184 aliquo
1067 1144 1167 1174 modo
1193 1145 1251 1174 sibi
1275 1145 1460 1184 imputatur.

395 1189 435 1218 Et
464 1188 537 1218 ideo
571 1188 683 1225 debet,
709 1194 866 1229 quantum
898 1195 1024 1228 potest,
1050 1188 1123 1219 dare
1156 1198 1289 1228 operam
1320 1194 1355 1218 ut
1382 1198 1463 1219 uxor

396 1233 568 1263 contineat.

449 1278 499 1307 An
525 1288 671 1308 auam-um
702 1287 861 1307 nrcanmm
895 1277 984 1318 quod
1015 1278 1103 1318 lepra
1133 1277 1228 1308 solvit
1258 1277 1419 1317 sponsalia
1434 1278 1461 1313 *‚

394 1321 450 1352 sed
472 1332 540 1352 non
562 1322 804 1352 matrimonium
820 1323 846 1352 ’ἦ
879 1322 972 1353 Unde
1004 1332 1085 1352 uxor
1113 1323 1208 1352 etiam
1235 1322 1304 1352 viro
1333 1322 1462 1362 leproso

394 1372 519 1397 tenetur
542 1366 672 1397 reddere
697 1366 840 1397 debitum
857 1368 882 1397 ³⁶.
907 1367 983 1397 Non
999 1372 1107 1396 tamen
1129 1372 1255 1397 tenetur
1279 1367 1307 1397 ei
1332 1366 1463 1396 cohabi-

394 1416 459 1441 tare
469 1412 502 1440 *:
523 1412 599 1451 quia
614 1421 681 1441 non
697 1412 740 1441 ita
756 1412 819 1441 cito
836 1411 976 1442 inficitur
992 1421 1030 1441 ex
1047 1412 1135 1441 coitu
1152 1412 1233 1441 sicut
1249 1421 1287 1441 ex
1304 1411 1464 1450 frequenti

395 1456 639 1486 cohabitatione.
665 1456 705 1486 Et
729 1457 874 1495 quamvis
889 1462 1058 1496 generetur
1077 1455 1202 1486 infirma
1220 1456 1338 1496 proles,
1354 1461 1463 1486 tamen

394 1500 508 1530 melius
532 1506 579 1530 est
602 1501 630 1530 ei
654 1501 698 1531 sic
722 1510 789 1530 esse
814 1510 911 1540 quam
935 1501 1062 1541 penitus
1085 1510 1152 1531 non
1177 1510 1254 1531 esse.

489 1575 588 1606 ART.
613 1575 650 1605 ΙΙ.
675 1585 779 1605 UTRUM
801 1585 854 1606 vm
877 1586 1039 1606 TENEATUR
1063 1586 1199 1605 DEBITUM
1222 1585 1364 1605 annnam:

760 1630 855 1650 uxoru
878 1630 943 1650 NON
966 1630 1097 1650 ramim

827 1672 877 1692 Art.
893 1677 952 1699 seq„
967 1671 995 1692 ad
1011 1677 1031 1693 2.

459 1733 479 1752 n
496 1733 658 1753 SECUNDUM
681 1732 725 1752 sm
754 1732 957 1753 Paocemrun.
987 1722 1121 1753 Videtur
1145 1722 1234 1762 quod
1258 1723 1305 1752 vir
1328 1732 1396 1753 non
1417 1728 1462 1753 te-

396 1734 571 1797 Aneatur
594 1766 723 1797 reddere
740 1767 884 1797 debiturn
905 1767 998 1797 uxori
1013 1777 1080 1797 non
1101 1767 1232 1807 petenti.
1253 1767 1463 1807 Praeceptum

395 1812 482 1841 enim
505 1811 727 1841 affirmativum
751 1821 818 1842 non
842 1811 962 1851 obligat
984 1812 1045 1841 nisi
1064 1811 1103 1841 ad
1122 1817 1250 1851 tempus
1273 1811 1463 1842 determina-

394 1862 473 1886 tum.
488 1855 550 1886 Sed
565 1862 692 1895 tempus
709 1855 955 1887 determinatum
971 1856 1141 1886 solutionis
1158 1856 1256 1886 debiti
1272 1866 1339 1886 non
1356 1862 1463 1896 potest

394 1910 462 1930 esse
485 1900 545 1930 nisi
569 1900 699 1940 quando
723 1901 850 1940 petitur.
879 1901 964 1940 Ergo
989 1901 1063 1930 alias
1087 1901 1210 1931 solvere
1233 1910 1301 1931 non
1324 1907 1460 1932 tenetur.

451 1955 479 1975 2.
504 1945 700 1980 Pruna-emm,
713 1944 752 1974 de
770 1945 914 1984 quolibet
930 1945 1084 1975 debemus
1100 1954 1302 1984 praesumere
1318 1946 1461 1976 meliora.

394 1989 457 2019 Sed
479 1989 593 2018 melius
618 1995 664 2019 est
689 1990 783 2019 etiarn
815 1990 1006 2029 coniugibus
1030 1990 1194 2020 continere
1225 1999 1322 2029 quam
1354 1990 1462 2020 matri-

394 2034 506 2063 monio
530 2034 587 2063 uti.
613 2033 715 2072 Ergo,
738 2034 799 2063 nisi
830 2043 976 2073 expresse
1001 2033 1145 2063 debitum
1169 2039 1273 2073 petat,
1298 2033 1392 2064 debet
1415 2035 1462 2064 vir

393 2087 595 2117 praesumere
612 2077 701 2117 quod
725 2078 754 2108 ei
778 2078 901 2117 placeat
920 2078 1094 2108 continere.
1119 2078 1160 2108 Et
1183 2077 1228 2107 sic
1251 2087 1319 2108 non
1335 2084 1462 2109 tenetur

394 2121 536 2152 debiturn
561 2122 589 2151 ei
613 2121 754 2152 reddere.

449 2166 478 2196 3.
503 2166 706 2202 PRAETEREA,
732 2167 813 2196 sicut
837 2176 918 2196 uxor
941 2167 1036 2196 habet
1064 2171 1255 2206 potestatem
1280 2167 1313 2196 in
1336 2167 1459 2204 virum,

391 2211 434 2240 ita
457 2210 607 2241 dominus
631 2211 663 2240 in
687 2220 823 2240 servum.
858 2210 920 2241 Sed
945 2211 1078 2241 domino
1110 2221 1178 2241 non
1202 2216 1328 2241 tenetur
1351 2221 1460 2242 servus

393 2255 507 2285 servire
530 2255 591 2285 nisi
615 2254 745 2294 quando
769 2255 827 2285 sibi
851 2256 890 2285 ab
914 2256 984 2295 ipso
1009 2256 1192 2295 imperatur.
1221 2255 1288 2285 Nec
1314 2266 1389 2296 ergo
1414 2257 1461 2286 vir

392 2305 517 2330 tenetur
540 2300 632 2329 uxori
655 2299 786 2330 reddere
803 2299 947 2330 debitum
965 2300 1026 2330 nisi
1050 2300 1181 2340 quando
1198 2300 1236 2330 ab
1262 2310 1298 2330 ea
1315 2301 1459 2341 exigitur.

447 2353 478 2383 4.
503 2343 706 2380 Pium-anna,
724 2345 771 2374 vir
793 2350 900 2384 potest
923 2344 1096 2385 aliquando
1121 2354 1256 2375 uxorem
1280 2346 1461 2385 exigentem

392 2389 539 2428 precibus
564 2394 703 2419 avertere
720 2398 760 2419 ne
784 2389 896 2429 exigat.
922 2389 1007 2429 Ergo
1031 2389 1135 2420 multo
1151 2389 1252 2430 magis
1270 2395 1377 2429 potest
1392 2400 1459 2420 non

392 2432 523 2464 reddere
546 2434 572 2463 si
594 2443 663 2463 non
687 2434 798 2473 exigat.

448 2477 510 2508 San
527 2487 660 2513 CONTRA,
674 2487 730 2518 per
741 2477 954 2508 redditionem
971 2478 1069 2508 debiti
1085 2478 1358 2509 medicamentum
1370 2488 1460 2519 prae-

394 2527 492 2552 statur
522 2527 632 2552 contra
660 2523 767 2552 uxoris
801 2523 1106 2562 concupiscentiam.
1143 2523 1205 2554 Sed
1233 2524 1377 2554 medicus
1408 2524 1461 2555 cui

394 2565 539 2596 infirmus
552 2572 599 2596 est
615 2567 814 2603 commissus
827 2572 953 2597 tenetur
965 2568 1080 2597 morbo
1094 2568 1162 2598 eius
1179 2569 1348 2599 subvenire
1364 2569 1460 2599 etiam

395 2611 420 2640 si
436 2611 503 2650 ipse
520 2620 587 2640 non
603 2617 699 2650 petat.
725 2612 810 2651 Ergo
826 2612 873 2641 vir
889 2613 981 2642 uxori
1002 2622 1068 2642 non
1093 2614 1215 2652 petenti
1230 2619 1357 2644 tenetur
1373 2613 1460 2644 debi-

395 2660 464 2685 tum
487 2654 628 2685 reddere.

451 2709 480 2729 2.
505 2699 700 2736 PRAETEREA,
718 2700 875 2740 praelatus
899 2706 1024 2731 tenetur
1046 2702 1252 2732 correctionis
1281 2702 1460 2733 remedium

396 2749 505 2774 contra
528 2750 658 2783 peccata
674 2744 875 2775 subditorum
900 2745 1048 2776 adhibere
1065 2747 1160 2776 etiam
1177 2747 1221 2777 eis
1238 2747 1459 2778 contradicen-

394 2788 487 2818 tibus.
513 2788 575 2818 Sed
598 2788 734 2820 redditio
751 2789 848 2820 debiti
871 2790 904 2820 in
928 2790 996 2820 viro
1021 2796 1067 2821 est
1091 2791 1235 2821 ordinata
1251 2797 1362 2822 contra
1385 2802 1461 2832 pec-

395 2838 462 2862 cata
486 2834 602 2863 uxoris.
628 2834 712 2873 Ergo
737 2839 862 2864 tenetur
878 2835 924 2864 vir
947 2834 1091 2866 debitum
1114 2836 1246 2866 reddere
1263 2836 1460 2877 quandoque

395 2878 490 2907 etiam
513 2887 580 2907 non
603 2878 735 2917 petenti.

449 2922 637 2952 Rasponnro
662 2932 821 2953 mcenmm
845 2923 934 2963 quod
954 2930 1062 2963 petere
1086 2924 1230 2955 debitum
1255 2931 1301 2956 est
1324 2925 1460 2966 duplici-

395 2971 441 2996 ter
455 2967 483 2996 ⁴².
509 2966 583 2996 Uno
599 2966 710 3003 modo,
729 2977 890 3007 expresse:
916 2974 951 2998 ut
976 2969 1108 3008 quando
1125 2971 1228 3000 verbis
1244 2971 1384 3000 invicem
1400 2980 1456 3010 pe-

394 3015 475 3040 tunt.
509 3011 582 3041 Alio
606 3011 706 3042 modo
731 3018 777 3042 est
793 3013 905 3052 petitio
930 3013 1028 3043 debiti
1051 3015 1302 3054 interpretativa:
1328 3014 1459 3054 quando

395 3055 514 3084 scilicet
536 3056 583 3085 vir
605 3056 739 3096 percipit
755 3066 812 3096 per
835 3057 941 3096 aliqua
964 3058 1053 3097 signa
1069 3058 1159 3098 quod
1182 3069 1263 3089 uxor
1285 3059 1380 3090 vellet
1400 3060 1460 3090 sibi

396 3098 538 3128 debitum
554 3099 651 3135 reddi,
665 3099 720 3130 sed
736 3107 867 3140 propter
885 3102 1110 3133 verecundiam
1127 3109 1220 3134 tacet.
1241 3104 1281 3134 Et
1297 3104 1349 3139 ita,
1363 3105 1460 3135 etiam

396 3143 421 3172 si
443 3152 510 3173 non
535 3153 680 3183 expresse
703 3146 806 3175 verbis
837 3145 981 3176 debitum
1014 3153 1109 3186 petat,
1132 3153 1240 3178 tamen
1264 3149 1311 3178 vir
1334 3154 1460 3179 tenetur

395 3186 525 3217 reddere
549 3188 678 3227 quando
703 3199 847 3229 expressa
871 3191 959 3230 signa
982 3191 1016 3221 in
1039 3201 1139 3222 uxore
1167 3198 1321 3232 apparent
1344 3193 1460 3224 volun-

396 3231 466 3261 tatis
489 3231 641 3262 reddendi
664 3232 771 3264 debiti.

450 3276 500 3305 Αι)
524 3286 640 3306 ramum
663 3287 745 3307 aizoo
770 3288 929 3308 mcennum
953 3279 1042 3319 quod
1062 3285 1190 3320 tempus
1214 3281 1459 3313 determinatum

397 3329 465 3349 non
487 3325 533 3349 est
556 3321 686 3359 quando
709 3323 837 3361 petitur,
854 3322 909 3352 sed
933 3324 1062 3363 quando
1086 3326 1217 3355 timetur
1239 3336 1277 3356 ex
1301 3326 1460 3366 aliquibus

398 3363 493 3402 signis
516 3365 695 3403 periculum
722 3365 762 3396 ad
785 3366 875 3406 quod
897 3368 1063 3398 vitandum
1083 3369 1246 3400 ordinatur
1270 3370 1367 3401 debiti
1390 3371 1458 3402 red-

399 3406 487 3442 ditio,
503 3408 564 3437 nisi
587 3414 663 3439 tunc
686 3409 843 3440 reddatur.

453 3451 503 3480 An
527 3462 688 3482 sacurmuu
710 3463 868 3484 monimum
885 3455 974 3494 quod
996 3457 1043 3486 vir
1066 3463 1172 3496 potest
1185 3459 1281 3489 talem
1296 3469 1461 3499 praesum·

399 3494 544 3533 ptionem
559 3497 675 3526 habere
691 3496 730 3527 de
746 3507 845 3528 uxore
862 3499 991 3537 quando
1011 3501 1044 3530 in
1061 3511 1097 3530 ea
1114 3503 1270 3532 contraria
1289 3504 1378 3543 signa
1393 3514 1461 3535 non

399 3537 493 3568 videt.
518 3539 581 3570 Sed
604 3541 733 3580 quando
757 3541 852 3578 videt,
870 3549 951 3573 esset
974 3544 1068 3574 stulta
1091 3547 1319 3586 praesumptio.

1066 181 1330 228 QUAESTIO
1359 181 1492 228 LXIV,
1522 181 1814 218 ARTICULUS
1843 182 2034 227 11,111,1V

1578 259 1629 289 An
1653 269 1788 289 Teanum
1813 270 1972 290 mmmmm
1997 260 2086 300 quod
2111 259 2261 292 dominus
2280 271 2347 292 non
2371 262 2415 292 ita
2437 271 2593 292 verecun-

1524 302 1615 333 datur
1637 313 1655 333 a
1678 313 1769 334 servo
1793 310 1902 344 petere
1927 304 2072 334 debiturn
2090 305 2249 336 servitutis
2272 306 2355 336 sicut
2377 316 2459 337 uxor
2482 317 2500 336 a
2523 303 2597 336 viro'

1523 347 1667 377 debitum
1691 348 1843 387 coniugii.
1868 348 1901 379 Si
1916 354 2025 379 tamen
2049 348 2199 379 dominus
2214 359 2283 380 non
2302 356 2434 390 peteret,
2450 351 2502 381 vel
2518 360 2593 391 pro-

1522 397 1593 431 pter
1608 392 1821 432 ignorantiam
1834 393 1884 423 vel
1901 393 1961 423 alia
1977 393 2016 423 de
2034 403 2138 430 causa,
2152 394 2362 425 nihilominus
2378 405 2487 426 servus
2503 401 2592 426 tene-

1490 445 1498 465 ς
1521 442 1608 466 retur
1630 436 1764 476 implere
1788 437 1813 466 si
1837 438 2018 477 periculum
2034 438 2225 468 immineret.
2250 438 2324 469 Hoc
2348 439 2436 470 enim
2459 445 2506 470 est
2526 449 2591 469 non

1521 480 1564 510 ad
1588 481 1716 510 oculum
1739 482 1871 517 servire,
1890 481 1979 522 quod
2002 482 2180 522 Apostolus
2203 483 2300 513 servis
2323 483 2454 514 mandat
2468 485 2495 514 ἦ

1575 525 1626 555 Αι)
1647 535 1795 555 QUARTUM
1812 536 1971 556 mcnnntm
1987 526 2077 566 quod
2093 537 2160 557 non
2177 526 2272 558 debet
2286 528 2334 558 vir
2353 537 2488 558 uxorem
2504 537 2592 558 aver-

1520 574 1586 599 tere
1610 579 1650 599 ne
1674 575 1762 610 petat
1786 569 1930 601 debitum
1954 571 2014 601 nisi
2043 577 2175 611 propter
2198 572 2339 612 aliquam
2369 572 2592 603 rationabilem

1521 623 1660 644 causam.
1694 615 1735 644 Et
1757 620 1836 645 tunc
1861 616 1954 645 etiam
1987 625 2056 646 non
2080 615 2281 647 debetcum
2304 626 2420 657 magna
2443 617 2593 647 instantia

1481 671 1506 686 ιο
1520 659 1628 694 averti,
1646 665 1778 699 propter
1801 660 1943 700 pericula
1966 660 2177 691 imminentia.

1640 748 1741 778 ART.
1763 748 1814 779 111.
1839 759 1943 779 uranu
1965 759 2018 780 vm
2041 760 2079 779 ET
2102 760 2218 780 muman
2241 760 2308 780 srnr
2331 761 2364 780 m
2387 761 2468 781 ac‘ru

1851 803 2079 824 mrnmomam
2101 805 2262 825 arenariis

1519 841 1552 862 11·
1567 841 1621 868 11⁸⁶,
1637 848 1676 870 qu.
1691 849 1764 867 xxxn.
1781 847 1822 865 nrt.
1838 843 1867 870 8,
1882 844 1910 864 ad
1926 850 1950 868 z:
1966 843 1998 865 1v
2012 843 2092 870 Sent.‚
2108 845 2162 866 dist.
2178 851 2215 870 xv,
2231 851 2270 872 qu.
2286 851 2318 871 ιι,
2335 849 2375 867 nrt.
2391 851 2411 873 5,
2427 846 2472 874 qu⁸
2488 852 2507 873 ι,
2522 846 2552 868 nd
2568 853 2592 872 ις

1480 893 1502 913 ¹5
1702 869 1755 890 dist.
1772 876 1841 891 xxxvi
1852 886 1857 896 ,
1873 874 1914 891 art.
1930 876 1951 899 3,
1966 871 1994 891 ad
2010 877 2033 896 ης
2050 871 2057 891 1
2073 870 2107 892 ad
2121 871 2187 898 Cor„
2204 877 2253 900 cap.
2270 878 2307 897 vu,
2323 872 2374 894 lect.
2391 878 2406 894 ι,

1584 934 1604 953 n
1628 934 1762 955 marum
1786 935 1831 955 src
1851 935 2055 956 PRocanun.
2081 925 2215 957 Videtur
2238 926 2328 967 quod
2351 928 2398 957 vir
2422 933 2454 958 et
2476 929 2592 959 mulier

1520 935 1651 998 Anon
1674 970 1736 999 sint
1759 970 1792 999 in
1808 975 1882 1000 actu
1905 970 2101 1000 matrimonii
2124 971 2283 1011 aequales.
2307 973 2418 1013 Agens
2438 973 2526 1003 enim
2545 978 2592 1004 est

1519 1012 1658 1043 nobilius
1676 1014 1840 1053 patiente:
1862 1019 1898 1044 ut
1921 1014 2120 1054 Augustinus
2145 1015 2230 1052 dicit,
2256 1016 2314 1046 XII
2329 1026 2428 1057 super
2452 1017 2531 1048 Gen.
2548 1018 2592 1048 ad

1518 1056 1577 1086 litt.
1595 1058 1611 1073 ⁴*
1640 1057 1703 1087 Sed
1726 1058 1759 1087 in
1783 1063 1857 1088 actu
1880 1059 2042 1098 coniugali
2059 1060 2107 1089 vir
2130 1069 2163 1090 se
2186 1061 2281 1091 habet
2304 1066 2341 1091 ut
2363 1071 2469 1101 agens,
2490 1067 2522 1092 et
2544 1062 2591 1093 fe-

1478 1113 1504 1127 20
1517 1100 1605 1130 mina
1628 1107 1664 1131 ut
1686 1102 1810 1141 patiens
1826 1103 1853 1132 ’ἦ
1878 1102 1963 1142 Ergo
1980 1112 2047 1133 non
2064 1109 2139 1134 sunt
2160 1105 2195 1134 in
2218 1111 2290 1135 actu
2310 1105 2366 1135 illo
2383 1107 2542 1146 aequales.

1575 1154 1604 1174 2.
1629 1145 1834 1182 Parim-mum,
1859 1155 1940 1176 uxor
1963 1156 2032 1177 non
2054 1153 2180 1178 tenetur
2196 1150 2264 1179 viro
2289 1149 2434 1180 debitum
2457 1151 2589 1182 reddere

1517 1189 1578 1218 nisi
1593 1194 1690 1228 petat.
1715 1190 1771 1220 Vir
1787 1195 1895 1220 autem
1919 1195 2045 1221 tenetur
2067 1193 2170 1228 uxori,
2188 1199 2223 1223 ut
2243 1193 2366 1224 dictum
2390 1200 2437 1225 est
2452 1196 2479 1225 ⁸⁵.
2503 1196 2590 1236 Ergo

1517 1242 1585 1262 non
1609 1239 1683 1263 sunt
1705 1243 1796 1274 pares
1820 1235 1854 1264 in
1878 1240 1950 1264 actu
1974 1236 2180 1267 matrimonii.

1574 1277 1603 1307 3.
1620 1277 1817 1314 Palinurum,
1830 1279 1863 1308 in
1879 1280 2086 1310 matrimonio
2099 1281 2217 1311 mulier
2228 1286 2368 1322 propter
2378 1283 2591 1325 virumsacta

1478 1334 1501 1354 25
1517 1326 1565 1351 est
1579 1322 1606 1358 ἡ
1623 1328 1659 1352 ut
1682 1329 1769 1362 patet
1795 1323 1874 1354 Gen.
1891 1333 1913 1353 11
1929 1324 1980 1353 *ἦ
2004 1324 2179 1356 Faciamus
2202 1326 2232 1356 ei
2255 1326 2455 1357 adiutorium
2485 1328 2590 1359 simile

1517 1366 1586 1396 sibi.
1611 1366 1674 1397 Sed
1690 1367 1770 1397 illud
1793 1373 1925 1408 propter
1945 1368 2035 1408 quod
2059 1374 2106 1399 est
2129 1370 2274 1407 alterum,
2291 1380 2418 1412 semper
2441 1378 2489 1403 est
2502 1373 2590 1413 prin-

1518 1410 1661 1450 cipalius.
1686 1412 1782 1452 Ergo,
1799 1417 1859 1442 etc.

1573 1464 1604 1494 4.
1629 1456 1831 1493 PRAETEREA,
1856 1458 2099 1488 matrimonium
2122 1459 2339 1500 principaliter
2362 1460 2527 1492 ordinatur
2550 1462 2591 1493 ad

1518 1505 1626 1530 actum
1650 1501 1864 1541 coniugalem.
1889 1501 1952 1532 Sed
1975 1503 2008 1533 in
2031 1504 2238 1534 matrimonio
2261 1505 2308 1534 vir
2331 1510 2378 1535 est
2401 1511 2499 1546 caput
2520 1516 2590 1538 mu·-

1479 1556 1504 1576 30
1518 1545 1625 1581 lieris,
1658 1551 1693 1576 ut
1716 1551 1803 1586 patet
1827 1546 1839 1576 1
1858 1546 1935 1577 Cor.
1959 1557 1991 1577 xr
2007 1548 2033 1577 ὓ.
2065 1548 2152 1588 Ergo
2180 1558 2248 1579 non
2278 1555 2353 1580 sunt
2383 1551 2533 1591 aequales
2555 1552 2590 1582 in
2617 1557 2628 1567 ·

1518 1594 1592 1620 actu
1614 1590 1789 1630 praedicto.

1574 1634 1637 1665 San
1654 1644 1777 1665 com-na
1793 1646 1847 1666 as‘r
1864 1635 1954 1676 quod
1970 1635 2085 1667 dicitur
2101 1637 2112 1667 I
2132 1637 2208 1668 Cor.
2225 1633 2269 1668 v'11
2284 1639 2319 1669 ἐ
2342 1639 2397 1669 Vir
2415 1648 2480 1670 non
2496 1640 2591 1671 habet
2617 1646 2628 1657 ·

1514 1683 1705 1718 potestatem
1727 1680 1779 1711 sui
1808 1681 1978 1721 corporis;
2008 1686 2038 1711 et
2064 1682 2167 1712 simile
2191 1682 2267 1713 dicit
2291 1682 2330 1714 de
2353 1693 2464 1714 uxore.
2502 1685 2590 1726 Ergo

1518 1728 1592 1753 sunt
1615 1725 1764 1764 aequales
1787 1725 1821 1755 in
1844 1730 1918 1756 actu
1941 1726 2147 1756 matrimonii.

1575 1777 1604 1798 2.
1629 1768 1826 1806 PRAETEREA,
1843 1770 2085 1800 matrimonium
2109 1776 2160 1801 est,
2178 1771 2289 1802 relatio
2313 1773 2588 1814 aequiparentiae:

1518 1821 1593 1842 cum
1618 1813 1656 1843 sit
1680 1814 1877 1851 coniunctio,
1895 1820 1930 1844 ut
1947 1814 2069 1845 dictum
2085 1821 2132 1846 est
2147 1816 2174 1846 *.
2198 1816 2284 1856 Ergo
2300 1817 2348 1847 vir
2364 1823 2395 1848 et
2417 1828 2500 1849 uxor
2514 1824 2590 1849 sunt

1517 1858 1667 1896 aequales
1690 1859 1724 1888 in
1747 1864 1820 1889 actu
1843 1859 2050 1894 matrimonii.

1572 1902 1763 1933 Ruspommo
1792 1913 1952 1933 monimum
1973 1903 2063 1943 quod
2087 1904 2205 1944 duplex
2222 1910 2268 1935 est
2291 1906 2481 1946 aequalitas:
2505 1907 2589 1938 scili-

1517 1951 1568 1975 cet
1591 1947 1785 1986 quantitatis,
1803 1953 1834 1978 et
1852 1948 2081 1988 proportionis.
2106 1949 2290 1989 Aequalitas
2307 1949 2439 1990 quidem
2463 1952 2590 1991 quanti-

1476 1999 1503 2019 40
1517 1990 1587 2020 tatis
1612 1997 1658 2021 est
1686 2000 1768 2031 quae
1799 1992 1972 2022 attenditur
2004 1993 2086 2022 inter
2116 1993 2194 2023 duas
2222 1995 2414 2034 quantitates
2445 1995 2589 2027 eiusdem

1516 2043 1695 2070 mensurae,
1712 2036 1794 2066 sicut
1810 2037 1942 2066 bicubiti
1967 2036 2006 2066 ad
2023 2037 2212 2068 bicubitum.
2237 2038 2300 2069 Sed
2323 2039 2498 2079 aequalitas
2513 2050 2590 2081 pro-

1515 2079 1674 2118 portionis
1690 2085 1737 2110 est
1760 2090 1843 2120 quae
1859 2080 2032 2111 attenditur
2054 2082 2137 2111 inter
2160 2081 2238 2112 duas
2254 2084 2482 2123 proportiones
2505 2085 2590 2116 eius-

1517 2122 1591 2153 dem
1615 2124 1750 2163 speciei.
1775 2125 1857 2155 sicut
1881 2124 1970 2165 dupli
1994 2125 2034 2156 ad
2058 2125 2204 2165 duplum.
2239 2127 2424 2167 Loquendo
2448 2138 2524 2169 ergo
2549 2129 2589 2160 de

1515 2167 1618 2207 prima
1634 2169 1835 2208 aequalitate,
1852 2170 1899 2200 vir
1922 2175 1954 2200 et
1969 2179 2051 2200 uxor
2073 2180 2141 2201 non
2165 2177 2240 2202 sunt
2259 2172 2409 2212 aequales
2431 2173 2465 2204 in
2481 2174 2589 2205 matri-

1475 2226 1498 2245 45
1515 2213 1645 2242 monio:
1670 2223 1776 2253 neque
1802 2220 1959 2254 quantum
1983 2214 2022 2244 ad
2046 2220 2154 2245 actum
2175 2217 2390 2257 coniugalem,
2406 2218 2440 2248 in
2465 2227 2532 2259 quo
2554 2218 2588 2250 id

1516 2256 1607 2297 quod
1621 2258 1762 2288 nobilius
1779 2264 1825 2289 est
1844 2259 1912 2289 viro
1929 2258 2080 2295 debetur;
2105 2269 2212 2300 neque
2231 2266 2390 2301 quantum
2405 2261 2445 2293 ad
2461 2262 2589 2304 dispen-

1516 2302 1674 2332 sationem
1698 2302 1832 2339 domus,
1860 2304 1893 2334 in
1924 2313 1988 2343 qua
2019 2314 2101 2334 uxor
2123 2306 2243 2345 regitur
2275 2311 2307 2336 et
2329 2307 2376 2336 vir
2398 2307 2488 2347 regit.
2524 2307 2588 2339 Sed

1516 2351 1674 2386 quantum
1691 2347 1730 2377 ad
1746 2347 1920 2378 secundam
1944 2349 2169 2388 aequalitatem
2185 2355 2260 2380 sunt
2275 2351 2425 2391 aequales
2448 2352 2481 2382 in
2497 2358 2586 2383 utro-

1516 2400 1596 2431 que:
1621 2392 1698 2431 quia
1721 2392 1802 2422 sicut
1818 2397 1945 2423 tenetur
1967 2393 2015 2424 vir
2030 2393 2123 2423 uxori
2147 2394 2180 2424 in
2203 2400 2277 2425 actu
2292 2395 2455 2436 coniugali
2470 2402 2502 2427 et
2524 2396 2588 2428 dis-

1476 2447 1502 2467 ςο
1515 2436 1704 2475 pensatione
1728 2436 1845 2467 domus
1864 2437 1904 2467 ad
1927 2437 1959 2468 id
1984 2437 2075 2478 quod
2089 2438 2148 2468 vin'
2170 2444 2227 2475 est,
2243 2439 2287 2470 ita
2309 2449 2392 2470 uxor
2405 2441 2474 2471 viro
2498 2441 2539 2472 ad
2553 2441 2588 2472 id

1516 2479 1607 2520 quod
1622 2482 1730 2511 uxoris
1746 2487 1802 2512 est.
1827 2481 1868 2512 Et
1883 2482 2063 2513 secundum
2078 2482 2142 2512 hoc
2159 2482 2275 2514 dicitur
2289 2484 2322 2514 in
2338 2484 2440 2515 littera
2456 2485 2473 2502 ⁴*
2496 2485 2586 2526 quod

1515 2530 1590 2555 sunt
1613 2525 1762 2565 aequales
1786 2526 1819 2556 in
1842 2526 2007 2557 reddendo
2032 2533 2063 2557 et
2085 2527 2227 2567 petendo
2251 2527 2405 2559 debitum.

1570 2570 1621 2599 An
1638 2580 1755 2600 prunum
1771 2580 1854 2601 eaeo
1870 2581 2031 2601 mcannun
2047 2571 2147 2612 quod,
2165 2573 2311 2612 quamvis
2326 2582 2419 2613 agere
2435 2574 2475 2605 sit
2493 2574 2587 2606 nobi-

1515 2613 1576 2644 lius
1601 2623 1699 2654 quam
1722 2615 1804 2654 pati,
1831 2620 1939 2646 tamen
1963 2615 2076 2646 eadem
2106 2622 2153 2646 est
2175 2617 2344 2657 proportio
2374 2619 2522 2658 patientis
2545 2618 2587 2650 ad

1476 2669 1499 2689 55
1515 2658 1704 2698 patiendum
1728 2665 1759 2689 et
1783 2660 1903 2700 agentis
1927 2659 1967 2690 ad
1990 2661 2161 2701 agendum.
2186 2661 2227 2692 Et
2250 2662 2430 2693 secundum
2452 2663 2516 2695 hoc
2540 2669 2588 2695 est

1515 2703 1559 2733 ibi
1583 2703 1756 2744 aequalitas
1779 2705 2007 2744 proportionis.

1570 2748 1621 2778 An
1645 2758 1808 2779 sacunmm
1824 2759 1984 2779 meanmm
2005 2749 2095 2789 quod
2118 2750 2182 2780 hoc
2206 2756 2254 2781 est
2276 2760 2334 2791 per
2356 2751 2514 2783 accidens.
2530 2752 2588 2783 Vir

1516 2793 1619 2829 enim,
1648 2793 1723 2832 quia
1753 2793 1947 2824 nobiliorem
1975 2799 2099 2834 partem
2129 2795 2225 2825 habet
2247 2795 2282 2825 in
2305 2801 2379 2826 actu
2402 2797 2585 2837 coniugali,

1514 2837 1699 2868 naturaliter
1720 2838 1816 2868 habet
1839 2838 1929 2878 quod
1952 2848 2017 2869 non
2042 2839 2086 2869 ita
2114 2840 2279 2870 erubescat
2308 2845 2418 2880 petere
2441 2840 2586 2872 debitum

1474 2890 1501 2909 60
1515 2881 1598 2912 sicut
1613 2892 1704 2912 uxor.
1728 2882 1769 2912 Et
1784 2882 1858 2913 inde
1876 2888 1922 2913 est
1946 2883 2036 2923 quod
2051 2893 2119 2913 non
2142 2884 2186 2914 ita
2209 2893 2291 2914 uxor
2306 2889 2433 2915 tenetur
2454 2885 2587 2916 reddere

1515 2926 1660 2957 debitum
1683 2936 1751 2957 non
1774 2927 1895 2967 petenti
1919 2928 1987 2957 viro
2012 2928 2094 2958 sicut
2116 2928 2164 2958 vir
2187 2929 2290 2959 uxori.

1479 1778 1501 1798 ³5

1570 2971 1621 3001 An
1645 2981 1780 3001 ‘ran-rrum
1795 2981 1955 3002 mmmmm
1972 2971 2062 3012 quod
2085 2982 2123 3002 ex
2138 2973 2203 3003 hoc
2219 2973 2397 3004 ostenditur
2412 2973 2503 3013 quod
2517 2983 2586 3004 non

1514 3021 1589 3046 sunt
1611 3015 1760 3055 aequales
1783 3016 1945 3046 absolute:
1970 3026 2038 3046 non
2062 3022 2169 3047 autem
2186 3017 2276 3057 quod
2299 3027 2367 3048 non
2382 3018 2445 3048 sint
2468 3027 2586 3058 aequa-

1514 3060 1559 3090 les
1582 3059 1761 3090 secundum
1784 3061 2040 3100 proportionem.

1568 3105 1620 3135 An
1645 3114 1794 3135 anamim
1816 3114 1976 3135 memnon
1999 3104 2099 3145 quod,
2117 3106 2262 3146 quamvis
2287 3111 2384 3146 caput
2405 3106 2444 3137 sit
2466 3107 2585 3147 princi-

1514 3149 1618 3189 palius
1641 3149 1834 3185 membrum,
1851 3155 1969 3185 tamen,
1986 3150 2069 3179 sicut
2090 3150 2239 3180 membra.
2257 3155 2408 3181 tenentur
2431 3151 2527 3191 capiti
2550 3151 2584 3182 in

1515 3193 1623 3224 officio
1647 3203 1718 3230 suo,
1734 3194 1778 3224 ita
1796 3199 1893 3234 caput
1908 3194 2060 3224 membris
2075 3194 2109 3224 in
2125 3204 2195 3225 suo.
2220 3194 2262 3225 Et
2277 3195 2322 3225 sic
2346 3200 2393 3225 est
2407 3195 2452 3226 ibi
2467 3205 2585 3236 aequa-

1514 3238 1584 3268 litas
1608 3238 1837 3279 proportionis.

1474 3115 1498 3140 65

1474 3342 1501 3363 7⁰
1558 3313 1658 3344 ART.
1676 3314 1731 3344 1v.
1755 3323 1860 3344 urium
1882 3323 1935 3344 vm
1950 3324 1988 3344 ar
2011 3323 2096 3344 uxoa
2117 3323 2242 3345 Possm-r
2257 3324 2365 3345 vorum
2388 3325 2540 3346 amr-man

1605 3368 1728 3389 conum
1751 3368 1887 3388 nentrum
1910 3368 2095 3388 narmonn
2119 3368 2185 3389 sina
2209 3368 2316 3389 stu-ruo
2340 3369 2496 3391 consensu

1723 3408 1755 3430 lV
1769 3408 1842 3435 Sext„
1859 3409 1913 3431 din.
1928 3414 2023 3434 xxxvm,
2038 3415 2077 3436 qu.
2093 3415 2109 3436 1,
2125 3412 2168 3430 art.
2185 3416 2203 3435 ι,
2219 3410 2263 3436 qu*
2276 3416 2298 3438 3,
2313 3409 2341 3431 ad
2355 3416 2380 3437 4.

1582 3471 1600 3490 ι)
1625 3470 1775 3491 unaarum
1797 3471 1842 3491 s1c
1870 3470 2075 3491 rnocamrtm.
2103 3460 2238 3491 Videtur
2267 3461 2357 3501 quod
2379 3461 2427 3492 vir
2449 3467 2481 3492 et
2503 3470 2585 3492 uxor

1519 3474 1704 3545 Apossint
1716 3511 1829 3536 votum
1846 3505 1989 3536 emittere
2002 3511 2112 3536 contra
2129 3505 2273 3536 debiturn
2297 3506 2493 3536 matrimonii
2515 3506 2584 3536 sine

1475 3562 1499 3582 75
1515 3555 1631 3579 mutuo
1657 3559 1827 3580 consensu.
1851 3550 1908 3580 Vir
1931 3550 2017 3580 enim
2041 3555 2072 3580 et
2095 3559 2177 3580 uxor
2200 3550 2374 3590 aequaliter
2404 3550 2585 3590 obligantur

2621 487 2761 516 ἈάΕρΙιεσ.
2781 493 2832 516 etp.

2619 520 2656 541 vi,
2676 520 2736 536 vera.
2756 505 2784 540 ὅς
2800 514 2834 537 ad

2621 540 2721 568 Calon„
2735 547 2785 569 cap.
2799 548 2834 568 ιιι,

2620 573 2679 589 vers.
2693 573 2729 590 π.

2618 1066 2762 1116 λὲἓὲὁιῗέἷε
2769 1067 2832 1116 'liii

2617 1126 2656 1142 ma
2670 1120 2711 1143 ιιυ.
2726 1120 2766 1148 ιιι,
2780 1126 2807 1143 σι
2825 1136 2832 1143 .
2874 1134 2877 1138 .

2618 1153 2644 1173 v,
2664 1153 2687 1169 n.
2707 1153 2730 1174 ²3
2751 1153 2771 1170 ι.
2786 1147 2807 1169 Τ
2825 1163 2832 1170 .

2618 1174 2670 1196 leet.
2685 1180 2709 1196 x.

2617 1201 2628 1211 ·
2639 1201 2738 1223 aristot.
2749 1200 2779 1222 de
2786 1200 2833 1224 Ge-

2617 1228 2695 1249 ner-at.
2731 1227 2832 1249 Animal.

2618 1253 2665 1301 libA,
2673 1253 2692 1279 1,
2706 1259 2758 1281 etp.
2773 1260 2823 1276 xxi.

2618 1334 2628 1344 ·
2640 1332 2649 1354 1
2659 1332 2694 1355 ad
2702 1332 2768 1361 cor..
2778 1339 2831 1362 etp.

2617 1365 2724 1410 ²¹:¹62:-
2736 1366 2771 1411 3⁵.

2616 1822 2626 1831 ⁹
2636 1821 2684 1849 Qu.
2692 1827 2752 1849 xuv,
2759 1825 2802 1845 ιη.
2810 1829 2829 1844 ¹.

2609 2491 2620 2502 ·
2628 2489 2767 2514 Diuum.
2774 2495 2828 2518 etp.
