2878 4088
399 227 476 252 220

394 294 516 324 stantiis
533 293 692 333 separatis,
709 297 817 322 tamen
833 292 929 321 istum
946 290 1082 321 modum
1099 294 1227 330 oportet
1243 298 1303 319 nos
1319 287 1462 326 accipere

395 340 429 369 in
447 338 570 368 visione
587 337 647 367 Dei
670 346 727 377 per
743 336 930 366 essentiam:
956 336 1041 376 quia,
1059 343 1265 375 quacumque
1285 332 1344 362 alia
1360 330 1463 361 forma

394 382 618 413 informaretur
641 381 820 411 intellectus
843 385 968 416 noster,
991 389 1059 410 non
1082 384 1191 419 posset
1214 387 1270 418 per
1293 385 1364 406 eam
1389 374 1463 405 duci

395 428 428 457 in
452 427 620 457 essentiam
644 425 794 456 divinam.

451 470 550 509 Quod
573 469 706 510 quidem
727 479 795 500 non
819 469 913 500 debet
935 468 1068 507 intelligi
1093 468 1183 507 quasi
1199 466 1305 496 divina
1329 462 1463 494 essentia

395 516 435 545 sit
458 525 531 546 vera
555 514 657 545 forma
680 514 860 545 intellectus
884 514 1003 548 nostri;
1028 512 1078 541 vel
1102 512 1178 551 quia
1199 520 1236 540 ex
1261 519 1297 539 ea
1317 514 1348 539 et
1370 507 1463 538 intel-

395 560 481 590 lectu
503 565 614 590 nostro
639 558 792 589 efficiatur
816 568 918 589 unum
942 556 1136 596 simpliciter,
1153 555 1234 584 sicut
1257 555 1291 584 in
1314 550 1463 583 naturali-

396 605 455 634 bus
472 614 510 634 ex
525 603 630 634 forma
646 609 677 634 et
692 603 823 633 materia
838 602 987 633 naturali:
1010 600 1064 630 sed
1081 600 1157 639 quia
1172 598 1340 638 proportio
1358 605 1463 626 essen-

395 649 458 679 tiae
491 648 616 679 divinae
640 648 679 678 ad
702 648 900 678 intellectum
932 650 1079 675 nostrum
1112 649 1159 674 est
1181 644 1263 673 sicut
1295 641 1463 681 proportio

395 692 517 723 formae
550 692 589 723 ad
621 693 795 723 materiam,
829 689 1112 728 Quandocumque
1146 688 1232 718 enim
1260 686 1367 726 aliqua
1397 684 1463 715 duo

345 737 349 739 ”
397 747 537 778 quorum
561 747 664 767 unum
687 742 734 767 est
756 736 854 766 altero
878 733 1059 774 perfectius,
1077 733 1274 773 recipiuntur
1289 731 1323 761 in
1347 729 1464 760 eodem

159 2035 169 2043 '¹
179 2032 204 2053 S.
212 2031 255 2053 Th,
267 2031 317 2052 lect.
326 2036 348 2050 x.
360 2041 370 2045 -

160 2058 211 2080 Did.
238 2058 278 2079 lib.
302 2056 369 2083 vm,

159 2092 209 2113 cap.
225 2091 255 2110 rx,
272 2090 294 2105 n.
308 2089 327 2111 5.

159 2218 169 2227 '¹
177 2216 197 2237 11
203 2215 306 2237 Sentent.
316 2213 368 2234 dist.

158 2249 178 2274 ¹.'
194 2248 243 2269 cap.
259 2241 326 2272 Sol-et
338 2242 369 2261 et·

159 2275 206 2290 mm
220 2274 311 2296 quaen.

159 2440 168 2449 ·
188 2438 207 2459 E
227 2453 231 2458 .
252 2436 369 2463 CXLVII,

159 2465 187 2486 al.
199 2444 269 2490 ἕΧῙΙ,
282 2470 332 2491 cap.
348 2469 371 2484 νι

160 2498 210 2519 sqq.

158 2524 167 2533 '¹
185 2522 221 2544 Cf.
237 2525 279 2543 art.
294 2527 343 2549 seq.

160 2653 169 2661 ·
181 2650 217 2672 Cf.
233 2650 293 2672 Part.
303 2650 320 2676 I,
333 2655 371 2677 qu.

161 2684 184 2715 ξ’,
187 2681 319 2725 ιῐζοῗῐὲίἕῐίιι
324 2708 371 2730 arg.

162 2790 172 2799 ·
180 2787 235 2809 Loc.
245 2787 285 2809 cit.
293 2788 316 2809 in
324 2793 372 2815 arg.

395 782 592 822 receptibili‚
617 781 785 821 proportio
817 780 912 809 unius
943 777 1083 808 duorum
1107 777 1147 807 ad
1171 777 1320 811 alterum,
1344 774 1464 805 scilicet

395 827 496 867 magis
530 825 662 866 perfecti
686 824 725 855 ad
747 825 854 854 minus
886 821 1086 862 perfectum,
1111 827 1157 852 est
1181 822 1262 852 sicut
1295 819 1463 860 proportio

396 870 519 900 formae
535 870 574 900 ad
589 870 769 899 materiam:
795 869 876 898 sicut
899 867 954 897 lux
978 871 1009 896 et
1025 866 1115 896 color
1135 866 1333 906 recipiuntur
1348 865 1381 894 in
1399 863 1464 894 dia-

396 915 524 955 phano,
549 923 690 954 quorum
713 914 768 943 lux
791 922 824 942 se
848 912 943 941 habet
967 910 1007 941 ad
1030 911 1176 941 colorem
1191 910 1274 940 sieut
1297 908 1401 939 forma
1424 907 1464 938 ad

395 959 570 989 materiam.
594 958 635 988 Et
658 958 710 993 ita,
728 966 803 987 cum
826 957 859 986 in
875 956 981 986 anima
1003 955 1175 994 recipiatur
1198 954 1252 984 lux
1272 953 1465 983 intellectiva

396 1009 426 1033 et
449 1003 516 1042 ipsa
541 1002 646 1032 divina
670 1002 805 1031 essentia
832 1000 1028 1035 inhabitans,
1055 999 1129 1029 licet
1151 1008 1220 1028 non
1243 1007 1301 1038 per
1324 996 1464 1028 eundem

395 1046 549 1082 modum,
575 1047 709 1076 essentia
740 1045 846 1075 divina
871 1054 904 1074 se
934 1044 1064 1074 habebit
1088 1043 1128 1074 ad
1150 1042 1350 1074 intellectum
1383 1042 1464 1071 sicut

395 1091 498 1122 forma
521 1090 560 1121 ad
584 1091 759 1120 materiam.

451 1136 491 1166 Et
511 1134 599 1175 quod
623 1135 686 1165 hoc
702 1134 837 1164 sufficiat
860 1133 899 1164 ad
922 1133 986 1163 hoc
1003 1132 1093 1173 quod
1115 1131 1296 1162 intellectus
1312 1139 1370 1171 per
1386 1129 1465 1160 divi-

394 1190 470 1211 nam
486 1180 655 1210 essentiam
671 1179 772 1219 possit
795 1178 902 1209 videre
926 1178 1029 1218 ipsam
1048 1176 1190 1207 divinam
1206 1176 1385 1210 essentiam,
1401 1174 1465 1204 hoc

394 1225 495 1256 modo
520 1229 626 1264 potest
650 1223 785 1254 ostendi.
822 1222 911 1254 Sicut
935 1223 1022 1252 enim
1046 1232 1084 1252 ex
1107 1221 1212 1251 forma
1234 1220 1369 1251 naturali
1401 1228 1465 1259 qua

396 1269 516 1310 aliquid
539 1269 634 1299 habet
654 1276 735 1304 esse,
753 1273 784 1298 et
799 1268 940 1303 materia,
958 1266 1093 1297 efficitur
1113 1275 1217 1296 unum
1233 1275 1289 1296 ens
1313 1263 1465 1304 simplici-

395 1319 457 1351 ter;
482 1314 525 1344 ita
548 1323 587 1344 ex
610 1313 713 1343 forma
737 1322 801 1353 qua
823 1312 1004 1342 intellectus
1025 1310 1182 1350 intelligit,
1200 1315 1231 1340 et
1253 1311 1325 1350 ipso
1341 1307 1466 1339 intelle-

395 1364 460 1395 ctu,
477 1357 512 1388 fit
535 1367 639 1388 unum
661 1358 695 1388 in
718 1356 937 1396 intelligendo.
962 1356 998 1386 In
1021 1356 1116 1386 rebus
1138 1360 1247 1385 autem
1269 1353 1466 1384 naturalibus

395 1413 444 1434 res
467 1412 524 1443 per
547 1413 580 1433 se
604 1402 778 1432 subsistens
800 1411 868 1432 non
892 1406 999 1441 potest
1022 1410 1090 1431 esse
1114 1399 1218 1430 forma
1241 1398 1375 1429 alicuius
1398 1406 1466 1428 ma-

396 1448 502 1483 teriae,
520 1448 545 1477 si
569 1447 622 1477 illa
645 1456 694 1477 res
717 1447 832 1476 habeat
863 1446 1030 1476 materiam
1054 1449 1178 1485 partem
1200 1444 1267 1474 sui:
1300 1443 1376 1483 quia
1398 1451 1467 1473 non

396 1497 502 1532 potest
526 1501 594 1522 esse
617 1497 653 1522 ut
675 1491 807 1521 materia
830 1491 869 1520 sit
892 1490 996 1521 forma
1029 1489 1172 1520 alicuius.
1205 1487 1269 1519 Sed
1292 1488 1318 1518 si
1341 1487 1395 1518 illa
1417 1496 1466 1517 res

396 1547 452 1577 per
480 1546 514 1566 se
542 1537 714 1566 subsistens
743 1536 782 1565 sit
805 1534 908 1565 forma
935 1540 1077 1570 tantum,
1103 1534 1182 1564 nihil
1215 1533 1365 1573 prohibet
1395 1540 1467 1562 eam

397 1581 479 1612 effici
495 1580 633 1611 formam
654 1581 788 1611 alicuius
804 1580 964 1616 materiae,
982 1584 1013 1610 et
1028 1578 1098 1609 fieri
1114 1588 1180 1618 quo
1198 1583 1245 1608 est
1260 1577 1360 1617 ipsius
1377 1585 1467 1606 com-

396 1626 509 1666 positi:
534 1626 616 1656 sicut
639 1630 726 1665 patet
750 1624 789 1655 de
813 1625 927 1654 anima.
953 1624 988 1654 In
1012 1623 1177 1654 intellectu
1207 1627 1316 1652 autem
1339 1626 1468 1661 oportet

398 1671 541 1710 accipere
571 1671 679 1710 ipsum
708 1669 908 1699 intellectum
930 1669 964 1698 in
987 1668 1132 1708 potentia
1163 1667 1254 1707 quasi
1284 1666 1467 1701 materiam,

399 1721 429 1745 et
453 1715 594 1755 speciem
624 1713 855 1754 intelligibilem
879 1713 970 1753 quasi
994 1711 1151 1748 formam,
1177 1717 1208 1742 et
1230 1711 1411 1742 intellectus
1434 1710 1468 1740 in

399 1764 471 1790 actu
486 1758 665 1798 intelligens
690 1759 748 1788 erit
772 1758 862 1797 quasi
883 1758 1103 1797 compositum
1127 1766 1166 1786 ex
1188 1761 1338 1795 utroque.
1362 1754 1467 1790 Unde,

399 1804 425 1834 si
441 1804 479 1833 sit
502 1803 609 1843 aliqua
624 1812 673 1833 res
696 1812 753 1842 per
777 1811 809 1832 se
826 1802 998 1832 subsistens
1023 1811 1106 1841 quae
1126 1810 1195 1831 non
1210 1801 1325 1830 habeat
1348 1798 1469 1839 aliquid

398 1849 432 1880 in
465 1857 498 1878 se
531 1852 655 1888 praeter
677 1847 711 1877 id
734 1845 824 1886 quod
847 1852 894 1876 est
926 1845 1124 1885 intelligibile
1154 1846 1188 1875 in
1211 1846 1295 1885 ipsa,
1326 1844 1396 1874 talis
1419 1853 1469 1874 res

398 1893 516 1932 poterit
539 1901 607 1922 esse
640 1891 744 1921 forma
767 1900 830 1931 qua
854 1890 1048 1930 intelligitur.
1081 1890 1144 1920 Res
1169 1895 1277 1920 autem
1308 1888 1469 1928 quaelibet

400 1942 447 1967 est
469 1936 673 1976 intelligibilis
706 1935 884 1966 secundum
915 1935 948 1965 id
971 1934 1061 1974 quod
1091 1934 1186 1964 habet
1216 1933 1256 1964 de
1284 1939 1376 1969 actu,
1400 1942 1467 1962 non

399 1980 578 2011 secundum
601 1979 636 2021 id·
657 1979 747 2019 quod
770 1980 865 2009 habet
886 1978 926 2009 de
950 1979 1104 2018 potentia,
1121 1984 1157 2008 ut
1172 1983 1260 2017 patet
1282 1978 1316 2007 in
1332 1977 1375 2006 IX
1399 1977 1468 2006 Me-

1099 209 1363 258 QUAESTIO
1393 207 1512 253 XCII,
1546 205 1841 243 ARTICULUS
1870 205 1883 241 Ι

1518 284 1571 315 illa
1589 285 1713 314 visione
1728 293 1789 313 nos
1812 282 1992 313 videbimus
2008 282 2099 323 quod
2122 283 2210 313 Deus
2226 281 2321 319 videt,
2338 283 2459 314 scilicet
2482 291 2587 313 essen-

1518 330 1595 359 tiam
1619 337 1721 364 suam,
1739 327 1794 358 sed
1816 337 1886 358 non
1908 328 1952 358 ita
1975 326 2153 358 efficaciter.

1571 373 1622 403 An
1649 382 1786 402 Taurum
1812 381 1972 402 meantum
2000 371 2090 411 quod
2113 371 2287 412 Dionysius
2315 370 2459 411 loquitur
2481 372 2524 402 ibi
2549 370 2588 401 de

1518 418 1704 457 cognitione
1735 426 1799 457 qua
1831 417 1939 447 Deum
1970 417 2004 446 in
2026 417 2078 446 via
2105 416 2332 456 cognoscimus
2361 424 2419 455 per
2449 415 2589 455 aliquam

1483 470 1492 491 5
1518 461 1657 492 formam
1680 466 1828 497 creatam,
1846 470 1910 501 qua
1932 460 2113 491 intellectus
2135 466 2245 490 noster
2271 459 2428 490 formatur
2450 459 2491 490 ad
2514 469 2589 490 eum

1517 506 1704 537 videndum.
1730 505 1802 541 Sed,
1827 506 1909 536 sicut
1933 505 2008 535 dicit
2031 505 2242 545 Augustinus,
2259 502 2348 534 Deus
2371 513 2504 534 omnem
2524 502 2589 534 for-

1518 561 1606 581 mam
1621 551 1802 581 intellectus
1817 550 1918 580 nostri
1933 549 2140 589 subterfugit:
2165 550 2250 589 quia,
2268 557 2510 589 quamcumque
2525 547 2590 578 for-

1518 605 1606 626 mam
1628 595 1809 626 intellectus
1832 599 1941 625 noster
1965 594 2136 634 concipiat,
2153 594 2207 624 illa
2229 593 2334 624 forma
2349 602 2418 623 non
2440 593 2590 633 pertingit

1519 640 1559 671 ad
1582 641 1740 670 rationem
1771 639 1895 670 divinae
1919 639 2084 669 essentiae.
2117 638 2159 668 Et
2189 637 2263 668 ideo
2287 638 2356 678 ipse
2385 647 2453 668 non
2483 642 2591 677 potest

1479 697 1505 711 xo
1519 695 1588 716 esse
1610 685 1739 725 pervius
1771 683 1947 714 intellectui
1970 688 2101 714 nostro:
2135 682 2191 713 sed
2213 692 2271 723 per
2293 683 2357 713 hoc
2387 691 2464 712 eum
2486 681 2590 722 perfe—

1519 730 1658 760 ctissime
1683 729 1909 769 cognoscimus
1925 729 1959 758 in
1982 733 2065 758 statu
2081 728 2151 758 viae
2175 726 2265 767 quod
2287 727 2406 757 scimus
2426 735 2502 757 eum
2522 735 2590 756 esse

1519 783 1615 815 super
1638 783 1736 804 omne
1759 773 1792 804 id
1816 772 1907 813 quod
1929 772 2109 803 intellectus
2132 777 2241 802 noster
2265 771 2436 811 concipere
2467 775 2589 811 potest;

1519 824 1551 850 et
1573 819 1619 849 sic
1642 819 1672 849 ei
1688 818 1916 858 coniungimur
1932 817 2023 857 quasi
2046 817 2169 856 ignoto.
2195 815 2258 847 Sed
2281 816 2315 846 in
2330 816 2432 856 patria
2449 814 2590 855 idipsum

1518 873 1576 904 per
1598 863 1737 893 formam
1761 872 1843 903 quae
1868 867 1915 892 est
1938 862 2074 893 essentia
2096 871 2154 892 sua
2176 860 2370 896 videbimus,
2396 865 2428 890 et
2455 860 2591 890 coniun—

1479 918 1501 939 ις
1518 917 1632 948 gemur
1656 908 1685 938 ei
1709 907 1800 947 quasi
1823 912 1914 937 noto.

1573 953 1624 982 Αι)
1650 961 1799 982 QUARTUM
1828 961 1989 981 mcanmm
2021 950 2111 991 quod
2133 950 2222 980 Deus
2246 950 2306 980 lux
2329 955 2393 985 est,
2417 954 2454 979 ut
2477 948 2592 979 dicitur

1519 997 1532 1027 1
1557 996 1644 1026 Ioan.
1661 1007 1673 1026 x
1687 997 1714 1026 *ἦ
1748 997 1871 1026 Lumen
1904 1001 2012 1026 autem
2041 1001 2088 1025 est
2110 995 2278 1035 impressio
2309 994 2390 1025 lucis
2419 994 2454 1024 in
2481 993 2591 1033 aliquo

1519 1041 1711 1071 illuminato.
1735 1040 1777 1070 Et
1792 1041 1868 1080 quia
1891 1040 2027 1070 essentia
2042 1040 2149 1070 divina
2165 1044 2212 1070 est
2227 1039 2356 1069 alterius
2378 1037 2470 1069 modi
2493 1047 2592 1079 quam

1520 1085 1626 1115 omnis
1650 1084 1826 1115 similitudo
1850 1084 1950 1124 ipsius
1979 1084 2133 1124 impressa
2154 1084 2190 1114 in
2219 1083 2394 1120 intellectu,
2417 1082 2492 1113 ideo
2515 1082 2592 1113 dicit

1479 1139 1506 1153 ²⁰
1521 1129 1612 1170 quod
1641 1129 1770 1160 divinae
1793 1128 1942 1159 tenebrae
1974 1128 2210 1168 cooperiuntur
2233 1128 2321 1158 omni
2350 1127 2485 1158 lumini:
2517 1127 2593 1167 quia

1521 1174 1640 1204 scilicet
1664 1173 1800 1204 essentia
1823 1172 1940 1208 divina,
1957 1181 2056 1212 quam
2078 1173 2225 1202 tenebras
2252 1177 2347 1203 vocat
2373 1177 2506 1212 propter
2529 1171 2593 1202 cla-

1520 1219 1619 1248 ritatis
1635 1227 1811 1254 excessum,
1827 1222 1937 1247 manet
1952 1226 2020 1247 non
2042 1216 2257 1247 demonstrata
2275 1226 2334 1256 per
2347 1216 2593 1256 impressionem

1519 1263 1700 1293 intellectus
1723 1262 1835 1292 nostri.
1852 1262 1901 1292 .Et
1923 1271 1980 1302 per
2002 1262 2066 1292 hoc
2089 1261 2234 1301 sequitur
2257 1260 2348 1301 quod
2375 1259 2595 1291 abscondatur

1521 1307 1611 1338 omni
1643 1307 1835 1349 cognitioni.
1868 1306 1910 1337 Et
1936 1305 2010 1336 ideo
2042 1306 2242 1346 quicumque
2274 1305 2454 1336 videntium
2486 1305 2595 1335 Deum

1480 1361 1504 1381 2ς
1521 1352 1644 1392 aliquid
1665 1357 1775 1383 mente
1806 1351 1969 1391 concipit,
1993 1351 2058 1381 hoc
2088 1360 2156 1381 non
2187 1355 2234 1381 est
2261 1350 2369 1385 Deus,
2393 1348 2450 1380 sed
2473 1348 2595 1390 aliquid

1521 1397 1706 1428 divinorum
1729 1395 1914 1427 effectuum.

1576 1442 1628 1472 An
1653 1450 1794 1472 oum-nm
1809 1450 1970 1471 mmmmm
1990 1439 2082 1480 quod
2097 1440 2220 1470 claritas
2244 1440 2316 1476 Dei,
2333 1439 2480 1479 quamvis
2503 1447 2595 1470 exce-

1522 1486 1575 1517 dat
1598 1496 1732 1517 omnem
1755 1485 1893 1516 formam
1915 1494 1980 1525 qua
2001 1494 2091 1515 nunc
2105 1485 2287 1516 intellectus
2309 1484 2511 1520 informatur,
2526 1492 2595 1514 non

1521 1537 1629 1562 tamen
1655 1530 1780 1562 excedit
1801 1531 1905 1571 ipsam
1939 1530 2108 1560 essentiam
2132 1529 2291 1565 divinam,
2316 1538 2400 1569 quae
2423 1529 2482 1559 erit
2505 1528 2596 1568 quasi

1482 1584 1508 1604 ³0
1522 1575 1627 1606 forma
1649 1576 1829 1606 intellectus
1852 1575 1954 1605 nostri
1977 1575 2010 1604 in
2033 1574 2143 1614 patria.
2168 1574 2210 1604 Et
2232 1573 2324 1610 ideo,
2347 1573 2423 1604 licet
2443 1581 2534 1604 nunc
2556 1573 2596 1604 sit

1521 1620 1698 1656 invisibilis,
1715 1626 1823 1650 tamen
1846 1625 1924 1650 tunc
1948 1619 2007 1649 erit
2029 1618 2171 1649 visibilis.

1577 1666 1628 1695 An
1653 1674 1773 1695 saxi-tm
1795 1673 1956 1694 mcanmm
1980 1663 2080 1704 quod,
2098 1663 2245 1703 quamvis
2264 1662 2346 1693 finiti
2369 1662 2410 1693 ad
2432 1661 2596 1693 infinitum

1522 1719 1591 1740 non
1607 1710 1709 1750 possit
1732 1718 1800 1739 esse
1816 1709 1996 1749 proportio,
2013 1709 2089 1748 quia
2113 1717 2260 1738 excessus
2276 1707 2393 1738 infiniti
2411 1715 2509 1747 supra
2522 1706 2595 1738 fini-

1522 1759 1593 1784 tum
1616 1763 1684 1784 non
1700 1758 1747 1784 est
1770 1752 2009 1789 determinatus,
2026 1757 2134 1792 potest
2148 1757 2257 1782 tamen
2282 1761 2351 1782 esse
2366 1752 2448 1782 inter
2463 1760 2502 1782 ea
2513 1760 2596 1792 pro-

1484 1805 1506 1826 ες
1519 1798 1762 1839 portionalitas,
1776 1807 1858 1837 quae
1872 1802 1919 1827 est
1934 1796 2110 1827 similitudo
2126 1797 2393 1836 proportionum:
2414 1796 2497 1827 sicut
2508 1796 2595 1827 enim

1523 1842 1651 1873 finitum
1667 1847 1822 1882 aequatur
1838 1841 1933 1872 alicui
1949 1841 2052 1877 finito,
2068 1842 2112 1871 ita
2127 1840 2255 1871 infinito
2271 1840 2445 1871 infinitum.
2464 1840 2517 1871 Ad
2531 1841 2595 1871 hoc

1524 1893 1632 1918 autem
1648 1887 1739 1927 quod
1754 1886 1876 1927 aliquid
1891 1886 2030 1916 totaliter
2046 1891 2270 1926 cognoscatur,
2283 1884 2482 1926 quandoque
2497 1893 2596 1925 opor-

1523 1937 1569 1962 tet
1591 1941 1660 1962 esse
1683 1931 1930 1971 proportionem
1953 1931 2036 1960 inter
2065 1935 2318 1970 cognoscentem
2347 1935 2380 1960 et
2407 1930 2594 1970 cognitum:

1524 1977 1600 2017 quia
1616 1981 1745 2016 oportet
1767 1976 1918 2006 virtutem
1934 1975 2159 2015 cognoscentis
2183 1974 2353 2015 adaequari
2369 1974 2595 2014 cognoscibili—

399 2025 524 2065 taplyaes.
542 2025 575 2054 *:
602 2029 632 2054 et
647 2024 743 2054 huius
759 2024 887 2063 signum
908 2028 955 2053 est
971 2022 1061 2063 quod
1077 2027 1206 2062 oportet
1222 2021 1360 2052 formam
1375 2021 1468 2051 intel·
1482 2030 1509 2050 4⁰
1523 2021 1579 2051 tati
1594 2021 1640 2050 rei
1655 2021 1820 2060 cognitae;
1845 2019 2019 2059 aequalitas
2035 2024 2143 2049 autem
2164 2019 2333 2059 proportio
2355 2018 2514 2059 quaedam
2537 2023 2594 2050 est.

398 2069 551 2109 ligibilem
575 2068 754 2098 abstrahere
770 2078 787 2097 a
803 2068 934 2098 materia
951 2073 981 2097 et
997 2068 1036 2097 ab
1053 2067 1204 2097 omnibus
1220 2065 1468 2106 proprietatibus

397 2114 557 2144 materiae.
593 2113 634 2142 Et
656 2111 748 2147 ideo,
774 2122 849 2142 curn
877 2111 983 2142 divina
1014 2112 1149 2142 essentia
1173 2111 1212 2140 sit
1235 2115 1324 2141 actus
1347 2119 1466 2150 purus,

397 2158 514 2198 poterit
538 2167 606 2187 esse
629 2156 733 2186 forma
757 2166 820 2196 qua
843 2156 1023 2187 intellectus
1055 2155 1211 2195 intelligit.
1243 2155 1284 2185 Et
1306 2155 1386 2185 haec
1410 2154 1468 2184 erit

397 2203 476 2233 visio
501 2201 694 2232 beatificans.
719 2201 760 2231 Et
782 2200 856 2231 ideo
882 2201 1031 2240 Magister
1051 2200 1127 2230 dicit
1143 2201 1159 2216 ⁴*
1184 2199 1274 2240 quod
1297 2200 1376 2230 unio
1401 2199 1467 2229 ani-

1523 2064 1587 2096 Sed
1603 2064 1801 2105 quandoque
1817 2063 2075 2103 cognoscibilitas
2090 2064 2136 2093 rei
2160 2063 2284 2094 excedit
2298 2063 2449 2094 virtutem
2473 2072 2595 2103 cogno·-

1523 2110 1649 2144 scenn's,
1663 2109 1745 2139 sicut
1762 2117 1837 2138 cum
1853 2117 1913 2138 nos
1930 2108 2158 2148 cognoscimus
2174 2108 2298 2138 Deum:
2319 2113 2375 2138 aut
2390 2117 2408 2138 e
2424 2116 2594 2144 converso,

1522 2155 1605 2185 sicut
1629 2163 1705 2184 curn
1728 2154 1797 2194 ipse
1821 2153 1989 2193 cognoscit
2012 2157 2179 2183 creaturas.
2211 2152 2252 2183 Et
2274 2157 2353 2183 tunc
2375 2161 2444 2183 non
2467 2157 2597 2192 oportet

1523 2208 1591 2229 esse
1614 2199 1862 2239 proportionem
1889 2198 1971 2227 inter
1994 2202 2247 2237 cognoscentem
2270 2202 2303 2227 et
2332 2197 2516 2238 cognitum,
2539 2196 2596 2228 sed

397 2256 468 2277 mae
492 2246 532 2277 ad
560 2255 677 2286 corpus
709 2251 755 2276 est
787 2244 953 2285 quoddam
983 2245 1164 2285 exemplum
1194 2244 1306 2275 beatae
1337 2243 1468 2274 unionis
1481 2251 1505 2272 ⁴5
1515 2243 1860 2285 proportionalitatem
1883 2247 2025 2272 tantum:
2049 2247 2086 2272 ut
2109 2242 2239 2278 scilicet,
2260 2242 2343 2272 sicut
2365 2251 2399 2272 se
2421 2242 2518 2272 habet
2539 2250 2596 2272 co-

397 2301 461 2332 qua
483 2291 616 2331 spiritus
640 2290 771 2320 unietur
792 2290 874 2320 Deo.

452 2336 503 2366 AD
527 2345 644 2365 prunum
672 2344 755 2365 anco
784 2344 944 2364 melianum
968 2333 1059 2374 quod
1086 2334 1258 2364 auctoritas
1281 2333 1334 2363 illa
1361 2338 1468 2373 potest

397 2380 561 2420 tripliciter
584 2380 720 2419 exponi:
746 2384 782 2409 ut
811 2384 899 2419 patet
921 2389 978 2419 per
1008 2379 1244 2418 Augustinum,
1267 2378 1301 2407 in
1324 2377 1406 2408 libro
1430 2377 1469 2408 de

403 2424 543 2455 Videndo
568 2424 639 2454 Deo
662 2425 689 2454 *ἦ
726 2424 800 2454 Uno
825 2423 945 2459 modo,
975 2429 1011 2454 ut
1034 2422 1220 2454 excludatur
1246 2422 1328 2452 visio
1352 2431 1469 2462 corpo-

1522 2297 1682 2329 gnoscens
1705 2287 1745 2318 ad
1766 2286 2042 2327 cognoscendum,
2059 2287 2102 2317 ita
2125 2295 2160 2317 se
2182 2286 2298 2317 haheat
2313 2286 2533 2326 cognoscibile
2555 2286 2596 2318 ad

1522 2334 1586 2363 hoc
1610 2331 1701 2373 quod
1717 2337 1939 2372 cognoscatur.
1965 2331 2006 2361 Et
2028 2331 2098 2361 talis
2118 2331 2401 2371 proportionalitas
2423 2330 2541 2362 sufficit
2555 2330 2596 2362 ad

1523 2379 1588 2408 hoc
1611 2376 1701 2418 quod
1724 2376 1887 2407 infinitum
1916 2381 2130 2416 cognoscatur
2153 2385 2171 2406 a
2194 2374 2303 2412 finito,
2330 2381 2362 2406 et
2386 2385 2404 2406 e
2427 2385 2594 2407 converso.

1578 2422 1639 2453 Vel
1663 2420 1837 2452 dicendum
1861 2420 1952 2461 quod
1974 2421 2143 2461 proportio
2171 2419 2350 2452 secundum
2374 2421 2512 2461 primam
2534 2429 2595 2452 no-

399 2469 486 2505 ralis,
512 2478 576 2509 qua
605 2478 703 2499 nemo
734 2468 813 2498 vidit
836 2468 887 2499 vel
910 2469 1035 2498 visurus
1069 2472 1116 2498 est
1139 2467 1247 2498 Deum
1276 2467 1310 2497 in
1333 2467 1469 2497 essentia
1485 2474 1510 2495 5⁰
1523 2467 1619 2498 minis
1646 2466 1882 2497 institutionem
1910 2464 2067 2506 significat
2097 2464 2319 2496 habitudinem
2347 2465 2533 2505 quantitatis
2555 2464 2596 2496 ad

399 2524 455 2545 sua
471 2515 498 2544 ’ἢ
514 2532 536 2536 -
559 2513 634 2543 Alio
657 2512 769 2549 modo,
787 2518 823 2543 ut
846 2512 1032 2543 excludatur
1054 2513 1135 2542 visio
1163 2511 1386 2542 intellectualis
1408 2511 1470 2542 Dei

399 2568 455 2599 per
468 2558 637 2589 essentiam
653 2558 691 2587 ab
708 2558 756 2587 his
775 2558 831 2597 qui
847 2558 880 2588 in
896 2558 955 2587 ista
970 2557 1098 2587 mortali
1115 2566 1209 2587 carne
1224 2556 1346 2586 vivunt.
1358 2556 1469 2586 —Ter-

399 2604 445 2633 tio
466 2601 577 2639 modo,
594 2607 631 2632 ut
651 2601 837 2632 excludatur
856 2602 937 2632 visio
961 2601 1260 2642 comprehensionis
1284 2601 1323 2631 ab
1347 2601 1471 2631 intelle-

400 2653 454 2678 ctu
466 2652 573 2678 creato
585 2647 613 2676 ’ἦ
634 2646 674 2676 Et
687 2647 731 2676 sic
747 2646 894 2686 intelligit
906 2645 1167 2687 Chrysostomus.
1189 2644 1283 2676 Unde
1299 2644 1407 2675 subdit
1418 2645 1469 2675 *ῆι

1525 2511 1736 2552 quantitatem
1767 2510 1947 2541 secundum
1978 2510 2120 2550 aliquem
2151 2509 2398 2541 determinat-um
2429 2518 2595 2541 excessum

1524 2556 1576 2587 vel
1591 2555 1875 2596 adaequationem:
1901 2554 1957 2585 sed
1980 2555 2112 2586 ulterius
2137 2559 2184 2585 est
2206 2555 2393 2585 translatum
2417 2553 2457 2585 ad
2476 2553 2595 2595 signifi-

1526 2600 1665 2632 candum
1683 2609 1815 2630 ornnem
1831 2598 2053 2630 habitudinem
2070 2600 2306 2639 cuiuscumque
2322 2599 2362 2630 ad
2377 2598 2474 2630 aliud.
2487 2599 2528 2630 Et
2538 2607 2597 2640 per

1525 2646 1613 2676 hunc
1636 2644 1774 2675 modum
1797 2644 1934 2674 dicimus
1958 2643 2048 2684 quod
2070 2644 2202 2674 materia
2218 2639 2313 2674 debet
2328 2653 2396 2675 esse
2411 2644 2596 2684 proportio-

400 2691 557 2722 Notitiam
574 2691 626 2721 hic
641 2690 719 2721 dicit
733 2691 935 2730 Evangelista
951 2691 1163 2721 certissimam
1179 2689 1471 2720 considerationem
1487 2703 1509 2724 ςς
1525 2695 1600 2721 nata
1623 2689 1662 2720 ad
1685 2688 1833 2719 formam.
1859 2689 1900 2719 Et
1914 2689 1979 2719 hoc
1997 2688 2098 2719 modo
2122 2688 2202 2719 nihil
2225 2689 2375 2729 prohibet
2396 2688 2596 2720 intellectum

401 2741 431 2767 et
453 2735 768 2776 comprehensionem
785 2740 908 2766 tantam
924 2740 1078 2776 quantam
1094 2735 1189 2765 habet
1202 2735 1301 2765 Pater
1318 2734 1358 2765 de
1372 2734 1469 2764 Filio.

400 2781 441 2812 Et
463 2781 515 2811 hic
541 2786 587 2811 est
603 2780 824 2820 Evangelistae
847 2780 1043 2810 intellectus:
1069 2780 1156 2810 unde
1180 2779 1329 2810 subdit*:
1350 2779 1471 2820 Unige-

402 2826 487 2856 nitus
510 2825 565 2866 qui
588 2830 635 2855 est
657 2830 733 2861 etc.‚
760 2834 818 2865 per
848 2825 1148 2865 comprehensivam
1170 2824 1330 2854 visionem
1359 2824 1472 2854 volens

401 2871 536 2910 probare
560 2869 678 2900 Filium
702 2879 770 2900 esse
793 2869 910 2900 Deum.

1525 2739 1687 2770 nostrum,
1713 2734 1858 2774 quamvis
1882 2734 1921 2763 sit
1944 2732 2070 2769 finitus,
2095 2732 2158 2763 dici
2181 2733 2464 2774 proportionatum
2488 2732 2527 2763 ad
2549 2733 2597 2764 vi-

1527 2778 1670 2810 dendum
1699 2779 1868 2809 essentiam
1896 2777 2055 2808 divinam:
2088 2787 2157 2808 non
2184 2783 2292 2808 tamen
2321 2777 2361 2808 ad
2384 2777 2596 2818 comprehen-

1527 2823 1670 2855 dendum
1694 2832 1784 2859 eam;
1810 2828 1841 2853 et
1863 2823 1927 2853 hoc
1950 2828 2083 2863 propter
2105 2831 2197 2853 suam
2221 2822 2480 2853 immensitatem.

1583 2868 1633 2898 An
1658 2877 1811 2898 sam-mum
1841 2877 2001 2897 nxcanmm
2031 2866 2121 2907 quod
2152 2866 2271 2907 duplex
2294 2872 2342 2898 est
2365 2865 2541 2897 similitudo
2564 2871 2597 2896 et

455 2915 506 2944 An
531 2924 693 2944 sacuxmm
715 2924 875 2944 mensuum
892 2913 992 2954 quod,
1010 2914 1092 2944 sicut
1114 2913 1202 2943 Deus
1219 2911 1342 2943 excedit
1363 2913 1472 2943 omnia
1486 2919 1513 2939 6ο
1528 2906 1684 2943 distan'tia.
1709 2912 1782 2943 Una
1805 2911 1984 2942 secundum
2009 2911 2268 2942 convenientiam
2291 2911 2324 2942 in
2347 2916 2470 2942 natura.
2494 2910 2536 2940 Et
2550 2910 2596 2940 sic

403 2959 567 2989 existentia
589 2968 672 2998 quae
694 2958 813 2988 habent
837 2968 904 2988 esse
930 2957 1194 2993 determinatum,
1217 2966 1275 2997 per
1303 2957 1471 2988 essentiam
1527 2958 1628 2997 magis
1652 2956 1744 2987 distat
1768 2956 1857 2987 Deus
1880 2957 1919 2986 ab
1942 2956 2109 2987 intellectu
2137 2960 2245 2986 creato
2273 2965 2371 2996 quam
2397 2953 2595 2995 intelligibile

403 3012 493 3033 suam
516 3002 684 3038 infinitam,
701 3003 744 3032 ita
769 3003 911 3042 cognitio
936 3012 1002 3039 sua,
1021 3012 1085 3043 qua
1108 3002 1285 3042 cognoscit,
1308 3007 1355 3032 est
1377 3011 1473 3042 super
1528 3007 1671 3033 creatum
1687 3011 1705 3031 a
1720 3010 1826 3031 sensu.
1849 3019 1874 3023 -
1895 3001 1977 3031 Alia'
1991 3000 2169 3031 secundum
2192 2999 2534 3040 proportionalitatem.
2555 2997 2596 3029 Et

403 3057 535 3077 omnem
551 3047 780 3087 cognitionem.
806 3046 900 3078 Unde
917 3056 1000 3086 quae
1023 3052 1071 3077 est
1093 3047 1262 3087 proportio
1279 3046 1473 3086 cognitionis
1528 3047 1572 3077 sic
1589 3051 1636 3077 est
1652 3055 1669 3076 e
1686 3054 1857 3076 converso:
1882 3045 1960 3085 quia
1982 3054 2094 3076 sensus
2116 3053 2185 3075 non
2208 3049 2256 3075 est
2277 3043 2540 3084 proportionatus
2556 3042 2596 3074 ad

403 3097 529 3121 nostrae
553 3091 592 3121 ad
617 3092 700 3121 entia
724 3097 837 3127 creata,
855 3101 892 3121 ea
916 3096 962 3121 est
985 3091 1152 3131 proportio
1176 3091 1370 3131 cognitionis
1394 3090 1472 3121 divi-
1528 3089 1794 3131 cognoscendum
1810 3089 1943 3130 aliquod
1958 3089 2177 3124 immateriale,
2190 3087 2247 3118 sed
2261 3087 2441 3118 intellectus
2458 3092 2505 3118 est
2519 3096 2595 3128 pro-

403 3145 463 3166 nae
487 3135 526 3166 ad
550 3136 718 3166 essentiam
742 3145 843 3166 suam.
868 3135 919 3166 Ad
935 3136 1156 3175 cognitionem
1180 3141 1287 3166 autem
1304 3134 1370 3165 duo
1395 3144 1473 3165 con·
1487 3146 1511 3171 ες
1527 3135 1730 3176 portionatus
1758 3134 1798 3165 ad
1821 3133 2086 3175 cognoscendum
2114 3132 2347 3173 quodcumque
2376 3131 2594 3162 immateriale.

405 3185 552 3210 currunt:
584 3180 704 3210 scilicet
737 3189 955 3219 cognoscens,
981 3185 1012 3210 et
1035 3189 1102 3220 quo
1131 3180 1347 3220 cognoscitur.
1382 3179 1472 3210 Visio
1528 3180 1570 3210 Et
1592 3180 1672 3210 haec
1694 3178 1870 3210 similitudo
1893 3178 2064 3218 requiritur
2086 3176 2126 3208 ad
2149 3176 2379 3216 cognitionem,
2395 3185 2464 3206 non
2487 3181 2596 3207 autem

405 3230 512 3254 autem
534 3224 588 3254 illa
611 3233 675 3264 qua
691 3224 799 3254 Deum
822 3233 878 3264 per
899 3224 1069 3255 essentiam
1084 3223 1274 3260 videbimus,
1291 3229 1338 3254 est
1361 3223 1474 3254 eadem
1528 3225 1649 3264 prima:
1674 3224 1750 3263 quia
1774 3227 1899 3254 constat
1922 3221 2012 3262 quod
2038 3221 2218 3253 intellectus
2248 3220 2428 3260 intelligens
2455 3220 2595 3261 lapidem

406 3277 481 3298 cum
497 3268 620 3298 visione
644 3277 707 3308 qua
726 3268 814 3298 Deus
837 3278 870 3299 se
891 3268 987 3303 videt,
1005 3278 1043 3298 ex
1059 3273 1148 3308 parte
1164 3269 1232 3299 eius
1248 3277 1316 3308 quo
1331 3267 1472 3298 videtur:
1527 3277 1597 3298 non
1613 3273 1661 3298 est
1676 3267 1787 3298 similis
1802 3268 1832 3298 ei
1847 3268 1882 3297 in
1895 3265 2032 3298 naturali
2053 3273 2131 3295 esse.
2156 3264 2246 3296 Sicut
2268 3265 2364 3295 etiam
2380 3266 2466 3296 visus
2482 3274 2595 3306 appre-

407 3313 482 3352 quia
505 3312 587 3342 sicut
609 3313 678 3351 ipse
708 3322 742 3342 se
765 3312 851 3342 videt
874 3322 931 3352 per
959 3313 1129 3343 essentiam
1159 3321 1267 3348 suam,
1292 3313 1335 3342 ita
1359 3317 1391 3342 et
1413 3321 1474 3343 nos
1528 3312 1640 3343 hendit
1666 3312 1731 3342 mel
1758 3311 1896 3342 rubeum
1923 3315 1955 3340 et
1976 3309 2019 3340 fel
2041 3309 2193 3345 rubeum,
2218 3310 2364 3350 quamvis
2390 3319 2458 3340 non
2482 3318 2595 3350 appre-

407 3355 595 3386 videbimus.
621 3356 683 3386 Sed
707 3366 745 3386 ex
768 3362 857 3396 parte
881 3357 1105 3396 cognoscentis
1128 3357 1288 3387 invenitur
1312 3356 1474 3387 diversitas
1487 3372 1515 3393 70
1528 3356 1647 3387 hendat
1662 3356 1727 3386 mel
1743 3355 1852 3386 dulce:
1878 3354 1958 3384 fellis
1975 3354 2062 3384 enim
2080 3353 2204 3384 rubedo
2227 3354 2328 3394 magis
2352 3355 2504 3385 convenit
2519 3363 2595 3385 cum

407 3409 489 3440 quae
514 3405 559 3430 est
574 3401 656 3430 inter
678 3400 877 3431 intellectum
893 3400 1038 3431 divinum
1062 3406 1093 3431 et
1115 3406 1272 3431 nostrum.
1296 3400 1332 3431 In
1353 3409 1474 3440 cogno-
1528 3400 1624 3431 melle
1654 3401 1847 3439 inquantum
1871 3403 1918 3428 est
1939 3398 2079 3434 visibile,
2104 3407 2203 3438 quam
2226 3398 2364 3429 dulcedo
2392 3398 2495 3429 mellis
2519 3408 2537 3430 c

407 3443 526 3474 scendo
550 3449 658 3474 autem
680 3443 714 3474 id
737 3444 827 3484 quod
849 3445 1054 3484 cognoscitur
1077 3446 1221 3484 sequitur
1249 3444 1388 3475 formam
1411 3453 1475 3484 qua
1529 3444 1634 3475 melle.
2514 3460 2517 3461 ⁷
2535 3455 2537 3458 ·

409 3488 646 3526 cognoscimus,
672 3488 748 3527 quia
770 3497 827 3527 per
850 3487 989 3518 formam
1012 3488 1125 3528 lapidis
1147 3488 1293 3519 videmus
1317 3488 1473 3528 lapidem:
1584 3488 1635 3518 An
1660 3496 1807 3519 OCTAVUM
1836 3495 1996 3516 monimum
2023 3485 2113 3526 quod
2136 3487 2169 3517 in
2191 3487 2316 3518 visione
2340 3496 2404 3528 qua
2426 3487 2515 3518 Deus
2537 3496 2595 3528 per

409 3530 464 3561 sed
480 3530 619 3562 efficacia
641 3532 675 3561 in
699 3531 926 3571 cognoscendo
943 3532 1088 3571 sequitur
1109 3533 1259 3563 virtutem
1276 3541 1475 3572 cognoscen-
1530 3532 1699 3562 essentiam
1721 3530 1889 3567 videbitur,
1913 3531 1981 3571 ipsa
2005 3530 2111 3561 divina
2137 3531 2273 3562 essentia
2296 3531 2354 3563 erit
2376 3531 2468 3572 quasi
2490 3530 2595 3562 forma

409 3575 457 3610 tis,
475 3575 557 3606 sicut
580 3575 636 3614 qui
651 3575 746 3605 habet
769 3576 873 3606 visum
897 3575 1013 3606 fortem
1029 3577 1153 3607 acutius
1175 3576 1271 3606 videt.
1295 3577 1337 3607 Et
1352 3575 1426 3606 ideo
1442 3576 1475 3606 in
1489 3575 1709 3611 75intellectus
1726 3584 1790 3615 qua
1805 3575 1960 3615 intelligit.
1973 3575 2041 3606 Nec
2054 3581 2182 3616 oportet
2198 3575 2288 3616 quod
2304 3575 2480 3607 efficiantur
2490 3585 2594 3607 unum

2619 1006 2630 1017 '¹
2643 1004 2712 1027 vm.
2725 1009 2746 1034 5.
