2878 4088
188 314 198 323 ‘
207 312 263 334 Can.
279 311 362 332 Nullus
376 316 399 331 e-

186 337 400 391 ἶὶἲῖῳέζωῑῗῖῗέ·

188 391 222 415 lii,
234 391 263 412 de
272 371 338 411 thiiis
344 396 399 418 pre-

187 418 246 444 sbyt.
268 421 324 442 etc.;
348 423 398 444 cap.

189 444 312 465 Consuluit
339 449 398 469 nos,

188 470 217 491 de
242 470 325 491 Servis
352 475 398 491 non

187 496 314 518 ordinand.
329 500 372 517 etc.

188 523 234 544 ‘De
243 523 359 550 obligatis
366 523 399 544 ad

188 550 397 577 rae1·oc.‚cap.unic.

185 933 194 942 ·
209 931 244 953 Cf.
262 932 303 952 loc.
321 932 358 952 cit.
373 932 394 952 in

184 964 230 985 arg.

184 1015 193 1023 ·
210 1013 274 1034 Vers.
293 1019 323 1040 ¹7-

184 1058 192 1068 ·
207 1057 262 1083 Arg.
277 1056 324 1077 Sed
338 1061 393 1077 con-

184 1085 221 1103 tra
238 1090 254 1104 ¹.

183 1190 191 1198 ·
207 1189 262 1214 Arg.
278 1187 326 1209 Sed
339 1193 391 1208 con·

182 1216 220 1235 tra
236 1220 255 1235 2.

181 1243 189 1251 ·
201 1240 257 1262 Can.
266 1240 392 1267 Siservus,

182 1267 235 1289 dist.
252 1266 309 1288 LIV.

179 1376 190 1387 ⁸
204 1375 261 1396 ibid.

181 1421 191 1430 “
204 1419 260 1441 Can.
278 1419 313 1441 Ex
327 1421 390 1441 anti-

180 1447 240 1473 qui-r,
252 1446 307 1468 ibid.

181 1817 190 1825 ·
204 1814 262 1837 Dist.
277 1821 337 1837 xxiv.

181 1898 191 1907 ·
205 1895 271 1918 Vers.
287 1897 315 1918 26
330 1903 381 1925 sqq.

177 2431 323 2458 'CanMiror
328 2438 390 2459 sqq„

179 2459 231 2480 dist.
239 2458 388 2486 1.;cap.c0n-

178 2485 302 2510 linebatur,
308 2485 338 2506 de
342 2485 389 2506 Ho-

178 2511 387 2533 micid.v01unt.exc.

181 3057 190 3065 ·
202 3055 279 3078 Matth.
295 3062 345 3084 cap.
360 3062 390 3082 xi,

183 3088 240 3104 vers.
255 3089 292 3111 3⁰-

183 3276 193 3285 '
201 3274 256 3296 Can.
266 3274 350 3302 Siquis
358 3274 392 3295 vi-

184 3301 394 3349 {rasit-..tas

184 3469 194 3479 ·
218 3467 254 3490 De
275 3467 393 3490 Homlctd.

185 3495 269 3516 volunt.
282 3499 336 3520 ete,
344 3501 394 3523 cap.

184 3521 355 3550 Presbyterum,
373 3526 395 3543 e!

186 3554 235 3576 sqq.

429 195 479 230 74

803 185 1066 232 QUAESTIO
1097 187 1267 232 XXXIX,
1294 183 1586 222 ARTICULUS
1615 185 1675 230 IV,
1697 185 1744 232 V,
1764 186 1814 222 VI
1833 207 1858 211 -
1879 185 2142 232 QUAESTIO
2171 189 2239 225 XL

427 270 583 299 movetur,
601 265 747 295 ordinem
764 266 911 306 suscipit:
937 267 1012 306 quia
1027 267 1153 297 libertas
1172 276 1239 296 non
1257 272 1302 296 est
1318 265 1357 294 de
1381 272 1490 293 neces·
1547 263 1622 302 quia
1645 264 1708 294 iam
1725 264 1970 304 quodammodo
1995 266 2128 297 efficitur
2143 268 2371 300 voluntarium.
2395 270 2464 300 Nec
2487 271 2550 300 hoc
2567 275 2614 301 est

426 309 515 338 sitate
539 310 736 345 sacramenti,
754 309 809 340 sed
833 310 871 340 de
895 312 1080 341 necessitate
1098 311 1257 350 praecepti
1273 311 1307 344 *;
1326 317 1400 338 curn
1423 316 1490 336 non

426 353 577 392 impediat
600 359 801 393 potestatem,
819 355 874 385 sed
897 361 1005 385 actum
1038 361 1171 385 tantum.
1206 354 1246 383 Et
1269 352 1378 382 similis
1410 351 1489 380 ratio

427 403 472 427 est
496 397 534 427 de
559 398 708 428 omnibus
733 399 788 438 qui
812 404 885 429 sunt
909 399 976 429 aliis
1000 400 1148 438 obligati:
1182 403 1217 427 ut
1241 395 1412 427 ratiociniis
1435 393 1490 424 de-

425 442 503 471 tenti
519 443 545 477 ⁴⁹,
564 447 594 472 et
617 442 803 472 huiusmodi
827 453 992 483 personae.

479 486 530 515 An
554 496 671 516 rammi
694 496 776 517 ERGO
802 497 958 517 memnon
988 486 1076 526 quod
1099 487 1132 515 in
1165 484 1369 523 susceptione
1399 483 1489 522 spiri-

424 530 516 560 tualis
539 532 704 570 potestatis
728 537 774 561 est
797 532 903 571 aliqua
927 531 1077 570 obligatio
1102 529 1141 559 ad
1165 529 1270 567 aliqua
1293 527 1388 557 etiam
1419 536 1489 556 cor-

424 574 573 614 poraliter
602 574 732 615 agenda.
769 575 809 605 Et
831 575 904 605 ideo
938 584 994 614 per
1025 573 1224 613 corporalem
1255 571 1488 601 subiectionem

424 618 606 658 impeditur.

479 663 529 693 An
553 674 714 693 secusino-M
738 673 895 692 memnon
919 662 1006 702 quod
1031 672 1067 692 ex
1091 661 1199 691 multis
1220 660 1296 695 aliis,
1315 669 1397 699 quae
1420 669 1487 690 non

424 713 582 747 praestant
597 707 863 747 impedimentum
880 707 1059 736 executioni
1076 705 1236 740 ordinum,
1253 709 1358 744 potest
1374 704 1487 744 aliquis

425 752 628 782 occasionem
644 752 828 781 humilitatis
842 752 994 790 accipere.
1015 750 1055 779 Et
1067 749 1140 779 ideo
1158 749 1237 779 ratio
1253 758 1321 779 non
1333 749 1486 788 sequitur.

478 797 528 826 Αι)
552 806 685 826 raerM
709 805 865 824 memnon
890 794 978 834 quod
1007 795 1117 824 beatus
1145 793 1296 823 Paulinus
1321 803 1358 823 ex
1387 794 1487 823 abun-

424 839 528 870 dantia
552 841 695 875 caritatis,
720 839 838 879 Spiritu
871 840 930 869 Dei
955 838 1086 873 ductus,
1113 838 1175 868 hoc
1199 836 1283 868 fecit.
1320 837 1419 875 Quod
1443 838 1488 868 rei

423 890 554 914 eventus
578 885 706 924 probat:
732 884 807 923 quia
830 893 887 923 per
911 884 977 913 eius
1001 883 1184 912 servitutem
1207 882 1300 912 multi
1325 882 1364 912 de
1393 892 1488 922 grege

423 938 481 958 suo
506 934 579 958 sunt
602 928 640 958 de
664 929 812 957 servitute
836 928 956 957 liberati
973 928 998 956 ἥ.
1024 927 1065 956 Et
1088 926 1161 956 ideo
1185 936 1253 956 non
1277 933 1323 957 est
1346 926 1386 957 ad
1409 936 1488 957 con-

422 973 619 1011 sequentiam
643 971 848 1002 trahendum:
874 973 958 1011 quia,
977 971 1030 1001 ubi
1054 971 1193 1011 Spiritus
1215 971 1359 1007 Domini,
1383 971 1426 1001 ibi
1449 971 1487 1001 li-

421 1018 535 1051 bertaS,
553 1017 578 1049 II
597 1016 672 1046 Cor.
690 1026 722 1045 111
739 1017 765 1045 ἦ

475 1061 525 1090 An
544 1070 690 1090 euasurum
707 1061 723 1076 ᾗ
740 1070 898 1090 DICENDUM
916 1060 1003 1100 quod
1021 1060 1110 1099 signa
1126 1060 1363 1090 sacramentalia
1379 1069 1417 1091 ex
1432 1070 1487 1090 na-

419 1105 510 1135 turali
535 1104 739 1134 similitudine
758 1110 1003 1144 repraesentant.
1029 1104 1145 1134 Mulier
1169 1110 1276 1134 autem
1295 1105 1390 1135 habet
1413 1105 1488 1135 sub-

419 1150 591 1179 iectionem
608 1159 626 1179 a
641 1154 761 1185 natura,
779 1149 835 1179 sed
850 1159 918 1179 non
934 1159 1052 1180 servus.
1077 1149 1118 1179 Et
1134 1149 1207 1179 ideo
1227 1159 1295 1179 non
1312 1154 1358 1179 est
1374 1149 1487 1180 simile.

474 1194 524 1224 An
549 1203 687 1223 oumrum
704 1194 720 1209 ᾖ
745 1204 903 1224 υιεΕΝουΜ
928 1194 1032 1234 quod,
1056 1194 1082 1224 si
1105 1199 1151 1224 est
1177 1198 1346 1233 promotus
1369 1195 1488 1224 sciente

419 1237 552 1269 domino
569 1244 599 1269 et
615 1248 681 1268 non
698 1238 898 1274 reclamante,
916 1248 954 1268 ex
970 1239 1033 1269 hoc
1050 1239 1119 1278 ipso
1137 1237 1271 1269 efficitur
1286 1239 1445 1278 ingenuus
1461 1240 1486 1269 ᾖ.

419 1283 452 1313 Si
475 1289 582 1313 autem
607 1292 646 1313 eo
671 1284 850 1318 nesciente,
877 1289 954 1313 tunc
986 1284 1157 1323 episcopus
1181 1289 1212 1314 et
1234 1283 1287 1314 ille
1316 1284 1372 1323 qui
1396 1293 1487 1323 prae-

1513 448 1520 467 5

1504 671 1528 689 ιο

1504 900 1526 920 ¹5

1545 313 1677 347 propter
1692 308 1755 338 hoc
1779 309 1869 348 quod
1893 309 1988 349 culpa
2003 317 2125 341 careat:
2150 313 2226 351 quia
2249 314 2344 343 etiam
2363 314 2431 344 sine
2455 315 2550 354 culpa
2565 315 2613 344 in-

1546 352 1680 381 curritur
1696 353 1914 392 irregularitas.
1940 354 1980 384 Et
1995 354 2069 384 ideo
2093 356 2189 386 etiam
2204 356 2258 386 ille
2277 358 2342 396 qui,
2359 367 2393 388 se
2409 357 2612 389 defendendo

1544 395 1577 424 in
1602 396 1711 435 aliquo
1736 406 1810 427 casu
1833 407 1900 427 non
1923 404 2035 438 peccat
2057 399 2268 430 homicidium
2297 402 2540 438 committendo,
2564 404 2612 433 ni—

1544 439 1720 470 hilominus
1743 441 1921 481 irregularis
1944 448 1991 472 est
2006 443 2033 472 ’ἢ

1708 507 1807 537 ART.
1825 507 1863 537 V.
1889 518 1994 538 urium
2017 518 2195 539 muron-mn
2219 519 2292 540 NA-rx
2316 519 2456 541 Danaam

1789 561 1927 582 urrunnu
1950 563 1970 582 A
1993 563 2197 583 suscep-nona
2222 563 2363 584 onmium

1546 626 1628 689 Ab
1653 627 1792 647 auin-rum
1812 628 1856 647 sic
1873 628 2076 649 euoenon-nn.
2097 618 2231 649 Videtur
2253 619 2342 660 quod
2361 620 2526 660 illegitime
2547 622 2613 651 nati

1607 670 1675 691 non
1707 661 1843 692 debeant
1872 662 2020 702 impediri
2048 673 2065 693 a
2096 664 2300 704 susceptione
2333 664 2494 695 ordinum.
2527 665 2613 703 Quia

1531 705 1629 746 filius
1653 716 1718 736 non
1743 706 1833 737 debet
1844 712 1983 747 portare
1998 707 2198 748 iniquitatem
2215 709 2324 748 patris
2339 709 2365 738 *.
2390 708 2533 740 Portaret
2555 719 2612 740 au-

1541 755 1608 780 tem
1632 751 1657 780 si
1680 757 1812 791 propter
1830 752 1893 782 hoc
1916 751 2124 792 impediretur
2147 753 2186 782 ab
2203 752 2368 783 ordinibus
2390 753 2610 794 suscipiendis.

1542 794 1639 835 Ergo,
1664 802 1724 825 etc.

1599 849 1627 870 2.
1652 839 1848 876 Pmmnm,
1865 841 1965 880 magis
1980 840 2154 881 impeditur
2169 841 2283 882 aliquis
2302 846 2434 882 propter
2449 841 2612 873 defectum

1541 885 1710 924 proprium
1729 894 1826 924 quam
1843 885 1993 915 alienum.
2019 885 2081 916 Sed
2105 896 2123 916 a
2146 887 2350 926 susceptione
2371 886 2523 917 ordinum
2537 897 2612 928 pro-

1541 933 1613 968 pter
1636 928 1782 959 illicitum
1807 930 2018 960 concubitum
2041 940 2136 960 suum
2159 940 2226 960 non
2258 940 2384 971 semper
2414 931 2528 971 aliquis
2551 932 2612 962 im-

1542 972 1679 1013 peditur.
1703 973 1789 1014 Ergo
1813 983 1874 1004 nec
1890 980 2022 1014 propter
2044 975 2191 1005 illicitum
2208 975 2417 1006 concubitum
2437 976 2534 1016 patris
2551 977 2610 1007 sui.

1599 1017 1661 1048 San
1686 1027 1809 1048 CONTRA
1832 1028 1886 1048 irs-r
1903 1019 1992 1058 quod
2016 1018 2130 1049 dicitur
2145 1020 2241 1050 Deut.
2258 1030 2333 1050 xxm
2349 1021 2381 1050 *2
2407 1020 2484 1051 Non
2501 1020 2611 1062 ingre-

1542 1060 1650 1092 dietur
1677 1071 1835 1102 mamzer,
1859 1063 1920 1093 hoc
1939 1068 1986 1093 est
2007 1064 2046 1094 de
2068 1069 2177 1094 scorto
2202 1069 2315 1101 natus,
2340 1065 2506 1095 ecclesiam
2529 1065 2610 1102 Dei,

1503 1120 1529 1134 20
1544 1115 1643 1146 usque
1659 1105 1691 1135 in
1711 1106 1866 1136 decimam
1886 1108 2141 1148 generationem.
2165 1108 2251 1148 Ergo
2267 1109 2371 1140 multo
2387 1110 2494 1140 minus
2518 1109 2613 1141 debet

1542 1151 1727 1191 promoveri
1751 1150 1791 1181 ad
1814 1151 1951 1182 ordines.

1598 1195 1789 1225 Responnzo
1814 1205 1974 1226 nrcnnmm
2003 1195 2094 1236 quod
2124 1196 2261 1227 ordinati
2283 1197 2317 1227 in
2341 1197 2479 1237 quadam
2509 1198 2611 1238 digni-

1542 1245 1606 1270 tate
1629 1249 1705 1279 prae
1728 1239 1795 1270 aliis
1820 1241 2068 1271 constituuntur.
2100 1240 2176 1271 Ideo
2207 1250 2245 1271 ex
2277 1241 2415 1281 quadam
2445 1242 2612 1273 honestate

1542 1284 1714 1324 requiritur
1736 1285 1770 1314 in
1794 1285 1838 1315 eis
1855 1284 1984 1326 ‚clamas
2008 1285 2176 1325 quaedam,
2199 1295 2267 1316 non
2291 1285 2330 1316 de
2353 1287 2540 1317 necessitate
2563 1296 2612 1317 sa·-

419 1329 551 1358 sentavit
577 1333 724 1358 tenentur
757 1327 890 1358 domino
924 1328 957 1358 in
991 1328 1127 1368 duplum
1155 1337 1254 1368 quam
1281 1328 1320 1358 sit
1349 1329 1488 1368 pretium
1503 1340 1526 1360 εις
1543 1329 1707 1365 eramenti,
1720 1328 1776 1359 sed
1792 1328 1831 1359 de
1846 1330 2033 1360 necessitate
2049 1331 2226 1370 praecepti:
2243 1335 2279 1360 ut
2294 1330 2414 1361 scilicet
2429 1331 2491 1361 sint
2506 1331 2612 1362 bonae

419 1374 509 1409 servi,
526 1374 551 1402 si
568 1373 727 1402 sciverunt
743 1373 848 1412 ipsum
874 1382 941 1403 esse
958 1382 1085 1403 servum
1102 1374 1128 1403 ’ἦ
1153 1373 1249 1409 Alias,
1266 1373 1291 1403 si
1308 1383 1416 1404 servus
1432 1373 1488 1403 ha-

418 1418 490 1447 beat
513 1418 687 1457 peculium,
706 1417 799 1447 debet
815 1417 957 1458 seipsum
973 1417 1129 1448 redimere
1145 1418 1180 1447 ³:
1206 1417 1349 1458 alioquin
1366 1417 1488 1458 redige—

418 1467 469 1492 tur
491 1463 524 1492 in
549 1463 732 1492 servitutem
757 1462 881 1492 domini
904 1462 963 1498 sui,
979 1472 1047 1492 non
1068 1463 1215 1493 obstante
1232 1462 1322 1502 quod
1341 1462 1488 1493 ordinem

418 1517 513 1537 suum
537 1507 652 1546 exequi
676 1516 743 1537 non
767 1512 883 1547 potest.

616 1572 714 1602 ART.
732 1572 784 1602 IV.
810 1582 913 1602 urium
937 1581 1075 1601 PROPTER
1098 1581 1286 1602 nomcmnm

546 1627 668 1647 ALmtns
692 1627 812 1647 nesam
834 1626 999 1646 pnommznr
1022 1627 1042 1646 A
1065 1626 1168 1647 sacrus
1192 1627 1355 1648 onnmmus

482 1693 500 1712 n
531 1692 678 1712 auam-un
702 1692 747 1712 sxe
771 1691 974 1712 PROCEDITUR.
1001 1682 1136 1712 Videtur
1160 1681 1250 1722 quod
1272 1687 1404 1722 propter
1427 1682 1487 1712 ho-

419 1697 647 1757 Amicidium
664 1727 777 1766 aliquis
801 1736 868 1756 non
893 1726 1006 1756 debeat
1027 1727 1189 1766 prohiberi
1209 1736 1227 1756 a
1250 1727 1344 1756 sacris
1368 1726 1487 1757 ordini-

1543 1373 1665 1409 famae,
1690 1374 1784 1404 bonis
1806 1373 1950 1404 moribus
1974 1375 2094 1410 ornati,
2117 1384 2184 1405 non
2209 1375 2338 1415 publice
2365 1375 2568 1415 poenitentes
2582 1377 2610 1407 ⁹.

1543 1418 1584 1448 Et
1603 1418 1678 1458 quia
1695 1419 1883 1448 obscuratur
1905 1419 2045 1449 hominis
2062 1419 2184 1449 claritas
2201 1429 2239 1449 ex
2259 1419 2371 1450 vitiosa
2387 1420 2519 1460 origine,
2536 1419 2610 1451 ideo

1543 1463 1639 1493 etiam
1656 1472 1694 1493 ex
1710 1463 1876 1503 illegitimo
1899 1468 1972 1493 toro
1991 1464 2058 1493 nati
2076 1474 2094 1493 a
2118 1464 2321 1504 susceptione
2342 1463 2492 1495 ordinum
2507 1465 2611 1505 repel-

1542 1508 1652 1538 luntur
1667 1508 1693 1544 *ἢ
1710 1508 1771 1538 nisi
1795 1517 1870 1538 cum
1894 1508 1939 1538 eis
1962 1507 2177 1548 dispensetur:
2211 1513 2243 1539 et
2265 1514 2354 1539 tanto
2379 1514 2426 1539 est
2453 1508 2612 1540 difficilior

1504 1562 1529 1582 το
1543 1562 1657 1583 eorum
1681 1552 1875 1592 dispensatio
1900 1557 2021 1593 quanto
2045 1562 2160 1583 eorum
2184 1553 2274 1593 origo
2299 1558 2346 1583 est
2368 1554 2501 1594 turpior.

1597 1597 1648 1627 An
1672 1607 1788 1627 ramum
1812 1607 1895 1627 ERGO
1925 1607 2085 1627 montinum
2116 1597 2206 1638 quod
2233 1597 2443 1638 irregularitas
2472 1607 2541 1629 non
2564 1604 2612 1629 est

1541 1650 1649 1681 poena
1671 1641 1830 1682 iniquitati
1854 1641 1968 1672 debita.
1993 1642 2034 1672 Et
2048 1641 2122 1672 ideo
2146 1647 2234 1682 patet
2247 1642 2347 1682 quod
2366 1642 2530 1682 illegitime
2545 1643 2612 1674 nati

1541 1695 1610 1716 non
1621 1691 1750 1726 portant
1765 1686 1967 1726 iniquitatem
1979 1686 2075 1726 patn's
2088 1696 2125 1717 ex
2141 1687 2205 1717 hoc
2221 1686 2311 1726 quod
2322 1687 2509 1727 irregulares
2524 1693 2608 1719 sunt.

1596 1731 1647 1760 Αι)
1671 1740 1834 1761 SECUNDUM
1857 1740 2016 1760 memnon
2040 1731 2130 1771 quod
2154 1741 2191 1761 ea
2207 1740 2290 1771 quae
2313 1741 2370 1771 per
2390 1737 2498 1762 actum
2521 1740 2611 1763 com-

417 1773 486 1802 bus.
511 1771 596 1809 Quia
620 1771 747 1802 ordines
771 1771 870 1801 nostri
895 1777 1100 1810 sumpserunt
1128 1771 1254 1801 initium
1278 1781 1296 1800 a
1319 1771 1487 1802 levitarum
1502 1783 1524 1803 ³5
1541 1775 1720 1811 mittuntur,
1740 1780 1876 1815 possunt
1898 1784 1955 1815 per
1978 1775 2209 1815 poenitentiam
2233 1781 2265 1806 et
2287 1781 2395 1806 actum
2415 1777 2610 1807 contrarium

418 1815 543 1846 officio:
572 1821 608 1846 ut
630 1817 663 1846 in
697 1815 898 1856 praecedenti
927 1815 1130 1846 distinctione
1146 1816 1163 1831 ἥ
1187 1815 1308 1846 dictum
1333 1821 1388 1846 est.
1424 1816 1487 1847 Sed

417 1861 531 1891 levitae
554 1865 826 1891 consecraverunt
848 1869 963 1890 manus
985 1870 1062 1890 suas
1084 1861 1118 1890 in
1141 1861 1304 1900 sanguinis
1329 1859 1486 1891 effusione

418 1905 549 1935 fratrum
573 1914 716 1941 suorum,
733 1910 768 1934 ut
791 1910 877 1944 patet
900 1904 1006 1935 Exod.
1023 1915 1107 1934 xxxn
1127 1905 1153 1934 *.
1178 1905 1263 1944 Ergo
1288 1910 1319 1935 et
1341 1905 1375 1934 in
1397 1915 1485 1936 novo

418 1950 625 1979 Testamento
655 1959 722 1979 non
746 1948 863 1979 debent
893 1949 991 1988 aliqui
1015 1950 1053 1979 ab
1086 1950 1305 1989 assumptione
1335 1949 1485 1980 ordinum

416 1994 579 2034 prohiberi
602 1999 732 2033 propter
755 1994 916 2032 sanguinis
940 1993 1140 2023 effusionem.

473 2048 501 2068 2.
526 2038 721 2073 Palinurum,
739 2043 870 2077 propter
893 2043 1000 2068 actum
1023 2038 1146 2067 virtutis
1169 2037 1276 2075 nullus
1308 2037 1402 2067 debet
1425 2038 1484 2067 im-

415 2082 516 2122 pediri
532 2083 570 2112 ab
594 2082 702 2121 aliquo
727 2087 936 2112 sacramento.
961 2081 1024 2112 Sed
1040 2081 1212 2121 aliquando
1233 2082 1360 2122 sanguis
1380 2080 1483 2112 effun-

416 2126 499 2157 ditur
515 2136 572 2166 per
594 2127 756 2161 iustitiam,
777 2126 858 2155 sicut
874 2136 891 2155 a
906 2125 1030 2156 iudice:
1057 2131 1087 2156 et
1110 2131 1257 2165 peccaret
1276 2127 1396 2156 habens
1413 2125 1483 2156 offi-

416 2172 502 2202 cium
525 2171 550 2201 si
573 2181 639 2201 non
664 2170 850 2201 effunderet.
875 2170 960 2210 Ergo
984 2180 1051 2201 non
1074 2170 1248 2210 impeditur
1266 2176 1396 2211 propter
1419 2171 1483 2201 hoc

415 2226 432 2246 a
456 2216 642 2246 sacramenti
666 2215 879 2254 susceptione.

471 2260 500 2290 3.
524 2260 720 2296 PRAETEREA,
738 2269 843 2299 poena
866 2269 934 2290 non
958 2258 1091 2289 debetur
1114 2259 1174 2289 nisi
1191 2259 1314 2299 culpae.
1340 2259 1402 2290 Sed
1426 2259 1481 2290 ali-

416 2305 486 2344 quis
510 2305 577 2335 sine
601 2305 695 2344 culpa
719 2303 916 2344 quandoque
939 2303 1152 2334 homicidium
1180 2305 1368 2334 committit:
1400 2305 1483 2334 sicut

415 2359 447 2379 se
472 2348 684 2385 defendendo,
706 2349 756 2378 vel
781 2349 876 2379 etiam
907 2348 1081 2378 casualiter.
1116 2349 1201 2388 Ergo
1226 2358 1293 2379 non
1317 2348 1411 2379 debet
1433 2349 1482 2379 in-

416 2403 539 2424 currere
562 2393 795 2433 irregularitatis
819 2403 968 2434 poenam.

470 2438 531 2468 San
556 2448 678 2468 CONTRA
701 2438 764 2468 hoc
788 2443 861 2468 sunt
884 2438 975 2478 plura
999 2447 1162 2468 canonum
1186 2443 1302 2468 statuta
1317 2439 1343 2474 ἡ
1366 2443 1397 2468 et
1420 2438 1482 2468 Ec-

416 2483 528 2514 clesiae
552 2482 764 2513 consuetudo.

470 2528 658 2557 Rssspommo
675 2536 833 2557 memnon
856 2526 945 2566 quod
962 2536 1075 2557 omnes
1100 2526 1226 2557 ordines
1246 2526 1426 2557 referuntur
1442 2527 1482 2558 ad

415 2572 630 2602 Eucharistiae
658 2577 910 2607 sacramentum,
941 2571 1029 2611 quod
1053 2577 1099 2601 est
1130 2577 1364 2602 sacramentum
1394 2572 1481 2612 pacis

415 2617 508 2646 nobis
532 2615 631 2646 factae
655 2625 711 2656 per
727 2615 917 2646 effusionem
941 2617 1102 2656 sanguinis
1119 2616 1247 2647 Christi.
1272 2616 1312 2646 Et
1332 2616 1408 2656 quia
1422 2616 1482 2647 ho-

415 2660 581 2691 micidium
605 2661 741 2690 maxime
765 2661 972 2691 contrariatur
995 2662 1085 2701 paci;
1111 2666 1142 2691 et
1171 2660 1353 2691 homicidae
1381 2661 1482 2701 magis

416 2705 658 2736 conformantur
690 2705 908 2735 occidentibus
940 2705 1103 2736 Christum
1135 2715 1232 2745 quam
1260 2706 1321 2746 ipsi
1352 2704 1480 2736 Christo

416 2750 535 2785 occiso,
549 2750 600 2779 cui
616 2759 728 2780 ornnes
745 2750 879 2780 ministri
895 2750 1047 2789 praedicti
1064 2751 1252 2780 sacramenti
1269 2750 1386 2780 debent
1403 2759 1481 2780 con-

415 2793 559 2824 formari:
585 2793 658 2824 ideo
683 2793 722 2824 de
752 2795 938 2824 necessitate
970 2795 1131 2834 praecepti
1161 2800 1208 2825 est
1232 2794 1321 2835 quod
1350 2804 1418 2825 non
1442 2795 1482 2825 sit

415 2837 576 2869 homicida
592 2838 648 2878 qui
672 2837 711 2868 ad
727 2838 852 2869 ordines
876 2845 1103 2879 promovetur;
1129 2840 1274 2879 quamvis
1295 2849 1363 2869 non
1387 2839 1426 2869 sit
1442 2839 1481 2870 de

415 2883 600 2913 necessitate
625 2883 822 2913 sacramenti.

470 2927 520 2957 An
544 2937 660 2957 prunum
690 2937 772 2957 nano
807 2937 965 2958 mesanum
1000 2927 1089 2968 quod
1122 2933 1213 2958 vetus
1244 2928 1295 2959 lex
1327 2927 1482 2959 inferebat

416 2981 554 3011 poenam
578 2972 748 3011 sanguinis,
768 2981 836 3002 non
859 2977 967 3002 autem
990 2982 1075 3002 nova
1098 2973 1158 3003 lex.
1183 2973 1224 3003 Et
1247 2972 1320 3003 ideo
1344 2982 1412 3003 non
1436 2979 1483 3003 est

417 3016 517 3046 simile
541 3015 580 3046 de
603 3016 753 3046 ministris
776 3017 889 3047 veteris
909 3022 941 3046 et
963 3026 1066 3047 novae
1090 3017 1177 3057 legis.
1196 3026 1278 3057 quae
1298 3022 1345 3048 est
1369 3017 1482 3059 iugum

416 3070 514 3090 suave
537 3065 567 3090 et
590 3069 672 3090 onus
695 3060 763 3090 leve
778 3062 803 3090 ’ἦ

471 3104 521 3134 At>
546 3114 707 3135 SECUNDUM
730 3115 889 3134 mmmmm
913 3105 1002 3145 quod
1025 3105 1235 3145 irregularitas
1258 3116 1325 3136 non
1349 3107 1482 3137 incurri-

418 3153 468 3178 tur
483 3154 612 3188 propter
628 3154 796 3188 peccatum
813 3155 947 3185 tantum,
965 3149 1020 3179 sed
1036 3150 1250 3190 principaliter
1268 3157 1400 3190 propter
1415 3151 1483 3181 ine-

418 3192 609 3232 ptitudinem
632 3202 786 3232 personae
811 3193 850 3223 ad
876 3200 1110 3224 sacramentum
1142 3195 1358 3225 Eucharistiae
1388 3195 1482 3225 mini-

419 3236 590 3266 strandum.
615 3237 655 3267 Et
679 3236 752 3267 ideo
776 3237 881 3273 iudex,
899 3243 930 3268 et
954 3248 1067 3268 omnes
1091 3240 1147 3278 qui
1171 3240 1204 3269 in
1228 3249 1322 3269 causa
1355 3240 1482 3279 sangui-

419 3281 467 3310 nis
487 3281 516 3310 ei
538 3281 735 3320 participant,
753 3287 827 3311 sunt
845 3282 1030 3322 irregulares
1046 3283 1072 3318 ξ
1090 3289 1221 3323 propter
1245 3284 1308 3314 hoc
1331 3283 1421 3323 quod
1437 3283 1482 3314 ef-

420 3323 503 3354 fusio
527 3325 687 3364 sanguinis
710 3335 776 3355 non
801 3325 892 3355 decet
915 3326 1076 3356 ministros
1096 3327 1170 3357 dicti
1195 3328 1392 3358 sacramenti.

475 3368 524 3398 At>
549 3378 682 3398 Tannum
706 3379 863 3398 mensuum
881 3370 969 3409 quod
992 3370 1099 3400 nullus
1116 3371 1190 3401 facit
1212 3372 1273 3402 nisi
1295 3371 1375 3402 illud
1391 3373 1482 3402 cuius

421 3418 467 3441 est
490 3421 593 3448 causa,
611 3411 699 3451 quod
723 3418 769 3442 est
791 3413 1008 3444 voluntarium
1038 3415 1071 3444 in
1095 3416 1237 3446 homine.
1269 3416 1310 3446 Et
1332 3415 1405 3447 ideo
1429 3416 1482 3447 ille

422 3456 477 3494 qui
499 3456 647 3495 ignorans
670 3456 835 3486 hominem
858 3457 975 3487 occidit
997 3458 1171 3489 homicidio
1196 3460 1323 3496 casuali,
1344 3470 1412 3490 non
1435 3460 1482 3490 di-

422 3500 502 3529 citur
529 3499 705 3535 homicida,
729 3509 789 3530 nec
814 3500 1073 3540 irregularitatem
1096 3503 1242 3533 incurrit:
1266 3504 1327 3534 nisi
1350 3513 1482 3544 operam

423 3542 542 3573 dederit
557 3543 683 3573 illicitae
706 3544 760 3578 rei.
777 3544 828 3574 vel
842 3545 903 3574 nisi
927 3546 1067 3575 omiserit
1084 3546 1222 3577 debitam
1242 3547 1438 3587 diligentiam
1453 3549 1480 3583 ⁵,

1499 2003 1526 2023 40

1497 2223 1520 2243 45

1497 2448 1523 2469 50

1497 2670 1519 2690 55

1495 2890 1522 2910 60

1496 3111 1520 3137 65

1497 3338 1523 3358 70

1496 3558 1519 3578 75

1541 1819 1677 1850 aboleri:
1702 1829 1770 1850 non
1794 1825 1901 1850 autem
1921 1829 1958 1849 ea
1981 1829 2064 1859 quae
2088 1829 2126 1850 ex
2148 1825 2261 1850 natura
2279 1825 2362 1850 sunt.
2387 1820 2428 1851 Et
2450 1819 2524 1851 ideo
2541 1830 2610 1852 non

1541 1869 1588 1894 est
1610 1864 1712 1894 simile
1737 1863 1776 1894 de
1799 1864 1916 1894 vitioso
1940 1869 2014 1894 actu
2037 1869 2069 1894 et
2091 1863 2131 1894 de
2154 1865 2268 1895 vitiosa
2291 1865 2425 1904 origine.

1570 1929 1670 1959 ART.
1689 1929 1743 1960 VI.
1767 1939 1872 1959 urium
1894 1928 2034 1960 moerim
2057 1939 2220 1960 neraei-tm
2243 1939 2436 1960 annnorum
2459 1940 2579 1963 Danau

1933 1983 2056 2004 amotus
2080 1983 2218 2003 mamm

1604 2048 1624 2068 n
1648 2048 1767 2068 sax-rim
1791 2048 1836 2068 sm
1859 2048 2063 2068 rnocemrtm.
2090 2037 2225 2068 Videtur
2252 2038 2342 2078 quod
2364 2044 2497 2079 propter
2520 2039 2608 2070 defe-

1541 2051 1692 2113 Actum
1715 2083 1936 2113 membrorum
1960 2092 2027 2112 non
2052 2082 2166 2112 debeat
2188 2083 2302 2123 aliquis
2331 2083 2490 2123 impediri.
2522 2084 2609 2122 Quia

1537 2126 1674 2166 afflictio
1692 2137 1756 2157 non
1778 2127 1868 2157 debet
1889 2126 1966 2157 addi
1982 2126 2105 2166 afflicto
2122 2127 2149 2157 *ἡ
2174 2127 2259 2167 Ergo
2283 2137 2352 2158 non
2375 2127 2470 2158 debet
2492 2129 2608 2169 privari

1537 2171 1657 2202 ordinis
1680 2171 1780 2211 gradu
1802 2176 1934 2212 propter
1957 2181 2098 2211 poenam
2122 2171 2296 2212 corporalis
2319 2171 2472 2204 defectus.

1594 2225 1623 2246 2.
1648 2216 1844 2252 Pmuzrnmm,
1861 2216 1934 2256 plus
1954 2217 2088 2256 exigitur
2112 2216 2151 2246 ad
2174 2222 2283 2247 actum
2302 2216 2422 2248 ordinis
2444 2218 2608 2258 integritas

1537 2260 1735 2291 discretionis
1759 2270 1858 2301 quam
1881 2261 2042 2301 integritas
2071 2261 2225 2301 corporis.
2257 2260 2320 2292 Sed
2350 2261 2449 2302 aliqui
2472 2267 2608 2302 possunt

1535 2306 1720 2345 promoveri
1743 2311 1816 2336 ante
1840 2315 1941 2336 annos
1965 2304 2163 2336 discretionis
2179 2306 2206 2336 ἦ
2231 2305 2317 2346 Ergo
2336 2311 2368 2336 et
2390 2316 2467 2337 cum
2490 2316 2608 2348 corpo-

1536 2350 1577 2380 ris
1601 2349 1739 2380 defectu.

1592 2394 1655 2425 San
1679 2404 1813 2430 com-im,
1830 2394 1907 2424 tales
1922 2394 2175 2434 prohibebantur
2198 2405 2216 2424 a
2239 2395 2416 2425 ministerio
2433 2396 2546 2426 veteris
2561 2396 2607 2427 le-

1535 2439 1583 2479 gis
1599 2440 1626 2469 *.
1651 2439 1736 2479 Ergo
1760 2438 1864 2469 multo
1889 2438 2001 2469 fortius
2024 2438 2142 2469 debent
2163 2440 2196 2469 in
2220 2448 2305 2470 nova
2323 2440 2495 2480 prohiberi.
2511 2458 2535 2462 —
2557 2440 2607 2472 De

1536 2484 1674 2523 bigamia
1697 2493 1773 2513 vero
1798 2483 1921 2514 dicetur
1941 2484 1976 2513 in
1999 2489 2133 2514 tractatu
2158 2483 2196 2514 de
2221 2484 2427 2515 matrimonio
2445 2485 2472 2515 *.

1591 2529 1781 2558 Rasponmzo
1805 2538 1965 2558 mmmmm
1989 2527 2089 2568 quod,
2112 2529 2194 2559 sicut
2218 2538 2256 2559 ex
2279 2527 2370 2559 dictis
2386 2529 2402 2546 ⁴*
2426 2534 2526 2569 patet,
2551 2528 2606 2561 ali-

1536 2573 1608 2613 quis
1624 2572 1759 2603 efficitur
1773 2573 1902 2612 ineptus
1918 2572 1958 2603 ad
1977 2573 2216 2613 susceptionem
2235 2572 2386 2604 ordinum
2411 2573 2460 2604 vel
2475 2579 2607 2614 propter

1535 2617 1804 2658 impedimentum
1829 2622 1927 2653 actus,
1944 2617 1995 2648 vel
2018 2623 2149 2657 propter
2164 2617 2434 2658 impedimentum
2458 2618 2606 2650 claritatis

1536 2671 1702 2702 personae.
1735 2661 1776 2692 Et
1798 2661 1871 2692 ideo
1896 2662 2051 2702 patientes
2083 2661 2245 2693 defectum
2268 2663 2300 2692 in
2325 2663 2476 2693 membris
2503 2663 2607 2704 impe-

1536 2706 1667 2737 diuntur
1690 2716 1707 2736 a
1731 2707 1935 2746 susceptione
1956 2706 2075 2737 ordinis
2099 2706 2124 2736 si
2147 2707 2187 2737 sit
2209 2706 2278 2737 talis
2297 2706 2440 2738 defectus
2459 2708 2516 2747 qui
2538 2717 2605 2739 ma-

1537 2751 1642 2782 culam
1665 2751 1841 2781 notabilem
1864 2750 1996 2786 inferat,
2022 2760 2079 2791 per
2103 2760 2201 2792 quem
2235 2751 2423 2782 obscuretur
2449 2761 2607 2792 personae

1536 2796 1676 2832 claritas,
1710 2801 1747 2826 ut
1769 2796 1919 2826 abscissio
1950 2796 2034 2831 nasi;
2062 2796 2114 2826 vel
2143 2795 2323 2836 periculum
2350 2796 2385 2826 in
2416 2797 2606 2827 executione

1535 2840 1640 2871 facere
1662 2841 1772 2880 possit.
1797 2839 1884 2870 Alias
1906 2850 1975 2870 non
1997 2840 2180 2880 impeditur.
2204 2840 2294 2871 Haec
2317 2845 2426 2871 autem
2444 2841 2606 2881 integritas

1536 2886 1671 2925 exigitur
1694 2884 1734 2915 de
1756 2885 1943 2915 necessitate
1962 2885 2125 2925 praecepti
2140 2885 2166 2921 *‚
2191 2884 2247 2915 sed
2268 2894 2337 2916 non
2356 2884 2396 2916 de
2418 2885 2606 2916 necessitate

1536 2929 1735 2960 sacramenti.

1591 2974 1633 3004 Et
1655 2983 1712 3014 per
1735 2974 1814 3004 haec
1838 2979 1925 3013 patet
1948 2973 2067 3004 solutio
2092 2973 2132 3004 ad
2154 2973 2290 3004 obiecta.

1735 3037 1989 3082 QUAEsno
2014 3037 2411 3082 QUADRAGEsmA

1618 3093 1662 3118 DE
1682 3092 1736 3117 HIS
1756 3092 1849 3123 QUAE
1868 3091 1958 3117 SUNT
1977 3092 2116 3116 ANNEXA
2136 3091 2371 3116 SACRAMENTO
2391 3091 2528 3117 ORDINlS

1599 3160 1692 3180 arnna
1716 3149 1984 3181 considerandum
2006 3155 2054 3180 est
2076 3149 2116 3180 de
2139 3150 2188 3180 his
2211 3158 2294 3189 quae
2317 3154 2391 3180 sunt
2414 3159 2537 3181 annexa
2556 3160 2604 3181 sa-

1542 3162 1764 3226 Dcramento
1789 3193 1908 3225 ordinis
1924 3195 1950 3224 θ.
2429 3205 2433 3209 ·

1536 3239 1578 3269 Et
1602 3239 1684 3270 circa
1706 3239 1770 3270 hoc
1794 3243 1991 3279 quaeruntur
2014 3243 2147 3278 septem.

1592 3284 1719 3314 Primo:
1744 3289 1852 3315 utrum
1876 3282 2013 3314 ordinati
2043 3282 2179 3313 debeant
2206 3282 2322 3313 habere
2353 3292 2494 3314 coronae
2515 3293 2604 3314 rasu-

1626 3338 1693 3358 ram
1717 3333 1748 3359 et
1770 3333 1946 3359 tonsuram.

1591 3372 1759 3403 Secundo:
1784 3378 1892 3403 utrum
1916 3381 2037 3402 corona
2060 3372 2099 3402 sit
2122 3370 2213 3402 ordo.

1593 3417 1721 3447 Tertio:
1745 3422 1854 3448 utrum
1877 3425 1934 3458 per
1956 3416 2179 3456 acceptionem
2203 3425 2343 3446 coronae
2372 3415 2487 3456 aliquis
2514 3417 2603 3448 abre-

1626 3462 1751 3492 nuntiet
1775 3461 1995 3501 corporalibus
2018 3460 2122 3491 bonis.

1592 3505 1732 3543 Quarto:
1757 3511 1866 3536 utrum
1889 3514 1984 3545 supra
2006 3504 2236 3536 sacerdotalem
2259 3504 2354 3536 debet
2373 3515 2441 3536 esse
2463 3509 2603 3545 potestas

1625 3550 1824 3590 episcopalis.

2640 429 2650 439 ·
2658 427 2716 450 Can.
2722 427 2799 449 Dehle
2804 428 2852 449 cle-

2639 454 2704 481 ricie,
2715 453 2768 476 dist.
2784 454 2811 476 1..

2639 716 2853 745 'Ezech.eap.xvm,

2640 749 2698 765 vert.
2709 749 2746 766 πο.

2639 1027 2651 1037 ·
2664 1025 2734 1049 ven.
2748 1032 2769 1049 ι.

2639 1379 2650 1390 ·
2658 1377 2716 1400 Can.
2723 1377 2821 1427 hiscis:
2829 1382 2852 1426 {t

2638 1410 2681 1426 ean

2638 1431 2692 1453 dist.
2706 1431 2757 1454 Lv.

2638 1515 2649 1526 ·
2663 1514 2719 1537 Can.
2744 1513 2775 1536 Ut
2785 1514 2853 1543 flul,

2636 1540 2850 1596 &giltgpemts

2637 1573 2854 1619 {Suffenum-¹-

2637 1620 2737 1644 dana-d.
2750 1624 2795 1644 etc.

2635 2133 2646 2143 '
2666 2131 2702 2154 Cf.
2722 2137 2772 2160 etp.
2791 2132 2848 2155 Cum

2631 2158 2851 2186 percusiostecle·

2635 2184 2686 2207 rico
2699 2187 2795 2214 aegrae.
2803 2189 2846 2208 etc.

2634 2314 2645 2324 ·
2658 2312 2695 2335 Cf.
2709 2317 2753 2336 nn.
2767 2319 2788 2336 ε.

2634 2441 2644 2452 ·
2653 2441 2728 2463 Levit-
2736 2447 2788 2469 etp.
2797 2448 2846 2470 xxi,

2634 2473 2803 2522 Fata-⁷222?-

2634 2536 2644 2546 ·
2657 2534 2709 2556 An.
2723 2539 2745 2562 a,
2759 2540 2779 2563 5.

2633 2900 2644 2909 ·
2665 2897 2722 2920 cn.
2741 2897 2845 2920 lunera-

2632 2923 2844 2952 tos,dint.mV1.
