2878 4088
0 313 8 328 ι,

0 412 5 420 s

3 467 6 476 ι

122 1101 135 1112 ·
149 1099 214 1122 Vero.
229 1105 263 1126 aa,
273 1105 307 1127 ²3-

120 1496 134 1508 ⁶
149 1494 199 1524 Qu.
217 1501 334 1521 mum.

118 1525 166 1544 «1η.
180 1527 200 1544 2.

120 1761 134 1772 ⁶
148 1759 216 1782 Ven-
229 1758 266 1782 28.

119 1853 134 1865 ⁶
147 1851 214 1875 Vero.
230 1858 266 1879 ιφ,

121 2207 135 2218 ·
149 2205 216 2229 Vm.
231 2212 268 2233 ⁴1.

122 2520 136 2531 ·
150 2518 217 2542 ven.
231 2519 255 2542 8.

125 2701 137 2712 ·
147 2699 240 2722 unm.
251 2698 337 2721 Smn.

129 2726 209 2748 Tneol.
219 2732 243 2754 p.
256 2731 289 2753 ιιι,
298 2732 338 2754 qu.

123 2756 339 2810 ῗῖἰοῗὶὲὲὲῗῑῖῑ

126 2805 201 2832 Senot„
207 2805 259 2828 dm.
263 2811 339 2832 xum,

124 2835 260 2887 342¹*ss
273 2838 317 2882 ξε.

126 2885 192 2907 qu
198 2875 281 2908 neb.
287 2891 338 2913 cap.

126 2917 159 2939 ιν,
171 2917 233 2934 ven.
249 2912 283 2935 ιδ.

130 3184 284 3233 2.¹².‘.·.¹¹·.2?¹’:
298 3190 342 3233 ἰ’-ἶς’.

131 3238 202 3266 Apoc.
225 3243 277 3265 cap.
300 3243 331 3259 xx
338 3254 343 3264 ,

131 3269 191 3286 ven.
208 3269 239 3286 «a.

132 3318 143 3328 ·
168 3316 205 3338 De
231 3315 343 3338 Iudiciar.

132 3342 220 3391 gaggai.
240 3346 298 3370 em,
319 3342 344 3364 in

123 431 225 480 igssssu'
232 436 336 457 unvu,

995 175 1259 223 QUAESTIO
1289 174 1498 222 mxxix,
1522 174 1814 211 ARTICULUS
1843 176 1918 221 1,11
2012 179 2013 182 ¹
2471 184 2546 220 207

426 328 498 353 ..1
520 274 772 334 omsm
812 275 1273 309 ocroansmmom
1485 251 2546 337 ...saergussa1322‘32232023035211333.imitatas:

502 329 730 355 UfflCANTfflUS
749 329 795 354 ΕΤ
810 329 978 354 IUDICAT¹S
993 329 1026 353 ¹N
1046 328 1172 353 IUDICIO
1193 327 1365 352 GENERAU
1484 341 1617 371 tentiam
1639 339 1806 380 loquendo
1822 340 1855 370 in
1872 340 2006 370 alterurn
2027 340 2095 371 fert.
2120 341 2183 371 Sed
2202 342 2265 372 hoc
2284 341 2453 381 dupliciter
2469 350 2546 371 con-

368 395 519 459 Dnmnu
539 386 807 417 considerandum
824 392 870 418 est
886 386 925 417 de
941 386 1155 417 iudicantibus
1176 390 1207 416 et
1225 384 1373 416 iudicatis
1395 385 1430 415 in
1483 386 1586 425 tingit.
1610 385 1685 416 Uno
1709 383 1820 420 modo,
1838 394 1875 414 ex
1894 385 2023 424 propria
2045 386 2242 415 auctoritate.
2266 385 2306 415 Et
2321 386 2385 415 hoc
2401 391 2448 415 est
2462 385 2546 415 illius

426 429 546 461 iudicio
570 431 710 471 generali
725 432 752 461 ’ἃ
1452 438 1461 458 5
1483 430 1613 470 proprie
1637 429 1694 469 qui
1717 429 1812 459 habet
1835 429 1868 458 in
1891 428 1970 458 alios
1993 427 2175 459 dominium
2191 435 2222 459 et
2237 435 2438 469 potestatem,
2456 430 2546 459 cuius

364 473 458 505 Circa
481 475 571 515 quod
594 481 792 516 quaeruntur
815 481 900 506 octo.
1484 474 1631 514 regimini
1658 472 1838 503 subduntur
1861 473 1918 512 qui
1941 471 2136 508 iudicantur,
2160 473 2246 503 unde
2274 474 2342 503 eius
2366 479 2412 504 est
2434 474 2467 503 in
2491 483 2547 504 eos

418 519 541 550 Primo:
555 525 663 550 utrum
675 519 773 560 aliqui
788 520 937 550 homines
948 518 1117 550 iudicaturi
1128 518 1191 548 sint
1202 526 1278 548 cum
1290 516 1428 547 Christo.
1483 519 1534 548 ius
1556 517 1648 548 ferre.
1682 517 1723 548 Et
1745 518 1790 548 sic
1817 516 1958 547 iudicare
1986 522 2032 546 est
2060 516 2159 546 solius
2187 517 2257 547 Dei.
2281 535 2303 539 —
2326 517 2400 547 Alio
2428 517 2546 553 modo,

418 563 588 594 Secundo:
613 570 723 595 utrum
745 564 943 594 voluntariae
972 562 1151 604 paupertati
1182 560 1431 601 correspondeat
1484 561 1624 592 iudicare
1648 567 1695 592 est
1717 562 1907 592 sententiam
1930 561 2057 591 alterius
2081 562 2267 591 auctoritate
2290 561 2386 591 latam
2412 562 2445 591 in
2470 562 2547 591 alio-

451 607 615 639 iudiciaria
637 614 789 648 potestas.
1483 616 1556 636 rum
1574 606 1722 636 notitiam
1746 605 1873 642 ducere,
1890 604 1980 645 quod
2004 610 2051 635 est
2073 605 2263 635 sententiam
2285 605 2381 635 latam
2403 614 2547 645 pronun-

419 652 546 683 Tertio:
571 658 681 683 utrum
704 652 808 692 angeli
831 653 893 682 sint
916 652 1012 682 etiam
1035 650 1213 681 iudicaturi.
1446 661 1470 676 ιο
1484 651 1570 680 tiare.
1595 650 1636 680 Et
1659 651 1722 680 hoc
1752 649 1854 680 modo
1884 648 2018 690 perfecti
2040 649 2098 679 viri
2128 648 2333 679 iudicabunt:
2364 649 2440 689 quia
2469 649 2548 679 alios

417 696 558 735 Quarto:
575 702 684 727 uta-um
700 696 874 727 daemones
890 701 1088 735 exequantur
1103 694 1293 724 sententiam
1304 691 1428 722 iudicis.
1485 694 1604 724 ducent
1632 695 1666 724 in
1694 695 1914 734 cognitionem
1944 693 2069 723 divinae
2100 693 2253 728 iustitiae,
2278 698 2314 723 ut
2341 694 2440 723 sciant
2470 692 2548 733 quid

418 741 561 779 Quinto:
582 746 691 772 utrum
707 750 820 771 omnes
835 740 983 770 homines
998 740 1032 769 in
1048 738 1168 769 iudicio
1185 736 1427 777 comparebunt.
1484 739 1566 768 iuste
1589 747 1648 778 pro
1671 739 1792 769 meritis
1815 739 1860 768 eis
1884 738 2052 773 debeatur;
2076 743 2112 767 ut
2135 737 2180 767 sic
2202 738 2272 777 ipsa
2294 737 2444 767 revelatio
2460 737 2549 767 iusti-

416 785 532 817 Sexto:
557 791 666 816 utrum
690 785 789 824 aliqui
811 785 889 814 boni
912 782 1074 814 iudicandi
1097 783 1168 812 sint.
1483 783 1546 812 tiae
1574 781 1696 813 dicatur
1725 782 1892 813 iudicium.
1925 781 2018 812 Unde
2051 781 2127 812 dicit
2155 780 2332 812 Richardus
2362 781 2402 811 de
2432 781 2548 811 Sancto

418 829 580 870 Septimo:
605 835 715 860 utrum
738 829 836 868 aliqui
859 828 945 858 mali.
1483 827 1614 857 Victore
1630 827 1665 856 ἰ
1697 827 1824 857 Iudices
1851 835 1962 857 coram
1987 825 2168 856 iudicandis
2191 826 2392 856 decretorum
2415 835 2549 855 suorum

418 874 562 905 Octavo:
587 879 696 904 utrum
720 873 815 902 etiam
838 872 942 912 angeli
965 872 1028 902 sint
1050 869 1222 900 iudicandi.
1445 881 1468 901 ις
1485 871 1585 901 libros
1607 871 1745 911 aperire,
1762 876 1810 901 est
1831 871 1874 901 ad
1889 870 2036 901 cordium
2058 880 2194 901 suorum
2217 870 2443 911 inspectionem
2467 870 2549 911 infe-

1485 916 1611 946 riorum
1634 915 1849 956 quorumlibet
1871 916 1974 946 visum
1997 915 2175 951 admittere,
2194 924 2384 955 sensumque
2406 924 2500 945 suum
2516 914 2548 944 in

362 949 462 980 ART.
479 949 502 979 1.
526 958 631 979 unum
649 957 757 978 amam
775 956 911 977 nolumus
934 956 1112 977 romonum
1132 956 1198 976 sm‘r
1217 955 1281 981 ,cun
1300 954 1429 975 cnius‘ro
1483 961 1534 991 his
1556 969 1639 1001 quae
1661 960 1704 990 ad
1728 960 1881 990 iudicium
1898 960 2073 1000 pern-nent,
2098 960 2253 990 revelare·

389 999 514 1027 Compend.
531 999 625 1025 Theoi,
640 1004 691 1026 cap.
707 1003 792 1024 οαιινς
807 997 832 1019 In
847 997 934 1019 Psatm.
951 997 1036 1022 XLIX:
1051 997 1061 1018 1
1075 997 1110 1018 ad
1124 997 1192 1023 Cor„
1208 1002 1258 1024 cap.
1273 1002 1302 1018 vi.
1318 997 1371 1018 lect.
1386 1002 1401 1017 ι.
1539 1005 1590 1034 AD
1613 1014 1731 1035 PRIMUM
1754 1014 1836 1035 ERGO
1860 1014 2021 1034 DICENDUM
2049 1004 2139 1045 quod
2166 1004 2305 1034 obiectio
2329 1003 2382 1034 illa
2405 1002 2550 1043 procedit

427 1060 448 1080 D
475 1060 593 1080 emim
621 1060 667 1080 s1c
699 1059 904 1080 rnocnnrrtm.
936 1048 1070 1079 Videtur
1099 1046 1189 1088 quod
1221 1046 1300 1078 nulli
1323 1047 1428 1076 homi-
1485 1049 1524 1079 de
1547 1048 1667 1079 iudicio
1691 1050 1896 1085 auctoritatis,
1921 1048 2011 1088 quod
2033 1049 2094 1079 soli
2118 1048 2246 1079 Christo
2270 1048 2450 1078 conveniet.

426 1104 484 1126 nes
511 1094 699 1125 iudicabunt
729 1104 805 1125 cum
834 1093 973 1125 Christo.
1004 1093 1092 1123 loan.
1109 1103 1129 1122 v
1144 1093 1182 1122 *5
1208 1092 1307 1122 Pater
1336 1100 1430 1121 omne
1443 1102 1471 1116 ²0
1540 1093 1580 1123 Et
1603 1093 1746 1123 similiter
1770 1093 1943 1124 dicendum
1966 1093 2006 1124 ad
2029 1093 2218 1124 secundum.

362 1139 515 1170 iudicium
531 1139 619 1170 dedit
639 1139 726 1169 Filio
750 1143 786 1169 ut
808 1147 918 1169 omnes
940 1143 1000 1168 etc.
1017 1136 1080 1168 Sed
1098 1135 1346 1167 honorificentia
1360 1135 1430 1165 talis
1538 1138 1589 1168 An
1613 1148 1747 1168 Tannum
1774 1148 1932 1168 mcanntm
1959 1137 2049 1178 quod
2075 1147 2142 1167 non
2170 1142 2216 1168 est
2239 1137 2469 1174 inconveniens
2493 1136 2548 1166 ali-

360 1193 429 1215 non
452 1183 586 1214 debetur
609 1183 704 1214 alicui
727 1183 787 1213 nisi
813 1182 951 1213 Christo.
976 1182 1073 1222 Ergo,
1090 1187 1150 1212 etc.
1484 1191 1567 1222 quos
1590 1188 1775 1213 sanctorum
1798 1183 1865 1212 aliis
1889 1182 2047 1223 quaedam
2070 1182 2227 1213 revelare:
2259 1181 2310 1211 vel
2333 1190 2390 1221 per
2412 1180 2548 1211 modum

418 1238 448 1259 2.
472 1228 673 1264 Proximam,
698 1228 897 1268 quicumque
924 1225 1058 1263 iudicat,
1082 1226 1178 1256 habet
1207 1224 1429 1256 auctoritatem
1483 1227 1742 1262 illuminationis,
1774 1227 1856 1257 sicut
1888 1227 2069 1266 superiores
2102 1226 2205 1266 angeli
2235 1225 2401 1256 inferiores
2431 1225 2549 1255 illumi-

360 1282 468 1313 super
483 1272 566 1304 illud
596 1271 686 1313 quod
715 1271 844 1302 iudicat.
878 1270 942 1302 Sed
965 1281 1002 1301 ea
1026 1271 1065 1302 de
1090 1271 1207 1311 quibus
1238 1269 1333 1300 debet
1360 1277 1429 1298 esse
1483 1277 1561 1301 nant
1575 1272 1611 1307 *3
1634 1271 1685 1301 vel
1701 1281 1758 1311 per
1772 1271 1909 1302 modurn
1932 1271 2116 1307 locutionis,
2133 1271 2215 1301 sicut
2238 1269 2368 1310 quando
2384 1268 2549 1299 inferiores

361 1317 507 1348 futurum
529 1316 700 1352 iudicium,
725 1315 807 1347 sicut
834 1316 947 1347 merita
970 1321 1001 1346 et
1024 1315 1165 1356 praemia
1191 1314 1343 1349 humana,
1368 1312 1429 1343 soli
1443 1326 1467 1346 ις
1483 1316 1700 1356 superioribus
1723 1316 1902 1356 loquuntur
1918 1317 1944 1346 ἐ,
2576 1294 2787 1343 221²?¹22’qu‘⁰”¹‘

362 1361 488 1392 divinae
518 1362 698 1392 auctoritati
728 1362 873 1392 subsunt.
908 1360 993 1400 Ergo
1023 1360 1104 1390 nulli
1135 1359 1291 1399 competit
1318 1357 1358 1388 de
1380 1357 1429 1387 his

362 1405 512 1437 iudicare,
1391 1432 1394 1435 Α
1695 1399 1795 1430 ART.
1815 1399 1852 1430 ΙΙ.
1877 1409 1982 1429 urium
2000 1409 2171 1429 rumentum
2189 1408 2341 1429 Porus-ras

418 1450 448 1481 3.
472 1450 669 1486 Palmum,
685 1449 842 1480 iudicium
865 1448 944 1479 illud
966 1458 1034 1479 non
1060 1447 1257 1479 exercebitur
1277 1445 1430 1476 vocaliter
1658 1453 1919 1474 coaunsronnssn
1945 1453 2163 1474 vomu-mnus
2190 1452 2379 1473 muranum

362 1494 419 1526 sed
441 1495 630 1530 mentaliter,
646 1499 683 1525 ut
697 1493 894 1535 probabilius
917 1493 1100 1524 aestimatur
1115 1494 1142 1523 *.
1167 1490 1230 1522 Sed
1252 1491 1316 1521 hoc
1339 1488 1430 1530 quod
1564 1495 1595 1516 1V
1611 1494 1684 1521 Sem„
1700 1494 1753 1517 dist·
1769 1501 1832 1520 ιιι-ιι,
1847 1501 1886 1522 qu.
1901 1501 1922 1519 v,
1938 1498 1979 1516 art·
1994 1501 2014 1523 5.
2029 1495 2074 1522 «ια’
2091 1502 2109 1520 ι,
2125 1494 2152 1515 ad
2167 1501 2191 1519 ιι
2208 1494 2232 1516 lu
2247 1494 2340 1521 Matth.
2356 1500 2406 1522 cap·
2417 1500 2469 1520 x=x;

363 1538 513 1571 cordibus
536 1539 708 1570 hominum
730 1537 937 1569 notificentur
962 1538 1076 1568 merita
1099 1542 1130 1567 et
1153 1536 1316 1571 demerita,
1340 1533 1430 1575 quod
1445 1547 1470 1568 30
1839 1521 1896 1542 ¹⁰⁰¹
1911 1521 1975 1548 ‘’m''
1991 1527 2041 1548 ‘³⁸⁹'
2058 1527 2091 1545 ‘''‘
2106 1521 2157 1543 ¹⁶⁶¹·
2177 1528 2194 1543 ¹⁶

363 1589 410 1615 est
425 1584 515 1624 quasi
531 1584 691 1615 accusatio
707 1583 759 1613 vel
774 1581 1032 1618 commendatio;
1056 1581 1108 1612 vel
1122 1580 1288 1611 retributio
1304 1587 1430 1619 poenae
1549 1591 1569 1610 n
1598 1590 1760 1611 sncunnun
1787 1590 1833 1610 sxc
1865 1590 2068 1610 pnoennrrun.
2102 1579 2235 1611 Videtur
2267 1579 2356 1620 quod
2388 1580 2551 1611 iudiciaria

359 1634 396 1659 et
409 1628 553 1668 praemii,
570 1627 666 1668 quod'
683 1633 730 1658 est
745 1628 837 1666 quasi
859 1627 1034 1657 sententiae
1058 1626 1215 1666 prolati03
1239 1624 1308 1655 sola
1324 1623 1430 1654 divina
1486 1595 1689 1666 Apotestas
1705 1634 1772 1655 non
1790 1624 2038 1664 correspondeat
2052 1624 2250 1655 voluntariae
2265 1626 2454 1665 paupertati.
2476 1625 2550 1656 Hoc

362 1674 479 1704 virtute
501 1671 567 1703 fiet.
599 1672 686 1712 Ergo
714 1671 796 1702 nulli
818 1671 871 1702 alii
893 1670 1082 1702 iudicabunt
1104 1671 1166 1700 nisi
1189 1669 1349 1704 Christus,
1373 1667 1431 1707 qui
1485 1670 1572 1701 enim
1598 1670 1706 1700 solum
1732 1668 1905 1700 duodecim
1931 1669 2096 1709 Apostolis
2127 1674 2174 1699 est
2200 1670 2409 1709 promissum,
2438 1669 2549 1700 Matth.

363 1723 411 1748 est
431 1717 531 1748 Deus.
1484 1724 1537 1745 m
1551 1715 1586 1744 *z
1611 1714 1765 1744 Sedebitis
1779 1723 1877 1753 super
1891 1713 1981 1744 sedes
1997 1713 2184 1749 iudicantes,
2202 1718 2262 1744 ete.
2288 1713 2374 1744 Cum
2391 1723 2466 1754 ergo
2483 1723 2551 1744 non
2579 1719 2590 1730 ·
2603 1718 2669 1740 νει-ι.
2684 1718 2720 1740 28-

417 1761 480 1792 San
505 1770 628 1791 CONTRA
655 1770 710 1790 ηδτ
741 1759 831 1800 quod
860 1759 976 1790 dicitur
1005 1759 1117 1789 Matth.
1141 1768 1193 1788 mx
1208 1759 1243 1788 *z
1277 1755 1431 1787 Sede-bitis
1446 1768 1469 1788 ,ς
1485 1768 1600 1789 ornnes
1614 1758 1794 1789 voluntarie
1813 1767 1970 1798 pauperes
1992 1758 2054 1787 sint
2074 1757 2221 1797 apostoli,
2239 1757 2363 1788 videtur
2379 1757 2468 1798 quod
2483 1768 2552 1788 non

361 1815 459 1846 super
480 1805 571 1836 sedes
593 1804 772 1836 iudicantes
794 1804 963 1835 duodecim
987 1803 1088 1834 tribus
1111 1802 1226 1834 Israel.
1485 1803 1637 1834 omnibus
1660 1802 1823 1834 iudiciaria
1845 1807 1986 1842 potestas
2009 1801 2210 1842 respondeat.

418 1859 448 1881 2·
472 1850 669 1885 ΡΜΤΕΒΒΑ,
687 1849 785 1880 Isaiae
800 1859 836 1879 111
847 1850 882 1879 ἐ
899 1849 1060 1879 Dominus
1083 1847 1126 1878 ad
1149 1846 1304 1878 iudicium
1327 1845 1432 1876 veniet
1531 1858 1561 1878 2.
1586 1848 1782 1882 Puni-nam,
1799 1847 1902 1877 maius
1926 1852 1972 1876 est
1989 1846 2102 1877 offerre
2126 1845 2318 1877 sacrificium
2334 1847 2405 1877 Deo
2422 1846 2461 1877 de
2477 1856 2552 1887 pro-

361 1903 434 1926 cum
456 1893 638 1926 senioribus
654 1894 772 1934 populi
793 1894 855 1924 sui.
886 1893 973 1934 Ergo
997 1892 1123 1923 videtur
1145 1890 1236 1933 quod
1259 1891 1355 1922 etiam
1378 1889 1431 1919 alii
1485 1893 1556 1933 prio
1581 1901 1718 1932 corpore
1741 1901 1839 1932 quarn
1867 1891 1908 1922 de
1937 1891 2145 1922 exterioribus
2175 1891 2279 1921 rebus.
2314 1891 2377 1922 Sed
2399 1897 2552 1932 martyres

361 1939 550 1970 iudicabunt
574 1948 650 1969 cum
674 1938 812 1969 Christo.
1486 1942 1518 1967 et
1541 1938 1637 1967 etiam
1662 1937 1798 1976 virgines
1822 1935 1961 1966 offerunt
1984 1935 2023 1966 de
2046 1936 2177 1976 proprio
2202 1945 2338 1976 corpore
2361 1935 2552 1966 sacrificium

417 1984 608 2015 Rnsponnzo
624 1993 785 2013 monimum
801 1982 891 2023 quod
906 1981 1052 2013 iudicare
1071 1980 1290 2021 multipliciter
1305 1978 1430 2009 dicitur.
1445 1989 1472 2010 40
1486 1982 1572 2012 Deo:
1585 1981 1765 2012 voluntarie
1781 1986 1889 2011 autem
1903 1990 2061 2021 pauperes
2074 1979 2113 2010 de
2126 1981 2332 2010 exterioribus
2347 1981 2452 2011 rebus.
2466 1981 2551 2020 Ergo

362 2028 438 2059 Uno
453 2028 565 2064 modo,
583 2028 674 2068 quasi
690 2027 888 2058 causaliter:
906 2032 943 2058 ut
958 2025 1080 2057 dicatur
1094 2025 1175 2056 illud
1189 2024 1330 2071 ipdicare
1346 2022 1432 2054 unde
1486 2026 1663 2056 sublimitas
1678 2025 1860 2056 iudiciariae
1878 2025 2043 2065 potestatis
2059 2025 2159 2064 magis
2174 2024 2348 2064 respondet
2362 2025 2552 2066 martyribus

363 2079 512 2114 appareat
546 2072 660 2113 aliquis
692 2071 900 2108 iudicandus;
934 2076 965 2101 et
996 2070 1175 2101 secundum
1210 2067 1300 2110 quod
1334 2067 1432 2107 aliqui
1487 2076 1518 2101 et
1540 2070 1714 2110 virginibus
1738 2079 1837 2110 quam
1860 2070 2038 2100 voluntarie
2060 2069 2265 2109 pauperibus.

363 2117 513 2148 dicuntur
535 2116 676 2148 iudicare
704 2117 962 2156 comparatione,
987 2115 1180 2155 inquantum
1204 2123 1242 2144 ex
1266 2121 1432 2153 compara·
1543 2115 1572 2145 3.
1597 2115 1793 2150 Pugnan,
1818 2114 1905 2144 Ioan.
1922 2124 1941 2143 v
1957 2114 1988 2143 *ς
2011 2113 2072 2144 Est
2094 2114 2150 2154 qui
2172 2118 2305 2144 accusat
2326 2123 2383 2144 vos
2407 2114 2550 2154 Mqrses,
2582 2121 2591 2130 -
2605 2118 2673 2141 Vera.
2687 2124 2723 2146 45·

362 2163 451 2192 tione
478 2162 614 2192 aliorum
647 2161 746 2201 aliqui
779 2160 941 2191 iudicandi
974 2158 1203 2194 ostenduntur,
1234 2158 1316 2188 sicut
1345 2162 1432 2197 patet
1487 2160 1519 2190 in
1536 2169 1600 2200 quo
1617 2169 1674 2190 vos
1688 2159 1843 2199 speratis:
1867 2157 1981 2189 Glossa
1992 2158 2019 2194 ὓ,
2036 2158 2112 2199 quia
2136 2158 2208 2188 voci
2230 2158 2299 2188 eius
2323 2167 2387 2188 non
2412 2157 2551 2189 creditis,
2582 2162 2591 2172 ·
2606 2160 2708 2182 lutei-lin.

364 2206 475 2237 Matth.
500 2216 543 2236 xn
562 2207 596 2242 ³,
627 2205 694 2235 Viri
717 2205 884 2236 Ninivitae
910 2209 1049 2246 surgent
1071 2204 1104 2234 in
1129 2203 1248 2234 iudicio
1277 2207 1337 2232 etc.
1369 2201 1432 2232 Sed
1445 2211 1469 2231 ⁴5
1486 2204 1527 2235 Et
1550 2204 1638 2234 Ioan.
1663 2214 1706 2234 x11
1721 2204 1756 2233 *2
1787 2203 1900 2233 Sermo
1928 2212 2021 2243 quem
2051 2203 2178 2233 locutus
2204 2212 2292 2237 sum,
2318 2202 2373 2233 ille
2400 2202 2554 2233 iudicabit
2581 2203 2673 2225 ·vers.
2687 2202 2727 2229 48.

363 2251 409 2281 sic
431 2250 572 2281 iudicare
594 2251 628 2280 in
651 2249 772 2280 iudicio
797 2250 1013 2280 communiter
1036 2254 1067 2279 et
1090 2249 1252 2279 bonorum
1276 2252 1307 2277 et
1329 2246 1431 2276 malo-
1486 2258 1559 2279 eum
1583 2249 1615 2278 in
1639 2247 1813 2278 novissimo
1837 2247 1898 2278 die.
1922 2247 2008 2287 Ergo
2024 2256 2062 2277 ex
2078 2247 2141 2278 hoc
2157 2246 2247 2287 quod
2262 2247 2376 2287 aliquis
2400 2247 2554 2287 proponit

364 2305 436 2326 rum
460 2301 516 2325 est.
1486 2294 1591 2333 legem
1615 2292 1666 2323 vel
1689 2292 1822 2322 verbum
1847 2292 2075 2322 exhortationis
2090 2291 2130 2322 ad
2145 2291 2389 2322 instructionem
2411 2301 2551 2328 morum,

419 2338 617 2370 Alio-modo
642 2338 757 2369 dicitur
779 2338 920 2369 iudicare
944 2339 1035 2378 quasi
1058 2336 1308 2377 interpretativa
1334 2335 1431 2365 Inter·
1486 2338 1582 2368 habet
1605 2336 1695 2377 quod
1717 2336 1836 2367 iudicet
1860 2342 2113 2366 contemnentes.
2138 2335 2201 2366 Sed
2217 2336 2280 2366 hoc
2301 2341 2348 2366 est
2371 2335 2551 2366 doctorum.

363 2389 527 2424 pretamur
542 2384 629 2414 enim
645 2384 786 2423 aliquem
808 2382 911 2414 facere
927 2383 983 2423 qui
999 2382 1128 2412 facienti
1152 2381 1320 2412 consentit.
1338 2379 1432 2411 Unde
1487 2383 1572 2423 Ergo
1597 2381 1784 2412 doctoribus
1806 2382 1907 2421 magis
1931 2380 2086 2421 competit
2110 2390 2208 2420 quam
2231 2380 2435 2420 pauperibus.

363 2429 415 2459 isti
438 2429 495 2469 qui
517 2429 719 2459 consentient
742 2427 871 2458 Christo
894 2427 1003 2463 iudici,
1021 2427 1090 2458 eius
1109 2426 1299 2456 sententiam
1315 2433 1432 2464 appro—
1447 2434 1473 2454 50
1542 2436 1572 2466 4.
1598 2426 1800 2461 PRAETEREA‚
1826 2425 1971 2456 Christus
1995 2435 2034 2455 ex
2057 2425 2120 2455 hoc
2144 2424 2234 2465 quod
2257 2425 2373 2455 iniuste
2395 2424 2552 2455 iudicatus

364 2472 482 2509 bando,
498 2472 639 2503 iudicare
663 2473 822 2503 dicuntur.
846 2472 888 2503 Et
902 2473 947 2503 sic
970 2471 1111 2502 iudicare
1135 2476 1181 2501 est
1205 2470 1352 2500 omnium
1369 2468 1432 2499 ele·
1487 2477 1534 2502 est
1563 2471 1755 2511 inquantum
1786 2470 1905 2506 homo,
1936 2469 2054 2500 meruit
2083 2475 2119 2500 ut
2148 2470 2187 2499 sit
2217 2469 2313 2499 iudex
2345 2470 2493 2500 omnium
2520 2469 2553 2499 in

365 2523 508 2549 ctorum:
525 2516 612 2548 unde
628 2517 743 2548 dicitur
758 2516 832 2557 Sap.
849 2527 884 2547 ¹11
895 2517 925 2547 ἐ
943 2516 1138 2547 Iudicabunt
1153 2515 1257 2546 sancti
1274 2514 1431 2545 nationes.
1486 2517 1628 2546 humana
1650 2520 1780 2545 natura:
1813 2514 1900 2544 Ioan.
1924 2524 1944 2543 v
1959 2515 1991 2550 *‚
2023 2514 2214 2544 Potes-tatem
2237 2513 2324 2544 dedit
2347 2514 2377 2544 ei
2400 2513 2553 2544 iudicium

420 2562 531 2592 Tertio
555 2561 656 2592 modo
680 2562 794 2592 dicitur
817 2561 958 2592 iudicare
980 2562 1071 2602 quasi
1088 2570 1152 2601 per
1173 2558 1433 2590 similitudinem:
1477 2561 1598 2603 facere
1626 2560 1703 2601 quia
1732 2559 1836 2590 Filius
1865 2559 2004 2589 hominis
2034 2563 2090 2589 est.
2123 2558 2186 2589 Sed
2217 2559 2274 2598 qui
2295 2559 2554 2598 persecutionem

365 2607 441 2646 quia
464 2606 584 2637 scilicet
607 2606 849 2636 similitudinem
873 2605 986 2636 iudicis
1005 2606 1111 2641 habet,
1127 2605 1321 2645 inquantum
1344 2603 1433 2634 sedet
1486 2606 1652 2645 patiuntur
1675 2610 1806 2644 propter
1829 2604 1991 2639 iustitiam,
2015 2603 2131 2634 iniuste
2154 2602 2344 2633 iudicantur.
2375 2603 2461 2643 Ergo
2485 2602 2554 2632 talis

365 2652 399 2682 in
421 2651 496 2681 loco
525 2651 679 2681 eminenti
709 2651 792 2681 sicut
820 2650 936 2686 iudex;
969 2651 1052 2680 sicut
1081 2658 1253 2679 assessores
1283 2648 1433 2679 dicuntur
1448 2657 1470 2677 55
1486 2655 1627 2690 potestas
1650 2649 1751 2689 magis
1775 2648 1930 2688 competit
1953 2648 1998 2678 eis
2022 2657 2119 2688 quam
2143 2647 2347 2687 pauperibus.

365 2694 517 2726 iudicare.
533 2695 574 2725 Et
590 2694 770 2725 secundum
785 2695 872 2725 hunc
888 2694 1024 2725 modum
1040 2694 1151 2724 dicunt
1168 2692 1300 2734 quidam
1311 2693 1328 2709 ⁴*
1344 2691 1433 2733 quod
1545 2695 1574 2724 5.
1598 2694 1794 2728 Pius-rmum,
1811 2693 1956 2732 superior
1971 2702 2039 2722 non
2055 2691 2212 2722 iudicatur
2228 2692 2267 2721 ab
2283 2691 2425 2721 inferiori
2440 2692 2467 2721 ὓ.
2492 2690 2554 2721 Sed

366 2739 499 2780 perfecti
522 2739 590 2775 viri,
610 2740 727 2780 quibus
750 2739 914 2769 iudiciaria
936 2744 1077 2779 potestas
1100 2738 1296 2778 promittitur
1320 2737 1431 2767 Matth.
1487 2738 1580 2769 multi
1610 2738 1695 2768 licite
1726 2737 1842 2767 divitiis
1871 2742 1996 2767 utentes
2027 2742 2120 2767 erunt
2151 2736 2280 2766 maioris
2311 2736 2416 2765 meriti
2446 2735 2554 2766 multis

366 2795 418 2815 x1x
433 2785 460 2820 ”,
485 2783 682 2819 iudicabunt,
707 2783 827 2814 scilicet
849 2793 906 2824 per
928 2783 1151 2813 honorabilem
1177 2781 1434 2813 consessionem:
1487 2783 1666 2813 voluntarie
1690 2782 1893 2822 pauperibus.
1918 2781 2004 2820 Ergo
2020 2780 2198 2811 voluntarie
2217 2789 2373 2819 pauperes
2389 2789 2456 2809 non
2472 2779 2554 2810 iudi-

366 2829 443 2869 quia
465 2828 645 2868 superiores
669 2828 781 2858 ceteris
804 2828 1003 2868 apparebunt
1026 2828 1059 2857 in
1079 2826 1210 2863 iudicio,
1228 2831 1434 2857 occurrentes
1488 2828 1607 2858 cabunt
1641 2827 1698 2857 ubi
1720 2826 1771 2856 alii
1795 2825 2032 2856 iudicabuntur.

367 2873 493 2904 obviam
519 2873 648 2903 Christo
673 2873 705 2902 in
730 2881 809 2902 aera
825 2873 851 2902 *.
871 2891 893 2894 —
917 2871 980 2903 Sed
1002 2871 1088 2902 istud
1109 2881 1178 2902 non
1200 2870 1325 2901 videtur
1347 2869 1434 2900 suffi-
1447 2877 1475 2897 6ο
1544 2871 1606 2901 Sim
1623 2880 1756 2904 CONTRA,
1774 2870 1832 2900 Iob
1848 2879 1940 2899 xxxw
1952 2870 1986 2899 *z
2005 2869 2080 2898 Non
2095 2868 2203 2899 salvat
2217 2868 2341 2907 impios,
2354 2873 2385 2898 et
2400 2867 2554 2898 iudicium

368 2927 439 2948 cere
463 2917 502 2948 ad
526 2917 775 2957 promissionem
798 2917 932 2947 Domini
955 2915 1196 2956 complendam,
1221 2925 1286 2955 qua
1308 2914 1432 2948 dicitur,
1482 2915 1682 2956 pauperibus
1706 2914 1831 2944 tribuet.
1856 2914 1941 2953 Ergo
1964 2922 2144 2953 pauperum
2168 2917 2214 2942 est
2237 2911 2386 2942 iudicare.

367 2962 521 2993 Sedebitis
554 2961 755 2992 iudicantes:
787 2960 912 2991 videtur
942 2961 1028 2991 enim
1051 2960 1207 2990 iudicium
1237 2959 1434 2990 consessioni
1546 2969 1574 2989 2.
1599 2960 1795 2994 Palinurum,
1821 2958 1932 2988 Matth.
1956 2967 2018 2993 x1x,
2043 2966 2138 2996 super
2165 2955 2245 2986 illud
2260 2957 2286 2992 ³⁹,
2317 2956 2377 2986 Vos
2400 2956 2455 2996 qui
2479 2956 2554 2986 reli-

367 3005 590 3047 superaddere.
1489 3004 1602 3044 quistis
1625 3003 1735 3033 omnia
1751 3009 1823 3038 etc.‚
1848 3002 1924 3032 dicit
1942 3001 2057 3032 Glossa
2072 3002 2105 3031 *z
2133 3000 2198 3036 Qui
2221 3001 2422 3040 reliquerunt
2445 3000 2554 3031 omnia

423 3050 464 3082 Et
485 3050 561 3081 ideo
580 3056 627 3081 est
643 3055 774 3090 quartus
797 3049 915 3080 modus
937 3048 1109 3084 iudicandi,
1126 3049 1183 3089 qui
1198 3047 1346 3088 perfectis
1361 3048 1435 3078 viris
1490 3053 1521 3078 et
1533 3048 1634 3078 secuti
1656 3052 1732 3078 sunt
1746 3047 1861 3082 Deum,
1878 3046 1911 3076 hi
1934 3045 2055 3076 iudices
2078 3049 2194 3075 erunt:
2215 3045 2271 3085 qui
2293 3045 2382 3075 licita
2405 3044 2555 3076 habentes

369 3095 553 3131 conveniet,
578 3095 771 3135 inquantum
793 3095 827 3124 in
852 3094 896 3124 eis
920 3094 1126 3124 continentur
1154 3092 1280 3123 decreta
1310 3091 1435 3122 divinae
1449 3098 1472 3123 65
1490 3097 1575 3123 recte
1598 3092 1648 3122 usi
1670 3096 1754 3127 sunt,
1780 3090 2018 3122 iudicabuntur.
2042 3089 2084 3120 Et
2106 3090 2151 3119 sic
2174 3088 2260 3119 idem
2284 3088 2374 3128 quod
2396 3090 2494 3129 prius.

368 3139 520 3176 iustitiae,
545 3149 583 3170 ex
607 3140 725 3180 quibus
752 3139 901 3169 homines
927 3137 1172 3169 iudicabuntur:
1204 3137 1286 3167 sicut
1308 3137 1334 3166 si
1357 3136 1436 3167 liber
1544 3137 1734 3167 Rasponnno
1757 3145 1917 3165 monimum
1933 3133 2022 3174 quod
2041 3134 2219 3174 paupertati
2243 3132 2376 3163 debetur
2391 3132 2555 3163 iudiciaria

369 3183 403 3213 in
427 3192 494 3223 quo
517 3184 701 3214 continetur
723 3183 784 3219 lex,
804 3182 945 3214 iudicare
969 3182 1100 3213 dicatur.
1125 3181 1219 3213 Unde
1236 3182 1335 3221 Apoc.
1351 3191 1392 3211 xx
1403 3181 1434 3211 ἐ
1489 3186 1630 3221 potestas
1646 3179 1822 3220 specialiter
1837 3184 1968 3219 propter
1983 3179 2051 3209 tria.
2067 3178 2186 3214 Primo,
2198 3178 2321 3208 ratione
2338 3178 2553 3217 congruitatis.

370 3226 530 3258 Iudicium
551 3227 642 3263 sedit,
667 3233 698 3258 et
720 3228 795 3258 libri
817 3228 922 3268 aperti
943 3232 1028 3258 sunt.
1053 3226 1094 3257 Et
1114 3236 1172 3266 per
1190 3226 1277 3256 hunc
1300 3224 1436 3255 modum
1490 3225 1576 3263 Quia
1598 3224 1778 3255 voluntaria
1799 3228 1969 3264 paupertas
1993 3228 2039 3253 est
2063 3231 2177 3253 eorum
2201 3223 2271 3262 qui,
2297 3222 2448 3252 omnibus
2471 3231 2555 3262 quae

370 3271 453 3301 hanc
478 3271 708 3303 iudicationem
734 3271 912 3303 Richardus
935 3271 975 3302 de
998 3271 1121 3305 Sancto,
1140 3271 1270 3301 Victore
1294 3270 1435 3309 exponit.
1490 3268 1604 3299 mundi
1632 3274 1706 3299 sunt
1734 3268 1943 3308 contemptis,
1968 3267 2028 3297 soli
2053 3266 2180 3297 Christo
2209 3267 2383 3297 inhaerent.
2416 3266 2458 3296 Et
2480 3265 2554 3296 ideo

371 3314 466 3346 Unde
489 3314 564 3345 dicit
578 3317 614 3346 ’τ
648 3316 713 3353 Qui
741 3317 871 3347 divinae
901 3315 1165 3356 contemplationi
1195 3315 1357 3350 assistunt,
1382 3314 1437 3355 qui
1451 3324 1478 3345 7⁰
1490 3323 1559 3344 non
1583 3318 1630 3344 est
1653 3314 1698 3343 eis
1721 3311 1842 3352 aliquid
1866 3311 1956 3352 quod
1979 3320 2093 3341 eorum
2116 3310 2272 3342 iudicium
2288 3321 2306 3341 a
2321 3310 2438 3341 iustitia
2459 3309 2556 3341 defle-

371 3359 404 3389 in
429 3358 512 3389 libro
534 3359 712 3399 sapientiae
733 3361 876 3401 quotidie
898 3361 1020 3402 legunt,
1045 3361 1132 3391 velut
1155 3360 1187 3390 in
1211 3359 1359 3390 cordium
1382 3368 1437 3389 vo·
1492 3363 1564 3388 ctat.
1596 3357 1690 3388 Unde
1717 3356 1827 3387 idonei
1849 3356 1890 3387 ad
1911 3354 2119 3386 iudicandum
2147 3354 2336 3391 redduntur,
2362 3355 2452 3394 quasi
2475 3355 2556 3385 veri-

373 3403 546 3433 luminibus
575 3404 795 3435 transcribunt
821 3405 976 3446 quidquid
1003 3406 1068 3435 iam
1091 3404 1265 3445 perspicua
1294 3403 1438 3433 veritatis
1492 3408 1589 3433 tatem
1613 3402 1749 3432 iustitiae
1773 3411 1848 3441 prae
1872 3400 2023 3431 omnibus
2046 3399 2222 3440 diligentes.

373 3447 588 3488 intelligentia
621 3449 901 3488 comprehendunt.
935 3450 976 3480 Et
1003 3449 1102 3480 infra:
1139 3448 1226 3485 Quid
1256 3457 1332 3478 vero
1363 3452 1439 3478 sunt
1548 3445 1709 3482 Secundo,
1726 3455 1784 3486 per
1798 3445 1935 3476 modurn
1949 3445 2064 3475 meriti.
2089 3444 2174 3482 Quia
2190 3443 2360 3474 humilitati
2383 3442 2556 3483 respondet

373 3491 584 3522 iudicantium
608 3491 719 3528 corda,
742 3492 895 3524 divinitus
918 3494 951 3524 in
976 3503 1101 3524 omnem
1125 3493 1290 3524 veritatem
1314 3492 1436 3528 edocta,
1493 3491 1640 3522 exaltatio
1664 3500 1723 3531 pro
1745 3490 1870 3520 merito.
1895 3490 1979 3520 Inter
1994 3489 2103 3519 omnia
2118 3494 2226 3519 autem
2242 3497 2324 3528 quae
2340 3488 2506 3518 hominem
2523 3488 2556 3517 in

374 3536 437 3566 nisi
459 3535 616 3576 quaedam
641 3545 802 3566 canonum
825 3537 983 3568 decreta?
1453 3549 1476 3569 75
1492 3537 1556 3566 hoc
1579 3535 1702 3566 mundo
1728 3534 1915 3575 despectum
1937 3533 2068 3569 faciunt,
2086 3533 2295 3574 praecipuum
2315 3538 2361 3563 est
2376 3537 2555 3572 paupertas.

2579 831 2589 841 ·
2602 831 2658 853 Loc.
2674 831 2712 853 cit.

2576 1243 2587 1253 ·
2594 1242 2655 1264 Part.
2662 1242 2679 1268 1,
2691 1248 2729 1270 qu.
2740 1247 2787 1269 cvr,

2576 1272 2618 1289 art.
2636 1275 2654 1290 ι.

2582 2518 2591 2527 ·
2607 2516 2673 2538 Vers.
2687 2522 2723 2544 27.
2734 2528 2743 2532 -
2754 2515 2789 2537 Cf.

2581 2549 2620 2571 qu.
2641 2549 2682 2569 xc,
2705 2546 2746 2564 art.
2767 2549 2775 2564 ι
2787 2559 2792 2566 ,

2581 2576 2629 2598 arg.
2639 2569 2687 2591 Sed
2701 2571 2760 2591 cont.
2771 2575 2791 2590 2.

2582 2687 2794 2741 255233212311'32

2582 2745 2625 2763 art.
2642 2748 2665 2767 ι,
2680 2740 2709 2762 ad
2725 2747 2756 2769 ¹3.

2581 2874 2591 2884 ·
2606 2871 2672 2893 Vers.
2687 2871 2709 2893 6.

2583 2961 2591 2970 ·
2606 2958 2674 2980 vm.
2689 2958 2724 2980 28.

2583 3003 2592 3013 ·
2607 3002 2666 3025 Ord.
