2878 4088
131 554 142 564 ·
152 552 238 574 Homil.
259 551 343 578 XXIII,

131 579 196 600 aliter
215 578 304 605 XXIV,
320 579 343 600 in

131 605 223 632 Mattn„
239 611 261 627 n.
277 606 298 627 8.

373 159 446 194 256

443 289 543 319 ART.
563 289 599 318 II.
624 299 729 318 UTRUM
753 299 843 318 punm
866 298 930 318 NON
954 298 1114 318 ΒΑΡΤΙΖΑΤΙ
1137 295 1364 318 AFFLchmNEM

632 343 834 363 SPIRITUALEM
857 343 888 362 IN
912 342 1010 363 ANIMA
1034 342 1182 363 SENTIANT

744 380 778 401 De
793 380 870 407 Malo,
888 386 926 407 qu.
942 387 968 407 v,
984 385 1026 402 art.
1041 387 1060 408 3.

436 469 457 489 n
488 468 650 490 SECUNDUM
673 469 718 489 sn:
741 469 946 489 PROCEDITUR.
978 458 1111 489 Videtur
1135 457 1224 497 quod
1247 458 1339 497 pueri
1362 466 1429 487 non

373 476 586 543 Abaptizati
614 502 820 534 afflictionem
853 503 1050 543 spiritualem
1080 503 1113 532 in
1149 502 1254 531 anima
1287 502 1434 532 sentiant.

372 549 467 586 Quia,
491 548 573 578 sicut
596 546 672 577 dicit
696 547 946 588 Chrysostomus
963 548 989 582 ’ἢ
1013 547 1046 577 in
1063 546 1218 576 damnatis
1238 546 1363 586 gravior
1378 546 1435 576 erit

371 602 478 632 poena
501 591 591 632 quod
614 591 675 622 Dei
705 592 828 622 visione
859 592 1023 627 carebunt,
1050 600 1147 630 quam
1171 589 1259 629 quod
1282 590 1355 630 igne
1386 591 1434 620 in-

371 636 452 667 ferni
482 636 718 667 cremabuntur.
755 636 817 666 Sed
849 636 941 676 pueri
972 636 1094 666 visione
1129 634 1236 665 divina
1270 635 1432 664 carebunt.
1450 645 1475 660 ιο

371 681 457 720 Ergo
481 680 688 710 afflictionem
711 681 907 720 spiritualem
931 689 969 710 ex
992 680 1055 710 hoc
1079 679 1225 710 sentient.

428 734 457 754 2.
481 725 679 760 Pmurrmum,
703 734 809 754 carere
831 724 887 754 illo
912 723 1001 764 quod
1025 724 1097 763 quis
1120 723 1188 754 vult
1210 723 1340 759 habere,
1365 724 1434 753 sine

371 768 541 799 afflictione
565 778 633 798 esse
655 778 724 798 non
746 774 861 808 potest.
886 768 949 798 Sed
971 769 1063 808 pueri
1079 767 1197 798 vellent
1214 767 1371 797 visionem
1387 767 1434 797 di-

370 814 477 843 vinam
501 813 635 842 habere:
669 812 745 842 alias
775 812 923 842 voluntas
953 821 1067 842 eorum
1090 811 1254 842 actualiter
1286 821 1433 852 perversa

371 862 461 887 esset.
487 856 582 895 Ergo,
608 865 683 885 cum
707 865 744 885 ea
768 861 903 891 careant,
927 855 1052 886 videtur
1076 855 1166 895 quod
1193 864 1231 884 ex
1262 856 1326 886 hoc
1356 855 1433 886 aflh-
1449 868 1457 881 ¹

370 902 510 931 ctionem
534 900 680 929 sentiant.

426 944 455 973 3.
481 943 514 973 S1
538 953 672 972 melu-ua
696 942 786 982 quod
809 952 876 972 non
900 942 1083 982 affliguntur
1106 943 1181 982 quia
1197 944 1302 973 sciunt
1317 953 1350 973 se
1365 953 1434 973 non

369 988 463 1027 culpa
479 987 608 1027 propria
623 996 660 1016 ea
677 996 744 1016 esse
759 987 915 1026 privatos:
942 991 1061 1016 contra.
1087 986 1274 1017 Immunitas
1297 997 1315 1016 a
1339 987 1434 1026 culpa

369 1031 515 1061 dolorem
547 1040 672 1070 poenae
705 1040 773 1060 non
802 1031 937 1066 minuit,
962 1030 1018 1060 sed
1041 1036 1156 1070 auget:
1189 1040 1257 1061 non
1281 1031 1381 1066 enim,
1407 1031 1433 1060 si

367 1075 480 1114 aliquis
503 1084 570 1104 non
593 1075 723 1114 propria
747 1075 842 1115 culpa
866 1074 1074 1105 exheredatur
1090 1074 1141 1105 vel
1165 1075 1340 1110 mutilatur,
1357 1084 1433 1114 pro-
1448 1085 1459 1098 2

365 1124 436 1159 pter
451 1119 515 1149 hoc
531 1119 637 1148 minus
654 1118 751 1149 dolet.
775 1119 862 1159 Ergo
879 1119 985 1154 etiam,
1004 1119 1149 1159 quamvis
1165 1119 1259 1159 pueri
1273 1129 1341 1149 non
1357 1128 1433 1158 pro-

366 1164 435 1203 pria
465 1163 560 1203 culpa
591 1168 680 1193 tanto
711 1163 800 1194 bono
824 1164 1005 1203 priventur,
1030 1172 1068 1193 ex
1096 1163 1159 1193 hoc
1192 1173 1306 1193 eorum
1339 1163 1433 1193 dolor

366 1217 434 1237 non
457 1207 588 1237 tollitur.

421 1260 452 1290 4.
477 1251 673 1287 Pluinnam,
698 1252 780 1282 sicut
803 1252 895 1291 pueri
919 1251 1070 1291 baptizati
1093 1261 1126 1282 se
1150 1252 1269 1282 habent
1292 1251 1331 1282 ad
1363 1261 1431 1282 me-

366 1296 463 1325 ritum
488 1295 615 1332 Christi,
640 1296 683 1326 ita
706 1305 774 1326 non
797 1296 947 1336 baptizati
971 1295 1011 1326 ad
1034 1295 1226 1326 demeritum
1244 1296 1343 1327 Adae.
1369 1296 1432 1327 Sed

366 1340 458 1379 pueri
482 1340 632 1380 baptizati
656 1349 693 1370 ex
716 1341 831 1371 merito
850 1340 968 1371 Christi
985 1346 1229 1380 consequuntur
1251 1342 1431 1381 praemium

367 1384 449 1414 vitae
474 1389 629 1415 aeternae.
655 1384 740 1424 Ergo
765 1390 796 1415 et
819 1394 887 1415 non
917 1385 1067 1425 baptizati
1097 1385 1245 1415 dolorem
1275 1386 1432 1416 sustinent

368 1438 406 1458 ex
429 1429 492 1458 hoc
516 1428 606 1468 quod
628 1438 686 1468 per
709 1428 900 1460 demeritum
922 1429 1013 1460 Adae
1036 1434 1163 1460 aeterna
1177 1430 1241 1459 vita
1256 1431 1429 1470 privantur.

425 1473 453 1503 5.
477 1473 674 1509 Pnamma,
699 1474 854 1503 absentari
871 1483 888 1503 a
904 1483 937 1504 re
954 1479 1057 1504 amata
1072 1483 1139 1504 non
1155 1479 1263 1514 potest
1278 1484 1346 1505 esse
1362 1475 1430 1505 sine

367 1516 489 1547 dolore.
514 1517 577 1547 Sed
600 1518 691 1557 pueri
714 1518 891 1548 naturalem
916 1519 1136 1558 cognitionem
1159 1518 1198 1548 de
1230 1518 1301 1548 Deo
1334 1519 1430 1549 habe-

367 1562 464 1597 bunt,
489 1566 520 1591 et
550 1561 662 1592 eadem
695 1562 818 1592 ratione
849 1563 1032 1593 naturaliter
1061 1572 1137 1593 eum
1160 1562 1300 1603 diligent.
1333 1564 1429 1603 Ergo,

368 1615 443 1636 cum
466 1606 505 1635 ab
530 1615 569 1636 eo
594 1607 656 1636 sint
678 1607 712 1636 in
735 1612 929 1646 perpetuum
953 1608 1097 1647 separati,
1121 1607 1246 1638 videtur
1262 1608 1351 1648 quod
1366 1609 1430 1638 hoc

368 1650 436 1679 sine
459 1649 571 1680 dolore
595 1651 660 1690 pati
683 1660 750 1681 non
774 1651 907 1691 possint.

424 1693 568 1730 CONTRA,
591 1695 618 1724 si
641 1695 732 1734 pueri
754 1705 822 1725 non
846 1695 995 1734 baptizati
1018 1701 1092 1735 post
1115 1701 1253 1726 mortem
1284 1695 1431 1726 dolorem

368 1738 553 1768 interiorem
575 1739 722 1774 habeant,
748 1744 802 1768 aut
825 1738 981 1770 dolebunt
1004 1739 1044 1769 de
1063 1739 1168 1779 culpa,
1185 1745 1240 1769 aut
1255 1739 1294 1770 de
1313 1750 1429 1780 poena.

369 1781 400 1812 Si
426 1781 465 1812 de
489 1782 593 1822 culpa,
618 1792 693 1812 cum
718 1793 735 1812 a
759 1783 854 1822 culpa
868 1783 921 1813 illa
937 1783 1068 1813 ulterius
1085 1783 1251 1814 emundari
1267 1793 1334 1814 non
1356 1794 1430 1824 pos-

369 1826 440 1862 sint,
465 1825 558 1856 dolor
580 1826 633 1856 ille
657 1827 715 1857 erit
737 1827 770 1857 in
794 1827 1049 1867 desperationem
1073 1827 1238 1858 inducens.
1271 1828 1334 1859 Sed
1361 1829 1431 1859 talis

369 1869 462 1900 dolor
476 1871 510 1900 in
527 1870 681 1900 damnatis
698 1876 744 1900 est
759 1872 874 1901 vermis
899 1872 1124 1902 conscientiae.
1148 1872 1234 1911 Ergo
1255 1873 1347 1911 pueri
1362 1882 1430 1902 ver-

692 159 954 205 QUAESTIO
984 159 1054 195 DE
1083 157 1262 195 POENA
1292 155 1587 193 ORIGINALIS
1616 155 1855 202 PECCATI,
1883 155 2175 193 ARTICULUS
2204 157 2233 193 Π

1491 242 1555 273 qua
1579 233 1691 264 dolore
1714 233 1854 264 sensibili
1879 239 1909 264 et
1933 234 2069 265 exterius
2093 233 2251 274 affligente
2274 245 2342 266 non
2368 237 2553 276 punientur,

1491 278 1585 307 etiam
1603 277 1749 308 dolorem
1765 279 1948 308 interiorem
1964 287 2031 308 non
2049 279 2194 309 sentient.
2219 278 2305 316 Quia
2321 279 2414 309 dolor
2427 289 2553 320 poenae
2603 308 2605 310 ,

1491 322 1694 353 delectationi
1718 322 1832 362 culpae
1861 321 2044 362 respondet.
2069 322 2173 359 Unde,
2191 322 2401 354 delectatione
2430 330 2554 354 remota

1491 376 1509 396 a
1533 367 1626 406 culpa
1650 367 1805 406 originali,
1823 367 1928 396 omnis
1946 366 2039 397 dolor
2063 367 2101 397 ab
2119 367 2186 397 eius
2210 377 2316 407 poena
2333 367 2510 398 excluditur
2525 369 2552 398 ⁴⁹.

1546 411 1587 440 Et
1609 410 1682 441 ideo
1707 411 1759 441 alii
1783 410 1894 441 dicunt
1917 410 2006 451 quod
2029 411 2248 451 cognitionem
2264 411 2438 452 perfectam
2458 413 2554 443 habe-

1490 455 1570 485 bunt
1594 464 1707 485 eorum
1735 465 1817 495 quae
1847 455 1982 485 naturali
2016 455 2194 495 cognitioni
2224 457 2405 492 subiacent,
2430 461 2462 486 et
2490 457 2555 487 vita

1489 505 1616 529 aeterna
1639 509 1672 529 se
1695 500 1835 539 privatos
1859 509 1926 531 esse
1950 506 2158 539 cognoscent,
2183 505 2214 530 et
2237 509 2366 531 causam
2390 509 2488 540 quare
2515 501 2554 531 ab

1489 553 1526 573 ea
1550 543 1669 574 exclusi
1693 550 1776 580 sunt,
1801 553 1862 574 nec
1885 549 1991 574 tamen
2016 553 2053 574 ex
2076 543 2141 574 hoc
2164 544 2273 584 aliquo
2296 543 2398 575 modo
2414 543 2554 585 affligen-

1488 592 1548 618 tur.
1574 587 1673 626 Quod
1697 588 1831 628 qualiter
1854 598 1921 618 esse
1945 593 2070 628 posset,
2095 587 2277 619 videndum
2298 594 2354 619 est.

1543 632 1716 663 Sciendum
1733 642 1808 672 ergo
1826 632 1915 672 quod
1932 642 1969 663 ex
1985 633 2048 662 hoc
2065 632 2153 672 quod
2171 638 2256 663 caret
2278 633 2392 673 aliquis
2407 642 2448 664 eo
2465 633 2555 674 quod

1488 686 1578 707 suam
1600 678 1845 717 proportionem
1868 676 2010 712 excedit,
2033 686 2102 707 non
2131 676 2296 717 affligitur,
2322 678 2348 707 si
2379 678 2419 708 sit
2449 683 2554 708 rectae

1487 722 1627 757 rationis,
1645 721 1699 751 sed
1723 726 1847 751 tantum
1872 731 1909 751 ex
1935 721 1997 751 hoc
2015 721 2104 761 quod
2128 727 2212 751 caret
2228 731 2267 752 eo
2284 721 2324 752 ad
2340 721 2430 761 quod
2445 722 2553 762 aliquo

1487 765 1588 795 modo
1604 766 1866 807 proportionatus
1891 765 1966 796 fuit:
1991 765 2073 796 sicut
2089 765 2196 796 nullus
2213 766 2338 806 sapiens
2358 766 2459 796 horno
2476 765 2553 796 affli-

1487 810 1571 848 gitur
1594 808 1634 840 de
1657 811 1720 840 hoc
1744 810 1833 850 quod
1856 820 1924 841 non
1947 815 2054 850 potest
2076 810 2184 840 volare
2208 811 2289 841 sicut
2313 811 2387 846 avis,
2404 811 2455 841 vel
2479 811 2555 850 quia

1487 863 1555 883 non
1572 859 1618 884 est
1633 864 1687 884 rex
1710 854 1760 885 vel
1776 855 1958 895 imperator,
1976 864 2052 885 cum
2067 855 2127 885 sibi
2142 864 2211 885 non
2234 855 2273 885 sit
2289 854 2452 891 debitum;
2477 854 2554 885 affli-

1487 900 1613 936 geretur
1637 903 1745 929 autem
1760 899 1786 928 si
1801 900 1976 939 privaretur
2000 908 2040 929 eo
2064 899 2103 930 ad
2123 898 2214 940 quod
2235 899 2420 930 habendum
2443 899 2553 940 aliquo

1487 941 1587 971 modo
1613 942 1823 981 aptitudinem
1847 943 1967 973 habuit.
2001 943 2083 973 Dico
2108 953 2184 983 ergo
2209 943 2298 983 quod
2322 945 2428 974 omnis
2451 944 2553 974 homo

1487 994 1583 1014 usum
1606 985 1696 1015 liberi
1726 987 1844 1016 arbitrii
1874 987 1994 1017 habens
2023 988 2286 1028 proportionatus
2317 993 2364 1019 est
2393 987 2433 1018 ad
2455 989 2554 1019 vitam

1487 1034 1650 1059 aeternam
1672 1030 1951 1070 consequendam:
1977 1032 2052 1070 quia
2074 1037 2181 1071 potest
2204 1041 2238 1062 se
2261 1032 2300 1062 ad
2315 1033 2448 1072 gratiam
2462 1041 2555 1073 prae—

1486 1082 1607 1112 parare,
1631 1082 1688 1113 per
1711 1083 1810 1113 quam
1832 1075 1930 1104 vitam
1952 1080 2114 1105 aeternam
2137 1076 2321 1107 merebitur.
2345 1077 2387 1106 Et
2409 1076 2501 1112 ideo,
2520 1077 2552 1107 >si

1487 1117 1525 1146 ab
1549 1117 1613 1147 hoc
1636 1116 1802 1154 deficiant,
1826 1119 1984 1148 maximus
2015 1119 2073 1149 erit
2092 1119 2186 1149 dolor
2209 1120 2273 1156 eis,
2299 1121 2374 1160 quia
2403 1122 2555 1151 amittunt

1486 1160 1565 1191 illud
1581 1161 1672 1201 quod
1687 1171 1783 1192 suum
1806 1171 1874 1192 esse
1890 1163 2041 1203 possibile
2057 1162 2128 1193 fuit.
2151 1163 2246 1194 Pueri
2262 1170 2370 1195 autem
2385 1173 2554 1205 nunquam

1486 1205 1617 1235 fuerunt
1638 1207 1875 1246 proporfionati
1898 1206 1938 1237 ad
1960 1207 2024 1237 hoc
2048 1207 2138 1247 quod
2153 1208 2251 1239 vitam
2274 1213 2435 1239 aeternam
2457 1209 2555 1239 habe-

1485 1255 1573 1280 rent:
1599 1251 1674 1290 quia
1696 1260 1757 1281 nec
1788 1251 1832 1281 eis
1854 1250 2038 1293 *debebatur
2061 1261 2098 1282 ex
2126 1253 2290 1292 principiis
2318 1258 2460 1290 naturae,
2478 1262 2554 1284 cum

1486 1303 1619 1324 ornnem
1650 1294 1833 1325 facultatem
1864 1301 1995 1326 naturae
2026 1296 2172 1333 excedat3
2197 1306 2266 1327 nec>
2288 1302 2377 1328 actus
2404 1298 2554 1338 proprios

1485 1339 1601 1369 habere
1624 1345 1809 1379 potuerunt,
1834 1340 1952 1380 quibus
1975 1345 2100 1371 tantum
2123 1341 2247 1372 bonum
2267 1348 2552 1382 consequerentur.

1485 1383 1526 1413 Et
1541 1382 1615 1413 ideo
1631 1384 1710 1414 nihil
1726 1385 1862 1414 omnino
1879 1384 2035 1416 dolebunt
2051 1385 2091 1416 de
2107 1386 2245 1416 carentia
2262 1387 2392 1417 visionis
2409 1386 2551 1422 divinae:

1484 1428 1586 1458 immo
1610 1429 1711 1468 magis
1734 1428 1920 1468 gaudebunt
1943 1428 1982 1460 de
2006 1429 2069 1460 hoc
2097 1430 2187 1470 quod
2210 1431 2447 1471 participabunt
2469 1431 2554 1473 mul-

1484 1477 1555 1502 tum
1578 1471 1618 1502 de
1637 1472 1744 1503 divina
1767 1473 1910 1503 bonitate
1934 1479 1966 1504 et
1985 1473 2237 1514 perfectionibus
2257 1475 2464 1506 naturalibus.

1539 1516 1608 1547 Nec
1631 1522 1738 1557 potest
1767 1517 1830 1548 dici
1860 1517 1950 1558 quod
1978 1517 2108 1549 fuerunt
2134 1519 2369 1559 proportionati
2393 1519 2433 1550 ad
2454 1520 2554 1550 vitam

1485 1565 1646 1591 aeternam
1662 1562 1934 1602 consequendam,
1952 1563 2098 1603 quamvis
2113 1573 2181 1593 non
2197 1573 2254 1603 per
2269 1564 2432 1594 actionem
2450 1572 2553 1601 suam,

1483 1610 1591 1635 tamen
1607 1615 1665 1646 per
1688 1606 1848 1636 actionem
1871 1607 2007 1637 aliorum
2032 1608 2114 1637 circa
2138 1617 2204 1643 eOS‚
2222 1608 2297 1648 quia
2319 1613 2497 1648 potuerunt
2513 1607 2553 1639 ab

1485 1649 1552 1679 aliis
1581 1650 1749 1690 baptizari,
1774 1651 1856 1681 sicut
1886 1657 1917 1681 et
1946 1651 2039 1682 multi
2067 1653 2160 1692 pueri
2184 1652 2328 1683 eiusdem
2359 1652 2554 1684 conditionis

1484 1693 1633 1733 baptizati
1663 1695 1762 1724 vitam
1794 1700 1955 1726 aeternam
1985 1697 2151 1726 consecuti
2179 1702 2263 1727 sunt.
2298 1697 2373 1728 Hoc
2395 1703 2444 1728 est
2466 1698 2553 1728 enim

1485 1738 1762 1777 superexcedentis
1784 1740 1902 1778 gratiae
1926 1745 1962 1770 ut
1984 1740 2098 1780 aliquis
2122 1741 2189 1770 sine
2210 1747 2284 1771 actu
2306 1743 2439 1782 proprio
2462 1751 2554 1782 prae-

1484 1783 1610 1812 mietur.
1643 1783 1738 1813 Unde
1768 1782 1911 1814 defectus
1941 1783 2010 1814 talis
2033 1785 2150 1824 gratiae
2177 1793 2244 1815 non
2267 1786 2369 1826 magis
2394 1784 2554 1818 metium*

1485 1832 1593 1856 causat
1624 1827 1658 1856 in
1690 1828 1797 1866 pueris
1830 1827 2057 1858 decedentibus
2092 1838 2159 1859 non
2194 1830 2369 1870 baptizatis,
2387 1838 2486 1870 quam
2517 1831 2551 1861 in

1485 1871 1679 1910 sapientibus
1703 1871 1766 1901 hoc
1794 1872 1883 1911 quod
1905 1873 1951 1902 eis
1974 1873 2094 1903 multae
2121 1874 2239 1913 gratiae
2265 1883 2334 1904 non
2363 1873 2446 1905 fiunt
2468 1883 2552 1915 quae

1484 1914 1551 1944 aliis
1575 1915 1730 1945 similibus
1754 1915 1854 1946 factae
1878 1922 1961 1946 sunt.

2582 370 2592 382 ·
2602 371 2638 393 Cf.
2649 371 2692 391 art.
2706 373 2796 398 praec„

2583 397 2612 420 ad
2626 403 2649 425 4.
2690 413 2693 417 ,

367 1923 454 1943 mem
471 1915 684 1944 conscientiae
700 1915 872 1945 habebunt.
898 1915 939 1945 Et
954 1916 999 1945 sic
1014 1925 1082 1945 non
1098 1921 1179 1945 esset
1195 1925 1308 1945 eorum
1324 1925 1431 1955 poena

367 1957 543 1992 mitissima,
569 1964 604 1988 ut
627 1959 658 1988 in
675 1958 779 1988 littera
794 1959 810 1975 ⁴*
827 1958 951 1989 dicitur.
975 1978 997 1981 -
1021 1959 1053 1989 Si
1070 1965 1177 1989 autem
1194 1959 1232 1989 de
1249 1969 1356 1999 poena
1372 1960 1430 1990 do-
1444 1970 1471 1990 40
1538 1959 1590 1988 An
1614 1969 1731 1988 ramim
1755 1969 1838 1989 naoo
1863 1969 2022 1990 mcanmm
2047 1961 2135 2000 quod
2158 1962 2191 1992 in
2209 1961 2365 1992 damnatis
2380 1971 2440 2003 pro
2457 1963 2554 2004 culpa

366 2001 476 2037 lerent,
501 2011 587 2041 ergo,
613 2012 688 2032 cum
711 2012 817 2042 poena
842 2012 955 2033 eorum
979 2004 1060 2033 iuste
1084 2013 1101 2032 a
1125 2003 1195 2033 Deo
1212 2004 1261 2039 sit,
1282 2004 1430 2034 voluntas
1484 2003 1610 2038 actuali,
1635 2003 1692 2042 qui
1716 2012 1811 2033 usum
1834 2003 1925 2034 liberi
1953 2005 2070 2035 arbitrii
2094 2005 2288 2042 habuerunt,
2313 2005 2374 2037 filit
2405 2006 2552 2048 apfiffldo

129 1966 139 1974 “
154 1963 173 1984 11
190 1963 268 1989 Sent.,
287 1963 339 1985 dist.

127 1996 243 2016 xxx=11‚ca
263 1990 339 2011 ..Alio-

128 2017 191 2043 φαίη,
209 2027 219 2031 -
255 2016 272 2037 f.
296 2020 339 2037 art.

128 2049 270 2091 gfff-¹⁸¹8·
283 2042 339 2065 Con-
367 2055 480 2076 eorum
505 2045 628 2076 divinae
652 2047 788 2076 iustitiae
806 2047 957 2077 obviaret.
982 2047 1023 2077 Et
1039 2047 1083 2077 sic
1099 2048 1262 2078 actualiter
1278 2047 1430 2079 deformis
1485 2046 1524 2076 ad
1547 2047 1644 2077 vitam
1667 2053 1828 2077 aeternam
1853 2049 2125 2089 consequendam.
2151 2050 2227 2080 Non
2251 2055 2358 2081 autem
2382 2052 2416 2082 in
2431 2051 2549 2092 pueris,
2654 2090 2656 2092 Ι

196 2085 201 2090 ’
367 2095 457 2119 esset.
483 2090 583 2127 Quod
605 2100 673 2120 non
697 2091 893 2121 conceditur.
919 2092 1004 2131 Ergo
1029 2091 1155 2122 nullum
1179 2091 1326 2122 dolorem
1349 2094 1430 2123 inte·
1484 2095 1521 2121 ut
1544 2090 1667 2121 dictum
1691 2097 1737 2122 est
1753 2093 1778 2122 *ἃ
1804 2092 1845 2122 Et
1867 2092 1941 2123 ideo
1965 2102 2032 2123 non
2055 2100 2102 2124 est
2117 2095 2228 2125 similis
2243 2095 2324 2125 ratio
2340 2095 2379 2126 de
2395 2097 2550 2136 utrisque.
2579 2101 2629 2125 -ιιι
2643 2107 2750 2131 corpore.

365 2134 482 2164 riorem
506 2135 651 2164 sentient.
1539 2136 1590 2165 AD
1615 2146 1778 2166 SECUNDUM
1802 2146 1962 2167 DrcENDUM
1979 2137 2078 2178 quod,
2095 2139 2241 2179 quamvis
2255 2139 2405 2171 voluntas
2420 2141 2460 2171 sit
2475 2149 2551 2186 pos-

421 2188 451 2208 2.
475 2178 671 2214 PRAETEREA,
696 2179 776 2209 ratio
807 2184 892 2210 recta
915 2189 983 2210 non
1012 2180 1130 2220 patitur
1159 2186 1195 2211 ut
1218 2180 1332 2220 aliquis
1358 2191 1430 2221 per·
1444 2191 1468 2211 45
1484 2180 1625 2210 sibilium
1648 2185 1680 2210 et
1701 2181 1960 2221 impossibilium,
1977 2187 2013 2212 ut
2028 2183 2060 2213 in
2078 2182 2119 2213 111
2134 2183 2238 2214 Etkic.
2256 2185 2273 2201 ⁵
2296 2183 2421 2221 dicitur,
2441 2190 2550 2216 tamen
2578 2189 2696 2240 'eff-n,
2709 2195 2733 2213 n.
2747 2195 2793 2218 7··
2844 2186 2852 2226 f

364 2223 508 2252 turbetur
532 2222 571 2253 de
595 2233 635 2253 eo
660 2223 750 2263 quod
773 2224 806 2253 in
829 2225 901 2264 ipso
925 2234 992 2254 non
1017 2224 1077 2255 fuit
1099 2230 1136 2255 ut
1159 2225 1325 2256 vitaretur:
1354 2235 1430 2266 pro·
1483 2224 1633 2255 voluntas
1657 2225 1801 2256 ordinata
1825 2231 1856 2256 et
1880 2227 2041 2266 completa
2056 2236 2123 2258 non
2141 2233 2188 2258 est
2202 2229 2263 2259 nisi
2280 2237 2394 2260 eorum
2410 2229 2450 2260 ad
2466 2238 2550 2270 quae
2577 2217 2602 2240 s·
2652 2216 2725 2240 '¹⁸⁶³‘
2739 2221 2762 2239 '¹
2847 2231 2851 2246 ‘¹

124 2277 338 2304 ·Epist.1,xxxv.
363 2272 433 2306 pter
457 2267 547 2307 quod
570 2267 693 2298 Seneca
714 2268 830 2307 probat
845 2269 862 2285 ⁴*
886 2268 976 2308 quod
991 2269 1187 2309 perturbatio
1203 2269 1237 2299 in
1253 2270 1430 2310 sapientem
1485 2269 1556 2308 quis
1580 2269 1690 2309 aliquo
1714 2269 1815 2300 modo
1839 2270 2003 2301 ordinatus
2028 2277 2083 2302 est.
2116 2272 2157 2302 Et
2178 2273 2206 2304 si
2229 2273 2262 2303 in
2293 2273 2352 2305 hac
2383 2273 2549 2304 voluntate

362 2320 430 2341 non
454 2311 546 2342 cadit.
572 2311 636 2342 Sed
657 2312 691 2342 in
713 2313 821 2352 pueris
845 2318 892 2343 est
914 2313 993 2343 ratio
1010 2319 1095 2344 recta
1110 2314 1202 2344 nullo
1219 2314 1335 2344 actuali
1354 2324 1430 2355 pec-

364 2361 434 2386 cato
460 2356 633 2396 obliquata.
657 2356 743 2396 Ergo
767 2366 835 2387 non
857 2357 1071 2388 turbabuntur
1087 2357 1126 2389 de
1141 2358 1205 2388 hoc
1221 2358 1311 2398 quod
1333 2359 1430 2390 talem

362 2409 503 2439 poenam
527 2401 693 2437 sustinent,
718 2410 816 2441 quam
839 2402 936 2432 vitare
959 2401 1051 2432 nullo
1075 2402 1176 2433 modo
1197 2404 1383 2443 potuerunt.

416 2444 607 2475 Rnsponmzo
630 2455 790 2475 mcinmum
815 2446 904 2485 quod
928 2447 1011 2476 circa
1033 2446 1097 2477 hoc
1114 2452 1160 2477 est
1175 2447 1288 2488 triplex
1305 2448 1427 2487 opinio.

362 2487 502 2526 Quidam
527 2490 614 2519 enim
637 2489 748 2520 dicunt
771 2489 862 2530 quod
884 2491 978 2530 pueri
1000 2491 1127 2521 nullum
1157 2491 1304 2522 dolorem
1335 2493 1428 2522 susti-

361 2533 494 2569 nebunt,
520 2534 595 2573 quia
617 2533 652 2564 in
675 2534 719 2564 eis
743 2533 824 2564 adeo
840 2535 920 2564 ratio
938 2535 1144 2565 obtenebrata
1160 2536 1218 2566 erit
1234 2541 1269 2566 ut
1283 2546 1352 2566 non
1373 2546 1428 2567 co-

361 2582 518 2616 gnoscant
541 2587 574 2608 se
598 2578 739 2608 amisisse
763 2578 853 2618 quod
883 2579 1066 2610 amiserunt.
1089 2598 1113 2602 —-
1135 2579 1235 2618 Quod
1262 2581 1427 2620 probabile

1484 2312 1633 2345 deficiant
1655 2314 1814 2351 homines,
1839 2314 1964 2345 dolent:
1988 2325 2056 2346 non
2080 2321 2189 2347 autem
2206 2315 2238 2347 ‘si
2261 2316 2411 2349 deficiant
2434 2318 2474 2348 ab
2497 2318 2551 2349 illa

1483 2358 1647 2388 voluntate
1672 2368 1754 2398 quae
1783 2359 2031 2399 impossibilium
2062 2366 2118 2391 est.
2149 2361 2243 2399 Quae
2265 2363 2374 2402 potius
2405 2362 2551 2394 velleitas

1445 2416 1470 2436 50
1484 2411 1582 2442 quam
1605 2403 1757 2434 voluntas
1779 2403 1873 2434 debet
1904 2404 1982 2434 dici:
2015 2414 2082 2435 non
2113 2406 2199 2436 enim
2230 2407 2345 2447 aliquis
2372 2407 2451 2438 illud
2480 2407 2551 2438 vult

1483 2447 1678 2487 simpliciter,
1703 2447 1759 2478 sed
1782 2448 1878 2478 vellet
1900 2449 1926 2478 si
1949 2447 2101 2489 po'ssibile
2125 2449 2216 2481 foret.

1537 2491 1588 2521 An
1612 2501 1747 2522 ‘ram-nm
1770 2502 1930 2523 mensuum
1946 2493 2036 2534 quod
2052 2494 2091 2524 ad
2107 2494 2292 2526 habendum
2308 2496 2476 2536 proprium
2491 2501 2549 2536 pa-

1482 2536 1681 2572 trimonium,
1706 2537 1756 2567 vel
1780 2538 1924 2568 membra
1947 2539 2092 2578 corporis
2115 2539 2174 2575 sui,
2199 2539 2333 2581 quilibet
2356 2546 2404 2570 est
2423 2540 2550 2571 ordina-

1481 2585 1542 2610 tus.
1568 2580 1609 2610 Et
1631 2580 1705 2611 ideo
1729 2591 1797 2612 non
1827 2587 1874 2612 est
1902 2582 2021 2613 mirum
2052 2583 2079 2613 si
2113 2582 2202 2614 dolet
2231 2583 2347 2625 aliquis
2371 2584 2411 2615 de
2434 2593 2548 2615 eorum

361 2630 429 2651 non
451 2621 592 2652 videtur:
617 2627 654 2652 ut
677 2623 782 2653 anima
805 2623 844 2653 ab
868 2633 966 2654 onere
983 2624 1126 2664 corporis
1143 2624 1287 2655 absoluta
1303 2634 1340 2655 ea
1359 2635 1427 2656 non
1443 2637 1465 2658 ςς
1482 2625 1672 2661 amissione,
1697 2626 1778 2656 sive.
1791 2635 1850 2666 pro
1880 2627 1975 2667 culpa
2004 2636 2062 2658 sua
2094 2628 2160 2658 sive
2190 2628 2292 2659 aliena
2322 2629 2368 2659 eis
2397 2629 2548 2670 privetur.

361 2671 535 2705 eognoscat
558 2662 642 2706 quae
665 2667 776 2697 saltem
793 2668 916 2698 ratione
932 2668 1114 2708 investigari
1129 2669 1263 2708 possint,
1281 2674 1311 2700 et
1332 2670 1427 2700 etiam

360 2709 464 2740 multo
488 2710 590 2750 plura.

416 2754 457 2784 Et
480 2754 553 2784 ideo
578 2755 630 2784 alii
654 2755 765 2786 dicunt
797 2755 887 2796 quod
917 2756 951 2786 in
975 2757 1020 2787 eis
1043 2762 1090 2787 est
1113 2756 1254 2797 perfecta
1283 2759 1425 2798 cognitio

1481 2668 1575 2699 Unde
1598 2675 1686 2709 patet
1709 2670 1798 2710 quod
1821 2671 1900 2701 ratio
1924 2681 1992 2702 non
2015 2671 2162 2712 procedit
2183 2682 2222 2703 ex
2245 2673 2350 2704 simili.

1536 2714 1588 2743 An
1613 2724 1761 2744 auxarum
1779 2725 1939 2745 mcxxmm
1955 2716 2045 2756 quod
2060 2715 2185 2747 donum
2202 2716 2319 2748 Christi
2335 2717 2459 2748 excedit
2473 2726 2550 2759 pec-

1483 2763 1589 2788 catum
1613 2758 1719 2795 Adae,
1744 2764 1780 2789 ut
1803 2759 1847 2790 ad
1868 2760 1962 2791 Rom.
1985 2770 2005 2790 v
2020 2761 2037 2777 *
2061 2760 2186 2792 dicitur.
2211 2761 2306 2792 Unde
2328 2771 2397 2793 non
2420 2767 2548 2803 oportet

2574 2762 2586 2774 ·
2601 2759 2669 2784 νε·-
2684 2766 2707 2789 ¹⁵
2721 2766 2777 2790 um·

361 2807 475 2828 eorum
499 2808 582 2838 quae
605 2800 740 2830 naturali
764 2801 941 2840 cognitioni
965 2801 1139 2837 subiacent,
1164 2806 1195 2832 et
1225 2809 1427 2842 cognoscunt
1482 2801 1572 2842 quod
1594 2803 1686 2842 pueri
1709 2813 1777 2834 non
1801 2804 1949 2844 baptizati
1973 2810 2100 2836 tantum
2121 2805 2260 2837 habeant
2274 2806 2315 2837 de
2334 2807 2421 2837 malo
2446 2815 2548 2847 quan-

360 2842 477 2878 Deum,
502 2849 534 2874 et
557 2853 590 2874 se
614 2844 682 2874 eius
705 2845 828 2875 visione
851 2845 991 2885 privatos
1008 2855 1086 2882 esse,
1107 2850 1138 2876 et
1153 2855 1191 2876 ex
1207 2846 1270 2876 hoc
1286 2846 1427 2886 aliquem
1441 2851 1551 2877 6otum
1575 2847 1723 2887 baptizati
1747 2848 1867 2878 habent
1890 2848 1930 2879 de
1953 2849 2053 2880 bono.

360 2886 506 2917 dolorem
523 2888 676 2918 sentient:
700 2894 809 2919 tamen
824 2889 1020 2929 mitigabitur
1035 2899 1149 2920 eorum
1165 2889 1268 2926 dolor,
1290 2891 1426 2931 inquan-
1536 2891 1588 2921 An
1613 2901 1752 2922 numum
1769 2902 1928 2923 DICBNDUM
1944 2893 2043 2934 quod,
2069 2895 2216 2934 quamvis
2239 2895 2332 2936 pueri
2354 2904 2422 2926 non
2445 2894 2547 2936 bapti·-

359 2936 430 2961 tum
453 2941 520 2962 non
543 2933 672 2972 propria
694 2933 859 2964 voluntate
884 2934 1013 2974 culpam
1040 2935 1243 2965 incurrerunt
1271 2935 1331 2975 pro
1363 2946 1426 2976 qua
1480 2936 1542 2966 zati
1565 2936 1628 2966 sint
1650 2938 1784 2976 separati
1808 2947 1826 2967 a
1849 2938 1920 2968 Deo
1946 2944 2103 2978 quantum
2120 2938 2159 2970 ad
2175 2939 2262 2970 illam
2283 2939 2546 2970 coniunctionem

361 2974 500 3005 damnati
523 2982 606 3006 sunt.
631 2995 652 2998 —
675 2977 750 3007 Hoc
775 2978 869 3008 etiam
893 2978 1059 3018 probabile
1082 2988 1150 3009 non
1173 2979 1307 3010 videtur.
1341 2979 1426 3018 Quia
1481 2989 1564 3020 quae
1589 2986 1635 3010 est
1658 2990 1714 3020 per
1737 2981 1882 3021 gloriam,
1907 2988 2106 3013 nontamen
2130 2983 2168 3013 ab
2194 2993 2233 3014 eo
2256 2983 2384 3023 penitus
2407 2987 2482 3012 sunt
2497 2991 2546 3013 se·

359 3019 429 3049 talis
453 3019 545 3050 dolor
568 3030 685 3060 parvus
709 3031 778 3052 esse
793 3031 860 3052 non
876 3016 983 3062 potest
999 3022 1037 3053 de
1053 3024 1132 3053 tanti
1149 3024 1226 3054 boni
1243 3024 1424 3060 amissione,
1479 3025 1588 3064 parati.
1613 3025 1717 3055 Immo
1741 3026 1800 3055 sibi
1824 3027 2066 3067 coniunguntur
2082 3035 2140 3067 per
2158 3027 2436 3069 participationem
2451 3031 2544 3058 natu-

119 3083 129 3092 .
150 3081 184 3103 Cf·
203 3087 250 3110 ng,
271 3082 333 3104 con·
360 3068 391 3093 et
414 3064 586 3104 praecipue
609 3065 677 3096 sine
701 3075 757 3105 spe
780 3067 1040 3106 recuperationis.
1066 3067 1160 3098 Unde
1183 3077 1290 3108 poena
1311 3078 1425 3099 eorum
1439 3076 1463 3102 ες
1478 3069 1593 3110 ralium
1616 3070 1789 3100 bonorum.
1814 3070 1855 3100 Et
1877 3071 1920 3101 ita
1944 3071 2040 3101 etiam
2063 3070 2104 3102 de
2126 3071 2198 3111 ipso
2222 3069 2360 3111 gaudere
2392 3076 2547 3111 poterunt

119 3110 158 3129 Μ
175 3115 193 3130 ¹·
359 3116 426 3138 non
443 3113 524 3138 esset
547 3109 714 3140 mitissima
734 3111 760 3140 *.
784 3129 806 3133 -
829 3110 1003 3148 Praeterea,
1021 3113 1156 3142 omnino
1173 3112 1285 3143 eadem
1301 3113 1424 3144 ratione
1478 3113 1613 3144 naturali
1637 3114 1822 3154 cognitione
1847 3120 1878 3145 et
1901 3114 2082 3146 dilectione.

1239 3303 1533 3340 -QU

1501 3340 1557 3363 ι’ῐὶῖ.
