2918 4088
448 201 493 236 58

207 287 217 296 '
231 285 287 311 Arg.
304 290 315 305 2
331 283 379 305 Sed

207 313 281 332 contr.

444 331 564 369 cimae
593 338 715 377 erant,
742 338 820 367 tam
848 329 887 366 in
915 330 994 376 lege
1023 335 1180 364 naturae
1209 337 1327 382 quam
1355 324 1394 360 in
1422 324 1501 380 lege

443 383 591 433 Moysi,
620 383 814 420 ordinatae
850 393 929 419 non
962 381 1088 417 solum
1116 378 1155 415 in
1183 377 1397 414 subsidium
1432 386 1501 410 mi-

444 436 650 474 nistrorum
678 442 714 472 et
740 446 977 485 pauperum,
1007 432 1074 468 sed
1107 430 1220 467 etiam
1248 430 1287 466 in
1314 428 1498 475 figuram:

445 497 481 526 et
508 488 594 526 ideo
623 495 730 525 erant
756 493 1001 524 sacramenta.
1030 484 1147 520 Nunc
1174 489 1303 519 autem
1335 490 1415 516 non
1443 489 1499 513 re-

445 549 668 579 manserunt
687 540 916 589 inquantum
936 544 1022 574 sunt
1041 534 1227 583 figuralia:
1258 541 1293 569 et
1312 532 1398 568 ideo
1418 541 1498 566 non

446 601 534 631 sunt
561 600 806 630 sacramenta.

208 630 218 639 '
232 628 287 654 Μ’
304 633 315 655 ³
330 626 378 648 Μ
497 647 553 683 AD
573 657 742 683 OCTAVUM
756 645 775 666 ’¹‘
794 654 972 680 DICENDUM
992 640 1099 690 quod
1118 639 1166 676 ad
1185 636 1414 674 deletionem
1433 646 1497 670 ve-

207 656 280 676 contr.

1131 194 1393 242 QUAESTIO
1422 193 1545 238 LXV,
1576 187 1867 227 ARTICULUS
1895 188 1925 223 II

496 280 553 316 AD
581 289 757 315 SEPTIMUM
776 277 796 299 ’¹‘
823 287 1003 313 DICENDUM
1029 274 1135 323 quod
1155 273 1364 310 oblationes
1384 278 1419 307 et
1438 271 1502 306 de-
1527 268 1531 307 Ι
1557 267 1664 304 nialis
1682 264 1827 314 peccati
1846 276 1927 301 non
1945 262 2149 312 requiritur
2167 261 2307 300 infusio
2321 262 2472 311 gratiae.
2490 263 2615 312 Unde,

1556 331 1647 356 curn
1681 318 1721 354 in
1749 316 1920 366 quolibet
1954 322 2194 352 sacramento
2223 327 2348 353 novae
2377 315 2467 364 legis
2499 316 2617 365 gratia

1556 371 1787 415 infundatur,
1818 370 1968 405 nullum
1997 375 2281 405 sacramentum
2300 369 2535 417 novaelegis
2562 369 2616 406 in-

1555 422 1718 460 stituitur
1745 421 1884 458 directe
1913 428 2046 458 contra
2063 420 2233 466 veniale3
2263 421 2370 470 quod
2388 421 2531 459 tollitur
2547 434 2618 471 per

1554 475 1748 525 quaedam
1776 472 2080 519 sacramentalia,
2110 480 2203 522 puta
2229 485 2299 522 per
2326 485 2469 523 aquam
2499 474 2616 512 bene-

1554 528 1715 574 dictam,
1745 535 1781 564 et
1809 526 1882 564 alia
1909 525 2145 563 huiusmodi.
2186 548 2211 552 —
2249 525 2422 573 Quidam
2439 526 2460 549 ⁸
2485 535 2616 564 tamen

1553 580 1685 617 dicunt
1712 587 1922 617 extremam
1946 579 2170 616 unctionem
2198 585 2331 615 contra
2353 578 2501 616 veniale
2528 591 2616 628 pec-

1553 641 1682 670 catum
1711 631 1890 669 ordinari.
1921 632 1999 670 Sed
2026 632 2074 669 de
2101 632 2177 668 hoc
2205 643 2276 668 suo
2305 632 2391 668 loco
2420 631 2567 669 dicetur
2584 632 2614 669 ²¹².

1111 732 1445 767 commentaria.
1467 729 1722 763 Cardinans
1743 729 1946 762 Caietam

504 831 609 851 nunus
638 821 738 850 clarus
761 824 816 849 est.
839 836 862 840 -
884 818 919 847 In
949 823 1082 855 corpore
1105 822 1169 843 una
1200 811 1384 842 conclusio:
1412 810 1497 840 Con-

447 833 666 895 Tvenienter
681 867 851 904 ponuntur
872 864 1073 891 sacramenta
1094 856 1258 887 Ecclesiae
1279 859 1405 894 septem.
1430 854 1498 883 Ma-

444 908 607 939 nifestatur
619 909 696 938 haec
712 906 875 937 conclusio
893 903 1073 943 dupliciter:
1098 901 1213 940 primo,
1230 897 1408 948 secundum
1423 907 1497 937 pro-
1511 923 1514 925 Α

445 954 545 993 priam
569 952 758 986 doctrinam;
782 947 933 983 secundo,
957 948 1043 976 iuxta
1066 945 1201 974 aliorum
1224 942 1437 972 traditlonem.

499 995 616 1034 Quoad
637 995 786 1034 primum,
811 991 972 1031 distinguit
1000 989 1080 1020 duos
1104 987 1183 1018 fines
1207 991 1495 1016 sacramentorum:

445 1050 528 1070 unus
555 1044 601 1069 est
626 1037 779 1078 perfectio
808 1035 946 1066 hominis
976 1035 1008 1063 in
1035 1033 1082 1062 his
1114 1040 1196 1071 quae
1224 1030 1394 1061 Christiani
1423 1035 1498 1060 sunt

445 1084 565 1118 cultus3
590 1083 666 1112 alter
681 1087 727 1111 est
742 1079 918 1110 remedium
934 1082 1148 1118 peccatorum.
1173 1075 1214 1105 Et
1228 1075 1343 1114 probat
1358 1074 1402 1104 sic
1418 1083 1496 1104 con-

444 1127 630 1157 clusionem.
643 1125 843 1156 Sacramenta
856 1122 1015 1153 Ecclesiae
1027 1119 1066 1150 ad
1078 1125 1251 1158 utrumque
1264 1118 1386 1149 dietum
1397 1117 1497 1148 finem

444 1171 668 1200 convenienter
689 1173 854 1208 ponuntur
871 1167 904 1196 in
920 1174 1055 1196 numero
1075 1163 1265 1203 septenario.
1291 1162 1387 1202 Ergo,
1401 1167 1461 1192 etc.
1476 1180 1500 1184 —

1387 1249 1440 1257 W

1552 807 1754 839 Antecedens
1765 808 1994 845 manifestatur,
2006 809 2123 849 primo,
2135 814 2283 849 respectu
2294 809 2390 849 primi
2400 808 2483 845 finis,
2497 808 2617 840 discus-

1552 863 1588 883 so
1611 862 1790 893 progressu,
1811 852 2011 883 numerando
2036 858 2158 893 septem
2181 852 2394 893 perfectiones
2418 859 2617 894 opportunas

1553 897 1653 927 cultui
1677 896 1869 933 Christiano,
1886 906 1969 937 quae
1992 902 2066 927 sunt
2081 897 2154 934 vita,
2170 898 2278 934 robur,
2296 898 2507 934 conservatio,
2527 907 2617 928 cura-

1551 941 1606 977 tio,
1623 941 1790 977 restitutio,
1806 946 1958 981 potestas,
1976 946 2007 971 et
2022 942 2230 981 propagatio;
2255 947 2287 972 et
2302 941 2491 982 assignando
2509 942 2616 982 singu-

1552 985 1658 1015 lorum
1674 985 1850 1022 rationem;
1878 986 1963 1015 utin
1978 985 2080 1015 littera
2103 985 2185 1016 clare
2208 991 2303 1026 patet.
2319 1004 2342 1008 —
2365 985 2490 1016 Deinde
2513 985 2617 1016 decla-

1552 1034 1637 1059 ratur
1660 1028 1850 1060 antecedens
1873 1034 2021 1069 respectu
2040 1029 2172 1060 secundi
2187 1028 2269 1066 finis,
2287 1029 2476 1070 assignando
2493 1035 2617 1070 septem

1553 1072 1712 1103 defectus:
1737 1073 1793 1113 qui
1816 1073 1899 1104 clare
1921 1078 2032 1113 patent
2054 1073 2088 1103 in
2111 1073 2223 1104 littera.

1610 1116 1728 1155 Quoad
1750 1117 1939 1153 secundum,
1964 1117 2045 1148 clare
2061 1123 2192 1158 apparet
2207 1118 2335 1148 recitata
2349 1118 2479 1158 posifio,
2496 1118 2618 1158 absque

1554 1161 1613 1192 alia
1637 1161 1846 1201 expositione.

1195 1323 1514 1366 ARTICULUS
1545 1323 1846 1365 SECUNDUS
1885 1322 1888 1325 ’

572 1422 727 1454 UTRUM
751 1419 1046 1452 SACRAMENTA
1071 1416 1413 1448 CONVENIENTER
1437 1415 1723 1446 ORDINENTUR
1747 1414 1987 1446 SECUNDUM
2011 1414 2175 1446 MODUM
2203 1415 2490 1447 PRAEDICTUM

1294 1496 1327 1520 1V
1347 1495 1430 1524 Sent„
1451 1494 1509 1520 dist.
1528 1502 1556 1526 n,
1574 1502 1620 1527 qu.
1638 1502 1656 1525 1,
1676 1499 1723 1519 art.
1744 1493 1767 1519 3.

469 1633 478 1650 l
555 1607 611 1642 sy«
649 1602 671 1627 n
690 1599 878 1626 SECUNDUM
897 1598 948 1623 s1c
967 1597 1203 1622 PROCEDITUR.
1219 1583 1379 1621 Videtur
1393 1583 1500 1633 quod

474 1631 622 1699 ςζῧᾼῗλ
651 1639 964 1678 inconvenienter
1000 1645 1239 1676 sacramenta
1275 1636 1501 1674 ordinentur

207 1699 266 1746 ’ξε
287 1701 329 1720 art·
351 1704 416 1726 prae·
460 1676 570 1741 ’,Ἢν
589 1679 867 1735 'csecundum
908 1691 1073 1728 modum
1114 1690 1354 1739 praedictum
1381 1689 1412 1726 ³¹³.
1452 1690 1502 1727 Ut

207 1732 297 1773 fev'ers·
313 1751 350 1778 46·
499 1722 595 1779 5455)
610 1739 756 1784 Xenim
775 1746 982 1794 Apostolus
1006 1743 1106 1790 dicit,
1127 1745 1141 1780 Ι
1165 1745 1251 1780 Cor.
1272 1756 1320 1780 xv
1338 1742 1369 1789 ³³⁶,
1393 1744 1502 1792 prius

445 1806 495 1838 est
522 1799 619 1849 quod
645 1805 695 1836 est
721 1798 894 1843 animale,
924 1797 1053 1834 deinde
1073 1797 1170 1846 quod
1194 1796 1392 1845 spirituale.
1424 1795 1500 1832 Sed

444 1865 513 1903 per
539 1851 828 1889 matrimonium
855 1857 1055 1898 generatur
1082 1850 1203 1886 homo
1231 1848 1356 1897 prima
1387 1860 1499 1896 gene-

445 1905 607 1951 ratione,
637 1917 735 1954 quae
765 1911 819 1940 est
846 1902 1035 1940 animalis:
1074 1914 1143 1950 per
1170 1901 1405 1950 baptismum
1433 1913 1499 1938 au—

444 1967 522 1995 tem
541 1965 782 2004 regeneratur
800 1957 920 1992 homo
940 1955 1109 1992 secunda
1127 1954 1380 2002 generatione,
1399 1966 1499 2003 quae

446 2018 500 2048 est
527 2009 737 2059 spiritualis.
768 2010 868 2056 Ergo
888 2007 1179 2045 matrimonium
1206 2007 1320 2044 debet
1346 2019 1499 2056 praece—

445 2064 534 2101 dere
562 2062 807 2112 baptismum.

499 2127 533 2152 2.
562 2117 791 2159 PRAETEREA,
811 2125 880 2163 per
899 2115 1181 2150 sacramentum
1201 2112 1344 2149 ordinis
1363 2112 1499 2162 aliquis

445 2167 578 2217 accipit
602 2174 827 2217 potestatem
846 2165 982 2214 agendi
1010 2165 1177 2202 actiones
1197 2166 1498 2202 sacramentales.

446 2221 522 2259 Sed
541 2232 655 2268 agens
674 2227 729 2256 est
750 2219 855 2268 prior
873 2231 943 2256 sua
961 2218 1120 2255 actione.
1151 2219 1251 2266 Ergo
1272 2218 1368 2255 ordo
1388 2218 1501 2255 debet

445 2273 671 2323 praecedere
699 2272 934 2321 baptismum
962 2279 998 2308 et
1025 2270 1097 2308 alia
1124 2279 1371 2308 sacramenta.

500 2326 533 2362 3.
563 2327 801 2372 PRAETEREA,
831 2323 1068 2361 Eucharistia
1095 2331 1151 2360 est
1173 2323 1365 2373 spirituale
1384 2323 1502 2360 nutri-

446 2385 640 2415 mentum:
684 2377 924 2414 confirmatio
965 2384 1094 2413 autem
1130 2384 1376 2425 comparatur
1412 2388 1502 2424 aug-

447 2438 589 2468 mento.
619 2429 909 2468 Nutrimentum
928 2437 1058 2466 autem
1077 2436 1132 2465 est
1151 2441 1266 2466 causa
1289 2429 1500 2476 augmenti:

449 2491 484 2520 et
510 2495 579 2532 per
605 2494 845 2531 consequens
872 2481 978 2531 prius
998 2487 1027 2518 ².
1062 2482 1163 2529 Ergo
1191 2481 1430 2518 Eucharistia
1449 2489 1505 2519 est

447 2535 552 2585 prior
579 2534 882 2572 confirmatione.

500 2600 536 2635 4.
566 2589 795 2634 PRAETEREA,
815 2586 1048 2636 poenitentia
1075 2594 1275 2636 praeparat
1302 2586 1505 2624 hominem

449 2641 498 2678 ad
525 2640 814 2678 Eucharistiam.
846 2640 922 2676 Sed
949 2639 1145 2688 dispositio
1164 2639 1356 2688 praecedit
1383 2641 1504 2689 perfe-

449 2693 626 2730 ctionem.
656 2694 756 2740 Ergo
784 2692 1016 2741 poenitentia
1039 2692 1152 2729 debet
1178 2693 1406 2741 praecedere
1426 2693 1504 2730 Eu-

449 2745 675 2782 charistiam.

504 2799 536 2834 5.
553 2799 783 2844 PRAETEREA,
800 2798 907 2846 quod
921 2805 976 2834 est
994 2797 1250 2847 propinquius
1266 2797 1336 2834 fini
1354 2798 1503 2846 ultimo,

449 2858 503 2887 est
521 2850 719 2899 posterius
741 2851 818 2887 Sed
836 2857 1005 2887 extrema
1023 2850 1165 2898 unctio,
1182 2850 1278 2887 inter
1297 2851 1428 2888 omnia
1447 2864 1504 2888 sa-

448 2911 652 2950 cramenta,
681 2902 936 2952 propinquior
963 2911 1018 2940 est
1045 2903 1180 2940 ultimo
1208 2903 1278 2940 fini
1305 2903 1504 2941 beatitudi-

449 2955 517 2992 nis.
547 2956 648 3004 Ergo
667 2955 780 2992 debet
807 2956 948 2992 habere
967 2956 1148 2993 ultimum
1173 2957 1304 2993 locum
1332 2956 1429 2993 inter
1447 2970 1503 2994 sa-

449 3016 650 3046 eramenta.

502 3062 540 3097 IN
568 3073 797 3099 CONTRARHJM
825 3073 890 3098 EsT
918 3062 1025 3110 quod
1050 3062 1307 3099 communiter
1325 3062 1504 3100 ordinan-

450 3120 512 3149 tur
538 3113 586 3150 ab
614 3113 793 3150 omnibus
822 3122 1057 3151 sacramenta
1070 3115 1090 3136 *
1112 3114 1208 3152 sicut
1235 3114 1378 3152 dictum
1395 3114 1410 3145 β
1438 3123 1504 3153 est.

503 3166 724 3203 RESPONDEo
753 3178 933 3204 DICENDUM
957 3168 1064 3215 quod
1090 3167 1184 3204 ratio
1213 3167 1356 3204 ordinis
1384 3180 1505 3206 sacra-

218 3224 228 3234 *
242 3223 293 3245 Art·
313 3223 417 3251 praeced·
453 3224 672 3254 mentorum
686 3226 842 3266 apparet
860 3231 906 3255 ex
925 3218 984 3256 his
998 3232 1097 3268 quae
1118 3233 1234 3269 supra
1246 3220 1266 3242 ’¹‘
1288 3220 1387 3258 dicta
1405 3229 1504 3258 sunt.

216 3116 226 3126 ·
241 3114 268 3136 D·
283 3120 330 3141 574·

507 3347 534 3382 α)
549 3349 636 3380 prius.
653 3363 671 3367 -
690 3349 749 3374 Om.
769 3350 800 3378 H.
815 3350 920 3381 primus
939 3351 961 3380 b,
978 3352 1055 3382 prius
1074 3359 1103 3376 eo
1123 3353 1176 3377 Ple.

508 3382 533 3416 β)
552 3384 660 3409 dictum.
677 3398 696 3402 —
708 3385 787 3416 prius
805 3385 904 3410 dictum
923 3386 966 3411 Pc.

507 3418 533 3451 γ)
553 3419 629 3444 unius
644 3426 799 3451 personae...
816 3420 1013 3453 perfectionem.
1030 3435 1050 3440 -
1067 3421 1124 3446 FsE
1143 3427 1168 3447 et
1185 3423 1270 3452 tex-ritu
1290 3431 1343 3448 om.

507 3453 670 3513 3)Hnocivum
694 3455 824 3480 accidens.
847 3468 866 3474 —-
888 3456 1009 3480 accidens
1034 3457 1155 3482 nocivum
1174 3458 1204 3482 Pl
1212 3466 1219 3489 ;
1243 3459 1367 3484 scilicet...
1385 3460 1508 3485 accidens

455 3496 508 3513 orn.
553 3506 560 3514 .

1555 1584 1660 1620 Nam
1688 1582 1784 1620 sieut
1811 1595 1938 1620 unum
1965 1591 2022 1620 est
2047 1582 2154 1633 prius
2181 1596 2299 1634 quam
2325 1585 2544 1634 multitudo,
2569 1585 2620 1624 ita

1556 1643 1793 1673 sacramenta
1834 1648 1934 1685 quae
1979 1636 2205 1674 ordinantur
2249 1638 2300 1675 ad
2343 1638 2620 1688 perfectionem

1555 1689 1671 1726 unius
1698 1701 1907 1739 personae,
1936 1689 2156 1727 naturaliter
2182 1691 2419 1740 praecedunt
2446 1703 2492 1729 ea
2518 1703 2620 1742 quae

1556 1742 1782 1779 ordinantur
1801 1742 1850 1779 ad
1868 1742 2142 1791 perfectionem
2153 1747 2168 1771 Ὺ
2186 1743 2452 1781 multitudinis.
2469 1745 2518 1782 Et
2531 1744 2619 1783 ideo

1555 1795 1691 1832 ultimo
1720 1795 1817 1832 inter
1844 1802 2082 1832 sacramenta
2117 1804 2318 1845 ponuntur
2349 1797 2446 1834 ordo
2475 1805 2512 1835 et
2538 1809 2620 1835 ma-

1554 1847 1793 1895 trimonium,
1815 1860 1914 1897 quae
1943 1848 2171 1886 ordinantur
2188 1849 2238 1886 ad
2257 1849 2512 1888 multitudinis
2534 1862 2621 1900 per-

1554 1900 1779 1938 fectionem:
1818 1900 2109 1938 matrimonium
2147 1909 2278 1939 tamen
2314 1910 2402 1952 post
2429 1903 2619 1952 ordinem,

1555 1966 1602 1991 eo
1631 1954 1739 2003 quod
1767 1953 1897 1991 minus
1931 1953 2131 2004 participat
2158 1955 2206 1991 de
2234 1955 2380 1993 ratione
2416 1955 2622 2006 spiritualis

1553 2006 1666 2054 vitae,
1696 2007 1745 2044 ad
1774 2019 1894 2056 quam
1923 2007 2150 2045 ordinantur
2177 2016 2425 2046 sacramenta.

1606 2061 1706 2096 Inter
1724 2072 1769 2096 ea
1787 2071 1881 2097 vero
1900 2071 2000 2109 quae
2029 2060 2255 2098 ordinantur
2277 2061 2326 2099 ad
2348 2062 2623 2111 perfectionem

1553 2112 1669 2150 unius
1696 2124 1896 2162 personae,
1918 2113 2139 2150 naturaliter
2165 2122 2254 2151 sunt
2279 2114 2410 2164 priora
2436 2115 2498 2152 illa
2521 2127 2622 2166 quae

1554 2178 1624 2215 per
1647 2178 1687 2203 se
1714 2165 1941 2204 ordinantur
1967 2166 2016 2203 ad
2043 2166 2318 2216 perfectionem
2343 2167 2548 2217 spiritualis
2565 2167 2621 2206 vi-

1554 2226 1634 2265 tae,
1671 2231 1791 2268 quam
1825 2218 1888 2256 illa
1921 2231 2022 2268 quae
2057 2219 2285 2257 ordinantur
2317 2232 2388 2270 per
2422 2220 2620 2270 accidens,

1556 2271 1695 2308 scilicet
1722 2271 1771 2308 ad
1799 2271 2084 2309 removendum
2107 2272 2294 2310 nocivum
2321 2272 2498 2311 accidens
2516 2272 2530 2296 ὅ
2558 2273 2621 2312 su-

1556 2323 1803 2373 perveniens:
1843 2323 2062 2361 cuiusmodi
2097 2332 2187 2362 sunt
2218 2325 2453 2374 poenitentia
2485 2334 2521 2364 et
2558 2338 2620 2364 ex-

1556 2384 1678 2414 trema
1697 2376 1838 2413 unctio.
1868 2376 2062 2414 Posterior
2078 2384 2209 2414 tamen
2236 2386 2293 2415 est
2319 2379 2540 2417 naturaliter
2558 2391 2621 2417 ex-

1556 2437 1679 2466 trema
1705 2429 1848 2476 unctio,
1876 2441 1976 2478 quae
2005 2438 2206 2467 conservat
2233 2431 2472 2469 sanationem
2501 2444 2622 2482 quam

1557 2481 1790 2532 poenitentia
1817 2481 1974 2519 inchoat
1992 2487 2015 2519 ².

1610 2536 1710 2572 Inter
1724 2534 1796 2572 alia
1809 2547 1903 2572 vero
1922 2534 2004 2582 tria,
2019 2535 2266 2573 manifestum
2281 2536 2292 2560 ²
2307 2545 2362 2574 est
2377 2538 2484 2586 quod
2503 2537 2622 2588 bapti÷

1559 2600 1678 2634 smus,
1694 2587 1761 2636 qui
1776 2595 1831 2624 est
1845 2587 2047 2636 spiritualis
2066 2588 2312 2637 regeneratio,
2328 2597 2384 2626 est
2397 2590 2571 2640 primum
2584 2595 2621 2638 '¹;

1559 2648 1595 2678 et
1623 2640 1761 2677 deinde
1781 2640 2037 2688 confirmatio,
2057 2653 2157 2690 quae
2186 2641 2386 2679 ordinatur
2413 2643 2467 2680 ad
2480 2643 2621 2681 forma-

1558 2695 1635 2730 lem
1654 2693 1927 2742 perfectionem
1946 2693 2111 2737 virtutis;
2142 2702 2178 2731 et
2195 2696 2450 2744 postmodum
2469 2697 2622 2734 Eucha-

1559 2746 1672 2793 ristia,
1702 2758 1802 2795 quae
1830 2746 2029 2783 ordinatur
2056 2747 2105 2784 ad
2132 2747 2408 2796 perfectionem
2426 2746 2439 2770 θ
2466 2749 2567 2787 finis.

1611 2800 1668 2836 Αι)
1698 2811 1833 2836 PmMUM
1861 2811 1959 2836 ERGO
1985 2811 2168 2838 DICENDUM
2189 2801 2298 2850 quod
2315 2801 2619 2850 matrimonium,

1558 2852 1775 2888 secundum
1803 2852 1910 2901 quod
1939 2851 2138 2890 ordinatur
2169 2854 2218 2891 ad
2246 2853 2453 2892 animalem
2479 2854 2620 2903 vitam,

1558 2912 1613 2941 est
1641 2912 1798 2942 naturae
1827 2904 2011 2942 officium.
2042 2906 2119 2943 Sed
2138 2907 2355 2944 secundum
2373 2907 2480 2956 quod
2507 2907 2623 2945 habet

1558 2957 1702 3006 aliquid
1730 2957 2009 3006 spiritualitatis,
2039 2966 2095 2995 est
2121 2966 2417 2997 sacramentum.
2454 2960 2503 2997 Et
2529 2960 2622 3010 quia

1559 3010 1766 3047 minimum
1794 3010 1910 3048 habet
1938 3011 1986 3048 de
2004 3010 2280 3061 spiritualitate,
2301 3011 2437 3050 ultimo
2465 3012 2623 3062 ponitur

1559 3071 1657 3100 mter
1684 3071 1931 3101 sacramenta.

1613 3117 1670 3153 AD
1690 3128 1879 3154 SECUNDUM
1897 3128 2078 3155 mcENDUM
2106 3117 2226 3166 quod,
2246 3118 2295 3155 ad
2322 3118 2400 3155 hoc
2426 3118 2535 3168 quod
2557 3118 2622 3156 ali-

1561 3168 1655 3218 quid
1690 3168 1735 3205 sit
1767 3181 1900 3217 agens,
1929 3169 2255 3219 praesupponitur
2286 3171 2396 3220 quod
2432 3170 2478 3208 sit
2513 3171 2554 3209 in
2581 3184 2622 3209 se

1560 3222 1783 3271 perfectum.
1812 3222 1861 3259 Et
1887 3221 1976 3260 ideo
2003 3222 2133 3272 priora
2159 3230 2249 3260 sunt
2275 3231 2514 3262 sacramenta
2539 3225 2623 3274 qui-

1614 3353 1637 3386 ε)
1657 3355 1770 3379 inchoat.
1789 3369 1808 3373 -
1825 3362 1893 3387 quae
1911 3355 2019 3380 inchoat
2037 3355 2058 3380 E
2078 3360 2103 3380 et
2121 3356 2256 3381 editiones.

1613 3388 1639 3423 ζ)
1660 3390 1836 3423 manifestum.
1853 3404 1874 3409 —
1891 3390 1951 3419 Pu»,-
1970 3391 2128 3416 notandum.

1613 3426 1640 3457 η)
1655 3426 1784 3457 primum.
1801 3439 1821 3444 —-
1834 3426 1940 3457 primus
1959 3426 1976 3455 Ι,
1992 3429 2029 3458 p9
2052 3426 2085 3457 H,
2100 3426 2179 3458 prius
2198 3426 2330 3452 editiones.

1613 3458 1638 3494 Θ)
1655 3461 1853 3493 perfectionem.
1871 3475 1890 3480 -
1907 3461 1990 3491 Alias,
2009 3462 2220 3488 consecutionem
2239 3470 2329 3495 margo
2347 3462 2376 3487 P.

2644 532 2654 541 ·
2699 547 2704 552 .
2719 536 2783 559 corp.
2803 534 2854 558 m„

2644 615 2855 670 ararem-2
