2878 4088
154 721 162 730 ¹
176 719 233 741 Dist.
243 725 305 746 xxiv,
315 725 366 746 cap.

155 746 273 773 Septimus
287 747 331 767 est.

154 1161 162 1169 '¹
169 1158 304 1185 AdEphes.‚
313 1163 362 1184 cap.

154 1191 233 1211 1‚vers‚
241 1191 278 1211 ²23
289 1190 362 1211 cap.v‚

153 1217 212 1233 vers.
228 1218 262 1240 ²3·

153 1332 162 1341 ·
169 1329 230 1351 Eccl.
237 1329 304 1351 Hier.
312 1336 362 1357 cap.

152 1363 173 1383 v,
185 1360 242 1384 part.
255 1363 268 1383 ι,
280 1357 317 1384 57.

152 1956 162 1966 '¹
172 1955 366 1982 Quantulum.

155 1987 175 2006 η.
190 1988 212 2007 4.

155 2714 165 2723 ·
171 2711 245 2733 Exod.
255 2717 304 2739 cap.
311 2716 364 2737 xxv,

155 2745 277 2786 ff‘tiassi.
298 2763 320 2785 E
345 2775 356 2780 -

155 2792 208 2814 mol.
229 2791 268 2813 lib.
290 2790 321 2812 Vl
332 2790 355 2823 J.

155 2825 226 2867 ffli't.
234 2824 302 2871 ιέιιιρ..
307 2816 355 2870 12⁴5,

155 2878 213 2893 vers.
231 2877 266 2893 ιο.

156 2898 204 2920 'Aa
212 2898 269 2919 Heb.
276 2903 326 2924 cap.
334 2903 366 2924 ix,

157 2931 215 2947 vers.
231 2924 250 2946 8.

157 2954 166 2962 ·
182 2951 238 2973 lbid.
255 2956 314 2972 vers.
329 2956 365 2977 7.-

158 2977 193 2999 Ct'.
217 2976 291 2999 Exod.
315 2982 366 3003 etp.

157 3009 218 3028 xxx,
241 3009 299 3025 vers.
325 3009 366 3028 ως

158 3030 228 3052 Levit.
249 3036 299 3057 cap.
319 3035 368 3056 xvi,

158 3063 216 3078 vers.
231 3063 251 3078 2.

158 3085 168 3095 ·
182 3084 207 3105 Ιιι
223 3088 327 3111 corpore.

160 3285 170 3294 '¹
177 3283 370 3310 Dist.xxtv,eap.1.

399 194 448 240 76

397 271 508 301 ordine
542 277 691 311 suscepto
725 277 875 302 tenentur
907 272 1060 303 ecclesiae
1097 273 1284 303 ministrare.
1320 272 1463 301 Verbum

397 321 503 345 autem
527 315 675 355 Hugonis
706 316 891 356 intelligitur
915 316 954 346 de
978 317 1038 347 illis
1063 317 1119 356 qui
1141 326 1209 346 non
1233 316 1350 345 habent
1377 314 1462 345 unde

396 365 622 390 sustententur.

503 446 602 476 ART.
628 446 679 476 IV.
705 456 809 476 UTRUM
833 457 927 476 summ
951 455 1192 476 SACERDOTALEM
1216 453 1354 473 ORDINEM

560 500 679 520 DEBEAT
702 501 771 521 ESSE
794 501 910 520 ALIQUA
933 499 1083 520 POTESTAS
1107 497 1298 519 EPISCOPALIS

395 540 454 561 Part.
470 540 509 567 ΙΙΙ,
525 547 564 568 qu.
579 547 665 566 Lxxxn,
681 544 722 562 art.
740 547 758 567 ι,
773 541 800 561 ad
816 548 845 566 4:
863 540 893 561 lV
909 540 981 564 Sent.,
993 541 1044 560 dist.
1063 544 1125 564 xxm,
1141 544 1178 565 qu.
1196 544 1210 562 ι,
1222 542 1294 564 ar1.3,
1306 538 1350 564 qu*
1364 543 1384 565 3.
1395 536 1424 558 ad
1437 543 1459 562 ις

743 567 774 588 tv
791 567 857 588 Cont.
874 566 948 591 Genl„
964 572 1014 592 cap.
1030 571 1107 586 ιιιινι.

397 634 479 697 ΑΒ
504 634 651 654 unaarum
675 634 720 654 src
744 632 947 653 moeson-ua.
972 621 1105 651 Videtur
1130 619 1220 659 quod
1239 629 1335 659 supra
1357 628 1458 649 sacer-

1029 193 1292 240 QUAESTIO
1323 194 1403 238 XL,
1425 191 1718 229 ARTICULUS
1753 192 1814 236 IV,
1836 192 1882 236 V,
1902 192 1952 228 VI

1519 269 1760 300 similitudinem
1785 269 1902 299 Christi
1925 275 2075 300 statuens.
2100 270 2142 301 Et
2163 277 2295 311 propter
2317 272 2382 302 hoc
2404 272 2500 303 etiam
2516 272 2583 311 epi-

1517 323 1636 353 scopus
1659 313 1837 353 specialiter
1858 323 1996 353 sponsus
2018 314 2133 345 dicitur
2160 315 2322 351 ecclesiae,
2338 316 2421 347 sicut
2443 321 2475 347 et
2490 315 2583 347 Chri-

1517 363 1583 387 stus
1599 359 1625 387 ἦ

1484 449 1493 469 ς
1700 435 1799 466 ART.
1824 436 1862 466 V.
1888 446 1992 466 ursum
2016 446 2219 467 muscosa-rus
2243 447 2288 467 srr
2312 446 2398 468 ormo

1515 484 1548 506 IV
1562 485 1635 511 Sent„
1658 486 1708 507 dist.
1722 491 1752 507 νιι
1773 492 1811 517 qu.
1823 492 1858 511 ιιι,
1869 490 1910 517 art.
1924 493 1942 512 ι,
1953 487 1997 513 qu*
2008 492 2028 513 2,
2042 486 2071 507 ad
2081 492 2105 515 3:
2121 486 2173 508 dist.
2189 493 2255 510 xxm.
2271 493 2310 514 qu.
2325 493 2339 512 ι,
2350 491 2392 509 nrt.
2402 494 2422 515 3.
2433 488 2478 515 qu*
2487 494 2507 516 3,
2518 487 2547 509 nd
2559 495 2582 514 ι;

1587 512 1624 533 De
1637 512 1736 541 Perfect.
1756 502 1822 534 Vnae
1834 513 1926 540 Spmt..
1942 518 1992 540 cap.
2009 519 2079 538 xxm:
2097 513 2182 541 Quodl.
2198 513 2236 539 ul,
2252 519 2291 541 qu.
2307 519 2338 540 vi,
2352 517 2395 535 m.
2410 520 2431 542 3,
2445 514 2474 535 ad
2491 520 2510 542 5.

1513 585 1599 648 Ab
1624 586 1764 606 auxarum
1792 586 1838 606 sm
1860 585 2065 606 monzon-tm.
2097 576 2231 607 Videtur
2259 576 2349 617 quod
2379 578 2583 618 episcopatus

1578 620 1618 650 sit
1647 620 1738 651 ordo.
1771 620 1896 656 Primo,
1921 630 1979 660 per
2008 621 2071 651 hoc
2095 620 2185 660 quod
2212 621 2387 662 Dionysius
2407 622 2424 638 ⁴*
2446 623 2584 662 assignat

460 668 599 698 dotalem
623 668 768 698 ordinem
792 677 858 697 non
883 666 976 696 debet
1000 674 1066 695 esse
1097 665 1202 704 aliqua
1225 669 1364 704 potestas
1391 664 1457 704 epi·
1474 675 1499 690 10
1512 664 1572 694 hos
1595 670 1657 694 tres
1681 665 1808 695 ordines
1833 665 2063 696 ecclesiasticae
2084 665 2288 702 hierarchiae,
2313 667 2514 706 episcopum,
2534 676 2583 697 sa-

394 713 540 753 scopalis.
566 713 655 743 Sicut
678 713 763 742 enim
786 712 819 741 in
843 711 943 740 littera
959 711 975 725 ³*
999 709 1122 744 dicitur,
1145 708 1227 738 ordo
1245 708 1459 738 sacerdotalis

395 758 434 787 ab
457 758 568 787 Aaron
599 756 733 796 sumpsit
762 755 940 786 exordium.
975 752 1038 783 Sed
1065 754 1098 782 in
1122 753 1220 782 veteri
1249 752 1319 792 lege
1350 753 1458 783 nullus

395 807 460 831 erat
489 811 583 841 supra
605 801 723 830 Aaron.
755 800 840 839 Ergo
870 807 930 827 nec
957 798 989 827 in
1013 806 1097 827 nova
1126 797 1196 836 lege
1227 796 1322 827 debet
1352 797 1458 837 aliqua

393 851 533 886 potestas
557 854 624 875 esse
648 854 743 884 supra
765 842 1002 873 sacerdotalem.

450 899 478 919 2.
503 890 697 923 PRAETEREA,
722 893 860 927 potestas
885 885 1048 916 ordinatur
1072 885 1251 916 secundum
1270 891 1369 916 aetus.
1395 885 1458 916 Sed

393 934 500 964 nullus
524 939 611 962 actus
628 942 714 962 sacer
732 937 838 971 potest
855 940 921 960 esse
937 930 1040 960 maior
1063 939 1161 970 quam
1185 940 1370 972 consecrare
1387 939 1457 960 cor-

393 988 452 1018 pus
470 977 596 1012 Christi,
614 976 652 1006 ad
671 975 759 1015 quod
784 981 830 1005 est
853 980 992 1015 potestas
1016 974 1228 1004 sacerdotalis.
1253 975 1338 1015 Ergo
1363 984 1458 1014 supra

392 1021 619 1052 sacerdotalem
643 1025 833 1059 potestatem
857 1029 924 1049 non
948 1018 1042 1048 debet
1065 1028 1133 1049 esse
1158 1019 1358 1058 episcopalis.

448 1065 477 1095 3.
494 1065 689 1099 Pmnmnssx,
703 1063 849 1093 sacerdos
865 1064 898 1093 in
915 1062 1079 1093 offerendo
1096 1064 1176 1103 gerit
1192 1062 1326 1102 figuram
1340 1063 1457 1093 Christi

391 1110 423 1139 in
440 1109 592 1144 Ecclesia,
610 1109 665 1148 qui
682 1118 715 1138 se
737 1108 819 1137 Patri
839 1117 898 1148 pro
921 1108 1013 1137 nobis
1036 1107 1162 1137 obtulit.
1189 1107 1251 1138 Sed
1266 1108 1300 1137 in
1315 1107 1459 1138 Ecclesia

390 1153 496 1183 nullus
520 1159 566 1183 est
589 1153 691 1182 maior
716 1151 861 1182 Christo:
887 1152 963 1192 quia
979 1152 1045 1192 ipse
1068 1157 1116 1182 est
1137 1156 1235 1192 caput
1248 1151 1414 1182 Ecclesiae
1429 1152 1456 1182 ἦ

390 1198 474 1237 Ergo
498 1197 586 1227 nulla
615 1202 755 1237 potestas
784 1196 878 1226 debet
901 1205 968 1226 esse
992 1206 1087 1236 supra
1111 1196 1341 1226 sacerdotalem
1365 1200 1457 1236 pote-

392 1248 514 1272 statem.

445 1286 506 1317 San
532 1296 670 1321 CONTRA,
695 1290 835 1325 potestas
859 1290 948 1315 tanto
973 1290 1019 1315 est
1042 1285 1134 1315 altior
1158 1291 1279 1325 quanto
1304 1284 1343 1315 ad
1366 1286 1458 1326 plura

390 1341 422 1361 se
440 1331 588 1361 extendit.
614 1329 677 1361 Sed
699 1335 838 1370 potestas
862 1329 1075 1365 sacerdotalis,
1092 1335 1128 1360 ut
1143 1330 1318 1370 Dionysius
1343 1329 1418 1361 dicit
1429 1331 1456 1367 ἦ

391 1375 530 1406 extendit
553 1385 586 1405 se
610 1374 649 1404 ad
667 1374 880 1415 purgandum
901 1379 931 1404 et
947 1374 1198 1404 illuminandum
1221 1380 1365 1411 tantum;
1390 1376 1457 1415 epi-

390 1420 525 1460 scopalis
555 1425 663 1449 autem
693 1419 732 1449 ad
762 1419 825 1449 hoc
855 1424 885 1449 et
909 1418 948 1448 ad
969 1419 1214 1460 perficiendum.
1246 1419 1331 1459 Ergo
1362 1429 1458 1460 supra

390 1464 617 1495 sacerdotalem
641 1469 831 1503 potestatem
855 1462 949 1493 debet
973 1472 1040 1493 esse
1064 1463 1264 1503 episcopalis.

446 1518 474 1539 2.
499 1509 694 1544 PRAETEREA,
720 1507 825 1538 divina
848 1508 1022 1537 ministeria
1046 1507 1162 1538 debent
1190 1517 1257 1538 esse
1281 1509 1381 1548 magis
1405 1518 1457 1539 or-

390 1553 496 1583 dinata
520 1562 617 1593 quam
645 1553 794 1583 humana.
826 1552 890 1583 Sed
919 1552 1136 1582 humanorum
1167 1551 1349 1582 officiorum
1376 1553 1456 1583 ordo

391 1599 486 1638 exigit
518 1603 553 1627 ut
582 1598 616 1627 in
649 1597 793 1637 quolibet
825 1596 933 1627 officio
966 1602 1181 1636 praeponatur
1213 1606 1297 1627 unus
1330 1597 1387 1637 qui
1418 1598 1458 1627 sit

390 1643 537 1682 princeps
571 1641 654 1671 illius
690 1640 804 1671 officii:
841 1641 922 1671 sicut
954 1641 1162 1681 praeponitur
1194 1641 1348 1671 militibus
1381 1641 1455 1672 dux.

390 1687 475 1726 Ergo
501 1692 531 1716 et
554 1685 769 1716 sacerdotibus
794 1685 887 1715 debet
911 1685 1024 1725 aliquis
1047 1685 1203 1725 praeponi
1227 1686 1283 1725 qui
1300 1686 1338 1715 sit
1354 1695 1456 1716 sacer-

391 1731 504 1761 dotum
532 1731 689 1770 princeps.
722 1730 762 1760 Et
785 1730 836 1760 hic
860 1734 907 1759 est
936 1730 1118 1769 episcopus.
1149 1729 1235 1769 Ergo
1267 1730 1457 1770 episcopalis

390 1770 530 1816 potestas
554 1774 648 1805 debet
672 1784 739 1804 esse
763 1783 858 1814 supra
882 1773 1121 1804 sacerdotalem.

446 1820 634 1850 Ruspoxosso
660 1829 818 1848 manDUM
842 1817 931 1858 quod
954 1818 1101 1848 sacerdos
1125 1818 1220 1848 habet
1244 1817 1326 1848 duos
1350 1824 1454 1849 actus:

390 1863 610 1905 principalem,
634 1863 753 1893 scilicet
777 1872 961 1893 consecrare
985 1872 1098 1893 verum
1122 1871 1240 1902 corpus
1264 1861 1401 1899 Christi;
1426 1868 1458 1893 et

391 1907 625 1942 secundarium,
642 1907 762 1937 scilicet
777 1916 962 1947 praeparare
986 1907 1147 1947 populum
1163 1907 1203 1937 ad
1219 1907 1457 1947 susceptionem

390 1954 485 1983 huius
510 1952 707 1987 sacramenti,
732 1957 767 1982 ut
790 1952 877 1991 prius
893 1952 910 1967 ⁴*
934 1951 1055 1981 dictum
1080 1957 1135 1981 est.
1161 1951 1328 1989 Quantum
1349 1957 1457 1982 autem

1473 1564 1498 1584 30

1513 708 1677 739 cerdotem
1699 715 1730 740 et
1745 710 1935 739 ministrum.
1961 709 1997 749 In
2020 709 2123 740 littera
2136 711 2153 726 θ
2166 711 2273 740 ‘etiam
2288 709 2404 741 dicitur
2426 710 2517 751 quod
2536 716 2585 742 est

1513 753 1594 783 ordo
1619 754 1841 794 episcoporum
1865 753 2132 794 quadripartitus.

1569 807 1599 828 2.
1622 798 1826 834 Paaarnam,
1852 797 1933 829 ordo
1956 798 2036 829 nihil
2059 798 2146 829 aliud
2169 803 2216 828 est
2239 808 2337 838 quam
2368 799 2500 839 quidam
2520 809 2582 840 po-

1512 843 1632 873 testatis
1655 842 1770 882 gradus
1794 843 1827 873 in
1850 842 2065 883 spiritualibus
2093 842 2322 883 dispensandis.
2352 843 2415 874 Sed
2438 844 2584 885 episcopi

1474 901 1496 921 ¹5
1512 893 1648 927 possunt
1677 886 1858 927 dispensare
1890 887 1996 927 aliqua
2027 893 2222 918 sacramenta
2249 897 2332 928 quae
2354 898 2424 919 non
2445 894 2583 929 possunt

1513 930 1695 971 dispensare
1725 931 1923 962 sacerdotes:
1955 932 2038 962 sicut
2065 931 2346 963 confirmationem
2369 938 2402 963 et
2424 933 2581 964 ordinem.

1512 975 1598 1015 Ergo
1623 976 1828 1016 episcopatus
1852 981 1899 1006 est
1922 975 2014 1006 ordo.

1569 1020 1599 1050 3.
1624 1019 1821 1056 Praemium,
1838 1021 1871 1050 in
1887 1020 2031 1051 Ecclesia
2045 1030 2114 1051 non
2137 1026 2184 1051 est
2207 1021 2313 1061 aliqua
2335 1021 2506 1062 spiritualis
2521 1031 2582 1062 po-

1512 1068 1607 1094 testas
1629 1064 1690 1094 nisi
1714 1064 1834 1094 ordinis
1850 1064 1902 1094 vel
1923 1065 2160 1095 iurisdictionis.
2185 1065 2248 1096 Sed
2264 1075 2301 1096 ea
2317 1075 2400 1106 quae
2422 1067 2583 1106 pertinent

1472 1122 1499 1136 ω
1513 1108 1553 1138 ad
1576 1108 1794 1148 episcopalem
1823 1114 2015 1148 potestatem
2038 1119 2107 1140 non
2130 1115 2204 1140 sunt
2233 1110 2478 1141 iurisdictionis:
2507 1111 2582 1142 alias

1512 1158 1645 1192 possent
1672 1153 1830 1183 committi
1859 1154 2116 1193 non-episcopo,
2140 1153 2231 1194 quod
2261 1154 2376 1185 falsum
2406 1161 2462 1186 est.
2495 1155 2582 1196 Ergo

1513 1202 1587 1227 sunt
1609 1197 1775 1237 potestatis
1798 1196 1928 1227 ordinis.
1953 1198 2039 1237 Ergo
2063 1198 2236 1238 episcopus
2259 1199 2355 1229 habet
2373 1198 2515 1239 aliquem
2531 1209 2582 1230 or-

1512 1241 1621 1272 dinem
1645 1250 1744 1281 quem
1767 1250 1835 1271 non
1857 1241 1954 1271 habet
1976 1241 2124 1272 sacerdos
2148 1243 2293 1283 simplex.
2325 1243 2367 1273 Et
2388 1243 2433 1274 sic
2457 1244 2582 1284 episco-

1511 1291 1605 1326 patus
1629 1291 1676 1316 est
1699 1285 1790 1316 ordo.

1472 1342 1495 1363 25
1567 1330 1630 1361 San
1654 1340 1780 1360 coN‘rRA
1803 1340 1857 1360 ss‘r
1881 1329 1971 1370 quod
1994 1340 2079 1361 unus
2098 1330 2179 1361 ordo
2194 1340 2264 1361 non
2280 1330 2441 1372 dependet
2456 1341 2475 1362 a
2491 1342 2583 1372 prae-

1512 1374 1648 1410 cedenti,
1674 1380 1832 1415 quantum
1848 1373 1888 1405 ad
1902 1375 2125 1405 necessitatem
2148 1376 2347 1407 sacramenti.
2372 1375 2436 1407 Sed
2458 1377 2582 1417 episco-

1511 1420 1592 1460 palis
1614 1425 1756 1459 potestas
1779 1418 1940 1459 dependet
1963 1429 1981 1450 a
2004 1419 2211 1450 sacerdotali:
2242 1421 2319 1460 quia
2345 1421 2454 1451 nullus
2476 1426 2584 1462 potest

1511 1465 1652 1504 recipere
1683 1463 1900 1504 episcopalem
1930 1469 2122 1504 potestatem
2149 1465 2211 1495 nisi
2233 1465 2321 1505 prius
2343 1465 2459 1496 habeat
2479 1475 2583 1497 sacer-

1513 1508 1664 1539 dotalem.
1689 1508 1775 1549 Ergo
1799 1508 2004 1548 episcopatus
2027 1518 2094 1539 non
2119 1514 2166 1539 est
2189 1509 2281 1540 ordo.

1569 1562 1597 1583 2.
1622 1553 1819 1589 PmarmA,
1835 1553 1972 1583 maiores
1996 1552 2124 1584 ordines
2147 1563 2216 1584 non
2240 1553 2451 1584 conferuntur
2473 1555 2534 1585 nisi
2549 1555 2583 1586 in

1511 1597 1648 1628 sabbatis
1660 1598 1687 1628 ἦ
1708 1597 1770 1628 Sed
1786 1597 1976 1638 episcopalis
1992 1603 2133 1638 potestas
2149 1597 2281 1630 traditur
2294 1599 2330 1629 in
2345 1598 2525 1630 Dominicis
2537 1600 2582 1630 **.

1511 1642 1597 1682 Ergo
1621 1651 1690 1672 non
1714 1647 1761 1672 est
1785 1641 1876 1672 ordo.
2248 1660 2252 1663 >

1566 1686 1756 1716 Raspommo
1780 1696 1940 1716 mmmmm
1956 1686 2046 1727 quod
2061 1686 2142 1717 ordo
2158 1692 2265 1727 potest
2280 1687 2384 1728 accipi
2402 1687 2581 1728 dupliciter.

1511 1731 1586 1762 Uno
1610 1730 1722 1767 modo,
1738 1730 1918 1761 secundum
1942 1730 2032 1771 quod
2048 1736 2094 1761 est
2108 1737 2344 1762 sacramentum
2359 1733 2386 1762 ἦ
2410 1732 2452 1762 Et
2474 1733 2530 1769 sic,
2546 1738 2583 1764 ut

1472 1792 1495 1812 ,ς
1511 1776 1599 1815 prius
1615 1776 1632 1792 *θ
1656 1775 1778 1806 dictum
1802 1780 1858 1811 est,
1884 1775 2049 1806 ordinatur
2071 1776 2178 1806 omnis
2202 1775 2282 1814 ordo
2306 1775 2347 1806 ad
2364 1776 2582 1808 Eucharistiae

1512 1825 1756 1850 sacramentum.
1790 1819 1894 1855 Unde,
1920 1829 1995 1850 cum
2019 1820 2190 1860 episcopus
2213 1830 2282 1851 non
2304 1820 2420 1851 habeat
2442 1827 2582 1861 potesta-

1511 1870 1577 1895 tem
1601 1865 1801 1939 superiogem
1831 1864 1995 1895 sacerdote
2026 1870 2185 1904 quantum
2209 1864 2249 1895 ad
2271 1865 2352 1901 hoc,
2377 1866 2582 1907 episcopatus

1511 1919 1579 1940 non
1603 1909 1661 1939 erit
1684 1918 1722 1939 or
1745 1918 1776 1939 o.

1567 1953 1641 1983 Alio
1665 1952 1766 1983 modo
1790 1957 1896 1993 potest
1919 1953 2112 1983 considerari
2136 1952 2217 1983 ordo
2233 1952 2413 1984 secundum
2429 1953 2520 1994 quod
2535 1959 2583 1985 est

391 1997 430 2027 ad
446 1997 586 2037 primum
610 2002 727 2031 actum,
744 2001 832 2026 actus
849 1995 1020 2025 sacerdotis
1036 2005 1104 2025 non
1120 1995 1280 2035 dependet
1295 1996 1334 2025 ab
1351 1996 1457 2035 aliqua
1471 2012 1498 2032 40
1512 1997 1656 2027 officium
1668 1996 1834 2037 quoddam
1850 2002 1997 2037 respectu
2013 1997 2214 2037 quarundam
2230 1998 2395 2028 actionum
2411 2007 2581 2029 sacrarum.

391 2042 545 2081 superiori
570 2045 726 2080 potestate
743 2040 802 2070 nisi
819 2040 933 2069 divina.
959 2039 1021 2070 Sed
1038 2045 1195 2079 quantum
1211 2039 1250 2069 ad
1267 2040 1456 2076 secundum,

391 2085 550 2125 dependet
572 2085 610 2114 ab
635 2085 742 2124 aliqua
765 2084 920 2124 superiori
943 2089 1100 2123 potestate
1121 2089 1151 2114 et
1167 2085 1317 2114 humana.
1343 2083 1457 2114 Omnis

391 2131 476 2160 enim
499 2134 638 2170 potestas
663 2138 745 2168 quae
768 2138 836 2158 non
859 2133 966 2168 potest
989 2129 1072 2158 exire
1096 2129 1130 2158 in
1153 2134 1261 2159 actum
1284 2129 1345 2158 nisi
1366 2138 1456 2168 prae-

390 2174 562 2215 suppositis
586 2172 777 2213 quibusdam
802 2171 1066 2209 ordinationibus,
1083 2171 1243 2212 dependet
1266 2173 1304 2202 ab
1329 2172 1381 2202 illa
1396 2182 1456 2213 po·-

1511 2042 1553 2072 Et
1579 2042 1642 2077 sic,
1671 2051 1747 2071 cum
1778 2041 1949 2081 episcopus
1979 2042 2094 2072 habeat
2123 2047 2315 2081 potestatem
2340 2042 2375 2072 in
2402 2042 2582 2074 actionibus

1511 2086 1713 2116 hierarchicis
1742 2091 1890 2125 respectu
1919 2086 2063 2126 corporis
2093 2086 2220 2127 mystici
2245 2095 2342 2126 supra
2365 2086 2581 2124 sacerdotem,

1512 2131 1715 2170 episcopatus
1739 2130 1798 2159 erit
1821 2129 1912 2160 ordo.
1937 2130 1978 2160 Et
1993 2129 2173 2160 secundum
2191 2130 2254 2161 hoc
2269 2130 2449 2171 loquuntur
2471 2137 2583 2163 aueto-

1510 2175 1617 2205 ritates
1640 2173 1790 2204 inductae
1805 2174 1832 2204 ἦ

389 2224 499 2249 testate
524 2227 605 2258 quae
630 2217 697 2247 illas
722 2216 938 2247 ordinationes
962 2216 1045 2247 facit.
1077 2216 1231 2247 Sacerdos
1258 2222 1365 2247 autem
1389 2227 1456 2248 non
1471 2232 1494 2253 45
1567 2218 1660 2249 Unde
1684 2223 1771 2258 patet
1795 2218 1914 2248 solutio
1939 2218 1979 2249 ad
2001 2220 2153 2259 primum.

389 2268 495 2303 potest
518 2262 681 2292 absolvere
709 2267 740 2291 et
762 2261 858 2301 ligare
888 2261 950 2291 nisi
979 2262 1223 2302 praesupposita
1252 2261 1456 2302 praelationis
1566 2263 1618 2293 Ar>
1642 2272 1805 2293 secuuntur
1828 2273 1988 2293 mensuum
2004 2263 2094 2304 quod
2110 2263 2201 2300 ordo,
2217 2269 2316 2304 prout
2338 2269 2386 2295 est
2402 2274 2583 2296 sacramen-

389 2307 617 2342 iurisdictione,
635 2315 699 2346 qua
722 2305 780 2336 sibi
803 2305 979 2336 subdantur
1002 2305 1047 2336 illi
1072 2315 1154 2346 quos
1179 2306 1323 2337 absolvit.
1349 2306 1458 2337 Potest
1511 2313 1581 2338 tum
1604 2307 1792 2347 imprimens
1820 2307 2051 2344 characterem,
2076 2308 2241 2339 ordinatur
2271 2309 2450 2349 specialiter
2471 2309 2512 2340 ad
2533 2319 2582 2340 sa-

390 2358 497 2382 autem
521 2360 706 2382 consecrare
730 2350 906 2390 quamlibet
929 2351 1094 2380 materiam
1117 2360 1135 2380 a
1155 2349 1283 2381 Christo
1307 2350 1457 2381 determi-
1511 2357 1711 2383 cramentum
1735 2352 1962 2388 Eucharistiae,
1978 2353 2012 2383 in
2035 2362 2103 2393 quo
2122 2353 2190 2393 ipse
2214 2351 2361 2384 Christus
2384 2354 2580 2386 continetur:

390 2403 513 2432 natam,
537 2405 598 2426 nec
621 2394 707 2425 aliud
734 2395 921 2435 requiritur,
947 2400 1104 2434 quantum
1133 2400 1179 2425 est
1207 2395 1247 2426 de
1270 2396 1457 2426 necessitate

1512 2397 1588 2437 quia
1610 2406 1667 2437 per
1690 2397 1904 2427 characterem
1928 2397 1988 2437 ipsi
2011 2396 2141 2428 Christo
2165 2396 2415 2438 configuramur.
2439 2398 2481 2429 Et
2495 2398 2581 2436 ideo,

390 2441 594 2471 sacramenti:
627 2440 772 2480 quamvis
797 2449 834 2469 ex
859 2438 997 2479 quadam
1028 2440 1227 2479 congruitate
1258 2449 1457 2480 praesuppo-
1472 2453 1498 2474 ςο
1511 2441 1586 2472 licet
1609 2440 1700 2472 detur
1724 2441 1831 2481 aliqua
1853 2446 1994 2481 potestas
2017 2442 2187 2482 spiritualis
2211 2442 2366 2483 episcopo
2385 2443 2419 2473 in
2434 2443 2485 2473 sui
2505 2452 2582 2483 pro-

390 2492 483 2516 natur
506 2490 594 2515 actus
618 2484 807 2524 episcopalis
823 2484 856 2513 in
873 2484 1114 2514 consecratione
1133 2484 1237 2514 altaris
1253 2484 1303 2514 vel
1321 2485 1457 2515 vestium

392 2536 423 2560 et
445 2528 640 2560 huiusmodi.
666 2528 706 2558 Et
721 2529 763 2558 ita
779 2533 866 2568 patet
890 2528 978 2568 quod
1001 2534 1130 2568 oportet
1153 2539 1221 2559 esse
1245 2538 1340 2569 supra
1356 2539 1457 2560 sacer-

392 2574 532 2605 dotalem
562 2578 751 2613 potestatem
783 2573 998 2613 episcopalem
1030 2579 1187 2613 quantum
1215 2573 1254 2603 ad
1277 2579 1386 2604 actum
1409 2583 1457 2604 se-

393 2618 581 2649 cundarium
605 2617 785 2653 sacerdotis,
810 2627 877 2647 non
901 2623 1057 2657 quantum
1082 2617 1121 2648 ad
1144 2618 1296 2658 primum.

1510 2486 1658 2516 morione
1681 2491 1828 2526 respectu
1857 2485 2041 2526 aliquorum
2069 2491 2359 2523 sacramentorum,
2383 2496 2451 2517 non
2474 2492 2582 2518 tamen

1511 2530 1565 2561 illa
1587 2535 1729 2570 potestas
1752 2530 1847 2560 habet
1869 2531 2028 2561 rationem
2051 2531 2238 2562 characteris
2253 2531 2280 2562 θ.
2303 2531 2346 2562 Et
2364 2537 2496 2571 propter
2517 2532 2582 2564 hoc

1512 2575 1717 2615 episcopatus
1732 2584 1800 2605 non
1816 2579 1864 2605 est
1886 2574 1978 2611 ordo,
1995 2575 2175 2606 secundum
2199 2574 2290 2615 quod
2313 2575 2393 2606 ordo
2418 2581 2466 2606 est
2479 2585 2582 2608 sau-a-

1511 2625 1659 2650 mentum
1683 2618 1857 2659 quoddam.

447 2663 497 2693 Αι)
521 2672 637 2692 ramum
661 2671 743 2703 nano
771 2671 929 2691 DICENDUM
961 2661 1049 2702 quod
1079 2663 1188 2693 Aaron
1219 2661 1366 2693 sacerdos
1398 2662 1458 2693 fuit

393 2713 423 2737 et
446 2705 590 2747 pontifex
606 2707 632 2742 θ’,
657 2705 737 2736 idest
760 2706 961 2736 sacerdotum
972 2707 1124 2747 princeps
1140 2708 1183 2737 Η.
1214 2706 1357 2747 Sumpsit
1381 2716 1456 2747 ergo

393 2751 594 2782 sacerdotalis
626 2756 767 2791 potestas
797 2750 835 2780 ab
866 2751 937 2790 ipso
969 2750 1136 2781 exordium
1165 2752 1359 2792 inquantum
1397 2750 1458 2782 fuit

392 2795 538 2826 sacerdos
562 2794 713 2825 sacrificia
737 2794 894 2826 offerens:
922 2795 1012 2836 quod
1036 2796 1132 2826 etiam
1155 2796 1336 2827 minoribus
1352 2805 1458 2826 sacer-

393 2840 520 2870 dotibus
535 2840 650 2870 licebat
665 2841 691 2870 ⁵.
717 2839 780 2870 Sed
795 2849 862 2869 non
879 2840 917 2869 ab
935 2850 974 2870 eo
999 2841 1192 2880 inquantum
1208 2840 1269 2871 fuit
1291 2839 1455 2881 pontifex:

392 2894 449 2925 per
473 2894 570 2924 quam
599 2890 790 2924 potestatem
821 2890 944 2924 poterat
975 2885 1081 2924 aliqua
1111 2884 1231 2919 facere,
1262 2891 1298 2915 ut
1328 2885 1498 2926 ingrediso

392 2929 489 2960 semel
505 2929 536 2959 in
554 2938 640 2959 anno
664 2934 776 2959 sancta
797 2934 994 2965 sanctorum,
1012 2929 1102 2969 quod
1125 2929 1192 2960 aliis
1216 2939 1284 2959 non
1299 2930 1414 2960 licebat
1429 2930 1456 2959 ’ἢ

447 2974 497 3003 Αι)
522 2983 682 3003 SECUNDUM
707 2983 863 3003 mensuum
889 2973 977 3013 quod
1002 2980 1159 3014 quantum
1179 2973 1218 3004 ad
1234 2974 1326 3004 illum
1350 2979 1458 3004 actum

1473 2674 1495 2695 55
1566 2664 1618 2694 An
1646 2673 1781 2694 warum
1811 2673 1971 2694 mmmmm
2001 2663 2089 2704 quod
2121 2669 2261 2704 potestas
2293 2664 2484 2705 episcopalis
2511 2675 2583 2696 non

1513 2713 1559 2738 est
1582 2714 1706 2738 tanturn
1730 2707 1967 2745 iurisdictionis,
1992 2708 2048 2739 sed
2071 2709 2167 2739 etiam
2191 2708 2321 2745 ordinis,
2337 2714 2374 2739 ut
2397 2718 2435 2740 ex
2459 2709 2550 2740 dietis
2565 2711 2582 2727 ³

1511 2758 1608 2792 patet,
1633 2752 1813 2784 secundum
1835 2752 1927 2793 quod
1950 2752 2030 2784 ordo
2055 2753 2271 2784 communiter
2292 2754 2458 2794 accipitur.

1741 2827 1841 2858 ART.
1865 2827 1918 2857 VI.
1943 2837 2049 2858 urium
2072 2837 2168 2858 sumu
2192 2838 2355 2859 nprscopos

1677 2881 1780 2903 Possrr
1804 2882 1873 2902 ESSE
1897 2882 2019 2902 aucuns
2043 2882 2193 2903 SUPERIOR
2215 2882 2247 2903 m
2270 2882 2416 2904 Eccutsu

1567 2923 1634 2946 cont.
1649 2922 1735 2946 Error.
1751 2922 1837 2945 Graec.
1855 2922 1955 2950 (Opusc.
1971 2923 2000 2949 Ι),
2015 2929 2074 2944 vers.
2090 2922 2144 2949 fin.;
2158 2922 2192 2944 IV
2207 2922 2275 2946 Cone.
2292 2922 2368 2950 Gent„
2384 2929 2435 2950 cap.
2448 2929 2528 2946 mn.

1578 2984 1597 3004 n
1621 2983 1740 3004 saxi-tm
1764 2983 1809 3004 sic
1832 2982 2037 3003 raccant-run.
2061 2972 2196 3004 Videtur
2222 2972 2313 3014 quod
2339 2982 2435 3013 supra
2456 2973 2581 3014 episco—

393 3027 460 3047 non
484 3023 530 3047 est
553 3018 658 3057 aliqua
681 3023 821 3057 potestas
845 3018 1000 3058 superior,
1025 3018 1080 3048 sed
1104 3024 1262 3058 quantum
1285 3017 1325 3049 ad
1348 3018 1456 3054 alium,
1515 2987 1638 3058 Apos
1661 3027 1728 3048 non
1751 3018 1853 3058 possit
1876 3026 1944 3047 esse
1967 3017 2081 3057 aliquis
2099 3018 2245 3058 superior
2260 3017 2294 3048 in
2316 3017 2469 3048 Ecclesia.
2495 3017 2581 3055 Quia

395 3067 430 3092 ut
454 3061 575 3092 dictum
598 3067 644 3092 est
660 3062 686 3092 ’ἢ
1513 3072 1626 3093 omnes
1643 3063 1788 3103 episcopi
1804 3066 1878 3092 sunt
1889 3062 2122 3102 Apostolorum
2138 3070 2346 3092 successores
2364 3061 2427 3092 Sed
2441 3066 2581 3102 potestas

448 3106 498 3135 Αι)
522 3116 655 3136 ram-nm
679 3116 837 3136 mesanum
862 3105 967 3146 quod,
992 3106 1074 3137 sicut
1101 3108 1250 3137 omnium
1273 3116 1380 3137 rerum
1403 3116 1459 3137 na-
1472 3115 1496 3142 65
1514 3117 1597 3148 quae
1614 3112 1660 3137 est
1679 3106 1750 3137 data
1768 3106 1825 3137 uni
1841 3106 2085 3146 Apostolorum,
2102 3105 2223 3136 scilicet
2238 3105 2343 3142 Petro,
2361 3105 2473 3137 Matth.
2489 3115 2542 3136 xvr
2553 3107 2580 3143 *‚

394 3150 543 3180 turalium
559 3150 770 3190 perfectiones
787 3151 1002 3190 praeexistunt
1018 3151 1238 3191 exemplariter
1261 3152 1294 3181 in
1318 3151 1400 3188 Deo,
1417 3152 1459 3182 ita
1513 3157 1561 3182 est
1583 3151 1655 3182 data
1678 3151 1830 3181 omnibus
1845 3150 2009 3190 Apostolis
2032 3150 2119 3180 Ioan.
2136 3159 2177 3180 xx
2188 3150 2215 3180 ἢ
2239 3150 2326 3190 Ergo
2347 3150 2493 3190 episcopi
2507 3155 2583 3181 sunt

396 3193 539 3224 Christus
568 3194 627 3224 fuit
656 3194 815 3234 exemplar
839 3195 987 3225 omnium
1017 3195 1199 3226 officiorum
1229 3195 1460 3226 ecclesiastico·
1513 3205 1615 3236 pares,
1640 3201 1671 3226 et
1693 3205 1777 3226 unus
1801 3204 1869 3226 non
1892 3199 1939 3225 est
1961 3204 2056 3234 supra
2079 3194 2187 3225 alium.

396 3247 476 3268 rum.
506 3237 598 3269 Unde
626 3239 848 3278 unusquisque
876 3239 1018 3269 minister
1048 3240 1209 3270 Ecclesiae
1241 3245 1397 3280 quantum
1421 3239 1460 3270 ad
1571 3249 1600 3270 2.
1625 3240 1821 3275 Palmam,
1838 3239 1916 3270 ritus
1939 3238 2100 3270 Ecclesiae
2122 3238 2223 3278 magis
2246 3237 2341 3268 debet
2363 3248 2432 3269 esse
2450 3237 2581 3270 confor-

397 3282 516 3321 aliquid
539 3283 618 3322 gerit
640 3288 754 3323 typum
771 3282 898 3319 Christi,
915 3289 951 3313 ut
967 3293 1004 3313 ex
1020 3284 1122 3314 littera
1138 3285 1154 3300 ᾗ
1177 3290 1280 3324 patet:
1306 3290 1337 3314 et
1352 3290 1459 3315 tamen
1513 3285 1575 3315 mis
1597 3284 1672 3314 ritui
1694 3283 1888 3314 Iudaeorum
1911 3292 2010 3324 quam
2032 3283 2106 3313 ritui
2128 3282 2306 3322 gentilium.
2333 3282 2398 3313 Sed
2420 3282 2589 3314 distinctio.

397 3326 449 3355 ille
480 3331 526 3356 est
556 3327 700 3366 superior
735 3328 791 3366 qui
825 3327 1004 3357 secundum
1037 3329 1193 3358 maiorem
1227 3328 1460 3368 perfectionem
1474 3342 1501 3363 7⁰
1513 3328 1705 3368 episcopalis
1728 3327 1904 3368 dignitatis,
1929 3333 1960 3357 et
1982 3326 2141 3358 ordinatio
2166 3327 2262 3357 unius
2283 3336 2381 3367 super
2408 3327 2522 3363 alium,
2545 3332 2582 3358 ut

399 3369 561 3400 Christum
584 3376 805 3409 repraesentat.
830 3370 983 3401 Sacerdos
1007 3378 1115 3402 autem
1138 3378 1351 3412 repraesentat
1369 3372 1461 3403 Chri·
1514 3374 1548 3403 in
1571 3373 1673 3403 littera
1688 3373 1704 3388 ⁴*
1728 3371 1856 3407 dicitur,
1881 3377 1928 3402 est
1950 3381 1970 3401 a
1992 3371 2167 3412 gentilibus
2190 3371 2398 3402 introducta:
2419 3372 2454 3402 in
2483 3371 2582 3402 veteri

399 3419 483 3443 stum
498 3414 531 3443 in
546 3414 609 3444 hoc
627 3414 715 3453 quod
738 3423 794 3454 per
810 3415 950 3454 seipsum
967 3415 1098 3455 aliquod
1119 3417 1331 3447 ministerium
1347 3417 1461 3457 imple-
1515 3422 1623 3448 autem
1643 3417 1714 3456 lege
1728 3426 1797 3447 non
1811 3421 1887 3446 erat.
1912 3415 1998 3456 Ergo
2015 3425 2077 3446 nec
2092 3416 2127 3446 in
2142 3415 2285 3446 Ecclesia
2307 3415 2480 3456 episcopus
2497 3425 2581 3446 unus

400 3457 462 3486 vit:
487 3457 542 3487 sed
565 3458 735 3497 episcopus
761 3459 794 3487 in
820 3458 883 3488 hoc
912 3458 1001 3498 quod
1028 3459 1107 3490 alios
1136 3461 1297 3491 ministros
1327 3461 1462 3491 instituit
1514 3471 1611 3501 super
1633 3461 1732 3492 alium
1754 3470 1823 3491 esse
1847 3460 1951 3491 debet.

402 3506 432 3530 et
447 3500 623 3531 Ecclesiam
646 3499 798 3531 fundavit.
823 3501 915 3532 Unde
940 3502 979 3532 ad
1003 3504 1192 3543 episcopum
1215 3505 1351 3544 pertinet
1371 3514 1461 3535 man-
1572 3505 1601 3535 3.
1625 3505 1821 3541 Pmrnnsa,
1839 3505 1983 3545 superior
2006 3509 2146 3544 potestas
2161 3514 2229 3535 non
2244 3509 2351 3544 potest
2369 3502 2508 3535 conferri
2523 3512 2581 3544 per

402 3545 506 3584 cipare
536 3544 655 3584 aliquid
683 3545 795 3575 divinis
823 3545 950 3582 officiis,
976 3547 1064 3586 quasi
1095 3548 1217 3578 cultum
1248 3548 1392 3578 divinum
1421 3548 1461 3579 ad
1476 3561 1499 3582 75
1516 3548 1709 3585 inferiorem,
1733 3558 1840 3589 neque
1865 3547 2005 3589 aequalis
2028 3558 2085 3589 per
2108 3548 2292 3588 aequalem:
2318 3549 2403 3588 quia,
2426 3548 2497 3579 sine
2513 3547 2580 3578 ulla

2611 318 2621 328 ·
2636 316 2717 338 Matth.
2731 322 2780 364 cap.
2791 322 2823 343 ιιι,

2611 349 2669 364 νει-ι.
2696 349 2730 371 ι5ς
2770 349 2784 364 o
2816 358 2822 365 .

2611 376 2660 397 cap.
2670 375 2703 396 ιιι,
2715 375 2774 391 vers.
2785 375 2822 397 ²9·

2610 629 2620 639 ·
2625 627 2689 650 Eccl.
2695 627 2765 650 Hier.
2771 634 2823 656 enp-

2610 660 2632 681 ν,
2644 660 2666 682 p.
2677 654 2695 681 1,
2707 655 2716 681 ξ
2727 655 2750 676 6.

2611 708 2822 757 ὸῗῗιῗ·ἒῗὲἕ.;ι“”’

2609 1596 2738 1652 {²333ss
2766 1603 2822 1647 ‹un‘f

2610 1649 2697 1700 usi.
2714 1676 2822 1700 aa.-

2609 1704 2687 1726 tiones
2700 1704 2751 1732 epte

2610 1730 2822 1786 ςῗίῶέιιιζιιιιῖζ

2610 1812 2620 1822 ·
2627 1799 2676 1839 Q'u.
2681 1799 2772 1838 xxxvii,
2778 1814 2821 1833 nrt.

2608 2178 2620 2190 ·
2637 2175 2664 2199 ln
2679 2182 2731 2204 nra.
2747 2183 2767 2200 ι.

2610 2535 2619 2545 ·
2630 2533 2666 2556 Cf.
2674 2539 2714 2562 qn.
2722 2539 2821 2561 xxxviii,

2609 2563 2652 2583 nrt.
2666 2566 2688 2588 a,
2700 2559 2731 2582 nd
2746 2566 2768 2583 ι.

2609 2700 2620 2711 ·
2633 2700 2660 2723 In
2674 2706 2782 2730 corpore.

2610 3106 2619 3116 ·
2636 3104 2703 3127 vm.
2720 3110 2755 3134 ις.

2610 3155 2620 3164 ·
2634 3152 2701 3175 Vero.
2716 3158 2750 3181 ¹³·
2760 3163 2772 3169 -
2783 3152 2820 3175 Cf.

2608 3179 2821 3229 &mli-upana,

2609 3370 2820 3420 zer-avev-
