2878 4088
0 2374 32 2462 “1'‘

113 1041 126 1051 ·
136 1038 194 1067 Cap.
203 1044 251 1065 rm,
261 1038 329 1061 aliter

114 1070 184 1114 :2¹35
194 1065 326 1115 3⁰33&

113 1117 326 1148 inqut-mma.

114 2054 328 2104 09:353&

111 2111 185 2158 uim
193 2107 264 2132 ·.·n=.
272 2108 326 2131 ieet.

117 3206 328 3235 ‘DeCn'vIt-Dei,

115 3233 330 3263 llb.1111,eap.xxn.

117 3386 128 3396 ·
144 3384 209 3407 Vera.
224 3391 264 3412 44,
277 3384 317 3411 46.

991 168 1253 215 QUAESTIO
1281 167 1484 215 LXXXIII,
1509 168 1801 207 ARTICULUS
1829 171 1861 217 Ι,
1883 172 1912 207 11
2469 184 2534 220 ¹9¹

413 243 554 281 Quarto:
579 250 688 276 utrum
712 255 829 286 corpus
852 247 1030 287 gloriosum
1052 248 1154 287 possit
1177 257 1245 278 esse
1269 257 1345 278 cum
1360 247 1423 277 alio
1478 246 1616 277 Naturis
1631 248 1656 277 ἦ
1674 266 1697 270 -
1711 247 1862 279 Secundo
1886 251 1970 289 quia,
1988 252 2014 281 si
2036 252 2099 282 hoc
2123 259 2204 283 esset
2226 252 2387 293 possibile,
2404 261 2540 292 corpore

447 287 591 327 glorioso
614 290 648 319 in
673 290 789 320 eodem
812 291 897 321 loco.
1477 291 1511 321 in
1534 291 1681 331 spiritum
1705 301 1871 328 converso,
1888 303 1955 323 non
1978 302 2154 335 resurgeret
2176 297 2288 333 homo,
2305 297 2361 336 qui
2381 306 2418 327 ex
2434 297 2540 326 anima

414 331 558 370 Quinto:
583 339 692 364 utrum
722 344 839 375 corpus
868 336 1046 375 gloriosum
1076 337 1254 366 necessario
1285 336 1424 376 requirat
1478 340 1510 365 et
1532 345 1667 375 corpore
1690 336 1873 366 naturaliter
1897 344 2029 368 constat.
2046 357 2068 361 —
2083 340 2194 370 Tertio
2219 342 2303 381 quia,
2320 341 2346 370 si
2361 341 2539 380 Apostolus

448 377 616 416 aequalem
639 379 699 408 sibi
721 379 841 409 locum.
1477 379 1523 409 sic
1549 379 1754 420 intelligeret,
1784 381 1866 410 sicut
1899 382 2045 412 nominat
2074 392 2214 423 corpora
2244 385 2447 425 spiritualia,
2471 385 2539 424 pari

414 419 530 451 Sexto:
554 427 664 452 utrum
687 432 805 463 corpus
827 423 1006 463 gloriosum
1029 425 1068 454 sit
1091 424 1259 465 palpabile.
1445 430 1455 451 ς
1477 424 1600 453 ratione
1622 425 1803 455 nominaret
1826 434 1966 465 corpora
1989 426 2145 457 animalia
2161 437 2244 467 quae
2259 429 2291 458 in
2308 429 2447 458 animam
2465 434 2539 459 sunt

1478 476 1640 498 conversa.
1664 468 1764 506 Quod
1786 474 1873 508 patet
1896 478 1964 499 esse
1987 469 2112 500 falsum.

513 506 612 537 ART.
637 507 659 537 1.
684 517 789 537 uranu
812 517 987 538 susurrus
1011 518 1057 538 srr
1080 517 1268 538 moranus
1532 511 1626 542 Unde
1657 512 1788 552 quidam
1818 513 1967 543 haeretici
1998 513 2144 544 dixerunt
2175 515 2264 555 quod
2294 526 2411 556 corpus
2434 517 2467 546 in
2490 526 2538 547 re-

732 561 882 582 coaroms
907 562 1053 582 onomosr
1476 556 1672 586 surrectione
1694 557 1879 593 remanebit,
1903 557 1960 588 sed
1982 557 2111 588 habebit
2133 560 2337 590 subtilitatem
2360 560 2538 590 secundum

438 600 728 628 1nfn,qu.1,xxnv‚art.
743 609 766 627 ¹;
781 601 813 623 lv
828 601 905 628 Sem„
920 601 973 623 dm.
989 608 1052 628 ¹²¹¹.
1067 607 1106 629 qn·
1121 608 1152 625 ιν,
1167 605 1209 623 ιη.
1224 607 1244 628 5.
1259 601 1303 628 qu*
1317 607 1342 629 3:
1475 598 1612 630 modum
1641 600 1874 637 rarefacfionis,
1905 602 1948 631 ita
1978 601 2068 642 quod
2098 612 2234 642 corpora
2262 604 2403 634 humana
2430 605 2462 633 in
2489 614 2538 634 re-

491 626 616 655 Compend.
634 628 722 655 ”²⁰¹⁹
738 634 788 656 ‘²⁸⁹'
804 634 901 654 ‘²⁰⁸⁸
916 628 924 649 ¹
939 628 973 649 “d
987 628 1055 654 eor„
1071 634 1122 656 ‘²⁸⁹'
1137 634 1175 654 ’ν’
1191 628 1241 649 '⁸⁶¹‘
1257 634 1286 649 γ’·
1437 649 1462 664 ¹⁰
1475 644 1671 674 surrecfione
1704 651 1797 675 erunt
1826 646 1889 675 aeri
1921 646 1971 676 vel
2003 651 2100 676 vento
2133 648 2264 683 similia,
2297 653 2332 677 ut
2365 647 2538 687 Gregorius

422 696 443 716 n
463 696 580 717 ramum
603 697 649 717 src
672 697 876 717 moerim-run.
906 686 1041 717 Videtur
1063 686 1154 726 quod
1176 686 1331 716 subtilitas
1352 695 1420 716 non
1474 693 1592 723 narrat,
1617 688 1690 718 XIV
1713 689 1794 719 libro
1819 690 1998 719 Moralium
2014 691 2041 720 ’ἢ

358 698 461 761 Asit
488 731 666 771 proprietas
694 732 838 771 corporis
861 731 1002 771 gloriosi.
1030 730 1210 770 Proprietas
1236 730 1322 760 enim
1350 729 1420 769 glo·
1529 730 1592 761 Sed
1615 732 1678 762 hoc
1702 733 1798 763 etiam
1821 742 1888 763 non
1911 738 2017 773 potest
2046 739 2136 764 stare.
2171 734 2256 773 Quia
2282 734 2442 765 Dominus
2465 741 2538 775 post

356 775 421 805 riae
455 775 579 805 excedit
609 776 837 815 proprietatem
869 780 1000 805 naturae
1036 775 1119 804 sicut
1148 773 1269 804 claritas
1301 773 1420 813 gloriae
1474 776 1741 806 resurrectionem
1757 786 1875 816 corpus
1890 778 2049 817 palpabile
2065 779 2185 815 habuit,
2199 784 2235 809 ut
2249 784 2336 819 patet
2347 779 2426 809 Luc.
2439 779 2536 809 ult.*:

357 819 530 850 claritatem
554 819 639 853 solis,
657 828 740 859 quae
763 824 810 849 est
831 819 969 849 maxima
984 819 1017 848 in
1033 823 1155 848 natura.
1179 817 1212 848 Si
1228 827 1304 858 ergo
1320 818 1419 847 subti-
1475 818 1565 858 quod
1593 820 1765 860 praecipue
1795 821 1910 852 subtile
1940 822 2136 853 credendum
2166 829 2222 853 est.
2253 842 2276 845 —
2302 823 2343 853 Et
2365 829 2537 863 praeterea,

356 863 425 893 litas
449 868 496 893 est
518 863 694 903 proprietas
717 863 861 902 corporis
883 862 1024 902 gloriosi,
1041 861 1166 892 videtur
1189 861 1279 901 quod
1302 870 1420 902 corpus
1435 868 1458 888 ¹⁵
1474 871 1591 902 corpus
1615 864 1794 895 humanum
1818 875 1893 896 cum
1916 867 2063 897 carnibus
2087 872 2118 897 et
2141 868 2265 898 ossibus
2288 873 2439 907 resurget,
2456 868 2538 898 sicut

355 908 396 937 sit
417 907 563 937 subtilius
586 905 731 936 futurum
755 907 844 936 omni
869 905 958 946 quod
982 911 1028 936 est
1051 906 1165 936 subtile
1183 906 1217 936 in
1232 911 1354 936 natura.
1379 906 1420 936 Et
1474 915 1592 947 corpus
1615 908 1758 945 Domini,
1783 915 1819 940 ut
1841 909 1956 941 dicitur
1978 911 2058 941 Luc.
2075 911 2131 942 ult.
2145 913 2171 948 ⁴,
2196 911 2336 952 Spiritus
2359 921 2489 942 carnem
2508 917 2539 942 et

354 951 398 981 ita
421 951 479 981 erit
501 950 604 981 uentis
621 960 760 991 aereque
781 950 951 981 subtilius:
974 950 1063 991 quod
1087 955 1134 981 est
1152 951 1290 981 haeresis
1306 960 1324 980 a
1340 949 1419 980 Gre-
1474 960 1547 981 ossa
1579 962 1643 982 non
1675 953 1776 990 habet,
1806 954 1891 984 sicut
1919 964 1969 985 me
1998 955 2110 986 uidetis
2138 956 2268 987 habere.
2308 956 2350 986 Et
2372 956 2430 986 Iob
2453 966 2505 986 x1x
2521 957 2538 973 ⁴*

353 994 445 1034 gorio
461 995 495 1024 in
511 993 869 1035 Constantinopolitana
892 995 971 1025 urbe
995 994 1152 1031 damnata,
1169 1000 1205 1026 ut
1219 995 1289 1035 ipse
1304 1000 1418 1031 narrat,
1473 994 1609 1026 dicitur:
1631 997 1671 1027 In
1701 1007 1801 1028 carne
1823 1008 1893 1028 mea
1917 999 2027 1030 videbo
2051 999 2172 1036 Deum,
2197 1000 2399 1031 Salvatorem
2422 1010 2536 1031 meum.

353 1039 387 1069 in
409 1038 484 1068 XIV
505 1038 586 1069 libro
611 1039 791 1069 Moralium
806 1040 833 1069 ⁴².
1473 1039 1593 1070 Natura
1620 1046 1728 1072 autern
1756 1043 1858 1072 carnis
1887 1048 1918 1073 et
1945 1044 2025 1074 ossis
2056 1043 2251 1084 praedictam
2283 1045 2442 1075 raritatem
2468 1054 2537 1075 non

409 1091 439 1113 2.
463 1082 660 1119 Pm‘rmuza,
679 1084 761 1114 sicut
785 1083 925 1114 caliditas
942 1089 973 1114 et
988 1083 1140 1124 frigiditas
1163 1089 1238 1114 sunt
1261 1082 1417 1124 quaedam
1433 1098 1460 1112 ιο
1472 1084 1600 1123 patitur.

353 1126 520 1167 qualitates
542 1127 738 1167 simplicium
761 1137 946 1168 corpomm,
971 1128 1091 1159 scilicet
1114 1128 1357 1164 elementorum,
1376 1129 1419 1158 ita
1527 1128 1569 1158 Et
1583 1128 1657 1159 ideo
1674 1135 1720 1160 est
1735 1130 1942 1171 assignandus
1957 1132 2146 1172 corporibus
2161 1132 2308 1172 gloriosis
2324 1133 2403 1163 alius
2418 1132 2536 1164 modus

353 1175 385 1201 et
399 1171 565 1201 subtilitas.
589 1171 654 1202 Sed
669 1172 756 1202 calor
772 1177 804 1202 et
819 1172 899 1202 aliae
915 1172 1081 1213 qualitates
1101 1172 1335 1203 elementorum
1350 1181 1418 1202 non
1473 1172 1662 1209 subtilitatis,
1689 1179 1726 1204 ut
1755 1174 1901 1206 dicantur
1932 1176 2059 1207 subtilia
2090 1182 2222 1217 propter
2254 1177 2536 1217 completissimam

351 1215 558 1246 intendentur
585 1216 619 1246 in
648 1217 796 1256 gloriosis
828 1217 1017 1257 corporibus
1049 1217 1149 1257 magis
1182 1226 1280 1256 quam
1311 1226 1417 1247 nunc:
1473 1218 1617 1256 corporis
1639 1217 1880 1258 perfectionem.
1905 1220 1969 1251 Sed
1991 1221 2074 1250 hanc
2097 1221 2350 1261 completionem
2373 1221 2504 1262 quidam
2519 1222 2536 1238 ¹*

353 1259 455 1291 immo
470 1261 573 1300 magis
583 1259 628 1290 ad
642 1260 787 1291 medium
810 1260 1012 1291 reducentur.
1036 1261 1122 1302 Ergo
1142 1270 1250 1301 neque
1265 1261 1419 1291 subtilitas
1474 1261 1519 1290 eis
1546 1262 1722 1293 attribuunt
1753 1263 1875 1294 ratione
1907 1265 2037 1304 quintae
2069 1266 2233 1302 essentiae,
2266 1275 2348 1306 quae
2381 1266 2426 1295 eis
2457 1271 2535 1296 tunc

352 1305 387 1334 in
410 1302 456 1334 eis
479 1304 538 1334 erit
560 1305 663 1335 maior
685 1314 784 1345 quam
806 1314 895 1335 nunc
918 1306 966 1336 sit.
1433 1317 1457 1337 25
1472 1305 1611 1335 maxime
1634 1305 1860 1338 dominabitur.

409 1348 440 1379 3.
463 1347 660 1385 Pmmm,
676 1348 830 1379 subtilitas
853 1350 1014 1380 invenitur
1027 1350 1062 1380 in
1078 1349 1266 1390 corporibus
1289 1354 1419 1389 propter
1529 1349 1629 1387 Quod
1657 1359 1724 1381 esse
1751 1361 1819 1381 non
1846 1357 1962 1392 potest.
1995 1353 2118 1389 Primo,
2147 1354 2223 1393 quia
2249 1354 2329 1384 nihil
2357 1353 2396 1384 de
2424 1354 2536 1394 quinta

353 1393 548 1432 paucitatem
570 1394 739 1424 materiae:
763 1393 849 1424 unde
866 1403 1002 1434 corpora
1018 1403 1101 1434 quae
1116 1394 1235 1424 habent
1256 1394 1363 1424 minus
1379 1392 1420 1423 de
1473 1394 1609 1424 essentia
1636 1400 1743 1434 potest
1769 1396 1878 1426 venire
1905 1397 1938 1426 in
1967 1398 2238 1437 compositionem
2266 1398 2419 1438 corporis,
2443 1403 2480 1428 ut
2501 1398 2535 1428 in

353 1437 486 1467 materia
500 1437 560 1467 sub
576 1437 763 1477 aequalibus
786 1437 1050 1474 dimensionibus,
1067 1437 1203 1469 dicimus
1225 1438 1326 1478 magis
1344 1437 1419 1468 sub-
1473 1437 1501 1467 11
1515 1437 1598 1468 libro
1614 1439 1631 1455 ¹*
1646 1444 1812 1470 ostensum
1831 1445 1887 1470 est.
1903 1459 1926 1462 —
1941 1441 2092 1471 Secundo
2109 1442 2194 1482 quia,
2211 1441 2285 1472 dato
2302 1441 2391 1482 quod
2414 1443 2536 1472 veniret

353 1480 430 1517 tilia,
453 1486 490 1511 ut
511 1482 620 1521 ignem
643 1491 725 1518 aere,
750 1487 782 1512 et
804 1491 910 1512 aerem
933 1491 1026 1522 aqua,
1047 1488 1078 1513 et
1101 1491 1218 1522 aquam
1241 1487 1331 1512 terra.
1356 1481 1419 1512 Sed
1472 1482 1506 1511 in
1534 1483 1806 1522 compositionem
1834 1486 1977 1524 corporis
2004 1485 2151 1522 humani,
2175 1495 2243 1516 non
2266 1491 2376 1526 posset
2401 1486 2536 1526 intelligi

353 1530 479 1556 tantum
502 1524 542 1556 de
564 1527 696 1556 materia
723 1526 782 1556 erit
808 1527 842 1556 in
866 1527 1055 1566 corporibus
1084 1527 1230 1566 gloriosis
1261 1531 1419 1566 quantum
1433 1537 1459 1558 ιο
1472 1525 1562 1566 quod
1585 1526 1803 1558 dominaretur
1817 1530 1918 1568 magis
1941 1534 2018 1560 tunc
2041 1539 2139 1569 quarn
2162 1539 2250 1560 nunc
2272 1540 2368 1570 supra
2389 1535 2536 1560 naturam

319 1586 326 1598 2
353 1578 442 1600 nunc
465 1574 531 1606 est,
555 1579 615 1600 nec
638 1569 854 1601 dimensiones
878 1576 971 1601 erunt
994 1571 1146 1606 maiores,
1169 1576 1206 1601 ut
1229 1579 1268 1600 ex
1291 1579 1387 1610 supra
1401 1571 1418 1587 ⁴¹
1473 1570 1709 1607 elementarem,
1733 1573 1793 1602 nisi
1820 1573 1863 1602 ita
1891 1573 1980 1613 quod
2007 1579 2089 1604 esset
2115 1574 2149 1604 in
2172 1575 2361 1614 corporibus
2388 1575 2536 1605 humanis

321 1613 327 1618 '
353 1613 445 1644 dictis
467 1619 564 1654 patet.
598 1614 684 1654 Ergo
707 1623 776 1645 non
799 1620 892 1645 erunt
915 1615 1016 1655 magis
1046 1614 1173 1645 subtilia
1196 1624 1294 1655 quam
1317 1614 1418 1645 modo
1471 1613 1545 1654 plus
1567 1615 1747 1646 secundum
1770 1617 1979 1656 quantitatem
1995 1617 2035 1647 de
2050 1623 2162 1648 natura
2186 1619 2330 1655 caelesti;
2355 1623 2387 1649 et
2404 1619 2450 1648 sic
2465 1628 2536 1649 cor-

353 1662 437 1688 sunt.
1471 1667 1552 1698 pora
1573 1659 1714 1690 humana
1735 1669 1804 1690 non
1827 1667 1932 1691 essent
1951 1661 2094 1692 eiusdem
2116 1667 2269 1698 staturae;
2289 1663 2350 1693 nisi
2372 1661 2454 1693 forte
2476 1663 2537 1692 mi-

408 1701 471 1733 Snn
495 1711 619 1732 coum
642 1711 697 1732 asi·
721 1701 810 1742 quod
833 1701 948 1733 dicitur
971 1703 983 1733 I
1010 1702 1086 1733 Cor.
1110 1712 1151 1732 xv
1166 1703 1202 1733 ’τ
1233 1702 1420 1733 seminatur
1471 1708 1624 1733 nueretur
1651 1709 1765 1734 natura
1796 1705 1996 1736 elementaris
2025 1706 2058 1735 in
2086 1706 2229 1742 homine,
2262 1706 2351 1747 quod
2381 1712 2538 1747 repugnat

352 1754 471 1786 corpus
493 1746 644 1781 animale,
668 1751 818 1788 resurget
845 1755 964 1787 corpus
989 1747 1168 1787 spirituale,
1191 1746 1273 1777 idest
1294 1747 1419 1787 spiritui
1433 1757 1456 1778 ις
1471 1747 1641 1786 integritati
1664 1750 1908 1788 resurgentium.
1932 1750 1992 1780 Vel
2015 1750 2059 1780 ita
2081 1749 2172 1790 quod
2197 1756 2311 1781 natura
2338 1751 2537 1781 elementaris

351 1789 465 1820 simile.
489 1789 553 1820 Sed
575 1790 730 1820 subtilitas
756 1791 885 1831 spiritus
909 1790 1032 1822 excedit
1055 1800 1188 1822 omnem
1211 1791 1418 1821 subtilitatem
1471 1790 1618 1822 indueret
1640 1792 1849 1832 proprietates
1872 1799 2003 1824 naturae
2027 1794 2169 1824 caelestis
2188 1804 2226 1824 ex
2243 1795 2311 1825 eius
2334 1794 2479 1825 dominio
2503 1796 2537 1825 in

352 1834 505 1874 corporis.
530 1834 616 1875 Ergo
640 1843 777 1875 corpora
799 1835 939 1875 gloriosa
962 1841 1055 1866 erunt
1077 1835 1291 1866 subtilissima.
1473 1844 1619 1875 corpore.
1652 1836 1693 1866 Et
1720 1837 1765 1867 sic
1792 1838 1942 1868 naturalis
1970 1839 2069 1869 virtus
2101 1843 2183 1869 esset
2214 1848 2308 1870 causa
2336 1840 2537 1879 proprietatis

409 1887 438 1908 2.
462 1878 658 1914 Pnaarma,
692 1888 829 1919 corpora
860 1885 982 1920 quanto
1015 1885 1089 1910 sunt
1121 1880 1295 1915 subtiliora,
1328 1885 1418 1910 tanto
1471 1879 1639 1919 gloriosae.
1664 1880 1764 1918 Quod
1787 1881 1960 1913 absurdum
1984 1888 2039 1913 est.

351 1922 520 1953 nobiliora.
553 1922 617 1954 Sed
649 1932 785 1964 corpora
816 1923 967 1966 gloriosa·
986 1929 1062 1955 sunt
1090 1924 1297 1955 nobilissima.
1331 1924 1417 1964 Ergo
1528 1923 1569 1954 Et
1590 1924 1665 1955 ideo
1689 1925 1741 1956 alii
1764 1924 1875 1957 dicunt
1898 1926 1988 1966 quod
2011 1926 2095 1957 dicta
2118 1927 2304 1967 completio,
2328 1937 2367 1958 ex
2387 1937 2451 1967 qua
2467 1937 2536 1958 cor-

352 1972 446 1997 erunt
468 1967 681 1998 subtilissima.
1432 1982 1459 2003 40
1471 1977 1552 2008 pora
1574 1968 1715 2000 humana
1742 1970 1869 2000 subtilia
1897 1970 2057 2007 dicuntur,
2086 1972 2144 2002 erit
2172 1981 2210 2002 ex
2238 1971 2383 2002 dominio
2411 1972 2537 2002 animae

405 2011 596 2042 Rnsponnno
620 2022 780 2042 nrcnumm
803 2012 894 2053 quod
915 2021 1038 2043 nomen
1059 2012 1244 2043 subtilitatis
1267 2022 1285 2043 a
1303 2013 1419 2043 virtute
1471 2011 1674 2052 glorificatae,
1691 2023 1773 2054 quae
1791 2019 1838 2044 est
1855 2014 1959 2045 forma
1982 2016 2135 2056 corporis,
2155 2024 2251 2056 super
2273 2016 2390 2056 ipsum,
2413 2017 2537 2047 ratione

351 2055 540 2095 penetrandi
555 2061 603 2086 est
618 2062 835 2096 assumptum:
852 2056 940 2087 unde
955 2056 1071 2087 dicitur
1085 2057 1119 2087 in
1135 2057 1163 2087 11
1179 2056 1417 2093 deGenerat.*,
1472 2057 1564 2087 cuius
1592 2066 1710 2097 corpus
1736 2058 1914 2098 gloriosum
1941 2060 2104 2099 spirituale
2132 2059 2256 2096 dicitur,
2281 2060 2371 2100 quasi
2400 2061 2536 2091 omnino

352 2098 442 2140 quod
465 2100 581 2131 subtile
605 2106 652 2131 est
673 2100 761 2141 quod
781 2105 829 2131 est
850 2101 1038 2141 repletivum
1055 2101 1206 2141 partibus
1224 2106 1256 2131 et
1271 2101 1418 2141 partium
1472 2101 1596 2140 spiritui
1628 2102 1818 2133 subiectum.
1854 2103 1959 2133 Prima
1991 2109 2100 2134 autem
2133 2104 2288 2135 subiectio
2322 2114 2385 2144 qua
2418 2114 2536 2144 corpus

345 2144 506 2184 partibus.
539 2144 640 2182 Quod
669 2150 778 2175 autem
807 2145 940 2185 aliquod
971 2154 1089 2186 corpus
1111 2146 1151 2176 sit
1173 2146 1417 2185 penetrativum,
1472 2145 1596 2175 animae
1623 2147 1798 2183 subiicitur,
1824 2152 1871 2178 est
1893 2147 1933 2178 ad
1955 2147 2211 2188 participandum
2241 2158 2310 2179 esse
2337 2148 2534 2189 specificum,

352 2188 510 2228 contingit
525 2198 563 2218 ex
579 2188 718 2219 duobus.
742 2189 861 2225 Primo,
879 2199 916 2220 ex
931 2190 1085 2229 parvitate
1101 2190 1303 2230 quantitatis:
1327 2199 1418 2230 prae·
1431 2203 1456 2223 ⁴5
1471 2194 1570 2229 prout
1584 2191 1749 2221 subiicitur
1764 2191 1825 2221 sibi
1839 2197 1876 2222 ut
1890 2192 2021 2223 materia
2044 2191 2165 2223 forma:
2190 2198 2222 2223 et
2237 2192 2352 2223 deinde
2371 2193 2536 2223 subiicitur

353 2233 448 2272 cipue
471 2232 650 2263 secundum
673 2232 925 2273 profunditatem
941 2239 973 2264 et
987 2233 1202 2271 latitudinem;
1226 2244 1294 2264 non
1310 2240 1418 2265 autem
1472 2234 1502 2264 ei
1525 2233 1565 2264 ad
1588 2234 1648 2264 alia
1674 2244 1773 2275 opera
1799 2236 1935 2272 animae,
1957 2242 2056 2276 prout
2082 2238 2188 2267 anima
2211 2242 2258 2268 est
2279 2242 2398 2267 motor.
2429 2237 2471 2268 Et
2493 2238 2536 2268 ita

352 2275 533 2307 secundum
555 2276 802 2317 longitudinem,
819 2278 895 2318 quia
913 2279 1091 2318 penetratio
1107 2278 1144 2309 fit
1158 2279 1192 2309 in
1207 2278 1417 2318 profundum,
1471 2278 1575 2318 prima
1596 2280 1676 2309 ratio
1700 2280 1926 2319 spiritualitatis
1949 2281 1982 2311 in
2006 2291 2142 2321 corpore
2165 2286 2212 2312 est
2234 2291 2272 2312 ex
2290 2281 2480 2318 subtilitate;
2505 2287 2536 2312 et

352 2320 439 2351 unde
462 2320 632 2361 longitudo
656 2322 868 2361 penetrationi
885 2332 952 2352 non
969 2322 1082 2353 obstat.
1107 2322 1268 2358 Secundo,
1285 2332 1323 2353 ex
1339 2333 1418 2363 pau·
1472 2322 1588 2353 deinde
1603 2333 1641 2353 ex
1657 2324 1804 2364 agilitate,
1818 2330 1850 2355 et
1865 2325 1932 2355 aliis
1947 2326 2193 2366 proprietatibus
2209 2326 2353 2366 corporis
2369 2326 2499 2366 gloriosi
2507 2327 2534 2356 ⁶.

353 2365 447 2395 citate
473 2365 642 2395 niateriae:
672 2365 759 2396 unde
781 2375 849 2396 rara
879 2367 1007 2397 subtilia
1036 2366 1182 2398 dicimus.
1215 2367 1256 2397 Et
1279 2369 1355 2407 quia
1384 2369 1418 2398 in
1471 2367 1513 2397 Et
1535 2373 1666 2407 propter
1688 2368 1752 2399 hoc
1774 2369 1951 2409 Apostolus
1978 2370 2012 2400 in
2034 2370 2264 2410 spiritualitate
2294 2371 2396 2410 tetigit
2425 2370 2535 2400 dotem

353 2409 542 2449 corporibus
557 2410 634 2440 raris
649 2409 753 2440 forma
774 2410 1035 2450 praedominatur
1049 2412 1200 2442 materiae
1215 2413 1326 2451 magis,
1342 2411 1417 2442 ideo
1433 2423 1458 2444 5⁰
1471 2411 1660 2448 subtilitatis,
1677 2418 1713 2443 ut
1736 2413 1878 2453 Magistri
1899 2420 2067 2454 exponunt
2081 2415 2108 2444 *ἦ
2133 2413 2226 2445 Unde
2243 2414 2417 2455 Gregorius
2448 2414 2534 2450 dicit,

352 2453 538 2483 translatum
571 2459 618 2484 est
649 2463 771 2485 nomen
802 2455 982 2486 subtilitatis
1014 2454 1054 2486 ad
1080 2455 1134 2486 illa
1166 2465 1303 2496 corpora
1334 2466 1417 2496 quae
1471 2456 1545 2486 XIV
1559 2457 1682 2487 Moral.
1699 2458 1726 2493 *,
1750 2457 1840 2498 quod
1863 2467 1981 2498 corpus
2002 2459 2180 2498 gloriosum
2202 2458 2321 2490 dicitur
2342 2459 2457 2490 subtile
2473 2469 2537 2499 per

352 2498 476 2537 optime
505 2498 649 2528 substant
677 2498 810 2536 formae,
842 2505 873 2529 et
902 2499 1112 2539 perficiuntur
1139 2501 1178 2531 ab
1209 2510 1246 2531 ea
1273 2501 1417 2541 comple·
1471 2500 1618 2541 effectum
1640 2501 1820 2541 spiritualis
1836 2503 2012 2543 potentiae.

351 2541 474 2572 tissimo
497 2541 617 2573 modo:
649 2543 732 2573 sicut
754 2542 890 2574 dicimus
917 2544 1123 2574 subtilitatem
1147 2554 1214 2575 esse
1237 2546 1271 2575 in
1294 2545 1362 2575 sole
1386 2550 1418 2575 et
1526 2545 1567 2575 Et
1589 2555 1647 2585 per
1669 2546 1731 2576 hoc
1754 2551 1842 2587 patet
1870 2547 1989 2578 solutio
2013 2547 2053 2578 ad
2076 2548 2211 2583 obiecta,
2243 2557 2326 2588 quae
2355 2547 2536 2587 procedunt

352 2586 430 2616 luna
453 2591 484 2616 et
507 2587 575 2616 aliis
598 2587 802 2624 huiusmodi;
836 2588 918 2618 sicut
947 2589 1043 2619 etiam
1072 2598 1186 2619 aurum
1216 2589 1267 2619 vel
1297 2589 1418 2629 aliquid
1471 2588 1511 2619 de
1534 2590 1706 2627 subtilitate
1729 2600 1813 2631 quae
1836 2597 1883 2622 est
1905 2601 1963 2632 per
1984 2591 2238 2623 rarefacn‘onern.

352 2630 539 2660 huiusmodi
561 2636 668 2671 potest
690 2630 753 2661 dici
775 2632 891 2662 subtile
917 2632 1048 2672 quando
1076 2632 1304 2673 perfectissime
1328 2643 1417 2664 com·
1432 2644 1456 2665 55

352 2674 458 2714 pletur
480 2675 514 2705 in
537 2684 606 2705 esse
629 2680 660 2705 et
682 2676 797 2706 virtute
820 2686 897 2707 suae
920 2677 1048 2717 speciei,
1514 2672 1614 2703 ART.
1638 2673 1675 2703 ΙΙ.
1699 2683 1804 2704 mmm
1827 2683 1962 2704 annom:
1985 2684 2075 2704 nurus
2099 2684 2305 2705 suumn-ans
2328 2684 2490 2704 conpara-r

408 2718 450 2748 Et
473 2719 549 2759 quia
574 2729 623 2749 res
646 2720 856 2760 incorporeae
886 2721 1061 2761 quantitate
1091 2727 1199 2751 carent
1221 2726 1253 2751 et
1274 2723 1416 2758 materia,
1641 2727 1776 2748 CORPOR1
1800 2727 1887 2748 QUOD
1911 2727 1957 2748 SIT
1980 2728 2070 2748 SIMUL
2093 2728 2125 2748 m
2148 2728 2255 2748 EODEM
2277 2728 2360 2749 LOCO

351 2772 474 2793 nomen
497 2763 676 2794 subtilitatis
699 2763 739 2794 ad
762 2773 814 2794 eas
837 2764 1038 2796 transfertur:
1071 2774 1139 2796 non
1165 2765 1272 2796 solum
1294 2767 1418 2797 ratione
1709 2772 1771 2792 CUM
1793 2772 1867 2792 ALIO
1891 2771 2033 2792 CORPORE
2055 2772 2121 2792 NON
2144 2772 2299 2793 GLORIOSO

352 2816 429 2838 suae
452 2808 664 2844 substantiae3
697 2808 754 2839 sed
783 2809 879 2839 etiam
908 2810 1032 2840 ratione
1059 2819 1135 2840 suae
1162 2810 1296 2840 visanis,
1329 2810 1418 2841 Sicut
1471 2812 1532 2833 Part.
1547 2812 1586 2838 111,
1601 2818 1640 2840 qu.
1655 2818 1701 2839 ιιν,
1712 2816 1753 2834 art.
1771 2819 1790 2838 ι,
1800 2812 1830 2834 ad
1845 2819 1868 2837 i:
1937 2812 1970 2834 dl.
1984 2812 2002 2838 1,
2014 2818 2052 2840 qu.
2067 2819 2090 2838 x,
2100 2816 2143 2835 art.
2159 2819 2183 2838 ις
2196 2812 2223 2834 In
2233 2813 2308 2839 loan„
2319 2818 2370 2840 cap.
2385 2819 2425 2839 xx,
2435 2813 2488 2834 lect.
2498 2819 2534 2839 ιη

353 2851 439 2882 enim
462 2852 578 2882 subtile
602 2852 716 2882 dicitur
738 2853 971 2893 penetrativum
994 2854 1070 2893 quia
1089 2854 1239 2894 pertingit
1257 2863 1362 2894 usque
1377 2854 1418 2885 ad
1430 2863 1458 2883 60
1815 2838 1825 2860 ¹
1840 2838 1874 2860 αα
1903 2844 1955 2863 ⁰⁷'’
1969 2845 2019 2867 ⁰¹¹³*
2035 2845 2072 2865 xv,
2088 2841 2140 2861 ’ω’
2157 2845 2186 2860 '⁷¹'

352 2896 465 2926 intima
479 2897 535 2932 rei,
551 2897 595 2926 ita
610 2897 705 2926 etiam
727 2896 841 2927 dicitur
864 2897 978 2938 aliquis
1001 2897 1180 2929 intellectus
1203 2898 1326 2929 subtilis
1341 2899 1418 2938 quia
1473 2906 1556 2969 An
1572 2906 1735 2927 sacunnma
1750 2907 1796 2927 s1c
1811 2906 2015 2927 Pkoenm'rtm.
2034 2896 2168 2927 Videtur
2189 2897 2279 2937 quod
2300 2898 2423 2928 ratione
2438 2898 2533 2929 huius

352 2940 502 2980 pertingit
524 2940 565 2971 ad
579 2941 777 2980 inspicienda
798 2941 968 2972 intrinseca
990 2943 1146 2982 principia
1163 2947 1194 2973 et
1209 2943 1417 2982 proprietates
1535 2941 1714 2971 subtilitatis
1738 2946 1900 2981 competat
1923 2941 2051 2981 corpori
2074 2940 2164 2981 quod
2182 2942 2222 2971 sit
2245 2941 2340 2972 simul
2361 2942 2395 2972 in
2417 2942 2533 2973 eodem

352 2985 510 3015 naturales
533 2986 579 3015 rei
601 2985 744 3016 latentes.
778 2985 819 3015 Et
841 2985 985 3016 similiter
1014 2985 1129 3017 dicitur
1157 2987 1272 3026 aliquis
1300 2987 1417 3017 habere
1469 2984 1544 3015 loco
1577 2995 1653 3016 cum
1685 2985 1748 3015 alio
1779 2994 1915 3025 corpore
1943 2994 2012 3016 non
2041 2986 2194 3025 glorioso.
2228 2985 2323 3023 Quia,
2353 2991 2390 3016 ut
2421 2986 2535 3017 dicitur

352 3028 458 3059 visum
480 3029 630 3060 subtilem
658 3030 734 3070 quia
761 3029 893 3070 aliquod
922 3030 1094 3061 minimum
1123 3035 1231 3070 potest
1251 3031 1322 3061 visu
1345 3040 1416 3071 per·
1469 3029 1604 3069 Philipp.
1621 3030 1699 3059 m*:
1719 3029 1924 3071 Reformabit
1938 3039 2056 3070 corpus
2073 3030 2263 3060 humilitatis
2278 3035 2418 3066 nostrae,
2435 3031 2534 3072 confi-

352 3073 484 3113 tingere.
508 3073 550 3103 Et
573 3073 718 3104 similiter
740 3079 787 3104 est
810 3073 849 3104 de
873 3074 940 3104 aliis
964 3075 1117 3105 sensibus.
1429 3083 1454 3109 ες
1469 3078 1625 3113 guratum
1643 3074 1776 3113 corpori
1798 3074 1958 3104 claritatis
1971 3083 2060 3104 suae.
2084 3073 2147 3104 Sed
2163 3083 2280 3114 corpus
2296 3073 2414 3105 Christi
2428 3076 2535 3115 potuit

408 3117 450 3147 Et
463 3117 643 3148 secundum
658 3118 722 3148 hoc
737 3118 834 3148 etiam
850 3118 963 3148 diversi
980 3118 1192 3149 diversimode
1210 3119 1416 3149 subtilitatem
1470 3117 1565 3148 simul
1589 3127 1657 3148 esse
1680 3127 1756 3148 cum
1780 3118 1842 3148 alio
1867 3127 2002 3158 corpore
2017 3119 2050 3148 in
2067 3117 2183 3149 eodem
2206 3118 2297 3149 loco:
2321 3123 2358 3148 ut
2376 3124 2464 3159 patet
2478 3129 2535 3159 per

354 3161 542 3200 corporibus
564 3162 712 3202 gloriosis
735 3163 954 3193 attribuerunt.
982 3162 1124 3201 Quidam
1147 3163 1234 3193 enim
1256 3163 1415 3199 haeretici,
1470 3162 1534 3191 hoc
1549 3161 1639 3201 quod
1657 3167 1732 3202 post
1751 3163 2017 3193 resurrectionem
2039 3163 2167 3193 intravit
2182 3162 2222 3193 ad
2237 3162 2411 3203 discipulos
2427 3163 2535 3194 ianuis

354 3209 391 3234 ut
405 3204 604 3244 Augustinus
626 3212 730 3237 narrat
745 3208 772 3242 *,
797 3207 1006 3237 attribuerunt
1021 3207 1066 3238 eis
1082 3207 1287 3238 subtilitatem
1303 3217 1417 3238 secun-
1470 3206 1600 3242 clausis,
1629 3211 1665 3237 ut
1693 3206 1807 3237 dicitur
1830 3206 1917 3237 Ioan.
1940 3216 1981 3237 xx
1996 3207 2023 3237 ⁴².
2056 3207 2142 3247 Ergo
2171 3212 2202 3237 et
2229 3216 2366 3247 corpora
2395 3208 2535 3247 gloriosa

355 3246 435 3278 dum
447 3248 584 3280 modum
603 3259 670 3290 quo
685 3251 864 3291 spirituales
886 3251 1080 3282 substantiae
1103 3251 1233 3282 subtiles
1256 3251 1415 3287 dicuntur,
1470 3251 1593 3281 ratione
1615 3251 1795 3281 subtilitatis
1817 3255 1970 3291 poterunt
1989 3260 2058 3281 esse
2073 3260 2149 3281 cum
2171 3251 2240 3281 aliis
2262 3252 2451 3291 corporibus
2466 3261 2535 3282 non

355 3290 496 3322 dicentes
519 3293 610 3332 quod
622 3295 658 3325 in
671 3296 902 3326 resurrectione
918 3305 1036 3336 corpus
1050 3301 1190 3326 vertetur
1204 3296 1238 3326 in
1254 3296 1416 3336 spiritum,
1431 3308 1458 3329 ⁷⁰
1470 3294 1618 3334 gloriosis
1640 3296 1674 3325 in
1698 3294 1814 3325 eodem
1837 3295 1922 3325 loco.

356 3340 388 3366 et
409 3336 532 3366 ratione
561 3337 658 3368 huius
687 3348 824 3379 corpora
852 3340 1087 3380 resurgentium
1116 3340 1294 3379 Apostolus
1322 3340 1416 3380 spiri-
1529 3349 1558 3369 2.
1581 3339 1777 3376 Prummu,
1794 3349 1930 3380 corpora
1945 3339 2083 3379 gloriosa
2100 3345 2192 3370 erunt
2206 3339 2366 3370 nobiliora
2384 3340 2534 3372 omnibus

357 3379 459 3409 tualia
482 3381 637 3417 nominat,
661 3381 674 3412 1
699 3382 776 3413 Cor.
801 3393 841 3414 xv
856 3385 883 3414 *.
1471 3383 1540 3413 aliis
1563 3384 1761 3423 corporibus.
1786 3383 1850 3414 Sed
1872 3382 2031 3424 quaedam
2053 3393 2189 3424 corpora
2211 3393 2300 3414 nunc
2320 3384 2443 3415 ratione
2458 3394 2535 3415 suae

412 3422 475 3453 Sed
497 3423 561 3454 hoc
583 3434 650 3455 non
672 3431 778 3465 potest
800 3433 891 3458 stare.
915 3428 1034 3465 Primo,
1059 3429 1135 3469 quia
1158 3438 1275 3468 corpus
1298 3429 1331 3458 in
1354 3429 1417 3468 spi·
1471 3428 1644 3458 nobilitatis
1663 3433 1799 3468 possunt
1822 3437 1890 3458 esse
1905 3428 2001 3458 simul
2021 3437 2097 3458 cum
2112 3428 2181 3459 aliis
2203 3429 2403 3468 corporibus,
2413 3428 2534 3460 scilicet

357 3467 454 3497 ritum
485 3468 615 3498 transire
646 3478 714 3499 non
745 3476 870 3510 potest:
903 3481 979 3502 cum
1010 3482 1078 3503 non
1111 3474 1354 3503 communicent
1384 3473 1418 3503 in
1471 3471 1549 3502 radii
1573 3472 1700 3503 solares.
1724 3472 1810 3512 Ergo
1826 3472 1930 3503 multo
1946 3472 2060 3503 fortius
2074 3473 2138 3503 hoc
2154 3473 2325 3503 conveniet
2346 3474 2534 3513 corporibus

357 3511 497 3541 materia.
522 3511 621 3549 Quod
644 3513 738 3544 etiam
762 3514 893 3545 Boetius
916 3515 1064 3552 ostendit,
1080 3518 1114 3547 in
1133 3517 1214 3547 libro
1229 3517 1269 3548 de
1283 3517 1418 3547 Duabus
1432 3529 1456 3550 75
1471 3516 1628 3556 gloriosis.

2569 260 2579 270 ·
2593 259 2649 287 Cap.
2664 266 2696 282 vr.

2566 698 2576 709 ·
2590 699 2625 721 cf.
2639 705 2687 727 arg.
2704 707 2724 722 ι.

2565 784 2574 793 “
2590 782 2655 804 Vers.
2670 789 2706 812 ³9·

2565 915 2576 925 '¹
2589 914 2648 936 lbid.

2565 961 2576 970 ·
2591 958 2656 982 Vera.
2670 959 2707 982 26.

2566 1218 2575 1229 “
2584 1217 2678 1240 Helena.
2688 1218 2774 1240 Summ.

2565 1244 2644 1266 Theol.
2661 1248 2718 1272 part.
2729 1245 2774 1272 111,

2563 1277 2602 1298 qu.
2616 1276 2682 1297 xxm,
2694 1277 2726 1293 m.
2740 1276 2760 1292 α.

2563 1442 2574 1452 ·
2587 1441 2646 1463 ὓίιῑ.
2662 1447 2718 1468 xvn,
2733 1446 2774 1468 qu.

2564 1474 2598 1494 ιιι,
2613 1471 2656 1489 an.
2673 1474 2691 1489 ι.

2563 2326 2573 2335 ·
2587 2324 2623 2346 cf.
2639 2324 2692 2346 dist.
2708 2331 2774 2347 xux.

2562 2357 2607 2405 ἓξ*
2620 2357 2662 2406 ξ»
2685 2356 2727 2374 ut·
2749 2359 2760 2380 5
2770 2368 2776 2379 »

2563 2417 2573 2427 ·
2587 2415 2622 2438 ef.
2643 2416 2666 2437 b.
2684 2417 2773 2439 Alben.

2562 2442 2595 2463 IV
2616 2442 2695 2470 Sena,
2719 2443 2772 2466 din.

2562 2473 2726 2517 Pso'cff‘ssit?³·

2562 3035 2571 3045 ·
2586 3033 2653 3055 Vera.
2667 3039 2701 3056 ιι.

2562 3210 2572 3220 ·
2588 3209 2653 3231 νει-ε.
2670 3215 2710 3237 ¹9,
2723 3209 2760 3231 26.
