2878 4088
99 341 225 362 ·1ουι.οι
242 355 248 362 .
264 345 309 364 u.

97 373 175 389 vers-¹
195 372 219 391 ,ι
236 365 308 387 .-Ct.

97 394 157 417 Part.
198 397 309 420 ‚qni-tv,

97 423 140 444 art.
155 426 174 446 ι,
189 418 218 441 ad
233 426 252 441 ¹.

97 478 246 504 'An-²,4-

98 828 312 882 ὲὲῗήὲὶῗὲες

98 883 127 905 ad
146 889 172 912 5:
190 882 251 904 Pan.
270 881 311 908 nl,

98 915 138 937 qu.
150 915 228 936 mvi,
238 912 280 930 ιη.
291 914 310 935 5.

99 1005 110 1015 ·
123 1003 149 1027 lu
163 1007 269 1031 corpore.

535 173 798 220 QUAESTIO
827 174 1028 219 LXXXIII,
1049 171 1341 210 ARTICULUS
1360 170 1410 206 VI
1428 191 1454 196 -
1474 169 1737 216 QUAESTIO
1766 171 1972 214 LXXXIV,
1993 171 2285 209 ARTICULUS
2304 172 2317 207 Ι

335 258 406 284 tum
422 262 540 293 corpus
555 253 733 292 gloriosum
754 253 871 293 poterit
894 253 1008 282 intrare
1025 261 1082 292 per
1096 251 1267 281 minimum
1283 258 1402 290 porum

335 297 431 328 unius
455 297 608 337 corporis.
633 297 674 327 Et
697 297 741 327 sic
765 302 893 337 ponunt
916 295 1006 336 quod
1030 305 1147 335 corpus
1167 294 1284 325 Christi
1308 293 1403 324 exivit

336 341 376 372 de
392 346 484 372 utero
501 341 655 381 virginali,
670 347 701 371 et
716 342 843 372 intravit
859 341 967 371 ianuis
987 340 1107 370 clausis
1127 339 1167 369 ad
1189 338 1363 378 discipulos
1374 339 1400 367 ἢ

392 385 456 416 Sed
479 386 542 416 hoc
565 395 632 415 non
657 391 764 425 potest
787 394 866 415 esse.
890 385 978 415 Tum
994 385 1070 424 quia
1092 392 1210 423 corpus
1225 383 1402 422 gloriosum

336 439 404 460 non
427 430 556 460 habebit
580 429 668 469 quod
688 431 727 460 sit
743 439 818 460 cum
835 429 897 459 alio
914 438 1049 469 corpore
1073 427 1168 458 simul
1191 427 1314 457 ratione
1329 426 1404 456 sub-

336 474 456 505 tilitatis
472 475 498 504 *.
523 491 543 497 -
567 474 655 504 Tum
679 475 764 514 quia,
789 474 885 504 etiam
901 474 927 503 si
942 473 1072 503 haberet
1090 477 1126 502 ut
1145 476 1226 502 esset
1250 480 1325 501 cum
1341 470 1403 500 alio

338 527 491 559 corpore,
514 528 583 549 non
606 524 714 549 tamen
738 527 812 549 cum
836 527 972 557 corpore
999 517 1159 557 glorioso,
1184 521 1220 546 ut
1241 515 1334 545 multi
1358 514 1404 544 di-

338 568 424 593 cunt.
441 581 464 585 -
483 563 571 593 Tum
595 563 671 603 quia
693 567 885 602 repugnaret
906 566 1011 592 rectae
1034 559 1237 600 dispositioni
1260 559 1404 599 corporis

337 607 485 643 humani,
510 616 593 647 quae
620 607 752 647 requirit
781 605 1027 637 determinatum
1050 605 1147 635 situm
1171 608 1202 634 et
1225 602 1404 633 distantiam

338 652 487 691 partium.
512 651 606 682 Unde
629 661 689 681 nec
712 660 770 691 per
791 649 984 681 miraculum
1007 650 1070 679 hoc
1093 657 1239 687 unquam
1261 646 1317 677 fiet
1332 647 1358 677 ’ἱ

393 696 434 726 Et
457 695 531 726 ideo
559 695 743 731 dicendum,
768 693 857 735 quod
888 703 1005 733 corpus
1033 701 1160 732 semper
1187 691 1246 722 erit
1272 691 1305 721 in
1330 691 1404 721 loco

338 740 397 771 sibi
420 740 556 780 aequali.

393 784 444 815 AD
461 794 578 814 pamm(
593 793 676 814 aneo
693 792 853 812 manuum(
868 781 959 821 quod
974 789 1092 820 corpus
1109 779 1226 810 Christi
1241 779 1275 809 in
1290 779 1406 809 Altaris

338 833 537 859 sacramento
560 837 629 858 non
653 832 700 857 est
721 826 874 861 localiter,
898 830 935 856 ut
957 824 1080 855 dictum
1103 829 1151 854 est
1165 824 1192 853 *.

393 873 445 903 An
469 881 632 902 secuunuu
654 880 814 900 Brennum(
837 869 927 910 quod
950 869 1098 909 probatio
1121 867 1312 907 Philosophi
1331 876 1406 907 pro-

339 915 423 947 cedit
451 925 489 946 ex
512 916 576 946 hoc
606 914 696 954 quod
725 923 790 944 una
820 923 892 954 pars
921 912 1034 943 eadem
1064 912 1187 942 ratione
1217 912 1407 942 subintraret

339 961 442 991 aliam.
475 959 538 990 Sed
561 959 630 990 talis
658 958 846 989 subintratio
876 958 1016 998 partium
1046 957 1190 996 corporis
1219 956 1350 996 gloriosi
1373 956 1406 986 in

338 1004 477 1035 invicem
499 1013 568 1034 non
591 1007 699 1043 potest
726 1011 810 1039 esse,
834 1007 870 1032 ut
893 1001 1014 1032 dictum
1039 1007 1085 1032 est
1100 1002 1127 1031 ’ἢ
1160 1001 1201 1031 Et
1224 1000 1298 1031 ideo
1326 1001 1406 1031 ratio

338 1058 406 1080 non
429 1048 583 1088 sequitur.

393 1093 445 1123 Ar>
461 1102 597 1122 ram-nm
616 1101 776 1122 DICENDUM
797 1090 887 1131 quod
903 1100 1021 1131 corpus
1044 1089 1168 1120 videtur
1184 1099 1222 1120 ex
1238 1090 1301 1120 hoc
1318 1088 1407 1129 quod

300 1148 311 1154 -
339 1137 403 1177 agit
424 1137 459 1167 in
481 1137 586 1167 visum
602 1137 630 1167 ³.
654 1136 754 1174 Quod
776 1141 884 1166 autem
908 1141 979 1175 agat
994 1136 1028 1165 in
1043 1135 1148 1164 visum
1169 1134 1219 1164 vel
1241 1143 1310 1164 non
1326 1139 1406 1174 agat,

295 1179 310 1213 i
338 1181 418 1212 nihil
440 1181 539 1211 variat
554 1181 588 1211 in
603 1181 675 1221 ipso
700 1190 846 1221 corpore.
871 1180 912 1211 Et
930 1179 1004 1210 ideo
1023 1189 1091 1210 non
1107 1184 1154 1209 est
1176 1179 1407 1209 inconveniens

338 1226 365 1256 si
387 1225 490 1266 possit
517 1224 648 1266 quando
677 1225 746 1255 vult
771 1224 881 1260 videri,
906 1230 937 1254 et
961 1223 1092 1264 quando
1115 1223 1184 1254 vult
1206 1232 1275 1254 non
1297 1222 1406 1253 videri.

339 1269 404 1302 Sed
431 1270 556 1303 essein
575 1270 655 1300 loco
683 1279 750 1300 non
779 1274 826 1300 est
854 1269 937 1299 actio
967 1269 1074 1308 aliqua
1100 1267 1278 1308 procedens
1305 1267 1343 1297 ab
1367 1276 1407 1298 eo

250 1316 252 1318 '
288 1322 294 1324 ’
339 1314 462 1345 ratione
493 1323 569 1344 suae
593 1314 791 1354 quantitatis,
815 1314 898 1344 sicut
925 1312 1024 1344 videri
1050 1313 1174 1343 ratione
1202 1312 1252 1342 sui
1280 1311 1406 1342 coloris.

100 1713 315 1770 Qum

103 2509 115 2520 ·
124 2507 188 2539 Cap..
194 2513 241 2535 ιη,
251 2507 319 2529 aliter

103 2540 172 2560 :mn
181 2540 205 2556 in
212 2537 256 2557 vet.
265 2539 316 2562 etp.

103 2567 168 2584 xxxx.

111 3344 182 3366 ‘Loc-
193 3344 232 3366 cit.
243 3343 267 3366 in
274 3349 323 3371 arg.

113 3378 132 3393 Ι.

340 1358 416 1389 Ideo
440 1368 508 1389 non
532 1363 579 1389 est
601 1358 714 1389 simile.

362 1441 462 1473 ART.
479 1442 534 1472 VI.
557 1451 663 1472 uranu
686 1451 803 1472 conaus
819 1451 998 1472 ominosum
1021 1450 1156 1471 RATIONE
1180 1440 1390 1471 suarmrra'ris'

730 1495 776 1516 srr
800 1495 1013 1516 mamurra.

389 1536 449 1558 Part.
465 1536 505 1560 111.
521 1542 559 1564 qu.
575 1542 622 1562 ιιν,
636 1539 679 1558 art.
694 1542 715 1563 2,
730 1536 758 1558 ad
775 1541 798 1561 2:
813 1535 843 1557 lll
858 1535 934 1562 Sent„
949 1535 1003 1558 dist.
1019 1541 1067 1560 xxi.
1083 1541 1121 1563 qn.
1139 1541 1164 1560 ιι,
1179 1538 1220 1556 art.
1235 1541 1258 1561 4,
1274 1535 1319 1563 qu'²
1333 1541 1358 1560 ις

494 1562 527 1584 IV
542 1563 610 1584 Cont.
628 1563 703 1589 Geni„
719 1568 769 1589 cap.
785 1568 884 1588 ιιιιινς
900 1561 925 1583 In
940 1561 1015 1589 Ioan.,
1031 1567 1082 1589 cap.
1097 1568 1136 1588 xx,
1153 1562 1203 1583 lect.
1220 1567 1250 1583 vi.

406 1633 427 1653 n
447 1632 568 1653 saxum
589 1632 636 1653 sxc
655 1632 861 1652 raocnnn'un.
885 1621 1021 1652 Videtur
1040 1621 1130 1662 quod
1149 1631 1266 1662 corpus
1288 1622 1407 1662 glorio-

343 1635 479 1698 Asum
493 1667 617 1697 ratione
637 1666 818 1697 subtilitatis
833 1667 873 1696 sit
891 1666 1107 1706 impalpabile.
1129 1665 1303 1706 Gregorius
1320 1667 1407 1696 enim

341 1711 428 1747 dicit,
444 1711 478 1742 in
501 1710 646 1741 Homilia
668 1711 702 1740 in
725 1716 837 1741 octava
860 1710 1000 1741 Paschae
1016 1711 1049 1740 *z
1083 1710 1259 1751 Corrumpi
1282 1720 1409 1741 necesse

2446 172 2514 218 195

1456 247 1636 279 secundum
1653 257 1704 278 eas
1726 249 1876 278 immutet
1891 254 2011 279 tactum
2034 250 2084 279 vel
2103 259 2170 280 non
2187 251 2344 280 immutet.
2369 250 2518 281 Similiter

1458 294 1553 323 etiam
1569 291 1747 323 secundum
1770 298 1917 322 naturam
1935 293 1994 322 sibi
2018 295 2172 333 competit
2195 300 2230 324 ut
2246 295 2366 324 resistat
2389 294 2518 325 cuilibet

1458 337 1546 367 alteri
1569 337 1697 376 corpor-i
1719 337 1905 371 transeunti,
1923 337 1964 366 ita
1981 337 2071 376 quod
2093 348 2160 368 non
2177 339 2276 378 possit
2300 348 2366 368 esse
2387 348 2462 368 cum
2478 347 2517 368 eo

1457 381 1553 412 simul
1576 381 1609 411 in
1632 380 1748 411 eodem
1778 381 1871 411 loco:
1903 380 1959 410 sed
1981 381 2171 412 miraculose
2198 383 2261 412 hoc
2284 389 2390 422 potest
2413 382 2518 412 diVma

1457 426 1573 456 virtute
1597 425 1802 465 contingere,
1827 424 1866 454 ad
1888 430 2005 455 nutum
2033 425 2150 465 ipsius,
2176 427 2265 465 quod
2288 428 2326 456 sit
2357 437 2430 457 cum
2455 427 2517 456 alio

1459 479 1595 509 corpore
1610 470 1644 500 in
1668 469 1784 500 eodem
1799 469 1874 499 loco
1891 470 1924 505 *;
1950 474 1981 498 et
1996 469 2040 498 sic
2062 479 2129 499 non
2146 471 2266 500 resistet
2282 472 2311 500 ei
2334 472 2517 501 transeunti.

1458 513 1552 545 Unde
1576 513 1754 544 secundum
1777 519 1923 544 naturam
1947 522 2037 543 suam
2062 513 2218 553 palpabile
2243 521 2288 544 est
2312 524 2429 554 corpus
2452 515 2518 554 glo-

1458 559 1596 588 riosum:
1625 558 1679 588 sed
1704 567 1742 588 ex
1765 558 1880 588 virtute
1904 558 2134 597 supernaturali
2158 558 2220 588 hoc
2245 559 2273 588 ei
2297 560 2450 598 competit
2474 565 2518 594 ut,

1459 612 1534 632 cum
1557 602 1635 638 vult,
1651 612 1719 632 non
1742 602 1889 642 palpetur
1913 611 1931 631 a
1955 611 2089 641 corpore
2113 611 2179 631 non
2203 602 2354 642 glorioso.
2384 603 2424 632 Et
2447 602 2519 633 ideo

1421 659 1446 673 ιο
1460 645 1634 685 Gregorius
1651 646 1726 676 dicit
1738 647 1754 663 ⁴*
1775 645 1864 686 quod
1879 646 2041 676 Dominus
2050 646 2251 686 palpandam
2275 656 2404 690 carpem
2422 657 2520 686 prae-

1421 879 1443 898 ¹5

1458 690 1534 726 buit,
1552 700 1648 730 quam
1672 690 1779 720 ianuis
1802 690 1922 720 clausis
1945 690 2136 725 introduxit,
2155 695 2190 720 ut
2207 691 2358 731 profecto
2379 691 2522 721 ostende—

1459 739 1509 764 ret
1525 740 1603 774 post
1625 734 1894 764 resurrectionem
1918 744 2036 774 corpus
2058 744 2152 765 suum
2176 743 2243 765 esse
2265 740 2296 765 et
2309 734 2449 765 eiusdem
2466 745 2522 765 na-

1459 783 1553 808 turae
1575 784 1607 808 et
1629 779 1764 809 alterius
1786 779 1925 820 gloriae.

1513 823 1565 852 An
1582 833 1699 853 ramum
1714 832 1797 853 nano
1817 833 1977 853 mmmmm
1993 822 2083 862 quod
2099 823 2378 863 incorruptibilitas
2394 823 2522 862 gloriosi

1460 868 1603 906 corporis
1615 877 1683 897 non
1700 873 1746 897 est
1762 877 1800 898 ex
1815 873 1927 898 natura
1944 869 2222 908 componentium,
2235 867 2414 898 secundum
2427 876 2523 907 quarn

1461 921 1556 942 omne
1577 911 1664 952 quod
1680 912 1840 952 palpatur
1862 921 1989 942 necesse
2012 917 2059 942 est
2082 913 2256 953 corrumpi,
2281 917 2316 942 ut
2340 921 2377 942 ex
2401 911 2492 942 dictis
2508 912 2524 927 ⁴*

1460 961 1556 996 patet.
1581 956 1622 986 Et
1644 955 1718 986 ideo
1742 957 1822 987 ratio
1846 966 1914 986 non
1937 957 2090 996 sequitur.

1515 1000 1566 1030 AD
1598 1011 1760 1031 SECUNDUM
1790 1011 1951 1031 ntem-{Dum
1975 1001 2083 1041 quod,
2108 1002 2253 1041 quamvis
2284 1001 2393 1040 aliquo
2423 999 2523 1030 modo

1461 1045 1562 1085 possit
1584 1044 1653 1076 fieri
1677 1045 1766 1085 quod
1790 1054 1908 1085 corpus
1930 1045 2107 1085 gloriosum
2132 1046 2170 1076 sit
2194 1055 2268 1076 cum
2302 1046 2364 1075 alio
2389 1053 2524 1085 corpore

1421 1090 1494 1119 ²⁰in
1518 1089 1633 1120 eodem
1655 1089 1747 1125 loco,
1772 1095 1879 1120 tamen
1909 1099 2024 1130 corpus
2052 1090 2229 1130 gloriosum
2259 1090 2354 1120 habet
2376 1090 2409 1120 in
2432 1094 2524 1129 pote-

1422 1325 1446 1345 ²5

1422 1545 1448 1566 30

1461 1139 1540 1164 state
1563 1143 1620 1164 sua
1643 1135 1786 1164 resistere
1811 1134 1940 1164 cuilibet
1973 1135 2114 1174 tangenti
2138 1144 2213 1165 cum
2235 1134 2382 1165 voluerit.
2416 1134 2457 1164 Et
2480 1134 2524 1163 sic

1461 1178 1583 1218 palpari
1605 1184 1720 1218 potest.

1517 1223 1568 1252 A»
1585 1233 1719 1253 TERTIUM
1743 1233 1902 1253 monimum
1919 1222 2008 1262 quod
2032 1223 2197 1262 qualitates
2217 1223 2382 1262 tangibiles
2405 1223 2438 1252 in
2455 1231 2524 1252 cor-

1461 1267 1594 1306 poribus
1609 1267 1756 1307 gloriosis
1772 1277 1839 1297 non
1856 1273 1948 1297 erunt
1963 1267 2112 1297 reductae
2128 1267 2168 1298 ad
2190 1267 2335 1298 medium
2350 1267 2395 1297 rei
2411 1276 2524 1296 secun-

1462 1311 1540 1341 dum
1568 1311 1844 1351 aequidistantiam
1868 1312 1906 1341 ab
1931 1312 2077 1342 extremis
2100 1317 2285 1352 acceptum:
2316 1311 2372 1342 sed
2395 1310 2435 1341 ad
2457 1320 2524 1340 me-

1462 1355 1552 1386 dium
1568 1356 1796 1396 proportionis,
1813 1355 1992 1386 secundum
2009 1356 2099 1395 quod
2115 1357 2237 1396 optime
2257 1356 2412 1396 competit
2435 1365 2524 1385 com-

1461 1400 1604 1440 plexioni
1619 1401 1779 1431 humanae
1802 1400 1834 1430 in
1859 1400 1990 1440 singulis
2006 1401 2158 1440 partibus.
2182 1401 2224 1431 Et
2237 1399 2311 1431 ideo
2335 1405 2437 1430 tactus
2453 1399 2524 1429 illo-

1461 1453 1534 1475 rum
1550 1454 1725 1485 corporum
1748 1450 1795 1475 est
1811 1444 2120 1475 delectabilissimus:
2145 1446 2220 1485 quia
2240 1446 2384 1485 potentia
2400 1453 2526 1484 semper

1461 1488 1636 1519 delectatur
1658 1490 1692 1519 in
1716 1490 1930 1525 convenienti,
1948 1494 1979 1519 et
2002 1490 2140 1519 tristatur
2162 1490 2196 1520 in
2220 1499 2350 1520 excessu
2366 1490 2392 1519 ἦ

1583 1553 1836 1597 QUAESTIO
1867 1553 2400 1603 OCTOGESIMAQUARTA

1510 1607 1555 1632 DE
1574 1607 1760 1632 AGlm’rA’rE
1779 1607 1972 1633 BEATORUM
1997 1607 2189 1632 CORPORUM
2209 1607 2479 1632 RESURGENTmM

1466 1676 1618 1740 Dumna
1643 1665 1911 1696 considerandum
1932 1672 1979 1696 est
2001 1665 2040 1696 de
2061 1666 2198 1706 agilitate
2221 1666 2389 1696 beatorum
2411 1674 2527 1705 corpo-

1525 1720 1598 1741 rum
1621 1711 1855 1750 resurgentium
1871 1711 1898 1740 ἦ

341 1761 389 1787 est
410 1755 498 1796 quod
513 1755 682 1796 palpatur.
707 1754 771 1786 Sed
794 1764 912 1795 corpus
934 1755 1112 1794 gloriosum
1137 1755 1194 1785 erit
1216 1755 1408 1795 incorrupti·
1424 1766 1446 1786 ις
1463 1755 1558 1786 Circa
1582 1754 1671 1794 quod
1695 1760 1892 1794 quaeruntur
1914 1755 1982 1784 tria.

340 1799 415 1831 bile.
438 1799 525 1840 Ergo
550 1799 609 1829 erit
629 1799 846 1839 impalpabile.

398 1853 428 1875 2.
451 1844 656 1880 Pau-mmm,
681 1853 779 1874 omne
804 1843 894 1884 quod
922 1844 1086 1884 palpatur,
1110 1844 1224 1874 resistit
1255 1844 1408 1884 palpanti.

341 1887 405 1920 Sed
428 1887 519 1928 quod
540 1893 648 1928 potest
671 1888 767 1919 simul
797 1898 864 1919 esse
888 1897 964 1919 cum
988 1889 1116 1929 aliquo,
1139 1898 1207 1919 non
1231 1889 1345 1919 resistit
1369 1889 1407 1919 ei.

342 1932 430 1964 Cum
453 1942 529 1973 ergo
553 1942 671 1973 corpus
702 1932 881 1973 gloriosum
911 1934 1013 1973 possit
1036 1942 1104 1964 esse
1127 1933 1223 1964 simul
1247 1942 1322 1963 cum
1346 1933 1408 1963 alio

342 1986 479 2018 corpore
495 1978 523 2014 *‚
537 1987 606 2008 non
630 1977 688 2008 erit
710 1977 880 2017 palpabile.

399 2021 429 2053 3.
453 2021 651 2058 Puni-nana,
668 2031 766 2052 omne
783 2031 901 2061 corpus
916 2021 1076 2062 palpabile
1099 2027 1147 2052 est
1161 2021 1321 2061 tangibile.
1346 2020 1410 2052 Sed

343 2075 442 2098 omne
470 2066 622 2106 tangibile
654 2075 772 2106 corpus
802 2066 898 2096 habet
929 2066 1096 2106 qualitates
1124 2065 1291 2106 tangfbiles
1318 2075 1408 2096 exce-

342 2110 454 2142 dentes
483 2111 651 2150 qualitates
683 2111 851 2150 tangentis.
885 2110 972 2141 Cum
1005 2120 1080 2150 ergo
1113 2110 1281 2150 qualitates
1308 2111 1409 2150 tangi-

342 2155 422 2186 biles
437 2164 505 2186 non
521 2155 584 2185 sint
606 2155 640 2185 in
657 2163 798 2191 excessu,
815 2154 871 2185 sed
886 2154 1035 2185 reductae
1051 2156 1085 2185 in
1100 2155 1273 2185 maximam
1292 2164 1409 2194 aequa-

1424 1992 1450 2012 4⁰

1519 1800 1644 1830 Primo:
1669 1804 1778 1829 utrum
1802 1808 1939 1839 corpora
1961 1799 2099 1838 gloriosa
2122 1799 2184 1829 sint
2207 1798 2314 1829 futura
2337 1799 2438 1838 agilia.

1520 1843 1688 1874 Secundo:
1713 1849 1821 1874 utrum
1845 1844 2071 1874 movebuntur.

1520 1889 1647 1919 Tertio:
1673 1893 1782 1919 utrum
1805 1888 2022 1918 movebuntur
2044 1888 2078 1917 in
2101 1888 2239 1917 instanti.

1507 1972 1648 2003 ART.1.
1673 1982 1779 2002 urium
1802 1981 1945 2002 conperta
1970 1981 2124 2002 Gnomosa
2148 1982 2215 2002 smr
2234 1982 2355 2002 Furtum
2379 1983 2484 2003 asma

1545 2023 1605 2044 Part.
1620 2022 1660 2048 ΙΙΙ,
1676 2028 1714 2050 qu.
1729 2028 1783 2047 ινιι,
1799 2026 1840 2044 an.
1855 2029 1880 2051 33
1895 2021 1928 2043 1v
1941 2021 2015 2048 Seni„
2030 2021 2084 2044 dist.
2099 2028 2161 2047 xux,
2177 2028 2215 2049 qu.
2232 2028 2262 2046 iv.
2277 2026 2320 2044 art.
2334 2028 2354 2050 5,
2369 2023 2414 2050 εμπι
2428 2029 2452 2051 3;

1599 2048 1724 2076 Compend.
1742 2048 1832 2075 Theoi„
1848 2054 1899 2076 cap.
1915 2054 2009 2074 ωνιιις
2027 2048 2036 2069 1
2050 2048 2084 2070 ad
2098 2048 2163 2075 Cor„
2179 2054 2231 2076 cap.
2246 2055 2283 2075 xv,
2299 2049 2351 2070 lect.
2367 2056 2395 2071 νι.

1528 2120 1549 2140 n
1578 2119 1695 2140 prmum
1717 2119 1763 2139 sm
1791 2118 1996 2139 moenum-un.
2028 2108 2162 2139 Videtur
2188 2109 2277 2149 quod
2301 2119 2437 2150 corpora
2460 2111 2528 2150 glo-

1466 2122 1613 2184 Ariosa
1640 2163 1707 2184 non
1732 2154 1794 2183 sint
1817 2152 1922 2183 futura
1953 2153 2054 2193 agilia.
2087 2153 2168 2184 Illud
2192 2154 2278 2184 enim
2309 2154 2398 2194 quod
2427 2154 2467 2185 de
2495 2165 2528 2185 se

342 2199 464 2230 litatem
487 2200 520 2229 in
541 2199 731 2239 corporibus
753 2199 911 2239 gloriosis,
927 2199 1053 2230 videtur
1067 2199 1158 2239 quod
1180 2209 1247 2230 non
1266 2199 1328 2229 sint
1343 2199 1410 2239 pal-
1424 2214 1448 2234 ⁴5
1465 2204 1512 2228 est
1535 2198 1615 2239 agile
1639 2197 1679 2228 ad
1708 2204 1853 2233 motum,
1881 2207 1948 2228 non
1972 2198 2093 2238 indiget
2116 2198 2224 2238 aliquo
2258 2198 2430 2229 deferente.
2467 2199 2529 2230 Sed

343 2243 470 2319 pabglgg·
487 2297 612 2317 con-riu
634 2297 688 2318 asr
712 2287 802 2328 quod
825 2288 985 2318 Dominus
1009 2297 1085 2318 cum
1109 2297 1245 2327 corpore
1267 2288 1409 2328 glorioso

344 2332 530 2368 resurrexit,
555 2337 587 2362 et
615 2336 723 2362 tamen
755 2341 873 2372 corpus
904 2332 1062 2372 palpabile
1095 2332 1222 2362 habuit:
1258 2338 1293 2362 ut
1324 2338 1411 2373 patet

345 2377 433 2407 Ioan.
449 2368 532 2411 καθ’,
548 2376 683 2416 Palpate
705 2381 736 2407 et
758 2376 869 2413 videte,
886 2377 964 2417 quia
984 2377 1117 2417 spiritus
1140 2386 1271 2407 carnem
1291 2381 1322 2407 et
1337 2387 1410 2408 ossa

310 2442 316 2452 ,
345 2430 411 2452 ηοη
434 2421 537 2451 habet.
561 2420 648 2460 Ergo
672 2426 704 2451 et
726 2430 862 2461 corpora
885 2421 1024 2461 gloriosa
1047 2426 1141 2451 erunt
1163 2421 1342 2461 palpabilia.

403 2475 431 2495 2.
456 2465 659 2501 Pinax-rmum,
682 2465 762 2496 haec
785 2471 832 2496 est
853 2466 990 2496 haeresis
1014 2466 1164 2506 Eutychii
1180 2465 1411 2496 Constantino-

344 2510 480 2551 politani
502 2509 657 2550 episcopi,
674 2515 711 2540 ut
726 2509 900 2550 Gregorius
922 2509 1008 2546 dicit,
1025 2511 1057 2540 in
1081 2510 1155 2540 XIV
1171 2511 1293 2541 Moral.
1310 2511 1337 2547 ³,
1355 2511 1412 2551 qui

346 2553 424 2585 dixit
446 2553 537 2594 quod
567 2563 686 2594 corpus
715 2559 862 2585 nostrum
886 2554 919 2585 in
944 2555 1192 2585 resurrectionis
1213 2555 1326 2596 gloria
1350 2555 1412 2585 erit

346 2598 560 2639 impalpabile.

402 2643 593 2674 Rnsponmzo
617 2649 794 2672 mcnnntns
804 2642 894 2682 quod
920 2652 1018 2673 omne
1042 2652 1160 2683 corpus
1182 2643 1340 2684 palpabile
1364 2649 1412 2674 est

346 2687 508 2727 tangibile,
525 2686 582 2717 sed
597 2696 665 2717 non
681 2687 886 2718 convertitur.
911 2687 1019 2718 Omne
1043 2688 1129 2718 enim
1146 2697 1264 2728 corpus
1280 2693 1327 2718 est
1341 2693 1410 2718 tan-

346 2731 443 2772 gibile
467 2731 558 2772 quod
586 2731 682 2761 habet
705 2731 871 2771 qualitates
904 2732 1022 2771 quibus
1049 2737 1142 2762 natus
1172 2737 1219 2762 est
1250 2732 1411 2763 immutari

346 2785 458 2807 sensus
481 2781 600 2806 tactus:
625 2774 712 2806 unde
735 2785 798 2811 aer,
814 2776 895 2816 ignis
919 2781 950 2806 et
972 2776 1158 2807 huiusmodi
1178 2781 1253 2807 sunt
1276 2786 1411 2817 corpora

346 2820 519 2861 tangibilia.
545 2819 609 2851 Sed
625 2819 790 2860 palpabile
811 2820 944 2850 ulterius
971 2820 1058 2851 addit
1081 2819 1171 2860 quod
1193 2821 1315 2852 resistat
1343 2826 1411 2852 tan—

1426 2435 1451 2455 5⁰

1426 2656 1449 2676 55

346 2865 450 2906 genti:
475 2863 563 2895 unde
593 2874 662 2900 aer,
687 2865 743 2904 qui
770 2873 977 2904 nequaquam
1006 2865 1121 2895 resistit
1150 2866 1326 2896 transeunti
1354 2875 1412 2906 per
1425 2876 1453 2896 ⁶0

348 2919 424 2940 eum
446 2908 502 2940 sed
523 2914 570 2939 est
585 2908 754 2939 facillimae
770 2908 944 2944 divisionis,
961 2909 1118 2949 tangibilis
1135 2908 1267 2949 quidem
1283 2915 1340 2946 est,
1357 2909 1413 2940 sed

346 2963 415 2985 non
438 2953 615 2994 palpabilis.
640 2953 692 2984 Sic
716 2962 792 2993 ergo
816 2958 902 2993 patet
925 2953 1015 2993 quod
1037 2953 1196 2993 palpabile
1220 2953 1334 2985 dicitur
1356 2954 1412 2984 ali—

348 2997 438 3039 quod
461 3007 580 3038 corpus
603 3007 641 3028 ex
665 2997 809 3028 duobus:
834 2997 954 3028 scilicet
970 3007 1008 3028 ex
1028 2998 1232 3038 qualitatibus
1255 2998 1413 3038 tangibili-

347 3043 426 3079 bus;
451 3047 482 3073 et
497 3052 536 3073 ex
550 3043 615 3072 hoc
631 3041 722 3082 quod
736 3042 851 3072 resistit
865 3042 1018 3082 tangenti,
1034 3048 1070 3072 ut
1085 3051 1153 3072 non
1169 3048 1411 3082 pertranseatur.

348 3086 390 3118 Et
412 3087 488 3127 quia
510 3086 676 3127 qualitates
699 3086 866 3126 tangibiles
889 3091 963 3116 sunt
990 3086 1130 3117 calidum
1154 3092 1185 3117 et
1208 3086 1358 3126 frigidum
1382 3092 1414 3118 et

348 3130 545 3167 huiusmodi,
565 3140 648 3171 quae
671 3140 739 3161 non
762 3131 969 3161 inveniuntur
991 3131 1052 3161 nisi
1075 3132 1108 3161 in
1131 3131 1321 3171 corporibus
1343 3141 1413 3171 gra-

349 3175 441 3205 vibus
464 3180 496 3206 et
517 3175 652 3212 levibus,
669 3184 752 3215 quae
774 3176 893 3206 habent
917 3176 1172 3206 contrarietatem
1195 3174 1234 3205 ad
1257 3175 1412 3212 invicem,

350 3227 388 3249 ac
402 3227 460 3259 per
474 3219 539 3250 hoc
561 3225 636 3251 sunt
652 3220 886 3260 corruptibilia;
910 3219 984 3250 ideo
1005 3229 1141 3260 corpora
1157 3219 1312 3256 caelestia,
1330 3229 1412 3260 quae

350 3267 425 3293 sunt
439 3262 617 3294 secundum
631 3270 778 3294 naturam
796 3264 1059 3304 incorruptibilia,
1075 3269 1150 3294 sunt
1168 3264 1326 3294 sensibilia
1342 3265 1412 3304 qui-

1426 3096 1451 3122 65

1465 2252 1600 2283 corpora
1622 2241 1798 2282 glorificata
1825 2241 2006 2272 deferentur
2027 2247 2101 2282 post
2124 2243 2388 2273 resurrectionem
2413 2243 2446 2273 in
2471 2254 2530 2274 nu-

1463 2288 1553 2318 bibus
1585 2287 1710 2318 obviam
1737 2287 1864 2317 Christo
1889 2287 1922 2317 in
1946 2295 2042 2322 aera,
2080 2300 2092 2313 α
2121 2287 2159 2316 ab
2187 2287 2306 2327 angelis
2333 2301 2365 2323 ›,
2390 2293 2425 2317 ut
2455 2287 2530 2318 dicit

1465 2331 1580 2363 Glossa
1596 2333 1622 2367 *,
1647 2331 1659 2361 I
1683 2331 1725 2361 ad
1752 2331 1892 2362 Thessal.
1917 2341 1949 2362 iv
1964 2332 2007 2361 **.
2033 2331 2118 2371 Ergo
2143 2341 2278 2371 corpora
2300 2332 2439 2371 gloriosa
2462 2342 2529 2363 non
2557 2340 2567 2350 ·

1465 2382 1558 2407 erunt
1581 2376 1683 2416 agilia.

1522 2431 1551 2451 2.
1576 2421 1778 2456 Puni-naza,
1803 2420 1930 2451 nullum
1958 2429 2076 2460 corpus
2103 2420 2193 2460 quod
2215 2426 2364 2451 movetur
2387 2431 2461 2451 cum
2485 2421 2529 2451 la-

1464 2466 1542 2496 bore
1559 2471 1590 2496 et
1605 2474 1721 2505 poena,
1737 2470 1844 2505 potest
1867 2464 1930 2495 dici
1953 2465 2043 2504 agile.
2068 2464 2131 2495 Sed
2154 2474 2290 2505 corpora
2312 2465 2451 2505 gloriosa
2466 2466 2529 2496 hoc

1464 2509 1565 2541 modo
1595 2510 1830 2540 movebuntur:
1865 2518 1940 2539 cum
1970 2514 2079 2539 motor
2109 2518 2239 2545 eorum,
2263 2510 2383 2540 scilicet
2413 2511 2529 2547 anima,

1464 2560 1594 2586 moveat
1621 2555 1655 2584 in
1678 2554 1873 2584 contrarium
1900 2558 2031 2584 naturae
2060 2563 2192 2590 eorum;
2224 2554 2298 2585 alias
2326 2560 2531 2585 moverentur

1465 2599 1647 2639 semperin
1670 2608 1770 2629 unam
1792 2604 1925 2638 partem.
1950 2598 2035 2638 Ergo
2058 2607 2126 2628 non
2150 2604 2243 2629 erunt
2266 2599 2368 2639 agilia.

1521 2643 1551 2674 3.
1575 2643 1772 2679 Pium-ma,
1788 2643 1870 2673 inter
1889 2652 2002 2673 omnes
2025 2643 2227 2683 operationes
2250 2644 2404 2679 animalis,
2421 2653 2531 2674 sensus

1465 2693 1513 2718 est
1535 2688 1676 2718 nobilior
1699 2693 1731 2718 et
1746 2687 1894 2727 proprior
1917 2696 2015 2727 quam
2038 2692 2156 2718 motus.
2181 2687 2244 2718 Sed
2266 2697 2333 2718 non
2357 2689 2532 2728 assignatur

1466 2732 1654 2772 corporibus
1677 2732 1823 2772 gloriosis
1847 2731 1953 2771 aliqua
1975 2732 2152 2771 proprietas
2175 2740 2258 2771 quae
2281 2731 2424 2771 perficiat
2440 2742 2476 2762 ea
2492 2732 2531 2762 ad

1465 2775 1679 2807 sentiendum.
1705 2776 1790 2816 Ergo
1813 2785 1874 2806 nec
1894 2775 1988 2806 debet
2004 2776 2048 2806 eis
2064 2776 2191 2806 attribui
2215 2776 2344 2815 agilitas,
2361 2786 2418 2816 per
2433 2786 2531 2816 quam

1465 2819 1671 2861 perficiantur
1694 2820 1734 2850 ad
1756 2825 1893 2850 motum.

1522 2874 1553 2904 4.
1577 2865 1774 2900 Paanrnana,
1797 2869 1910 2894 natura
1932 2863 1986 2894 dat
2008 2863 2137 2894 diversis
2164 2864 2373 2894 instrumenta
2397 2863 2531 2905 disposi-

1466 2910 1563 2940 tionis
1587 2909 1727 2939 diversae
1751 2908 1928 2939 secundum
1953 2907 2090 2938 diversas
2108 2909 2239 2939 virtutes
2257 2909 2420 2948 ipsorum:
2445 2908 2531 2939 unde

1466 2963 1533 2984 non
1563 2952 1706 2984 eiusdem
1729 2952 1946 2993 dispositionis
1974 2952 2026 2982 dat
2048 2953 2258 2983 instrumenta
2285 2953 2414 2983 animali
2441 2953 2530 2983 tardo

1467 3003 1499 3028 et
1521 2997 1635 3028 veloci.
1660 2997 1723 3028 Sed
1746 2997 1834 3027 Deus
1857 2997 1961 3027 multo
1985 2996 2160 3027 ordinatius
2184 3002 2334 3037 operatur
2355 3007 2453 3037 quam
2476 3007 2531 3028 na-

1467 3048 1547 3072 tura.
1572 3041 1658 3072 Cum
1675 3051 1751 3082 ergo
1768 3051 1886 3081 corpus
1904 3041 2082 3081 gloriosum
2097 3042 2211 3072 habeat
2228 3042 2372 3072 membra
2388 3041 2530 3072 eiusdem

1467 3085 1686 3126 dispositionis
1711 3086 1745 3116 in
1767 3085 1869 3126 figura
1897 3091 1928 3115 et
1955 3086 2130 3125 quantitate
2158 3086 2240 3116 sicut
2265 3085 2383 3122 modo,
2408 3085 2532 3116 videtur

1467 3130 1558 3171 quod
1580 3139 1648 3160 non
1671 3130 1786 3160 habeat
1808 3130 1902 3160 aliam
1926 3130 2097 3170 agilitatem
2121 3139 2218 3170 quam
2240 3129 2341 3160 modo
2362 3131 2486 3160 habeat.

1523 3174 1586 3206 San
1610 3184 1733 3204 CONTRA
1756 3184 1811 3204 irs-r
1834 3173 1924 3214 quod
1953 3173 2068 3204 dicitur
2091 3174 2103 3204 1
2129 3174 2206 3205 Cor.
2231 3185 2271 3205 xv
2286 3175 2321 3204 ’ἢ
2347 3174 2533 3205 Seminatur

1467 3219 1500 3249 in
1524 3219 1720 3260 infirmitate,
1736 3223 1851 3260 surget
1873 3219 1905 3248 in
1930 3218 2066 3249 virtute:
2089 3218 2204 3249 Glossa
2218 3220 2245 3255 ‘¹‘,
2263 3219 2351 3255 idest,
2372 3219 2488 3249 mobile
2503 3224 2534 3249 et
2558 3223 2568 3234 ·

1467 3264 1584 3294 vivum.
1610 3262 1673 3294 Sed
1696 3263 1856 3293 mobilitas
1878 3272 1947 3293 non
1970 3268 2076 3303 potest
2099 3262 2204 3294 dicere
2226 3264 2287 3294 nisi
2306 3263 2477 3303 agilitatem
2493 3263 2532 3294 ad

351 3305 426 3337 dem
449 3306 529 3342 visu,
545 3307 602 3338 sed
623 3317 692 3338 non
713 3309 886 3349 tangibilia,
904 3314 935 3339 et
958 3309 1002 3339 sic
1026 3309 1122 3339 etiam
1149 3318 1209 3339 nec
1233 3308 1412 3349 palpabilia.
1427 3322 1454 3343 7⁰
1467 3313 1605 3338 motum.
1629 3307 1715 3347 Ergo
1739 3316 1875 3347 corpora
1897 3307 2036 3347 gloriosa
2060 3313 2152 3338 erunt
2175 3308 2276 3347 agilia.

351 3350 392 3381 Et
406 3350 470 3380 hoc
486 3355 534 3381 est
556 3351 646 3391 quod
669 3351 843 3392 Gregorius
859 3352 935 3384 dicit
951 3354 977 3389 ὓ,
995 3352 1085 3393 quod
1100 3353 1266 3393 corrumpi
1289 3362 1414 3384 necesse

352 3399 399 3425 est
421 3403 516 3424 omne
538 3395 625 3435 quod
641 3396 808 3436 palpatur.

1525 3362 1554 3382 2.
1578 3352 1774 3387 Pani-nasa,
1798 3350 1925 3382 tarditas
1948 3352 2086 3382 maxime
2109 3351 2234 3382 videtur
2256 3352 2465 3392 spiritualitati
2484 3361 2531 3382 re-

1468 3406 1620 3437 pugnare.
1646 3396 1708 3427 Sed
1732 3405 1867 3436 corpora
1890 3396 2030 3436 gloriosa
2049 3402 2141 3427 erunt
2155 3396 2350 3437 spiritualia,
2368 3402 2403 3426 ut
2419 3395 2533 3426 dicitur

408 3437 536 3478 Corpus
559 3448 636 3479 ergo
659 3439 836 3479 gloriosum
866 3442 961 3472 habet
984 3452 1002 3472 a
1024 3448 1137 3472 natura
1167 3451 1224 3472 sua
1247 3442 1414 3482 qualitates
1469 3441 1482 3471 1
1508 3441 1584 3471 Cor.
1609 3451 1650 3470 xv
1665 3441 1692 3471 ὓ.
1717 3441 1802 3480 Ergo
1827 3446 1920 3470 erunt
1942 3440 2044 3480 agilia.

353 3491 436 3522 quae
452 3487 526 3513 sunt
541 3488 633 3513 natae
648 3483 817 3515 immutare
831 3490 969 3516 tactum:
994 3486 1050 3517 sed
1065 3492 1183 3522 tamen,
1201 3487 1275 3526 quia
1297 3495 1414 3526 corpus

1522 3485 1712 3515 Rnspommo
1728 3494 1888 3515 mesanum
1905 3484 1994 3524 quod
2006 3494 2123 3525 corpus
2139 3485 2315 3525 gloriosum
2328 3485 2386 3515 erit
2398 3485 2532 3515 omnino

353 3533 399 3557 est
433 3527 568 3557 omnino
598 3527 778 3558 subiectum
801 3529 942 3569 spiritui,
965 3531 999 3560 in
1022 3536 1179 3571 potestate
1210 3531 1278 3561 eius
1310 3536 1356 3561 est
1378 3535 1415 3561 ut
1429 3530 1651 3564 „subiectum
1674 3529 1798 3560 animae
1822 3528 2034 3569 glorificatae:
2058 3539 2124 3560 non
2149 3529 2255 3560 solum
2278 3534 2314 3560 ut
2336 3529 2415 3559 nihil
2437 3530 2471 3559 in
2493 3538 2532 3559 eo

2546 477 2556 486 ·
2571 476 2607 497 ef.
2622 481 2663 498 an.
2679 482 2699 503 3.

2548 652 2557 662 ‘
2566 651 2622 672 Loc.
2632 651 2669 672 cit.
2678 651 2701 672 in
2709 657 2757 679 arg.

2550 684 2568 699 ι.

2551 915 2559 924 ·
2579 913 2606 934 ln
2627 918 2735 939 corpore.
2752 925 2761 930 -

2551 939 2588 988 git.
2609 946 2649 989 pu,
2668 946 2762 967 Luxu,

2553 1409 2562 1418 ·
2576 1407 2674 1429 Aristot.
2691 1407 2720 1429 de
2732 1407 2765 1428 A·

2552 1434 2629 1460 nima,
2653 1435 2693 1456 lib.
2718 1434 2764 1461 111,

2553 1466 2696 1509 §ffffhf'fec‘lz
2712 1466 2738 1509 3:
2754 1471 2764 1476 ·

2555 1706 2668 1754 ingtgdqu.
2679 1711 2766 1733 uun,

2595 2338 2695 2360 Interlin.
2719 2342 2741 2359 et

2556 2365 2641 2387 Lomb.

2557 2393 2578 2404 “·
2592 2392 2659 2414 Vei-n.
2676 2391 2710 2414 ιδ.

2559 3179 2570 3190 ·
2584 3178 2652 3200 Vera.
2667 3184 2704 3206 43.

2591 3221 2694 3243 latex-liu.
2721 3225 2743 3242 et

2558 3248 2642 3270 [amb.

2558 3438 2571 3451 ·
2584 3437 2649 3460 vm.
2664 3444 2704 3464 44.
