2918 4088
928 208 1190 256 QUAESTIO
1219 207 1356 244 LXVII

1365 235 1375 254 ,
1404 206 1696 244 ARTICULUS
1724 208 1784 255 ιν,
1804 209 1839 244 v

2415 211 2463 248 83

1067 341 1385 384 ARTICULUS
1415 341 1690 391 QUARTUS

874 434 1066 466 UTRUM
1098 433 1308 464 MULIER
1339 432 1534 464 possm
1566 433 1877 464 BAPTIZARE

0 522 9 560 ἶ
49 538 63 550 ·
83 536 144 568 yma
169 536 262 558 comm.
325 538 386 580 με
407 542 490 587 ⁴4«—
503 535 526 560 D
541 535 713 565 QUARTUM
727 535 779 560 Slc
794 535 1018 560 PROCEDITUR
1027 523 1057 559 ²¹².
1070 522 1231 559 Videtur
1244 521 1351 570 quod

0 568 5 592 ³
52 564 261 591 ⁰⁸⁸¹'¹'⁰⁵¹“¹'⁵'
319 566 479 643 'saiw
504 576 643 613 mulier
682 588 763 613 non
796 576 916 625 possit
951 575 1154 624 baptizare.
1197 574 1353 622 Legitur

50 639 67 687 2
67 637 175 692 ⁶3:130
211 643 262 660 cau-
310 633 438 710 5³51}
451 634 472 673 (1
505 628 609 666 enim
633 628 673 666 in
694 628 982 676 Carthaginensi
1003 627 1175 667 Concilio
1195 627 1232 664 *z
1262 629 1352 664 Mu-

348 698 358 715 ,3
392 684 410 708 ’ἶ
424 692 446 712 ι)

461 674 587 728 &lien
617 683 784 731 quamvis
811 682 917 718 docta
945 687 978 718 et
1003 687 1150 727 sancta,
1185 682 1286 718 viros
1314 682 1351 716 in

290 739 471 772 conventu
500 735 652 780 docere,
681 734 740 772 vel
765 734 858 771 alios
878 739 895 755 ‘²
927 735 1114 783 baptizare
1141 745 1216 770 non
1239 745 1352 783 prae-

289 793 420 824 sumat.
459 787 536 824 Sed
563 788 670 830 nullo
698 787 819 823 modo
855 786 940 824 licet
966 786 1118 823 mulieri
1145 786 1284 823 docere
1313 785 1353 822 in

290 847 504 877 conventu:
542 839 755 877 secundum
790 839 883 876 illud
917 840 931 876 I
959 840 1045 876 Cor.
1070 851 1130 876 xw
1148 839 1184 876 *z
1228 841 1354 888 Turpe

290 899 341 930 est
367 893 518 930 mulieri
542 896 579 929 in
608 892 761 929 ecclesia
788 892 899 941 loqui.
936 893 1038 940 Ergo
1066 892 1219 929 videtur
1245 892 1353 941 quod

290 957 362 982 nec
390 945 504 982 etiam
532 945 662 994 aliquo
690 944 810 982 modo
839 944 948 982 liceat
968 944 1120 982 mulieri
1147 944 1351 994 baptizare.

345 1009 380 1034 2.
409 998 652 1046 PRAETEREA,
689 997 880 1047 baptizare
913 997 1075 1047 pertinet
1102 998 1151 1035 ad
1180 997 1353 1036 officium

289 1050 550 1101 praelationis:
580 1051 684 1088 unde
707 1063 729 1089 a
748 1050 1009 1088 sacerdotibus
1037 1050 1269 1088 habentibus
1288 1063 1353 1088 cu-

290 1115 375 1141 ram
397 1102 617 1141 animarum
645 1103 759 1141 debet
778 1103 899 1153 accipi
917 1104 1141 1154 baptismus.
1173 1104 1250 1141 Sed
1278 1105 1354 1141 hoc

148 1155 165 1190 β
289 1167 371 1193 non
393 1163 519 1206 potest
537 1164 757 1206 competere
775 1156 940 1194 feminae
960 1156 995 1194 βε
1024 1157 1241 1194 secundum
1260 1157 1354 1194 illud

37 1209 61 1228 ‘⁸'
74 1212 142 1237 ven.
158 1219 191 1237 ¹²·
289 1209 304 1246 I
327 1210 422 1247 Tim.
443 1221 465 1247 11
482 1209 522 1246 *ε
552 1211 700 1247 Docere
726 1210 877 1247 mulieri
903 1223 977 1248 non
996 1212 1182 1260 permitto,
1203 1223 1271 1247 nec
1290 1210 1353 1247 do-

144 1265 162 1292 Υ
289 1263 430 1300 minari
452 1264 490 1299 in
509 1264 608 1300 viros
626 1268 654 1310 Υ,
682 1263 747 1300 sed
771 1263 952 1300 subditam
979 1276 1065 1300 esse.
1095 1264 1196 1311 Ergo
1216 1263 1355 1300 mulier

272 1314 482 1365 ,baptizare
509 1327 591 1354 non
618 1324 753 1365 potest.

287 1380 294 1409 ζ
327 1367 380 1405 ’3.
408 1366 643 1415 emmam,
672 1369 712 1406 in
740 1368 924 1419 spirituali
943 1369 1229 1418 regeneratione
1248 1368 1354 1406 vide-

289 1427 352 1458 tur
370 1433 472 1470 aqua
490 1421 632 1459 habere
651 1423 782 1460 locum
801 1421 964 1459 materni
982 1422 1095 1459 uteri:
1116 1429 1158 1458 ut
1177 1417 1354 1470 Augusti-

30 1479 31 1482 ’
48 1473 219 1528 ξξαῙῨῗ-ιῆῗ
242 1491 262 1523 .-
290 1485 365 1511 nus
393 1473 482 1511 dicit
495 1474 527 1520 ³¹²,
547 1487 664 1524 super
682 1475 775 1512 illud
794 1477 898 1513 Ioan.
919 1487 952 1512 111
970 1474 1022 1522 *ἦ
1042 1475 1226 1524 Nunquid
1243 1476 1353 1512 homo

50 1527 192 1555 '’Vm-⁴·
270 1575 272 1578 Α
284 1532 404 1578 potest
441 1528 478 1564 in
507 1534 672 1565 ventrem
699 1530 829 1565 matris
855 1540 945 1565 suae
978 1529 1107 1564 iterato
1141 1529 1295 1564 introire
1322 1533 1355 1564 et

291 1580 466 1617 renasci?
501 1581 564 1617 Ille
591 1588 722 1617 autem
755 1580 822 1629 qui
850 1579 1025 1629 baptizat,
1053 1579 1206 1616 videtur
1233 1580 1354 1627 magis

290 1631 433 1669 habere
460 1632 576 1681 patris
604 1632 789 1670 officium.
834 1633 911 1670 Sed
946 1633 1022 1669 hoc
1057 1644 1139 1669 non
1171 1632 1355 1681 competit

2 1733 6 1736 .
289 1683 452 1724 mulieri.
483 1681 585 1733 Ergo
613 1685 754 1722 mulier
780 1685 972 1734 baptizare
1001 1697 1082 1721 non
1109 1692 1244 1734 potest.

31 1738 61 1752 ⁶
74 1740 204 1764 soe-nau.

1 1765 3 1767 .
343 1737 418 1774 Sn'n
447 1749 592 1775 cONTRA
620 1750 686 1775 EST
705 1738 812 1787 quod
831 1738 1012 1775 Urbanus
1032 1739 1138 1786 Papa
1156 1737 1176 1759 ‘¹‘
1195 1737 1296 1783 dicit,
1319 1745 1355 1774 et

40 1786 264 1840 {cmm-⁹⁹⁰¹*
288 1790 453 1827 habetur
477 1790 517 1828 in
540 1790 721 1837 Decretis,
742 1791 862 1838 XXX,
883 1803 948 1839 qu.
969 1803 1002 1827 111
1020 1790 1058 1827 *ε
1088 1792 1208 1840 Super
1226 1792 1355 1839 quibus

288 1843 470 1880 consuluit
497 1856 564 1881 nos
591 1849 654 1881 tua
680 1844 855 1890 Dilectio,
885 1845 956 1881 hoc
982 1843 1125 1882 videtur
1152 1845 1257 1880 nobis
1283 1844 1355 1880 hac

287 1897 466 1934 sententia
497 1897 818 1946 respondendum:
849 1902 887 1933 ut
914 1897 1115 1946 baptismus
1141 1898 1186 1933 sit
1212 1897 1261 1942 si,
1292 1908 1354 1933 ne-

288 1950 451 1986 cessitate
477 1951 644 1996 instante,
663 1951 816 1998 femina
838 1962 1001 2000 puerum
1030 1951 1067 1986 in
1098 1950 1249 1986 nomine
1271 1951 1307 1986 T
1304 1951 1354 1986 ri-

289 2003 410 2039 nitatis
437 2004 684 2052 baptizaverit.

342 2055 568 2093 Responmzo
582 2067 764 2094 DICENDUM
779 2055 887 2105 quod
903 2054 1077 2092 Christus
1092 2063 1148 2092 est
1167 2054 1234 2104 qui
1252 2055 1353 2104 prin-

289 2107 459 2158 cipaliter
476 2108 658 2158 baptizat:
688 2109 903 2146 secundum
925 2108 1017 2146 illud
1036 2109 1140 2146 Ioan.
1156 2121 1166 2145 1
1184 2108 1215 2155 ²¹⁶,
1236 2110 1356 2158 Super

0 2194 3 2214 ;
33 2189 39 2195 a
289 2173 398 2212 quem
433 2162 568 2200 videris
603 2163 780 2212 Spiritum
819 2162 1095 2199 descendentem
1131 2167 1164 2198 et
1200 2174 1355 2199 manen-

0 2215 3 2242 ἵ
32 2261 35 2264 „
65 2199 261 2276 ΔΞΞὲ-ἶᾷ.
287 2219 373 2262 tem,
389 2215 448 2252 hic
467 2221 518 2252 est
536 2217 600 2265 qui
615 2217 783 2265 baptizat.
813 2214 962 2252 Dicitur
980 2222 1111 2252 autem
1134 2215 1272 2252 Coloss.
1289 2227 1322 2251 111
1335 2214 1356 2236 ²¹³

31 2267 159 2306 4ιιηιιι.
175 2268 208 2302 ι’ἷ.
237 2259 261 2282 ¹'‘
288 2267 397 2318 quod
425 2269 462 2305 in
486 2269 631 2306 Christo
661 2281 734 2306 non
764 2274 815 2305 est
841 2268 1028 2305 masculus
1056 2280 1174 2317 neque
1190 2269 1354 2316 femina.

343 2398 360 2414 α
389 2389 465 2415 alios.
482 2389 623 2422 -„aliquos
643 2390 682 2416 ΡΙ.

343 2423 359 2458 β
380 2423 550 2458 seminaen'-
567 2425 674 2451 mulieri
693 2426 828 2451 editiones.

342 2468 359 2494 γ
389 2461 470 2486 viros.
487 2475 507 2479 —
525 2461 612 2486 virum
632 2462 660 2487 Ρ.

1249 2530 1355 2539 w

334 2887 340 2894 Ι
361 2871 385 2887 0
413 2876 481 2918 we«
505 2864 527 2889 D
547 2863 708 2894 Qum'rum
727 2863 779 2888 sm
798 2863 1034 2888 PROCEDITUR.
1064 2851 1226 2888 Videtur
1249 2851 1356 2900 quod

320 2904 349 2925 '⁷
443 2906 476 2949 ,ὴ
505 2904 565 2941 ille
594 2904 662 2953 qui
689 2915 770 2940 non
798 2912 854 2941 est
880 2903 1105 2953 baptizatus,
1134 2916 1216 2941 non
1238 2904 1358 2953 possit

406 2960 408 2962 ’
443 2945 474 3005 ’ἦ
505 2964 789 2995 sacramentum
808 2956 987 3006 baptismi
1006 2957 1189 2994 conferre.
1220 2957 1358 2994 Nullus

351 3040 353 3043 .
374 3006 436 3038 *²*
463 3004 611 3048 &enim
630 3011 692 3047 dat
711 3010 810 3060 quod
827 3022 902 3047 non
922 3011 1029 3047 habet
1047 3009 1078 3046 ²¹².
1100 3010 1177 3047 Sed
1195 3010 1356 3046 non—ba-

292 3063 454 3114 ptizatus
477 3075 558 3100 non
581 3063 697 3101 habet
725 3070 1010 3100 sacramentum
1033 3062 1223 3113 baptismi.
1254 3063 1356 3111 Ergo

293 3129 375 3154 non
401 3124 527 3166 potest
554 3116 683 3166 ipsum
711 3116 894 3154 conferre.

349 3181 383 3206 2.
412 3170 651 3217 Pium-nam,
681 3176 966 3207 sacramentum
998 3167 1178 3217 baptismi
1212 3169 1357 3206 confert

293 3221 430 3273 aliquis
466 3222 697 3272 inquantum
732 3230 788 3260 est
823 3222 996 3259 minister
1032 3221 1235 3259 Ecclesiae.
1280 3222 1357 3259 Sed

293 3275 354 3313 ille
382 3275 450 3325 qui
477 3287 558 3313 non
577 3283 633 3313 est
660 3275 883 3325 baptizatus,
913 3276 1020 3313 nullo
1048 3274 1168 3312 modo
1195 3274 1358 3324 pertinet

294 3328 344 3366 ad
376 3329 605 3376 Ecclesiam,
644 3328 783 3366 scilicet
816 3340 888 3366 nec
920 3341 960 3365 re
998 3340 1070 3364 nec
1104 3335 1354 3365 sacramento.

294 3382 396 3430 Ergo
416 3393 497 3420 non
514 3389 639 3432 potest
657 3389 940 3420 sacramentum
970 3379 1149 3430 baptismi
1172 3380 1355 3417 conferre.

52 3028 57 3031 ,
82 3009 121 3036 α,
140 3015 181 3039 qn.
201 3016 265 3039 ιιιν,
313 2990 333 3019 “¹⁴

24 3066 26 3069 ,
50 3034 96 3061 ht.
109 3042 129 3066 5,
143 3042 191 3066 ιτς.
207 3044 227 3060 ι.

1407 523 1455 559 Et
1490 522 1597 570 ideo,
1627 523 1723 560 sicut
1748 525 1942 560 masculus
1970 524 2087 562 laicus
2114 534 2238 574 potest
2264 528 2465 577 baptizare,

1406 575 1516 624 quasi
1544 575 1716 613 minister
1745 576 1894 624 Christi,
1924 577 1974 614 ita
2002 577 2116 615 etiam
2145 587 2180 615 et
2206 580 2359 617 femina.

1460 628 1564 675 Quia
1590 636 1720 666 tamen
1747 636 1857 679 caput
1879 631 2044 667 mulieris
2063 637 2113 667 est
2131 634 2199 677 vir,
2220 638 2253 668 et
2271 640 2380 682 caput
2399 636 2470 671 viri

1410 682 1585 728 Christus,
1606 690 1648 718 ut
1672 682 1808 719 dicitur
1826 683 1840 719 I
1864 684 1950 720 Cor.
1971 695 2005 719 xi
2024 683 2061 729 *3
2091 696 2172 721 non
2192 685 2304 722 debet
2331 687 2469 724 mulier

1406 734 1595 783 baptizare
1616 734 1646 771 si
1665 735 1761 772 adsit
1780 735 1892 784 copia
1910 736 1992 772 viri.
2014 736 2119 773 Sicut
2138 749 2209 773 nec
2227 738 2344 775 laicus
2362 752 2468 788 prae-

1407 794 1511 824 sente
1546 787 1699 833 clerico,
1735 800 1807 825 nec
1835 788 1993 825 clericus
2027 797 2225 838 praesente
2260 792 2466 830 sacerdote.

1407 840 1487 887 Qui
1514 848 1644 877 tamen
1672 848 1796 890 potest
1823 841 2014 890 baptizare
2041 850 2238 891 praesente
2267 844 2466 894 episcopo:

1407 905 1454 930 eo
1483 893 1591 942 quod
1619 894 1695 930 hoc
1722 893 1884 943 pertinet
1912 894 1962 931 ad
1990 894 2164 932 officium
2192 897 2407 934 sacerdotis.

1460 948 1518 983 AD
1548 959 1682 984 ramum
1708 959 1806 984 ERGO
1835 959 2016 984 DICENDUM
2045 948 2164 997 quod,
2194 948 2290 986 sicut
2318 950 2468 987 mulieri

1408 1011 1488 1036 non
1507 998 1738 1048 permittitur
1756 1000 1908 1049 publice
1928 1001 2079 1047 docere,
2099 1009 2223 1050 potest
2240 1010 2370 1039 tamen
2393 1003 2468 1053 pri-

2494 696 2504 706 ''
2518 695 2584 717 Vers.
2598 701 2618 724 3.

1407 1059 1495 1089 vata
1515 1052 1687 1089 doctrina
1701 1054 1763 1089 vel
1781 1052 1994 1090 monitione
2014 1053 2182 1103 aliquem
2196 1054 2400 1102 instruere;
2420 1056 2470 1093 ita
2508 1080 2513 1091 1

1408 1117 1488 1142 non
1515 1105 1745 1154 permittitur
1771 1105 1923 1155 publice
1952 1114 1988 1143 et
2015 1107 2235 1144 solemniter
2266 1108 2467 1157 baptizare,

1408 1158 1474 1195 sed
1494 1165 1624 1195 tamen
1642 1166 1766 1208 potest
1785 1158 1975 1208 baptizare
1994 1159 2034 1196 in
2053 1160 2282 1197 necessitatis
2297 1161 2466 1199 articulo.

1461 1212 1518 1248 AD
1555 1224 1744 1249 SECUNDUM
1778 1224 1961 1249 DICENDUM
1996 1213 2122 1261 quod,
2162 1214 2319 1262 quando
2348 1215 2468 1263 bapti-

1408 1276 1516 1301 smus
1553 1264 1774 1301 solemniter
1801 1273 1837 1301 et
1865 1264 2036 1302 ordinate
2056 1263 2069 1287 ⁸
2097 1266 2326 1312 celebratur,
2355 1268 2468 1304 debet

1408 1316 1544 1366 aliquis
1572 1325 1856 1354 sacramentum
1892 1318 2071 1367 baptismi
2108 1318 2299 1368 suscipere
2334 1333 2357 1357 a
2383 1332 2468 1369 pre-

1408 1369 1561 1419 sbytero
1576 1375 1588 1391 ⁸
1607 1382 1741 1407 curam
1761 1370 1980 1407 animarum
1999 1371 2175 1417 habente,
2195 1373 2257 1409 vel
2271 1372 2319 1409 ab
2339 1372 2468 1422 aliquo

1407 1422 1491 1460 vice
1520 1423 1613 1460 eius.
1644 1424 1730 1460 Hoc
1757 1431 1887 1460 tamen
1914 1435 1995 1460 non
2023 1424 2228 1473 requiritur
2252 1425 2292 1461 in
2311 1425 2468 1463 articulo

1394 1476 1649 1522 necessitatis,
1679 1476 1718 1512 in
1746 1488 1826 1525 quo
1854 1484 1979 1525 potest
2006 1477 2145 1514 mulier
2172 1477 2374 1526 baptizare.

1461 1530 1518 1565 AD
1546 1541 1704 1565 TERTmM
1727 1541 1909 1566 DICENDUM
1929 1530 2035 1577 quod
2063 1529 2103 1566 in
2130 1530 2372 1578 generatione
2392 1543 2469 1568 car-

1408 1580 1484 1617 nali
1520 1582 1714 1617 masculus
1753 1589 1789 1618 et
1825 1581 1967 1618 femina
2009 1590 2217 1630 operantur
2253 1584 2469 1621 secundum

1407 1633 1590 1670 virtutem
1617 1633 1796 1682 propriae
1824 1641 2000 1671 naturae:
2031 1642 2067 1671 et
2095 1635 2182 1672 ideo
2210 1636 2353 1673 femina
2389 1649 2470 1673 non

1408 1693 1532 1735 potest
1561 1698 1642 1722 esse
1670 1685 1903 1735 principium
1931 1687 2183 1734 generationis
2202 1688 2382 1733 activum,
2403 1690 2470 1726 sed

1408 1738 1607 1787 passivum
1626 1746 1775 1775 tantum
1795 1739 1825 1775 ²³.
1857 1739 1933 1776 Sed
1959 1739 1998 1776 in
2026 1740 2269 1788 generatione
2289 1741 2471 1790 spirituali

1408 1799 1544 1828 neuter
1571 1799 1752 1840 operatur
1779 1791 1916 1828 virtute
1944 1792 2115 1842 propria,
2146 1794 2214 1830 sed
2242 1793 2470 1831 instrumen-

1408 1844 1530 1882 taliter
1556 1851 1707 1881 tantum
1734 1856 1804 1893 per
1830 1844 2011 1882 virtutem
2041 1845 2191 1882 Christi.
2222 1847 2270 1883 Et
2297 1847 2384 1883 ideo
2407 1859 2470 1884 eo-

1409 1897 1500 1934 dem
1535 1897 1655 1934 modo
1683 1905 1809 1946 potest
1843 1905 1879 1934 et
1906 1897 1966 1934 vir
1993 1906 2029 1934 et
2057 1898 2196 1935 mulier
2222 1899 2262 1936 in
2290 1912 2381 1937 casu
2405 1912 2470 1937 ne-

1409 1949 1589 1987 cessitatis
1617 1949 1820 2000 baptizare.

1463 2003 1502 2040 Si
1522 2010 1652 2040 tamen
1671 2003 1811 2040 mulier
1829 2011 1933 2041 extra
1951 2016 2085 2041 casum
2104 2005 2333 2043 necessitatis
2351 2006 2471 2055 bapti-

1409 2063 1521 2104 zaret,
1542 2068 1622 2093 non
1650 2064 1748 2093 esset
1766 2056 2077 2106 rebaptizandus:
2113 2058 2207 2095 sicut
2236 2066 2271 2096 et
2299 2059 2346 2096 de
2374 2059 2471 2096 laico

1409 2109 1555 2146 dictum
1583 2116 1638 2146 est
1656 2109 1687 2146 ²⁸.
1726 2110 1905 2147 Peccaret
1932 2118 2062 2147 tamen
2090 2110 2172 2160 ipsa
2199 2111 2406 2161 baptizanS,
2436 2120 2472 2149 et

1409 2162 1469 2199 alii
1506 2162 1574 2211 qui
1609 2162 1657 2199 ad
1692 2163 1768 2199 hoc
1802 2171 2111 2212 cooperarentur,
2140 2165 2202 2200 vel
2235 2164 2471 2214 baptismum

1409 2215 1457 2252 ab
1487 2227 1532 2252 ea
1560 2215 1816 2265 suscipiendo,
1845 2217 1907 2253 vel
1935 2216 1970 2253 ei
1997 2216 2271 2266 baptizandum
2303 2217 2471 2267 aliquem

1409 2268 1622 2306 offerendo.

1463 2390 1488 2424 ὃ)
1508 2391 1640 2417 ordinate.
1659 2406 1677 2410 -
1695 2391 1834 2417 ordinarie
1860 2391 1972 2416 PEGHI.

1463 2426 1486 2460 ε)
1506 2434 1523 2452 a
1544 2428 1714 2461 presbytero.
1731 2442 1751 2446 -
1769 2428 1790 2452 E
1816 2432 1841 2452 et
1865 2428 1953 2457 tertia;
1977 2434 1994 2452 a
2012 2427 2150 2453 sacerdote
2168 2427 2197 2459 F,
2215 2435 2269 2454 om.
2289 2429 2374 2454 ceteri.

1076 2599 1395 2651 ARTICULUS
1426 2600 1683 2648 QUINTUS

422 2691 580 2724 UTRUM
604 2691 701 2722 ILLE
724 2691 800 2730 QUI
823 2691 916 2723 NON
938 2692 1021 2724 EST
1044 2693 1331 2730 BAPTIZATUS,
1355 2692 1503 2724 POSSIT
1527 2692 1862 2724 SACRAMENTUM
1885 2693 2085 2724 BAPTISMI
2110 2693 2342 2725 CONFERRE

1089 2772 1122 2796 1v
1142 2771 1225 2801 Sent.,
1245 2772 1303 2797 dist.
1322 2779 1346 2803 ν,
1366 2779 1410 2804 qu.
1429 2779 1456 2802 11,
1476 2777 1523 2797 art.
1544 2778 1567 2801 1,
1587 2771 1636 2804 qu⁸
1657 2771 1680 2797 3.

1382 2850 1385 2889 l
1467 2852 1500 2888 3.
1535 2853 1774 2899 PRAETEREA,
1813 2851 1938 2889 maius
1972 2859 2027 2888 est
2063 2859 2346 2888 sacramentum
2382 2863 2472 2888 con-

1410 2905 1506 2942 ferre
1541 2917 1660 2954 quam
1696 2904 1899 2954 suscipere.
1944 2905 2021 2942 Sed
2048 2904 2356 2953 non-baptizatus
2392 2916 2472 2941 non

1370 2980 1374 2985 =
1409 2965 1534 3007 potest
1552 2958 1624 2995 alia
1644 2965 1881 2995 sacramenta
1899 2957 2102 3006 suscipere.
2132 2958 2234 3005 Ergo
2258 2958 2379 2993 multo
2400 2957 2470 2994 mi-

1411 3023 1485 3047 nus
1512 3018 1637 3060 potest
1664 3010 1820 3060 aliquod
1849 3018 2132 3047 sacramentum
2160 3010 2341 3046 conferre.

1465 3064 1539 3101 SED
1577 3075 1721 3101 CONTRA
1758 3076 1823 3101 EsT
1860 3063 1966 3112 quod
2003 3062 2169 3099 Isidorus
2205 3062 2294 3099 dicit
2321 3062 2360 3099 ²¹⁶:
2394 3063 2470 3100 Ro-

1410 3129 1545 3154 manus
1580 3118 1757 3165 Pontifex
1798 3129 1872 3153 non
1909 3117 2096 3153 hominem
2139 3116 2274 3152 iudicat
2310 3117 2372 3164 qui
2407 3117 2470 3152 ba-

1405 3171 1536 3219 ptizat,
1573 3170 1651 3217 sed⁴
1673 3171 1848 3219 Spiritum
1886 3170 1960 3205 Dei
1993 3169 2272 3205 subministrare
2307 3169 2470 3218 gratiam

1411 3224 1592 3272 baptismi,
1621 3223 1703 3259 licet
1736 3234 1911 3272 paganus
1937 3223 1982 3258 sit
2016 3223 2080 3270 qui
2111 3223 2277 3271 baptizat.
2308 3221 2384 3259 Sed
2412 3221 2471 3257 ille

1411 3275 1479 3324 qui
1506 3283 1562 3312 est
1588 3275 1820 3324 baptizatus,
1859 3287 1938 3312 non
1975 3273 2112 3311 dicitur
2147 3286 2330 3323 paganus.
2369 3274 2471 3321 Ergo

1411 3341 1492 3365 non
1521 3334 1538 3350 ‘²
1575 3328 1786 3377 baptizatus
1823 3335 1947 3377 potest
1983 3327 2154 3364 conferre
2190 3334 2471 3364 sacramentum

1411 3380 1601 3431 baptismi.

350 3511 377 3547 α)
397 3520 459 3538 non.
476 3527 497 3532 -
514 3513 553 3538 Ea
559 3520 569 3543 ‚·
587 3514 668 3539 etiam
687 3521 734 3539 nec
753 3513 803 3547 pG,
823 3513 903 3539 etiam
923 3521 975 3539 non
994 3514 1014 3538 F
1034 3519 1060 3539 et
1078 3519 1164 3539 cetera
1182 3514 1263 3545 tertia,
1282 3521 1335 3539 om.
1355 3515 1441 3540 ceteri.

2496 1747 2507 1757 '¹
2543 1762 2549 1768 .
2565 1746 2616 1768 661.

2498 2121 2508 2130 ·
2522 2119 2573 2140 Art.
2587 2123 2608 2146 3,
2623 2118 2652 2140 ad
2668 2126 2686 2141 ι.

2498 3067 2508 3077 ·
2528 3065 2564 3087 cf.
2587 3070 2636 3087 cau.
2656 3065 2684 3087 Si

2498 3092 2550 3120 quis
2560 3098 2606 3119 per
2615 3092 2682 3119 igno—

2498 3120 2569 3145 rant„
2586 3124 2647 3139 caus.
2664 3118 2673 3138 1

2498 3150 2683 3199 2¹2·;.{.⁰;¹›¹3;.„f‘’,j

2515 3204 2528 3219 e
2574 3203 2682 3223 onsecr.‚

2499 3224 2550 3245 dist.
2566 3223 2606 3245 1v.

2595 3332 2612 3348 α
