2918 4088
1008 176 1272 223 QUAESTIO
1300 178 1544 225 LXXXVIII,
1579 177 1872 215 ARTICULUS
1900 179 1950 215 IV

2489 182 2562 219 325

385 254 448 290 vel
476 253 568 302 quia
590 252 719 291 minus
738 253 960 299 contemnit,
981 256 1042 291 vel
1061 254 1151 304 quia
1170 255 1300 292 minus
1318 263 1450 292 contra
1503 255 1719 292 secundum
1745 255 1996 304 quantitatem
2024 265 2272 305 peccatorum
2301 259 2561 297 dimissorum.

385 306 669 343 benefactorem
701 306 785 355 agit.
826 307 903 344 Sed
935 308 1269 356 proportionaliter
1301 308 1449 357 quanti-

384 366 442 396 tas
465 358 743 407 ingratitudinis
771 359 1009 409 adaequatur
1028 360 1225 409 quantitati
1250 360 1447 397 beneficii:

385 411 586 460 supposito
616 412 720 449 enim
749 413 900 462 aequali
928 421 1152 462 contemptu
1179 413 1366 458 beneficii,
1387 414 1450 450 vel

385 464 534 501 offensa
555 464 816 513 benefactoris,
836 473 941 502 tanto
961 466 1030 502 erit
1048 465 1200 514 gravior
1219 465 1448 514 ingratitudo

385 525 530 566 quanto
559 517 793 555 beneficium
820 517 889 555 fuit
916 517 1052 555 maius.

437 570 549 608 Unde
587 571 831 608 manifestum
860 579 915 608 est
950 571 1057 620 quod
1092 583 1172 607 non
1201 578 1256 607 est
1292 582 1446 607 necesse

384 623 492 672 quod
511 631 668 673 propter
694 623 1005 672 ingratitudinem
1033 635 1186 673 semper
1212 635 1281 672 per
1314 635 1447 672 pecca-

384 683 468 713 tum
501 688 667 725 sequens
703 677 832 713 redeat
865 684 992 713 tantus
1024 683 1150 712 reatus
1178 683 1345 724 quantus
1379 675 1448 712 fuit

383 729 696 778 praecedentium
714 736 983 778 peccatorum:
1009 728 1076 765 sed
1090 740 1245 765 necesse
1265 735 1320 764 est
1338 728 1446 777 quod

381 781 733 831 proportionaliter,
767 788 912 830 quanto
948 788 1104 830 peccata
1139 780 1246 830 prius
1289 780 1446 817 dimissa

381 834 536 871 fuerunt
549 835 660 883 plura
679 841 716 871 et
733 833 890 880 majora,
906 841 1010 870 tanto
1030 833 1158 870 redeat
1177 833 1301 870 maior
1319 841 1446 870 reatus

380 899 452 936 per
483 887 767 935 qualecumque
795 898 961 935 sequens
987 893 1191 935 peccatum
1218 887 1390 923 mortale.

434 940 493 976 An
521 951 656 976 PthJM
684 951 783 976 ERGO
802 951 984 976 D1CENDUM
1003 939 1111 988 quod
1134 939 1369 976 beneficium
1388 951 1445 976 re-

381 991 575 1028 missionis
602 993 738 1041 culpae
776 991 909 1041 recipit
942 992 1194 1041 quantitatem
1228 992 1445 1029 absolutam

1504 308 1580 345 Sed
1607 315 1810 357 peccatum
1838 307 2116 356 ingratitudinis
2144 322 2224 346 non
2253 311 2382 359 recipit
2414 312 2563 361 quanti-

1501 367 1618 397 tatem
1655 360 1869 397 absolutam
1909 361 2125 398 secundum
2163 363 2412 411 quantitatem
2448 365 2563 402 bene-

1500 412 1588 459 ficii,
1618 413 1686 449 sed
1714 413 1930 450 secundum
1958 414 2208 462 quantitatem
2232 423 2474 465 contemptus
2501 419 2564 454 vel

1501 466 1682 513 offensae,
1711 473 1754 502 ut
1781 465 1927 503 dictum
1956 473 2011 502 est
2029 466 2059 503 ³¹³.
2090 468 2138 503 Et
2166 467 2253 504 ideo
2282 468 2377 504 ratio
2407 481 2486 505 non
2507 482 2563 506 se-

1501 526 1643 567 quitur.

1553 572 1610 607 AD
1638 583 1828 608 SECUNDUM
1855 583 2036 608 DICENDUM
2065 572 2172 620 quod
2199 584 2332 609 servus
2352 574 2563 610 manumis-

1500 636 1565 660 sus
1600 635 1680 660 non
1708 623 1902 660 reducitur
1936 623 1976 660 in
2003 624 2204 673 pristinam
2231 625 2455 662 servitutem
2492 639 2563 675 pro

1500 675 1775 725 qualicumque
1802 676 2083 724 ingratitudine,
2112 677 2180 714 sed
2207 689 2279 726 pro
2299 678 2427 727 aliqua
2445 679 2562 727 gravi.

1553 730 1610 765 An
1629 741 1789 766 TERTlUM
1817 741 1998 766 mcENDuM
2027 730 2134 778 quod
2163 730 2214 767 illi
2242 730 2304 767 cui
2332 739 2487 780 peccata
2509 732 2564 768 di-

1499 780 1616 818 missa
1643 781 1875 830 replicantur
1900 790 2058 831 propter
2085 783 2385 832 subsequentem
2413 784 2563 833 ingrati-

1498 834 1691 881 tudinem,
1720 834 1816 871 redit
1839 833 1852 856 δ
1881 837 2094 872 universum
2122 836 2298 883 debitum,
2332 837 2563 886 inquantum

1498 887 1688 936 quantitas
1724 895 1973 936 peccatorum
2007 889 2320 937 praecedentium
2347 891 2563 940 proportio-

1498 939 1631 977 naliter
1649 939 1843 977 invenitur
1860 940 1900 977 in
1919 940 2185 989 ingratitudine
2204 943 2464 993 subsequenti,
2482 956 2563 982 non

1497 1000 1629 1030 autern
1657 993 1843 1039 absolute,
1872 1002 1914 1031 ut
1941 994 2087 1032 dictum
2116 1003 2172 1032 est
2189 995 2220 1032 ²¹².

434 1122 460 1157 δ)
478 1123 544 1149 illi...
565 1123 645 1148 redit.
661 1138 682 1142 -
699 1124 718 1148 Ρ
725 1131 733 1154 3
753 1124 823 1149 ille...
842 1124 934 1148 reddit
952 1124 1012 1154 Dia,
1033 1124 1102 1149 ille...
1122 1124 1194 1149 redit
1212 1124 1238 1149 in
1259 1125 1287 1154 F,
1308 1125 1377 1149 ille...
1396 1125 1468 1149 redit
1487 1125 1573 1151 ceteri.

1056 1222 1390 1254 Commenta-ria.
1412 1222 1665 1255 cardinalis
1688 1222 1888 1255 Caietam

384 1331 432 1393 IN
455 1320 590 1352 articulo
613 1321 706 1351 tertio
737 1318 880 1350 eiusdem
904 1320 1109 1360 quaestionis,
1134 1320 1284 1360 intellige,
1308 1320 1447 1355 Novitie,
1472 1322 1475 1375 Ι
1499 1325 1650 1360 parentur
1673 1320 1754 1351 duae
1778 1321 2018 1361 ingratitudines
2041 1322 2081 1352 ad
2104 1322 2168 1353 duo
2192 1322 2357 1359 beneficia,
2381 1333 2493 1354 verum
2517 1330 2563 1354 est

412 1363 671 1405 ingratitudinem
694 1374 762 1394 non
785 1365 900 1394 habere
918 1365 1127 1404 quantitatem
1143 1374 1181 1394 ex
1201 1365 1377 1404 quantitate
1393 1364 1447 1394 be-

380 1408 498 1445 neficii,
524 1409 668 1449 quamvis
691 1409 805 1438 habeat
828 1418 866 1438 ex
889 1408 945 1438 illo
969 1409 1128 1448 speciem:
1153 1409 1235 1438 sicut
1257 1417 1318 1438 nec
1334 1407 1447 1438 odium

381 1453 477 1483 habet
492 1453 702 1493 quantitatem
719 1462 757 1483 ex
773 1452 901 1483 obiecto
918 1452 994 1482 odio
1011 1453 1130 1483 habito.
1154 1452 1230 1482 Non
1247 1453 1333 1482 enim
1349 1461 1447 1492 opor-

328 1537 332 1540 ·
380 1502 427 1527 tet
441 1502 566 1527 tantum
586 1506 654 1527 esse
670 1496 782 1527 odium
798 1502 955 1536 quantum
972 1501 1019 1526 est
1035 1496 1166 1526 odibile:
1188 1496 1344 1535 contingit
1360 1497 1446 1527 enim

138 2561 228 2590 ‘Cap
249 2567 277 2611 vg
295 2567 319 2583 n.
339 2561 354 2583 6

136 2593 256 2638 Qvi-u·
278 2603 285 2611 .
307 2587 354 2610 Th.

137 2668 287 2692 «nam-1.
292 2668 354 2691 Rue-

138 2697 198 2745 g„
206 2695 247 2718 nb.
257 2695 287 2722 11,
301 2701 352 2724 cap.

381 1550 486 1571 unum
509 1546 541 1571 et
562 1540 649 1571 idem
672 1541 744 1580 plus
761 1546 792 1570 et
806 1541 913 1570 minus
929 1540 1006 1570 odio
1022 1541 1141 1571 haberi.
1165 1541 1206 1570 Et
1222 1540 1364 1570 similiter
1379 1549 1447 1570 non

381 1590 511 1625 oportet
539 1590 664 1615 tantum
695 1594 762 1614 esse
786 1593 929 1614 amorem
960 1590 1118 1624 quantum
1142 1589 1188 1614 est
1211 1590 1368 1614 amatum:
1401 1589 1447 1614 est

381 1629 468 1659 enim
492 1627 613 1669 aliquid
634 1628 707 1668 plus
731 1628 866 1658 amabile
890 1637 988 1668 quam
1011 1634 1144 1658 ametur.
1172 1628 1213 1658 Et
1235 1629 1280 1658 sic
1304 1627 1344 1658 de
1367 1628 1445 1658 aliis.

381 1672 616 1710 Quantificatur
638 1677 747 1702 autem
769 1671 963 1712 ingratitudo
988 1681 1025 1702 ex
1048 1671 1217 1707 beneficio,
1242 1677 1278 1702 ut
1296 1672 1329 1701 in
1344 1671 1447 1702 littera

380 1716 505 1752 dicitur,
523 1716 828 1757 proportionaliter.
853 1716 894 1746 Et
916 1716 979 1746 hoc
996 1721 1043 1746 est
1065 1715 1170 1746 dicere
1194 1715 1294 1755 quod,
1315 1716 1341 1746 si
1357 1725 1446 1746 com-

1499 1364 1598 1404 quod,
1623 1365 1734 1395 ceteris
1758 1366 1896 1404 paribus,
1922 1372 2043 1405 quanto
2067 1366 2261 1397 beneficium
2277 1368 2379 1398 maius
2396 1373 2443 1398 est
2465 1369 2562 1398 bene-

1498 1407 1573 1439 ficio
1587 1432 1594 1445 ,
1625 1414 1714 1439 tanto
1743 1409 1936 1449 ingratitudo
1963 1411 2066 1440 maior
2089 1416 2135 1441 est
2153 1411 2388 1451 ingratitudine.
2424 1413 2465 1442 Et
2487 1422 2562 1452 pro-

1498 1458 1606 1492 pterea
1635 1458 1724 1483 tanto
1755 1459 1926 1493 peccatum
1955 1460 2029 1494 post
2051 1455 2283 1494 poenitentiam
2314 1462 2361 1486 est
2383 1456 2562 1487 secundum

1497 1496 1730 1536 ingratitudinis
1747 1498 2017 1528 circumstantiam
2031 1499 2167 1538 graviuS,
2192 1505 2313 1539 quanto
2334 1506 2443 1530 contra
2458 1501 2562 1531 maius

1499 1546 1546 1570 est
1561 1540 1754 1571 beneficium
1770 1542 1964 1572 remissionis
1979 1548 2196 1581 peccatorum.
2221 1543 2262 1573 Et
2278 1544 2353 1583 quia
2368 1543 2562 1575 beneficium

1497 1585 1693 1615 remissionis
1717 1585 1942 1624 quantificatur
1964 1586 2143 1616 secundum
2166 1593 2297 1627 peccata
2320 1587 2463 1624 dimissa,
2487 1588 2561 1619 ideo

1498 1634 1587 1658 tanto
1610 1630 1735 1668 gravius
1759 1630 1831 1668 quis
1849 1635 1923 1669 post
1938 1631 2169 1669 poenitentiam
2184 1637 2305 1670 peccat,
2323 1638 2444 1671 quanto
2460 1633 2563 1663 maior

1498 1678 1648 1712 peccator
1670 1673 1758 1712 prius
1782 1672 1860 1709 fuit3
1885 1678 1925 1710 et,
1951 1675 2061 1704 ceteris
2084 1675 2222 1714 paribus,
2240 1681 2361 1715 quanto
2381 1676 2499 1716 pluries
2516 1676 2562 1707 di-

1498 1717 1593 1746 missa
1615 1717 1675 1746 sibi
1698 1722 1829 1757 peccata
1852 1716 1990 1748 fuerunt.

1161 1906 1481 1948 ARTICULUS
1511 1907 1785 1957 QUARTUS

628 2009 786 2040 UTRUM
810 2008 1115 2039 INGRATITUDO
1139 2008 1335 2039 RATIONE
1359 2008 1488 2040 CUIUS
1511 2009 1708 2046 SEQUENS
1731 2009 1974 2041 PECCATUM
1997 2011 2129 2042 FACIT
2152 2012 2312 2043 REDIRE

899 2052 1106 2083 PECCATA
1128 2052 1250 2084 PRIUS
1274 2053 1456 2089 DIMISSA,
1480 2053 1547 2084 SIT
1571 2053 1778 2084 SPECIALE
1801 2053 2043 2086 PECCATUM

922 2140 956 2164 11·
975 2140 1031 2170 11²⁰,
1051 2148 1095 2172 qu.
1115 2147 1176 2170 cvn,
1196 2145 1242 2165 art.
1263 2147 1286 2169 2,
1307 2140 1338 2164 ad
1358 2147 1389 2171 ις
1407 2127 1544 2170 1ν’3εηΐ.,
1565 2141 1623 2166 dist.
1641 2148 1699 2171 xxn,
1719 2149 1764 2174 qu.
1782 2149 1799 2170 1,
1820 2146 1866 2167 art.
1887 2149 1911 2172 2,
1930 2144 1979 2174 qu⁸
2000 2149 2024 2167 1.

422 2261 464 2295 ’,ἦ
496 2260 564 2300 μς(
590 2251 612 2276 D
635 2250 808 2281 QUARTUM
828 2250 880 2275 stc
899 2250 1137 2276 Pnocssmrun.
1160 2238 1319 2276 Videtur
1336 2239 1444 2288 quod

428 2281 559 2351 ῗᾼὲῥ
591 2291 821 2340 ingratitudo
850 2291 996 2328 ratione
1024 2291 1134 2328 cuius
1158 2290 1328 2341 'sequens
1355 2299 1445 2341 pee-'

398 2335 443 2400 ,f
455 2360 517 2394 «ς
531 2335 558 2389 <5
572 2341 578 2346 ’
591 2352 722 2382 catum
735 2345 822 2382 facit
836 2344 959 2382 redire
978 2353 1134 2394 peccata
1152 2344 1259 2394 prius
1273 2344 1442 2392 dimissa,

436 2372 533 2429 ζ’ἕὲῖῗ)
547 2389 639 2434 sit
665 2397 828 2447 speciale
856 2405 1070 2447 peccatum.
1099 2397 1312 2435 Retributio
1338 2398 1446 2436 enim

379 2450 588 2499 gratiarum
615 2450 777 2500 pertinet
795 2451 844 2488 ad
863 2453 1173 2500 contra-passum,
1194 2451 1302 2500 quod
1321 2451 1444 2500 requi-

380 2503 476 2540 ritur
502 2502 542 2539 in
569 2501 726 2540 iustitia:
765 2511 808 2540 ut
835 2511 938 2553 patet
973 2515 1043 2552 per
1070 2503 1370 2553 Philosophum,
1404 2503 1443 2540 in

379 2557 416 2593 V
433 2557 551 2594 Ethic.
571 2556 591 2578 '¹‘
620 2557 696 2594 Sed
723 2557 863 2594 iustitia
890 2564 945 2593 est
972 2556 1143 2606 specialis
1170 2557 1302 2594 virtus.
1341 2558 1443 2605 Ergo

379 2609 610 2658 ingratitudo
639 2617 694 2646 est
721 2609 883 2659 speciale
910 2617 1124 2658 peccatum.
1421 2631 1423 2633 -

435 2674 470 2699 2.
500 2664 733 2710 PRAETEREA,
762 2662 924 2710 Tullius,
954 2662 993 2699 in
1021 2663 1050 2699 II
1069 2664 1256 2700 Rhetoric.
1276 2663 1307 2711 ²¹²,
1335 2663 1446 2712 ponit

380 2716 488 2766 quod
515 2718 641 2765 gratia
669 2723 724 2752 est
752 2715 924 2765 specialis
947 2715 1079 2752 virtus.
1110 2716 1187 2753 Sed
1214 2715 1443 2764 ingratitudo

380 2769 590 2819 opponitur
616 2769 766 2817 gratiae.
810 2769 911 2816 Ergo
940 2767 1170 2816 ingratitudo
1199 2776 1254 2805 est
1281 2768 1444 2817 speciale

379 2830 595 2872 peccatum.
1046 2851 1050 2854 .

435 2875 469 2912 3.
491 2876 722 2922 PRAETEREA,
743 2874 915 2923 specialis
934 2875 1092 2912 effectus
1116 2886 1139 2910 a
1158 2873 1310 2923 speciali
1329 2886 1445 2911 causa

379 2928 563 2978 procedit.
608 2928 685 2965 Sed
713 2927 941 2975 ingratitudo
975 2928 1090 2965 habet
1118 2926 1322 2976 specialem
1355 2927 1445 2963 effe-

381 2989 504 3019 ctum:
528 2981 667 3018 scilicet
686 2981 793 3030 quod
812 2980 898 3017 facit
917 2980 1128 3029 aliqualiter
1147 2979 1269 3016 redire
1287 2987 1446 3029 peccata

380 3034 488 3084 prius
515 3034 682 3071 dimissa.
713 3034 814 3081 Ergo
835 3033 1064 3082 ingratitudo
1094 3040 1148 3069 est
1176 3032 1338 3081 speciale
1357 3044 1445 3082 pec-

381 3095 524 3125 catum.

436 3141 510 3178 SED
539 3152 685 3185 CONTRA
704 3152 780 3177 EST.
809 3140 850 3176 Id
879 3140 986 3189 quod
1015 3139 1188 3189 sequitur
1207 3138 1339 3176 omnia
1357 3150 1445 3187 pec-

382 3200 477 3238 cata,
506 3205 587 3230 non
608 3200 663 3230 est
691 3192 853 3242 speciale
876 3200 1090 3242 peccatum.
1121 3192 1198 3230 Sed
1226 3204 1295 3241 per
1322 3191 1445 3240 quod-

383 3258 553 3295 cumque
580 3253 783 3296 peccatum
811 3247 971 3283 mortale
1007 3245 1143 3295 aliquis
1172 3244 1334 3282 efficitur
1360 3244 1445 3281 Deo

383 3298 562 3347 ingratus,
592 3306 635 3336 ut
661 3311 708 3336 ex
735 3298 954 3348 praemissis
972 3298 992 3321 '¹‘
1019 3306 1132 3348 patet.
1167 3299 1268 3346 Ergo
1296 3297 1446 3346 ingrati-

383 3352 479 3388 tudo
506 3363 587 3389 non
615 3359 670 3389 est
698 3351 860 3401 speciale
888 3359 1102 3402 peccatum.

1549 2240 1775 2277 REsponso
1795 2251 1977 2276 DICENDUM
1992 2239 2100 2288 quod
2119 2239 2349 2287 ingratitudo
2368 2240 2560 2289 peccantis

1497 2292 1734 2341 quandoque
1773 2300 1828 2328 est
1861 2292 2023 2341 speciale
2057 2300 2281 2341 peccatum,
2324 2293 2559 2342 quandoque

1496 2357 1589 2392 non,
1610 2346 1678 2382 sed
1697 2353 1752 2382 est
1772 2345 2055 2382 circumstantia
2077 2345 2300 2394 generaliter
2318 2358 2560 2395 consequens

1497 2410 1615 2435 omne
1630 2406 1833 2447 peccatum
1852 2399 2012 2435 mortale
2036 2399 2144 2447 quod
2163 2406 2296 2436 contra
2309 2399 2439 2435 Deum
2453 2411 2559 2436 com-

1497 2451 1666 2488 mittitur.
1703 2452 1911 2488 Peccatum
1939 2451 2043 2488 enim
2071 2451 2240 2500 speciem
2268 2451 2399 2501 recipit
2430 2464 2475 2488 ex
2503 2452 2559 2488 in-

1496 2504 1664 2541 tentione
1693 2504 1884 2553 peccantis
1902 2504 1937 2541 *z
1967 2504 2083 2550 unde,
2113 2512 2155 2541 ut
2181 2504 2440 2553 Philosophus
2459 2504 2557 2551 dicit,

1496 2557 1535 2594 in
1554 2559 1589 2594 V
1607 2559 1724 2594 Ethic.
1745 2557 1791 2602 *‚,
1806 2557 1866 2594 ille
1885 2559 1948 2606 qui
1965 2558 2182 2594 moechatur
2200 2563 2238 2594 ut
2251 2558 2412 2604 furetur,
2437 2559 2560 2607 magis

1497 2617 1547 2647 est
1563 2612 1638 2659 fur
1665 2623 1777 2659 quam
1805 2611 1988 2647 moechus.
2020 2610 2060 2647 Si
2088 2610 2200 2658 igitur
2225 2610 2359 2659 aliquis
2382 2618 2560 2659 peccator

1497 2663 1536 2700 in
1565 2670 1832 2712 contemptum
1859 2663 1931 2699 Dei
1959 2670 1995 2699 et
2014 2663 2179 2712 suscepti
2198 2662 2374 2699 beneficii
2402 2663 2557 2712 aliquod

1496 2723 1699 2765 peccatum
1727 2715 1943 2760 committit,
1974 2716 2066 2752 illud
2093 2723 2295 2764 peccatum
2323 2715 2482 2752 trahitur
2509 2716 2557 2752 ad

1498 2769 1665 2818 speciem
1694 2768 1986 2816 ingratitudinis:
2017 2776 2053 2804 et
2073 2769 2167 2805 haec
2187 2774 2204 2789 ‘²
2222 2768 2450 2816 ingratitudo
2469 2780 2557 2817 pec-

1498 2821 1617 2858 cantis
1658 2829 1713 2858 est
1750 2821 1912 2869 speciale
1952 2828 2166 2869 peccatum.
2211 2821 2250 2857 Si
2287 2832 2380 2857 vero
2422 2820 2557 2869 aliquis

1497 2874 1698 2910 intendens
1735 2873 1894 2922 aliquod
1933 2881 2134 2922 peccatum
2171 2872 2427 2919 committere,
2464 2880 2557 2922 puta

1498 2926 1753 2963 homicidium
1782 2933 1847 2963 aut
1875 2926 2117 2971 adulterium,
2152 2938 2232 2962 non
2265 2926 2477 2962 retrahatur
2507 2926 2556 2962 ab

1498 2981 1574 3016 hoc
1600 2986 1758 3028 propter
1785 2979 1861 3015 hoc
1889 2979 1996 3027 quod
2023 2978 2184 3027 pertinet
2212 2978 2260 3015 ad
2285 2977 2357 3014 Dei
2386 2985 2556 3015 contem-

1498 3040 1621 3082 ptum,
1651 3031 1880 3080 ingratitudo
1909 3043 1990 3068 non
2017 3030 2086 3067 erit
2114 3030 2276 3079 speciale
2303 3038 2505 3079 peccatum
2523 3030 2555 3077 *,

1498 3085 1565 3121 sed
1593 3085 1805 3122 traheretur
1832 3084 1881 3120 ad
1909 3083 2077 3132 speciem
2105 3083 2256 3120 alterius
2288 3083 2433 3132 peccati
2461 3083 2558 3120 sicut

1499 3137 1780 3175 circumstantia
1820 3137 2024 3186 quaedam.
2067 3137 2117 3174 Ut
2151 3144 2280 3173 autem
2321 3135 2557 3183 Augustinus

1498 3190 1597 3237 dicit,
1627 3190 1666 3227 in
1695 3190 1791 3227 libro
1819 3190 1864 3226 de
1887 3190 2038 3226 Natura
2066 3195 2099 3226 et
2122 3190 2252 3226 Gratia
2270 3189 2301 3236 ²¹⁸,
2330 3201 2411 3225 non
2439 3201 2556 3226 omne

1499 3250 1701 3293 peccatum
1729 3250 1784 3279 est
1812 3255 1858 3279 ex
1886 3250 2130 3291 contemptu:
2161 3249 2198 3279 et
2224 3249 2354 3279 tamen
2382 3241 2421 3278 in
2450 3241 2558 3279 omni

1499 3294 1656 3346 peccato
1699 3296 1804 3332 Deus
1845 3295 2104 3332 contemnitur
2139 3294 2178 3331 in
2215 3294 2293 3331 suis
2333 3294 2555 3343 praeceptis.

1499 3350 1611 3387 Unde
1644 3348 1886 3386 manifestum
1917 3356 1972 3385 est
2000 3347 2107 3397 quod
2140 3347 2369 3395 ingratitudo
2397 3359 2557 3396 peccan-

439 3490 466 3526 α)
486 3494 512 3516 et
530 3491 603 3517 haec.
619 3505 639 3510 -
656 3495 683 3517 et
700 3492 772 3524 quod
789 3492 854 3518 haec
872 3493 914 3526 pG
929 3498 954 3518 et
973 3493 1011 3524 bc,
1026 3493 1117 3518 abrasa
1137 3493 1187 3526 ΡΗ,
1201 3496 1227 3517 et
1240 3492 1383 3517 secundum
1397 3491 1446 3516 hoc
1465 3491 1521 3521 IsG,
1540 3494 1566 3516 et
1585 3491 1633 3516 hoc
1652 3491 1730 3515 modo
1750 3491 1778 3515 P.

2590 478 2600 487 “
2614 477 2640 498 In
2655 481 2760 504 corpore.

2590 1004 2600 1014 ·
2615 1002 2674 1025 lbid.

2586 2512 2597 2522 ·
2610 2511 2639 2533 D.
2653 2511 2701 2539 785.

2586 2564 2668 2613 ἐΡτἛῑ
2679 2570 2716 2612 ἱὲἐ
2752 2570 2775 2590 ⁴⁴

2582 3037 2593 3047 ·
2607 3035 2635 3057 D.
2650 3041 2702 3063 99².

2584 3197 2594 3206 ·
2609 3194 2667 3222 Cap.
2682 3201 2713 3216 xx

2719 2569 2742 2585 n,
2787 2575 2798 2580 -

2717 2594 2734 2612 t.
2749 2596 2783 2612 ΙΙΙ.

2714 3201 2745 3216 [Χ.
