2918 4088
177 1486 188 1495 “’
203 1484 281 1505 Gloss.
294 1484 322 1505 ad
338 1490 388 1505 can.

177 1510 205 1531 Si
217 1516 309 1532 revera.

178 1539 187 1548 '
203 1537 281 1558 Gloss.
293 1537 322 1558 ad
337 1543 386 1559 can.

178 1563 246 1584 Multi
259 1565 319 1585 sunt.

175 2014 185 2022 ·
195 2011 251 2039 Cap.
263 2017 314 2038 vul,
327 2018 385 2033 vers.

176 2044 212 2064 ¹23
227 2044 277 2066 cap.
292 2045 315 2065 x,
326 2044 386 2060 vers.

173 2065 218 2090 483
252 2071 301 2093 cap.
331 2071 370 2086 xix
379 2081 385 2092 ‚

173 2097 232 2113 vers.
248 2097 266 2119 5.

172 2148 182 2157 '¹
193 2145 248 2167 Can.
260 2146 329 2167 Multi
332 2154 342 2173 ;
354 2147 383 2168 cf.

173 2179 235 2194 num.
252 2179 272 2194 v.

172 2742 182 2752 ·
198 2740 262 2762 Vers.
278 2746 296 2768 5.

173 3001 183 3012 '
198 3000 263 3022 Vers.
278 3007 298 3029 3,
312 3007 335 3027 4.

174 3217 183 3226 ¹
205 3216 291 3237 Homil.
312 3215 385 3242 XXV,

173 3243 238 3263 aliter
257 3242 342 3269 XXIV,
362 3243 385 3264 in

172 3268 238 3290 Ioan.

172 3296 183 3306 ·
198 3295 264 3317 Vers.
279 3301 298 3323 5.

421 181 470 218 72

423 252 483 281 cite
506 250 556 280 vel
580 251 726 290 explicite
749 250 835 280 idem
851 250 1035 290 significare.
1064 250 1167 287 Unde,
1184 252 1265 281 sicut
1279 251 1354 280 loco
1371 249 1482 279 defini-

422 295 518 324 tionis
534 294 608 324 licet
623 304 744 334 ponere
761 294 937 330 definitum,
956 301 986 324 et
1003 304 1019 324 e
1033 300 1151 330 contra,
1169 295 1288 334 absque
1304 294 1481 323 mutatione

423 338 598 378 significati,
609 339 652 368 ita
668 338 743 369 loco
759 339 930 369 nominum
943 339 1088 378 explicite
1104 338 1349 378 significantium
1362 337 1482 367 divinas

422 383 587 418 Personas,
605 382 679 413 licet
701 392 822 423 ponere
841 392 962 413 nomen
980 383 1133 422 implicite
1149 381 1328 421 significans
1345 380 1481 411 easdem.

477 426 529 457 Ad
552 426 725 457 secundam
748 436 824 456 vero
847 427 1014 462 rationem,
1031 432 1191 466 sumptam
1207 435 1245 455 ex
1260 425 1418 459 Zacharia,
1436 424 1482 454 di-

423 471 504 500 citur
528 470 736 501 concedendo
760 480 939 510 congruum
956 470 1086 510 quidem
1104 479 1170 500 esse
1190 475 1226 499 ut
1241 470 1274 498 in
1290 469 1392 507 prima
1407 477 1481 507 pro-

423 514 561 545 fessione
573 514 648 545 fidei
661 515 806 554 explicite
818 514 872 544 fiat
889 514 1049 544 Trinitatis
1068 513 1224 553 professio
1241 513 1325 542 intus
1338 517 1369 541 et
1381 517 1479 541 extra:

423 558 478 589 sed
500 559 588 589 nulla
612 563 741 598 apparet
764 559 843 588 ratio
875 567 992 597 cogens
1023 557 1062 587 ad
1088 556 1273 587 huiusmodi
1300 556 1480 595 explicitam

422 602 655 642 professionem
677 602 832 632 vocalem.
858 601 956 639 Quod
980 611 1016 631 ex
1033 611 1072 631 eo
1093 601 1244 640 cognosci
1260 605 1365 639 potest
1381 599 1480 639 quod,

422 647 448 676 si
471 647 504 676 in
527 647 629 686 prima
658 645 857 686 professione
880 645 954 675 fidei
985 645 1160 684 exigeretur
1182 644 1300 674 vocalis
1323 643 1480 683 professio

421 690 636 730 principaliter
660 689 852 720 creditorum
875 689 1031 728 explicite,
1049 689 1224 728 exigeretur
1239 697 1382 727 quoque,
1399 687 1481 718 ultra

420 733 654 774 professionem
678 734 848 769 Trinitatis,
872 732 1028 773 professio
1050 732 1292 762 incarnationis:
1326 732 1481 771 quoniam

422 777 619 808 Christianus
641 787 709 808 non
732 783 778 807 est
802 778 857 817 qui
878 777 1066 817 mysterium
1082 776 1306 806 incarnationis
1322 785 1390 806 non
1405 785 1480 815 pro-

420 821 543 858 fitetur;
566 831 627 852 nec
649 822 713 852 hoc
737 826 783 851 est
807 821 845 851 de
869 820 1066 856 secundario,
1084 819 1138 850 sed
1155 819 1193 849 de
1209 819 1481 859 principalissimis

421 861 555 896 creditis.
590 865 810 903 Quamobrem
839 874 876 894 ex
903 864 1087 894 huiusmodi
1114 864 1396 903 protestationibus
1423 872 1480 895 seu

419 909 670 950 professionibus
693 919 761 939 non
784 909 915 939 trahitur
933 909 1147 938 necessarium
1171 913 1405 947 argumentum.
1440 909 1481 939 Et

418 959 588 995 propterea
609 954 705 984 verba
720 953 886 983 Zachariae
902 953 1006 992 Papae
1030 949 1069 982 de
1085 961 1152 982 non
1169 951 1343 982 confitente
1359 953 1480 993 integre

420 997 624 1033 Trinitatem,
648 996 851 1036 intelligenda
873 1002 947 1026 sunt
969 996 1131 1032 absolute,
1155 996 1218 1026 hoc
1242 1002 1302 1033 est,
1326 997 1480 1037 implicite

418 1041 468 1071 vel
493 1041 648 1081 explicite,
679 1040 787 1080 quoad
809 1050 921 1070 voces:
947 1046 981 1069 ut
1005 1050 1043 1070 ex
1064 1049 1103 1070 eo
1127 1045 1214 1080 patet
1237 1040 1327 1081 quod
1343 1049 1480 1072 vacuum

418 1095 438 1115 a
461 1085 571 1115 divina
593 1085 705 1126 gratia
728 1085 824 1115 talem
848 1083 933 1114 dicit.

471 1128 524 1158 Ad
549 1129 771 1158 auctoritatem
798 1134 905 1158 autem
927 1129 1046 1168 Pelagii
1075 1128 1190 1158 dicitur
1222 1129 1311 1169 quod
1341 1139 1410 1159 non
1433 1135 1480 1160 est

418 1178 527 1203 contra
543 1173 736 1212 baptismum
752 1173 785 1202 in
797 1173 930 1202 nomine
946 1172 1073 1208 Christi,
1086 1172 1142 1202 sed
1158 1179 1269 1203 contra
1284 1174 1479 1213 baptismum

418 1217 449 1246 in
475 1216 605 1246 nomine
625 1216 768 1246 Domini.
799 1215 897 1246 Aliud
928 1217 1014 1247 enim
1038 1222 1084 1246 est
1107 1217 1267 1257 baptizare
1290 1218 1323 1248 in
1345 1219 1479 1248 nomine

417 1260 550 1296 Christi,
583 1266 614 1290 et
643 1259 728 1290 aliud
759 1260 918 1300 baptizare
948 1261 981 1291 in
1004 1261 1137 1291 nomine
1161 1261 1304 1292 Domini.
1339 1261 1423 1292 Nam
1445 1262 1479 1292 in

415 1305 547 1335 nomine
572 1304 689 1335 Christi
711 1303 928 1344 significantur
951 1314 1064 1335 omnes
1087 1305 1246 1336 Personae
1270 1305 1413 1336 divinae:
1445 1304 1479 1336 in

415 1349 548 1379 nomine
573 1354 680 1379 autem
703 1349 836 1378 Domini
858 1358 1076 1389 nequaquam.

469 1392 522 1423 Ad
545 1392 719 1423 secundam
742 1392 885 1423 eiusdem
913 1394 1135 1424 auctoritatem
1166 1394 1296 1430 dieitur,
1325 1400 1360 1424 ut
1383 1395 1479 1425 etiam

417 1436 531 1467 Glossa
551 1437 671 1467 ibidem
694 1442 803 1473 notat,
832 1437 922 1477 quod
947 1438 1093 1478 Pelagius
1124 1438 1255 1468 irritavit
1281 1439 1477 1478 baptismum

416 1482 448 1511 in
471 1481 600 1512 nomine
614 1481 749 1512 Domini
764 1482 791 1517 ὓ,
808 1486 839 1511 et
854 1491 921 1512 non
937 1482 1069 1512 irritavit
1087 1482 1283 1522 baptismum
1299 1481 1332 1513 in
1350 1483 1480 1514 nomine

418 1525 538 1556 Christi
553 1526 586 1556 ἐ
604 1526 749 1566 quamvis
765 1526 960 1565 baptismum
977 1526 1009 1556 in
1031 1527 1160 1557 nomine
1174 1527 1283 1557 Patris
1305 1532 1336 1557 et
1349 1525 1427 1558 Filii
1450 1532 1481 1558 et

416 1566 555 1610 Spiritus
578 1570 689 1600 Sancti
711 1570 757 1600 illi
779 1570 971 1609 praetulerit,
988 1571 1170 1610 evangelica
1193 1572 1389 1602 auctoritate.

470 1613 522 1644 Ad
545 1614 747 1644 auctoritates
778 1613 910 1644 demum
941 1619 1052 1644 contra
1076 1615 1259 1645 omittentes
1286 1616 1382 1646 unius
1404 1615 1479 1646 Per-

415 1667 514 1688 sonae
536 1667 668 1694 nomen,
692 1657 902 1698 respondetur
926 1657 1016 1698 quod
1038 1668 1106 1689 non
1130 1664 1176 1689 est
1199 1658 1311 1690 eadem
1334 1660 1415 1690 ratio
1439 1658 1479 1690 de

415 1701 549 1732 nomine
574 1702 704 1732 Christi:
737 1702 892 1742 quoniam
914 1703 948 1732 in
973 1702 1090 1733 Christi
1112 1704 1245 1733 nomine
1269 1713 1382 1734 omnes
1405 1704 1479 1734 Per-

415 1750 515 1776 sonae
537 1747 758 1786 importantur,
782 1746 935 1786 nullaque
960 1747 1126 1777 omittitur.

470 1786 559 1821 Haec
583 1789 715 1820 dixerim
730 1799 789 1830 pro
814 1790 1010 1821 discussione
1035 1791 1197 1831 opinionis
1220 1791 1354 1822 dicentis
1377 1792 1479 1832 bapti-

415 1844 522 1865 smum
543 1835 578 1864 in
600 1835 733 1865 nomine
757 1833 874 1865 Christi
898 1834 961 1865 dati
984 1844 1096 1865 verum
1118 1845 1186 1866 non
1211 1845 1289 1866 esse.

458 1878 541 1908 VIII.
565 1878 660 1909 Nunc
677 1879 844 1918 oppositae
857 1879 1019 1918 opinionis
1035 1878 1244 1910 fundamenta
1260 1880 1478 1910 discutiamus.

414 1918 580 1953 Fundatur
602 1923 710 1962 itaque
734 1923 845 1962 opinio
869 1923 948 1953 haec
970 1923 1004 1953 in
1026 1923 1137 1963 primis
1161 1925 1366 1964 super'gestis
1388 1925 1479 1964 Apo-

414 1965 587 1997 stolorum:
613 1967 768 2007 quoniam
790 1967 853 2006 ipsi
873 1967 1074 2007 baptizabant
1098 1968 1130 1998 in
1148 1968 1277 1998 nomine
1292 1968 1366 1999 Iesu
1386 1969 1479 1999 Chri-

413 2011 464 2048 sti,
488 2017 524 2041 ut
546 2016 634 2051 patet
656 2011 690 2040 in
713 2010 843 2041 Actibus
865 2012 1097 2051 Apostolorum
1113 2013 1139 2042 θ’,

468 2054 592 2085 Deinde
616 2064 712 2094 super
734 2064 796 2084 usu
820 2055 953 2085 alicuius
968 2056 1065 2095 partis
1081 2056 1253 2086 Ecclesiae.
1279 2057 1374 2087 Multi
1390 2057 1478 2087 enim

412 2104 558 2139 tempore
581 2099 700 2138 Pelagii
723 2099 828 2139 Papae
851 2099 1053 2139 baptizabant
1076 2100 1110 2129 in
1132 2101 1267 2131 nomine
1291 2100 1419 2137 Christi,
1443 2106 1479 2131 ut

411 2148 498 2183 patet
513 2143 546 2173 in
562 2143 698 2182 allegato
715 2143 856 2182 capitulo
869 2144 902 2173 *z
923 2149 954 2174 et
972 2149 1081 2174 tamen
1096 2153 1164 2174 non
1180 2143 1241 2175 fuit
1255 2144 1393 2175 irritatus
1409 2145 1478 2175 talis

410 2188 602 2227 baptismus,
627 2188 709 2217 sicut
732 2187 907 2227 baptismus
931 2188 964 2218 in
993 2188 1122 2218 nomine
1143 2188 1287 2219 Domini.
1322 2189 1367 2220 Ita
1389 2189 1479 2229 quod

410 2232 492 2262 bene
516 2232 568 2261 hic
592 2237 638 2261 est
661 2231 841 2262 notandum
865 2231 954 2271 quod
977 2232 1138 2272 Pelagius,
1162 2233 1303 2264 scribens
1327 2233 1367 2264 ad
1391 2233 1478 2264 Gau-

410 2275 555 2306 dentium
566 2276 777 2316 Episcopum,
789 2277 936 2306 meminit
952 2276 1092 2307 duorum
1108 2277 1345 2317 baptismatum,
1359 2278 1479 2309 scilicet

1082 171 1344 217 QUAESTIO
1373 171 1511 217 LXVI,
1549 167 1841 205 ARTICULUS
1869 168 1935 206 VII

1537 249 1568 278 in
1594 247 1722 277 nomine
1745 247 1879 277 Domini
1894 248 1921 283 ³¹*,
1938 252 1969 278 et
1993 248 2025 278 in
2050 249 2179 279 nomine
2204 250 2324 280 Christi
2339 251 2389 281 ”z
2415 256 2446 281 et
2461 252 2602 291 primum

1537 292 1659 321 irritum
1675 290 1760 327 dicit,
1774 290 1955 321 'secundum
1978 301 2055 322 non.
2079 293 2148 323 Nec
2164 302 2202 323 ex
2217 294 2339 324 incuria
2357 295 2421 325 hoc
2436 296 2600 335 processit.

1537 335 1702 373 Quoniam
1724 340 1790 365 tam
1814 340 1926 365 cautus
1949 335 2097 366 Pontifex
2120 336 2180 367 fuit
2207 338 2289 368 circa
2311 339 2375 369 hoc
2398 344 2434 370 ut
2459 339 2602 379 primum

1536 379 1701 409 irritaverit
1725 379 1820 409 etiam
1843 380 1982 410 incertus
2006 379 2045 410 de
2068 379 2170 411 facto:
2195 381 2373 417 secundum
2389 388 2496 414 autem
2520 383 2601 415 affir-

1536 429 1602 453 mat
1624 422 1693 453 fleri
1716 432 1734 452 a
1756 423 1876 459 multis,
1893 428 1924 454 et
1938 429 2109 463 propterea
2123 424 2215 455 illum
2230 426 2349 457 irritare
2364 428 2464 467 magis
2481 427 2600 464 debuit,

1536 468 1562 497 si
1584 476 1678 497 verus
1701 476 1769 497 non
1792 466 1912 498 fuisset.

1591 511 1712 547 Tertio,
1737 512 1924 542 auctoritate
1942 511 2069 542 Nicolai
2083 512 2199 552 Papae,
2216 513 2279 544 hoc
2295 523 2440 554 expresse
2457 514 2601 550 docentis

1535 555 1570 585 in
1592 555 1680 595 prius
1704 555 1839 595 allegato
1856 557 1872 572 ⁴*
1896 556 2048 596 capitulo.

1592 599 1726 636 Quarto,
1751 608 1846 640 super
1869 601 2057 631 auctoritate
2076 601 2159 631 beati
2174 601 2347 638 Ambrosii,
2370 603 2405 633 in
2427 602 2502 633 loco
2526 603 2601 634 alle-

1535 648 1610 683 gato
1626 644 1653 673 ὓ.

1591 687 1659 718 Nec
1683 688 1788 718 obstat
1808 686 1914 728 glossa
1937 697 2020 728 quae
2050 688 2141 723 datur
2163 688 2209 720 ad
2226 690 2324 720 Actus
2353 690 2600 730 Apostolorum,

1536 731 1575 761 de
1592 732 1721 771 speciali
1737 731 1973 772 dispensatione
1990 733 2124 773 Spiritus
2141 733 2248 764 Sancti
2264 734 2290 764 ’ἢ
2315 733 2481 772 Quoniam
2495 734 2602 774 glossa

1535 776 1614 806 haec
1630 785 1690 806 nec
1714 785 1752 806 ex
1768 785 1855 807 sacra
1871 776 2032 817 Scriptura
2047 787 2108 808 nec
2128 778 2167 807 ab
2187 778 2376 818 Apostolica
2390 778 2474 809 Sede
2489 783 2601 814 aucto-

1534 820 1661 850 ritatem
1675 820 1780 851 habet.
1808 820 1912 851 Immo
1937 827 2048 852 contra
2063 821 2363 853 determinationem
2378 821 2495 854 factam
2511 832 2529 853 a
2543 823 2601 855 Ni-

1520 864 1629 905 Vcolao
1653 864 1740 904 Papa
1761 864 1872 901 tendit,
1896 864 1974 897 dum
1997 864 2151 896 Nicolaus
2169 867 2346 906 baptizatos
2364 871 2518 907 tempore
2539 876 2601 898 suo

1534 909 1568 938 in
1583 909 1717 939 nomine
1734 908 1851 939 Christi
1866 918 1940 940 vere
1955 910 2132 950 baptizatos
2147 910 2508 947 iudicavieauctoritate
2523 919 2601 942 usus

1534 953 1769 992 Apostolorum
1786 958 1817 983 et
1832 951 1916 984 beati
1930 954 2103 987 Ambrosii.
2126 954 2212 986 Cum
2228 955 2315 985 enim
2337 955 2515 987 NicolausI
2531 955 2600 986 fue·-

1534 997 1574 1027 rit
1595 997 1669 1037 plus
1684 1007 1783 1037 quam
1806 998 1996 1038 octingentis
2013 999 2103 1029 annis
2120 1004 2195 1039 post
2215 998 2389 1036 Christum,
2406 999 2600 1039 dispensatio

1534 1040 1617 1072 facta
1631 1041 1796 1081 Apostolis
1819 1042 1883 1077 iam
1899 1048 2064 1074 cessasset:
2089 1048 2121 1073 et
2135 1043 2283 1074 Pontifex
2299 1043 2435 1084 proinde
2459 1050 2599 1075 errasset.

1535 1085 1691 1116 Intellexit
1706 1095 1782 1126 ergo
1798 1091 1925 1116 sanctus
1940 1086 2088 1117 Pontifex
2104 1087 2282 1127 Apostolos
2301 1095 2369 1118 non
2386 1096 2423 1118 ex
2439 1087 2601 1128 dispens&

1533 1130 1639 1166 tione,
1663 1129 1720 1160 sed
1743 1139 1781 1160 ex
1803 1131 1991 1161 auctoritate
2021 1131 2180 1163 ordinaria
2210 1131 2385 1172 baptizasse
2408 1132 2442 1163 in
2464 1133 2599 1165 nomine

1535 1173 1662 1204 Christi.
1687 1174 1782 1205 Unde
1799 1180 1830 1204 et
1852 1175 2010 1206 rationem
2026 1176 2163 1215 assignat
2185 1185 2224 1206 ex
2246 1175 2410 1209 identitate
2433 1176 2601 1216 significati

1534 1227 1591 1258 per
1604 1217 1721 1248 Christi
1733 1227 1855 1249 nornen
1868 1224 1899 1249 et
1910 1228 1967 1259 per
1979 1219 2116 1250 formam
2129 1220 2356 1259 evangelicam.
2365 1237 2390 1243 —
2401 1219 2509 1257 Quam
2526 1230 2601 1251 ean-

1535 1261 1608 1292 dem
1625 1263 1781 1292 rationem
1798 1263 1873 1302 quia
1892 1268 2020 1294 sanctus
2039 1263 2195 1303 praedixit
2216 1264 2417 1299 Ambrosius,
2430 1263 2601 1299 manifeste

1535 1305 1748 1336 excluduntur
1761 1305 1895 1337 Glossae'
1910 1315 1993 1346 quae
2006 1307 2120 1337 dantur
2136 1307 2176 1337 ad
2186 1308 2406 1338 Ambrosium.
2426 1307 2512 1338 Nam
2522 1308 2602 1341 Am-

1534 1351 1659 1381 brosius
1675 1350 1820 1380 absolute
1835 1350 1989 1391 loquitur,
2006 1356 2042 1382 ut
2057 1356 2145 1391 patet
2162 1351 2300 1383 intuenti
2314 1351 2494 1391 capitulum
2508 1351 2598 1384 illud.

1588 1395 1641 1424 IX.
1670 1394 1908 1425 Concludendo
1935 1396 2040 1435 igitur,
2070 1401 2109 1431 et,
2139 1405 2214 1425 cum
2241 1395 2393 1435 Magistro
2422 1395 2602 1430 Sententia-

1532 1448 1606 1469 rum
1617 1440 1644 1475 θ’,
1657 1439 1846 1479 Apostolica
1860 1444 1958 1479 gesta,
1975 1440 2264 1479 auctoritatemque
2278 1440 2443 1472 Ambrosii
2458 1449 2495 1471 ac
2509 1441 2600 1481 Apo-

1532 1483 1663 1514 stolicae
1686 1482 1786 1519 Sedis,
1811 1493 1887 1515 cum
1910 1493 1972 1519 usu
1994 1483 2158 1524 praedicto
2178 1484 2367 1520 multorum,
2390 1483 2601 1524 praeferendo

1532 1528 1762 1568 posterioribus
1778 1526 1975 1564 doctoribus,
1992 1529 2049 1568 qui
2065 1533 2176 1559 contra
2191 1533 2366 1559 torrentem
2380 1529 2431 1560 sui
2446 1530 2601 1570 temporis

1532 1580 1600 1602 non
1624 1572 1692 1602 ausi
1715 1577 1790 1602 sunt
1811 1580 1846 1602 se
1869 1581 2053 1612 opponere:
2086 1572 2222 1603 dicimus
2254 1572 2345 1613 quod
2368 1573 2544 1613 baptismus
2565 1574 2601 1606 in

1531 1616 1665 1646 nomine
1689 1614 1806 1646 Christi
1829 1616 1855 1646 si
1870 1615 1935 1652 fiat,
1954 1625 2048 1647 verus
2065 1622 2111 1647 est
2126 1617 2313 1657 baptismus.
2338 1616 2600 1658 Suffragaturque

1532 1659 1572 1690 ad
1594 1660 1659 1690 hoc
1681 1660 1828 1700 superius
1843 1661 1860 1677 ³*
1883 1660 2021 1692 deducta
2042 1661 2122 1692 tatio
2153 1660 2193 1692 de
2215 1660 2404 1692 sufficientia
2426 1662 2600 1702 implicitae

1532 1702 1780 1744 significationis.

1587 1748 1628 1779 Et
1658 1747 1901 1779 confirmaretur
1930 1749 2010 1784 hoc,
2040 1748 2154 1785 credo,
2185 1759 2271 1780 nova
2297 1750 2486 1781 auctoritate
2509 1750 2601 1784 Sedis

1531 1792 1749 1832 Apostolicae,
1773 1793 1799 1823 si
1824 1802 1915 1823 casus
1933 1792 2100 1824 accideret.
2134 1793 2300 1831 Quoniam
2315 1793 2600 1834 praedecessorum

1532 1845 1666 1867 suorum
1694 1837 1834 1877 vestigiis
1856 1836 2053 1868 inhaerendo
2080 1838 2248 1873 Romanus
2270 1838 2419 1869 Pontifex
2445 1837 2601 1871 iudicaret

1532 1880 1571 1911 de
1595 1881 1815 1911 ecclesiasticis
1838 1881 2052 1912 sacramentis.
2088 1881 2129 1912 Et
2153 1890 2192 1912 eo
2217 1882 2354 1922 amplius
2388 1881 2478 1922 quod
2500 1883 2600 1915 Nico-

1531 1925 1628 1955 lausI
1651 1934 1788 1965 magnae
1811 1925 1928 1956 exstitit
1950 1926 2134 1956 sanctitatis.
2581 1936 2583 1938 ·

1586 1969 1625 1999 X.
1649 1969 1691 1999 Et
1715 1969 1870 2009 quoniam
1893 1969 1972 2000 ratio
1997 1969 2037 2000 de
2059 1969 2214 2009 implicita
2237 1969 2471 2010 significatione
2494 1970 2536 2002 ad
2556 1972 2602 2006 si-⁴

2629 254 2639 264 ·
2647 252 2704 274 Can.
2712 252 2741 274 Si
2747 258 2842 275 revera.

2629 280 2650 291 ‘²
2665 279 2722 301 Can.
2736 278 2813 301 Multi.

2628 557 2639 568 ·
2652 556 2724 579 Num.
2739 563 2770 579 tv.

2628 649 2638 659 '¹
2653 647 2724 670 Num.
2738 654 2770 674 vi,
2786 648 2827 671 fin.

2628 741 2638 752 ·
2648 739 2673 762 In
2683 739 2736 767 litt,
2749 740 2778 762 ad
2794 747 2815 762 ι.

2627 1443 2681 1493 :ulV
2690 1444 2769 1472 Sena,
2786 1444 2846 1467 din.

2627 1667 2638 1678 ·
2651 1665 2722 1688 Num.
2735 1671 2771 1688 vt.

1532 2013 1619 2043 milia
1641 2012 1740 2049 ducit,
1763 2012 1838 2044 ideo
1861 2013 1985 2044 nullam
2008 2023 2069 2053 ego
2087 2013 2182 2044 video
2206 2015 2420 2054 ambiguitatis
2442 2015 2600 2051 rationem
2616 2028 2637 2035 ·⁷
2702 2027 2705 2030 ·

1532 2057 1558 2087 si
1581 2057 1653 2097 quis
1676 2057 1819 2097 aliquem
1841 2058 2015 2097 baptizaret
2037 2059 2071 2088 in
2093 2058 2154 2088 hac
2173 2057 2286 2094 forma,
2302 2058 2461 2096 videlicet.
2475 2059 2603 2101 Ego-te

1531 2101 1656 2142 baptizo
1673 2101 1706 2132 in
1723 2101 1855 2132 nomine
1868 2107 2001 2133 sanctae
2023 2102 2201 2133 Trinitatis.
2217 2102 2400 2136 Perfectum
2416 2103 2503 2135 enim
2518 2110 2602 2137 esset

1532 2145 1699 2185 baptisma,
1715 2155 1784 2176 non
1795 2146 1902 2176 minus
1919 2155 2017 2186 quam
2032 2147 2066 2176 in
2080 2147 2215 2177 nomine
2228 2146 2361 2183 Christi:
2378 2147 2601 2189 significatque

1531 2189 1687 2230 implicite
1711 2199 1825 2220 omnes
1848 2189 1970 2221 divinas
1992 2190 2157 2227 Personas,
2182 2191 2329 2231 quamvis
2352 2199 2462 2223 earum
2484 2200 2601 2225 nume-

1531 2243 1603 2264 rum
1619 2234 1828 2265 solummodo
1845 2234 1995 2275 explicet;
2011 2244 2166 2266 numerus
2182 2236 2269 2266 enim
2280 2236 2329 2267 ibi
2345 2241 2392 2267 est
2406 2235 2493 2268 idem
2508 2235 2600 2277 quod

1531 2288 1580 2309 res
1603 2284 1800 2310 numeratae.

1196 2393 1514 2440 ARTICULUS
1543 2394 1814 2440 SEPTIMUS

841 2478 998 2510 UTRUM
1023 2477 1233 2511 IMMERSIO
1259 2481 1302 2511 IN
1326 2478 1450 2519 AQuA
1473 2481 1539 2512 S1T
1564 2482 1622 2512 DE
1646 2481 1946 2513 NECESSITATE
1970 2483 2172 2514 BAPTISMI

1253 2560 1287 2585 tv
1307 2560 1391 2590 Seni„
1411 2560 1470 2585 dist.
1488 2568 1526 2590 ιιι,
1546 2565 1592 2585 art.
1611 2568 1636 2592 4,
1656 2560 1707 2593 qu·
1727 2563 1752 2585 i.

590 2649 595 2659 ι
621 2640 643 2665 1)
663 2640 842 2666 SEPTIMUM
862 2641 913 2666 stc
933 2641 1170 2667 PROCEDtTUR.
1191 2629 1353 2667 Videtur
1366 2631 1475 2679 quod

622 2681 819 2718 immersio
848 2681 888 2718 in
907 2694 1008 2730 aqua
1036 2682 1082 2719 sit
1100 2683 1148 2720 de
1168 2683 1389 2720 necessitate
1408 2684 1474 2721 ba-

458 2731 475 2779 ]
511 2750 540 2768 ν
567 2730 761 2783 (ptismi.
792 2735 842 2771 Ut
859 2734 965 2772 enim
984 2735 1122 2772 dicitur
1140 2737 1324 2785 Ephes.1v
1338 2737 1369 2784 ³¹⁵,
1398 2748 1475 2774 una

498 2763 563 2822 ᾖ)
576 2778 609 2820 X*
624 2788 722 2834 fides,
753 2798 868 2825 unum
887 2788 1079 2838 baptisma.
1111 2786 1187 2826 Sed
1207 2789 1311 2839 apud
1331 2791 1474 2827 multos

411 2838 631 2877 communis
663 2839 805 2877 modus
833 2838 1049 2890 baptizandi
1082 2850 1137 2879 est
1163 2855 1233 2891 per
1260 2841 1474 2880 immersio-

411 2904 513 2930 nem.
543 2890 646 2941 Ergo
673 2893 827 2930 videtur
853 2895 960 2943 quod
989 2907 1069 2932 non
1097 2895 1217 2944 possit
1244 2908 1327 2932 esse
1356 2896 1474 2945 bapti-

412 2958 518 2982 smus
547 2958 627 2983 Sine
656 2957 916 2984 immerstone.

466 3010 500 3035 2.
521 2999 753 3046 PRAETEREA,
784 3001 991 3049 Apostolus
1011 3000 1110 3047 dicit,
1135 3003 1246 3039 Rom.
1263 3001 1348 3039 V1*:
1384 3002 1473 3045 Qui-

411 3062 568 3100 cumque
594 3053 766 3103 baptizati
789 3063 917 3090 sumus
945 3056 981 3091 in
1006 3054 1150 3092 Christo
1169 3055 1268 3101 Iesu,
1297 3057 1334 3092 in
1355 3060 1475 3092 morte

412 3105 522 3153 ipsius
548 3105 720 3153 baptizati
733 3118 879 3143 sumus:
906 3106 1110 3157 consepulti
1125 3107 1225 3144 enim
1243 3121 1369 3145 sumus
1388 3121 1473 3146 cum

412 3156 474 3193 illo
506 3169 578 3205 per
613 3159 835 3206 baptismum
873 3161 909 3196 in
945 3166 1075 3197 morte.
1117 3159 1196 3198 Sed
1230 3162 1307 3198 hoc
1333 3161 1378 3198 fit
1404 3174 1475 3211 per

412 3208 719 3246 immersionem:
751 3210 838 3247 dicit
861 3211 965 3249 enim
986 3213 1287 3262 Chrysostomus
1306 3214 1336 3260 ²⁸,
1358 3223 1475 3263 super

412 3261 504 3298 illud
524 3262 626 3314 ioan.
647 3271 679 3298 111
697 3257 728 3310 ’ξ
749 3259 836 3300 Nisi
854 3266 932 3314 quis
951 3271 1099 3302 renatus
1108 3267 1229 3313 fuerzt
1256 3278 1305 3302 ex
1323 3276 1422 3315 aqua
1440 3272 1474 3303 et

413 3314 549 3364 Spiritu
578 3314 724 3361 Sancto,
744 3322 833 3352 ete:
864 3316 963 3353 Sicut
986 3315 1023 3354 in
1049 3318 1209 3367 quodam
1232 3319 1414 3368 sepulcro,
1434 3318 1472 3356 in

412 3378 529 3417 aqua,
565 3367 883 3418 submergentibus
916 3370 1020 3407 nohis
1053 3371 1194 3420 capita,
1229 3377 1330 3408 vetus
1361 3369 1472 3413 homo

414 3495 419 3497 >
464 3479 492 3514 α)
510 3481 548 3506 ad
565 3487 633 3507 eum.
651 3494 671 3501 -
687 3482 725 3506 ad
747 3486 806 3507 eum
824 3487 884 3508 cum
903 3483 984 3514 ElsG,
1001 3484 1039 3508 ad
1056 3489 1118 3509 cum
1137 3485 1165 3514 b,
1183 3491 1242 3510 cum
1256 3484 1331 3511 mic.

1497 3484 1500 3509 l

1527 2632 1710 2681 sepelitur,
1736 2638 1769 2668 et
1793 2634 2004 2669 submersus
2030 2633 2203 2670 deorsum
2232 2634 2447 2681 occultatur,
2467 2634 2601 2672 deinde
2640 2672 2641 2675 ,

1529 2696 1646 2722 novus
1669 2696 1798 2722 rursus
1816 2686 1989 2726 ascendit.
2020 2686 2123 2734 Ergo
2142 2686 2296 2724 videtur

1529 2735 1585 2774 sio
1615 2738 1660 2774 sit
1689 2737 1736 2774 de
1764 2737 1987 2775 necessitate
2015 2738 2206 2788 baptismi.

1585 2789 1618 2827 3.
1649 2790 1888 2839 PRAETEREA‚
1923 2791 1953 2828 si
1981 2790 2062 2829 sine
2090 2788 2340 2830 immersione
2368 2791 2484 2831 totius
2511 2804 2596 2833 cor·

1527 2843 1633 2893 poris
1669 2852 1799 2894 posset
1832 2844 1916 2882 fieri
1953 2843 2184 2895 baptismus,
2220 2853 2446 2895 sequeretur
2487 2844 2595 2895 quod

1528 2896 1611 2946 pari
1646 2898 1793 2934 ratione
1828 2898 2020 2935 sufficeret
2057 2898 2271 2947 quamlibet
2303 2906 2454 2948 partem
2492 2911 2595 2948 aqua

1528 2950 1718 2999 perfundi.
1765 2951 1843 2988 Sed
1876 2952 1952 2988 hoc
1982 2951 2137 2988 videtur
2167 2950 2463 2988 inconveniens:
2501 2951 2595 3001 quia

1529 3003 1710 3051 originale
1733 3011 1948 3053 peccatum,
1969 3011 2102 3041 contra
2121 3004 2228 3053 quod
2255 3003 2463 3053 praecipue
2482 3003 2595 3042 datur

1528 3056 1753 3105 baptismus,
1782 3069 1863 3094 non
1883 3064 1939 3094 est
1957 3057 1997 3094 in
2016 3069 2095 3094 una
2112 3064 2260 3094 tantum
2282 3056 2454 3107 corporis
2471 3065 2591 3108 parte.

1528 3107 1630 3157 Ergo
1658 3109 1811 3147 videtur
1845 3109 1952 3159 quod
1980 3109 2197 3158 requiratur
2222 3108 2421 3148 immersio
2449 3109 2499 3148 ad
2527 3108 2593 3148 ba-

1526 3162 1724 3211 ptismum,
1755 3170 1791 3199 et
1817 3173 1899 3200 non
1926 3162 2089 3200 sufficiat
2115 3163 2198 3199 sola
2224 3162 2408 3212 aspersio.

1579 3214 1655 3251 SED
1685 3225 1830 3252 CONTRA
1858 3225 1924 3253 asi-
1951 3215 2059 3264 quod
2086 3216 2185 3252 Hes.
2205 3227 2229 3252 x
2247 3215 2268 3237 ¹·
2294 3215 2448 3254 dicitur:
2477 3218 2591 3254 Acce-

1527 3267 1658 3304 damus
1693 3268 1744 3305 ad
1769 3280 1854 3306 eum
1875 3274 1892 3289 ‘²
1918 3277 2008 3306 vero
2036 3268 2149 3305 corde
2175 3268 2212 3305 in
2240 3269 2467 3318 plenitudine
2481 3270 2590 3319 fidei,

1527 3321 1668 3369 aspersi
1685 3321 1800 3358 corda
1818 3334 1842 3358 a
1861 3320 2083 3359 conscientia
2100 3317 2117 3350 β
2134 3321 2249 3368 mala,
2270 3328 2304 3359 et
2326 3323 2442 3360 abluti
2458 3335 2593 3374 corpus

1529 3385 1627 3422 aqua
1655 3371 1808 3411 munda.

1581 3486 1607 3522 β)
1626 3495 1643 3512 a
1661 3488 1830 3514 conscientia.
1846 3501 1868 3507 -
1885 3488 1932 3514 Ed.
1951 3495 1968 3513 a
1987 3494 2012 3513 et
2029 3489 2103 3514 tertia
2120 3494 2223 3522 praeter
2242 3489 2264 3520 1;
2282 3490 2454 3517 conscientia.

2313 2687 2421 2736 quod
2440 2687 2611 2725 immerae
