2878 4088
162 980 211 1002 'Cf.
219 980 370 1008 qu.1,1ntrod.

163 2032 173 2042 '
188 2031 270 2052 Lomb.

162 2077 172 2087 ·
187 2076 223 2097 Ps.
234 2082 255 2102 ι,
269 2082 327 2097 vers.
337 2081 370 2102 19.

405 205 448 228 10
1051 193 1313 239 QUAESTIO
1343 193 1389 238 V,
1411 189 1702 227 ARTICULUS
1731 189 1755 234 I,
1778 189 1818 234 lI,
1840 189 1884 224 III

453 272 502 301 AD
520 281 635 301 patmum
651 281 734 301 anno
751 281 909 301 mcmznum
927 271 1015 311 quod
1032 272 1141 301 caritas
1158 281 1225 301 non
1242 275 1349 301 causat
1365 270 1459 299 istum

399 315 544 345 dolorem
567 316 628 345 nisi
651 316 683 346 in
707 316 767 346 illis
791 316 847 355 qui
871 315 989 346 doloris
1014 325 1145 355 capaces
1169 321 1251 344 sunt.
1277 313 1339 344 Sed
1359 312 1460 352 pleni-

398 359 477 390 tudo
501 359 607 399 gaudii
627 369 644 389 a
661 360 758 390 beatis
782 369 913 390 omnem
937 360 1144 399 capacitatem
1168 359 1287 388 doloris
1311 356 1459 386 excludit.

399 404 439 433 Et
462 403 551 440 ideo,
581 405 725 443 quamvis
759 405 919 434 caritatem
952 404 1103 438 habeant,
1128 409 1233 432 tamen
1268 400 1459 431 contritione

399 453 516 478 carent.
1482 454 1489 472 5
1579 453 1599 472 D
1631 453 1792 473 SECUNDUM
1828 453 1873 472 s1c
1907 451 2110 472 Pnocnnrrtm.
2145 441 2278 472 Videtur
2310 441 2399 482 quod
2427 443 2576 473 contn‘tio

453 492 503 521 An
528 502 690 523 SECUNDUM
713 502 872 522 mcennum
895 491 984 531 quod
1008 492 1130 520 animae
1147 490 1178 518 in
1200 487 1384 528 purgatorio
1402 486 1459 516 do-
1516 455 1646 517 Arion
1669 487 1770 527 possit
1796 487 1934 516 totaliter
1956 486 2070 516 tollere
2096 490 2219 516 reatum
2247 494 2383 525 poenae.
2414 485 2499 524 Quia
2530 497 2577 517 sa-

398 535 464 566 lent
488 535 527 566 de
554 537 710 576 peccatis:
740 536 795 567 sed
822 537 874 566 ille
903 535 995 565 dolor
1022 544 1089 564 non
1118 538 1163 563 est
1192 532 1355 566 contriti0‚
1385 531 1460 570 quia
1513 530 1650 561 tisfactio
1680 536 1711 561 et
1734 530 1893 561 confessio
1925 530 2110 560 ordinantur
2138 529 2177 560 ad
2204 529 2425 560 liberationem
2449 540 2466 560 a
2488 536 2577 561 reatu

399 579 487 610 deest
510 581 539 610 ei
563 581 763 611 contritionis
787 580 935 610 efficacia.
1513 584 1648 615 poenae.
1674 574 1737 605 Sed
1759 575 1867 605 nullus
1890 575 1933 604 ita
1955 573 2095 614 perfecte
2123 574 2298 604 conteritur
2324 574 2404 613 quin
2431 580 2579 614 oporteat

454 625 504 654 Ar>
533 635 667 654 TERTIUM
695 634 853 654 memnon
881 622 969 662 quod
998 630 1102 661 poena
1130 619 1182 649 illa
1210 628 1307 658 quam
1335 618 1459 648 animae
1514 628 1589 649 eum
1613 618 1758 649 confiteri
1783 624 1814 649 et
1836 618 2024 649 satisfacere.
2056 618 2142 658 Ergo
2166 618 2316 648 contritio
2338 627 2508 658 nunquam
2532 624 2579 649 est

399 669 431 698 in
448 670 632 708 purgatorio
656 669 820 703 sustinent,
837 676 903 696 non
920 671 1025 705 potest
1049 664 1176 703 proprie
1196 663 1258 693 dici
1277 662 1458 698 satisfactio,
1476 672 1500 687 ιο
1513 668 1599 693 tanta
1623 663 1713 702 quod
1735 662 1873 693 totaliter
1890 662 1999 705 vdeleat
2021 667 2144 692 reatum
2167 667 2282 692 totum.

1559 285 1658 315 ART.
1683 285 1720 314 ΙΙ.
1745 294 1848 314 UTRUM
1873 293 2038 314 conrnrrio
2069 293 2172 314 possm*
2195 293 2369 314 mumma
2392 294 2531 315 ”romana

1914 338 2038 358 Renum
2062 337 2183 358 Pomm:

1586 388 1616 409 111
1633 388 1698 410 Cont.
1716 387 1792 414 Gent,
1808 393 1858 415 cap.
1874 393 1948 413 emim
1963 387 2005 413 IV,
2020 392 2070 414 cap.
2086 392 2161 413 ιιιιιις
2175 386 2213 408 Aa
2225 386 2294 413 Heb„
2310 392 2360 415 cup.
2376 393 2408 414 vi,
2423 387 2473 409 lect.
2485 393 2501 410 1.

400 713 475 751 quia
490 712 658 743 satisfactio
683 722 766 752 opus
789 711 987 741 meritorium
1011 708 1158 747 requirit:
1184 706 1239 737 sed
1255 707 1342 747 largo
1359 706 1459 737 modo
1571 717 1600 737 2.
1624 707 1820 743 PRAETEREA,
1837 707 1869 736 in
1893 707 2090 747 poenitentia
2113 711 2241 746 oportet
2264 715 2332 736 esse
2354 705 2511 745 quaedam
2530 715 2578 736 re-

400 755 513 787 dicitur
537 756 706 787 satisfactio
730 764 853 795 poenae
878 754 1000 783 debitae
1024 752 1153 782 solutio.
1515 752 1735 791 compensatio
1768 760 1892 790 poenae
1924 750 1963 780 ad
1993 750 2131 790 culpam.
2164 749 2227 780 Sed
2259 750 2365 789 aliqua
2397 749 2491 790 culpa
2522 759 2579 790 per

1514 796 1657 825 membra
1680 795 1823 835 corporis
1847 800 2018 825 exercetur.
2043 794 2140 834 Ergo,
2160 803 2236 824 cum
2259 798 2406 833 oporteat
2429 793 2468 824 ad
2491 793 2579 824 debi-

665 841 812 884 QUAE
822 839 947 874 STIO
982 837 1195 881 QUINTA
1514 845 1579 869 tam
1602 849 1727 879 poenae
1754 839 2088 879 recompensationem
2111 843 2147 868 ut
2171 847 2234 878 per
2261 847 2343 878 quae
2359 842 2476 878 peccat
2497 838 2578 878 quis,

687 907 730 931 DE
750 905 905 930 EFFECTU
925 904 1170 928 CONTRITIONIS
1476 898 1497 917 ις
1513 893 1572 924 per
1593 884 1672 914 haec
1694 889 1725 914 et
1748 888 1938 924 torqueatur
1953 884 1985 919 *ἢ
2010 882 2134 912 videtur
2164 881 2253 922 quod
2282 891 2450 922 nunquam
2478 883 2580 922 possit

1514 937 1620 968 poena
1643 928 1712 958 talis
1735 928 1859 968 peccati
1881 937 1938 968 per
1961 927 2187 958 contritionem
2210 926 2342 956 absolvi.

460 984 551 1004 EINDE
576 971 841 1003 considerandum
866 976 912 1000 est
935 970 974 1000 de
999 969 1115 1000 effectu
1139 971 1339 1000 contritionis
1355 970 1381 1000 *ἢ
1571 972 1600 1002 3.
1625 972 1827 1007 PRAETEREA,
1853 971 1946 1002 dolor
1977 971 2176 1002 contritionis
2208 975 2254 1001 est
2283 969 2402 1000 finitus.
2435 969 2497 1000 Sed
2519 980 2579 1011 pro

403 987 552 1048 DCirca
577 1016 664 1056 quod
687 1017 744 1046 tria
768 1020 973 1055 quaeruntur.
1515 1016 1624 1056 aliquo
1654 1021 1802 1056 peccato,
1831 1015 1951 1046 scilicet
1980 1015 2122 1051 mortali,
2147 1014 2280 1045 debetur
2309 1023 2416 1054 poena
2445 1013 2578 1045 infinita.

452 1063 578 1091 Primo:
603 1066 710 1090 utrum
733 1060 856 1099 peccati
879 1059 1022 1101 remissio
1040 1059 1079 1088 sit
1094 1059 1294 1088 contritionis
1318 1057 1458 1088 effectus.
1515 1060 1601 1100 Ergo
1631 1069 1800 1099 nunquam
1830 1064 1937 1099 potest
1967 1069 2034 1089 esse
2063 1064 2151 1089 tanta
2180 1059 2329 1089 contritio
2360 1058 2450 1098 quod
2478 1064 2580 1089 totam

452 1105 600 1136 Secundo
613 1115 618 1134 :
644 1110 752 1134 utrum
768 1104 916 1133 contritio
938 1103 1039 1142 possit
1054 1103 1191 1132 totaliter
1211 1103 1322 1133 tollere
1337 1108 1461 1133 reatum
1476 1117 1502 1132 ιο
1515 1113 1656 1144 poenam
1679 1104 1791 1134 deleat.

485 1158 618 1189 poenae.
1571 1149 1633 1179 Ser>
1658 1158 1781 1178 CONTRA
1805 1158 1858 1178 Esr
1883 1146 1973 1187 quod
1991 1147 2079 1177 Deus
2102 1146 2174 1186 plus
2198 1145 2347 1176 affectum
2371 1146 2475 1177 cordis
2491 1156 2582 1177 acce-

452 1194 580 1223 Tertio:
605 1198 713 1222 utrum
744 1201 840 1231 parva
868 1192 1017 1222 contritio
1046 1190 1181 1221 sufficiat
1203 1191 1243 1221 ad
1267 1191 1461 1221 deletionem
1515 1198 1584 1232 ptat
1607 1202 1705 1233 quam
1737 1193 1832 1222 etiarn
1863 1192 2052 1222 exteriorem
2082 1195 2200 1220 actum.
2233 1189 2296 1221 Sed
2326 1199 2383 1229 pet
2412 1191 2581 1221 exteriores

484 1246 675 1276 magnorum
699 1242 917 1275 peccatorum.
1516 1242 1604 1267 actus
1628 1237 1801 1267 absolvitur
1824 1236 1924 1266 homo
1942 1245 1959 1266 a
1974 1244 2081 1275 poena
2105 1240 2135 1265 et
2159 1234 2263 1275 culpa.
2287 1233 2374 1273 Ergo
2394 1239 2425 1264 et
2440 1235 2582 1265 similiter

1515 1290 1573 1321 per
1595 1281 1698 1311 cordis
1722 1280 1882 1316 affectum,
1907 1280 1964 1320 qui
1987 1285 2034 1310 est
2057 1279 2217 1309 contritio.

1490 1337 1499 1357 ς
1573 1335 1602 1355 2.
1627 1325 1822 1360 PRAETEREA,
1840 1324 2024 1364 exemplum
2039 1324 2135 1354 huius
2151 1323 2190 1353 de
2215 1323 2354 1354 Latrone
2369 1323 2513 1358 habetur,
2530 1323 2583 1353 cui

470 1374 500 1395 1V
515 1375 588 1399 sent„
604 1374 717 1405 dist-‚xm
734 1379 772 1402 qu·
788 1379 812 1398 n.
828 1376 870 1394 arr.
887 1380 905 1399 ι,
923 1373 968 1400 qu³
985 1380 1009 1398 ι;
1025 1373 1057 1394 IV
1071 1372 1137 1394 Cont-
1155 1372 1230 1399 Gent„
1246 1379 1296 1400 εει).
1311 1379 1388 1399 Lxxn:
1516 1369 1638 1400 dictum
1662 1375 1717 1406 est,
1734 1369 1844 1399 Hodie
1867 1378 1989 1399 mecum
2013 1368 2078 1398 eris
2106 1368 2138 1398 in
2162 1367 2332 1403 Paradiso,
2356 1372 2488 1408 propter
2510 1367 2582 1397 uni-

564 1401 599 1421 De
617 1400 695 1426 Verte„
711 1406 749 1427 qu.
764 1406 844 1425 xxvm,
859 1404 900 1421 art.
917 1400 942 1426 ὃς
960 1400 1043 1427 Quodl.
1058 1400 1099 1426 1v,
1115 1406 1153 1427 qu.
1169 1406 1208 1427 vn,
1223 1404 1265 1422 art.
1282 1407 1300 1422 ι.
1516 1423 1591 1444 cum
1615 1414 1831 1453 poenitentiae
1855 1418 1962 1443 actum
1978 1413 2004 1442 ,-

461 1468 480 1487 r>
509 1466 625 1486 panum
658 1466 702 1486 sm
733 1466 937 1486 PROCEDITUR.
971 1455 1105 1486 Videtur
1138 1456 1228 1496 quod
1260 1457 1383 1496 peccati
1413 1466 1461 1487 re-
1571 1458 1687 1488 Utrum
1703 1463 1811 1488 autem
1826 1463 1913 1487 totus
1937 1462 2041 1487 reatus
2056 1465 2114 1496 per
2137 1456 2363 1486 contritionem
2381 1465 2507 1496 semper
2521 1455 2583 1486 tol-

460 1502 568 1531 missio
593 1510 660 1531 non
684 1501 722 1530 sit
746 1501 946 1530 contritionis
970 1500 1111 1531 effectus.
1145 1500 1240 1531 Solus
1261 1501 1347 1531 enim
1372 1501 1459 1531 Deus
1515 1502 1607 1538 latur,
1630 1512 1735 1542 supra,
1759 1501 1829 1532 dist.
1850 1511 1902 1531 xw
1921 1502 1947 1537 *,
1965 1501 2146 1540 quaesitum
2169 1506 2225 1536 est,
2248 1500 2305 1530 ubi
2327 1501 2391 1531 hoc
2413 1500 2520 1540 ipsum
2543 1499 2582 1530 de

397 1311 495 1342 ART.
512 1311 534 1341 Ῑ.
555 1320 658 1340 UTRUM
682 1320 811 1340 PECCATI
834 1319 973 1340 REMISSIO
998 1319 1043 1339 SIT
1068 1319 1284 1340 CONTRITIONIS
1308 1319 1461 1339 EFFECTUS
1476 1337 1487 1351 ²

396 1551 525 1586 peccata
556 1545 696 1575 remittit.
730 1544 793 1575 Sed
824 1545 1024 1575 contritionis
1053 1555 1114 1575 nos
1142 1555 1253 1575 sumus
1285 1545 1462 1585 aliqualiter
1477 1557 1502 1577 30
1515 1547 1713 1586 poenitentia
1737 1546 1957 1586 quaerebatur.

397 1600 508 1620 causa:
534 1590 609 1629 quia
632 1594 720 1619 actus
743 1594 851 1619 noster
868 1594 923 1619 est.
948 1589 1034 1628 Ergo
1055 1589 1204 1619 contritio
1221 1599 1289 1619 non
1306 1595 1352 1619 est
1368 1599 1461 1620 causa
1570 1591 1760 1621 Rssspomo
1785 1600 1945 1620 DicENDUM
1969 1589 2058 1630 quod
2085 1589 2223 1619 intensio
2254 1589 2454 1621 contritionis
2477 1593 2584 1629 potest

396 1634 589 1664 remissionis
613 1634 736 1673 culpae.
1517 1635 1635 1665 attendi
1660 1634 1837 1675 dupliciter.
1862 1634 1937 1665 Uno
1954 1633 2065 1670 modo,
2083 1643 2120 1663 ex
2136 1638 2224 1673 parte
2249 1633 2394 1669 caritatis,
2411 1642 2494 1672 quae
2521 1631 2584 1662 dis-

453 1688 481 1708 2.
506 1678 705 1714 PRAETEREA,
736 1678 885 1707 contritio
915 1683 962 1708 est
990 1685 1078 1708 actus
1105 1679 1239 1708 virtutis.
1274 1677 1336 1708 Sed
1363 1678 1462 1708 virtus
1506 1679 1700 1719 ·plicentiam
1725 1684 1841 1709 causat.
1870 1678 1911 1708 Et
1934 1679 1979 1708 sic
2003 1678 2160 1718 contingit
2181 1680 2306 1709 tanturn
2329 1676 2451 1708 intendi
2474 1677 2584 1707 carita-

397 1723 539 1762 sequitur
567 1722 679 1762 culpae
710 1722 949 1752 remissionem:
986 1723 1060 1762 quia
1088 1723 1185 1752 virtus
1214 1727 1245 1752 et
1273 1722 1368 1762 eulpa
1395 1732 1461 1753 non
1516 1729 1583 1754 tem
1605 1724 1639 1754 in
1663 1729 1736 1754 actu
1760 1722 1850 1763 quod
1873 1723 2022 1753 contritio
2057 1721 2132 1753 inde
2155 1731 2292 1762 sequens
2322 1721 2495 1752 merebitur
2517 1729 2585 1751 non

397 1773 470 1797 sunt
498 1767 591 1796 simul
620 1767 653 1796 in
682 1766 796 1796 anima.
830 1766 916 1806 Ergo
948 1767 1098 1797 contritio
1127 1776 1195 1797 non
1223 1772 1270 1797 est
1298 1776 1392 1797 causa
1414 1777 1463 1797 re-
1478 1778 1500 1798 ³5
1517 1769 1624 1799 solum
1641 1768 1755 1808 culpae
1770 1767 1979 1803 amotionem,
1997 1766 2053 1797 sed
2069 1767 2165 1797 etiarn
2180 1767 2418 1798 absolutionem
2439 1766 2477 1796 ab
2495 1765 2586 1795 omni

397 1811 555 1841 missionis
579 1811 702 1850 culpae.
1517 1822 1633 1853 poena.
1649 1830 1672 1834 —
1694 1812 1768 1842 Alio
1792 1811 1903 1847 mod0,
1922 1821 1959 1841 ex
1983 1816 2071 1851 parte
2095 1810 2214 1841 doloris
2230 1810 2396 1846 sensibilis,
2413 1818 2512 1850 quem
2527 1818 2585 1839 vo-

454 1855 482 1885 3.
507 1855 702 1891 ΡΒΑΕΤΕΒΕΑ,
727 1855 805 1884 nihil
829 1854 962 1894 impedit
983 1865 1001 1884 a
1015 1856 1223 1895 perceptione
1247 1855 1463 1885 Eucharistiae
1517 1857 1622 1887 luntas
1656 1857 1690 1886 in
1724 1856 1917 1886 contritione
1952 1855 2076 1885 excitat.
2111 1855 2152 1884 Et
2175 1856 2251 1895 quia
2273 1855 2326 1885 illa
2355 1854 2450 1885 etiam
2479 1862 2586 1893 poena

398 1900 457 1929 nisi
488 1899 591 1939 culpa.
625 1899 688 1929 Sed
717 1899 870 1929 contritus
901 1904 974 1928 ante
1005 1899 1242 1929 confessionem
1271 1909 1339 1929 non
1370 1899 1464 1930 debet
1518 1900 1676 1941 quaedam
1699 1906 1756 1937 est,
1772 1905 1897 1930 tantum
1920 1904 2028 1941 potest
2049 1898 2172 1930 intendi
2196 1899 2286 1939 quod
2309 1897 2444 1929 sufficiat
2467 1896 2508 1928 ad
2530 1896 2585 1928 de-

398 1943 546 1974 accedere
570 1943 609 1973 ad
633 1943 873 1974 Eucharistiam.
905 1943 990 1982 Ergo
1020 1943 1167 1974 nondum
1197 1948 1243 1973 est
1272 1949 1463 1974 consecutus
1517 1945 1671 1975 letionem
1694 1945 1808 1984 culpae
1832 1949 1863 1974 et
1884 1953 2020 1984 poenae.

399 1988 617 2018 remissionem
641 1988 765 2028 culpae.
1478 1998 1504 2018 4⁰
1572 1989 1623 2018 An
1647 1998 1764 2019 Panum
1787 1997 1871 2018 aneo
1894 1997 2055 2017 mmmmm
2070 1987 2160 2027 quod
2183 1987 2296 2027 aliquis
2311 1996 2380 2017 non
2395 1991 2502 2026 potest
2518 1995 2586 2016 esse

454 2032 514 2062 SED
539 2042 662 2062 CONTRA
690 2042 743 2062 Esr
772 2031 862 2071 quod
889 2031 1004 2062 dicitur
1027 2033 1061 2061 in
1085 2031 1200 2062 Glossa
1215 2033 1242 2068 ⁴⁶,
1267 2042 1363 2072 super
1385 2031 1464 2062 illud
1519 2039 1622 2063 certus
1647 2032 1736 2073 quod
1753 2032 1902 2062 contritio
1919 2041 1976 2062 sua
1999 2032 2038 2061 sit
2057 2030 2216 2061 sufficiens
2233 2031 2272 2061 ad
2295 2031 2491 2061 deletionem
2506 2039 2586 2070 poe-

399 2077 514 2106 Psalmi
537 2078 569 2112 *,
605 2076 808 2117 Sacrificium
842 2076 912 2106 Deo
947 2077 1079 2116 spiritus
1114 2076 1349 2107 contribulatus
1383 2082 1462 2106 etc.:
1518 2087 1578 2108 nae
1599 2082 1629 2107 et
1645 2077 1769 2117 culpae.
1793 2077 1834 2106 Et
1849 2076 1923 2106 ideo
1946 2081 2073 2106 tenetur
2089 2074 2234 2105 confiteri
2251 2080 2282 2105 et
2297 2073 2494 2112 satisfacere:
2518 2083 2586 2104 rna-

402 2121 561 2151 Contritio
586 2121 694 2151 cordis
717 2126 763 2151 est
784 2120 979 2161 sacrificium
997 2121 1029 2150 in
1047 2130 1109 2160 quo
1123 2126 1259 2161 peccata
1282 2121 1463 2151 solvuntur.
1518 2122 1603 2152 xime
1628 2131 1703 2152 curn
1727 2121 1876 2151 contritio
1899 2130 1973 2150 vera
1995 2129 2064 2150 non
2087 2118 2182 2150 fuerit
2204 2119 2265 2150 nisi
2280 2119 2484 2159 propositum
2508 2127 2587 2148 con-

456 2175 484 2195 2.
508 2166 708 2200 PRAETEREA,
734 2165 836 2195 virtus
860 2170 891 2195 et
913 2165 1024 2195 vitium
1048 2165 1165 2195 eisdem
1188 2165 1295 2195 causis
1318 2175 1465 2195 corrum-
1519 2165 1631 2196 fitendi
1646 2166 1807 2196 habuisset
1823 2173 1993 2195 annexum.
2014 2163 2114 2202 Quod
2129 2163 2224 2194 debet
2240 2163 2280 2194 ad
2298 2162 2449 2194 effectum
2465 2162 2585 2199 reduci,

161 2210 246 2258 gfff.
260 2215 312 2257 3233
327 2209 350 2257 ¹6·
362 2220 372 2225 ·
394 2215 520 2249 puntur
546 2214 576 2239 et
601 2214 816 2250 generantur,
842 2215 878 2239 ut
907 2209 1021 2239 dicitur
1044 2210 1076 2239 in
1101 2209 1126 2239 II
1150 2209 1254 2239 Ethic.
1276 2211 1292 2226 ³*
1322 2209 1384 2240 Sed
1407 2219 1465 2249 per
1479 2223 1502 2243 ,ις
1520 2211 1616 2241 etiam
1627 2215 1760 2250 propter
1771 2214 1979 2250 praeceptum
1996 2208 2086 2249 quod
2105 2213 2152 2238 est
2168 2207 2207 2238 de
2221 2207 2423 2238 confessione
2436 2206 2546 2237 datum
2558 2207 2584 2237 *.

167 2652 176 2662 ·
195 2651 241 2678 Qu.
257 2656 277 2677 ι,
293 2653 334 2672 art.
349 2657 376 2677 4,

166 2678 210 2705 qu¹¹
227 2684 245 2699 ι.

167 2737 176 2747 ·
191 2735 228 2756 Cf.
250 2735 283 2756 IV
301 2735 377 2762 Sent.‚

168 2762 221 2783 dist.
236 2767 293 2789 xvn,
307 2768 346 2789 qu.
362 2768 377 2787 1,

167 2792 208 2810 art.
226 2794 245 2815 2,
261 2789 305 2815 qun
318 2795 338 2817 3.

400 2253 615 2284 inordinatum
639 2263 782 2284 amorem
807 2253 910 2284 cordis
933 2259 1102 2293 peccatum
1127 2254 1347 2284 committitur.
1378 2254 1463 2294 Ergo
1574 2255 1625 2285 An
1649 2264 1811 2284 strennuum
1842 2263 2001 2283 memnon
2032 2251 2138 2292 quod,
2164 2253 2246 2283 sicut
2272 2251 2426 2292 gaudium
2455 2251 2587 2281 interius

401 2308 457 2338 per
473 2298 617 2328 dolorem
641 2308 678 2328 ex
703 2308 811 2328 amore
836 2299 970 2328 caritatis
995 2298 1140 2328 ordinato
1166 2304 1331 2329 causatum
1352 2307 1465 2338 pecca·
1519 2298 1675 2329 redundat
1699 2298 1793 2328 etiam
1810 2297 1850 2328 ad
1873 2298 2043 2328 exteriores
2059 2297 2202 2337 corporis
2225 2301 2339 2336 partes,
2355 2296 2399 2326 ita
2414 2295 2510 2325 etiam
2529 2294 2587 2326 do-

402 2348 470 2372 tum
494 2342 633 2372 solvitur.
658 2342 698 2372 Et
721 2343 765 2372 sic
789 2348 958 2382 peccatum
983 2343 1131 2372 contritio
1156 2342 1250 2373 delet.
1519 2344 1568 2374 lor
1591 2343 1722 2373 interior
1745 2342 1784 2372 ad
1809 2342 1963 2372 exteriora
1986 2341 2129 2371 membra
2153 2340 2320 2371 derivatur.
2355 2339 2448 2371 Unde
2472 2338 2588 2370 dicitur

457 2387 642 2416 Rssspomo
672 2397 830 2416 memnon
861 2386 950 2426 quod
981 2386 1130 2417 contritio
1161 2392 1268 2427 potest
1298 2386 1465 2426 dupliciter
1519 2388 1615 2418 Prov.
1632 2397 1695 2417 xvn
1710 2388 1744 2416 *t
1769 2386 1908 2426 Spiritus
1931 2386 2031 2416 tristis
2054 2385 2197 2416 exsiccat
2219 2394 2302 2416 ossa.

404 2430 610 2460 considerari:
640 2431 690 2460 vel
713 2431 905 2470 inquantum
934 2437 980 2461 est
1008 2441 1079 2471 pars
1107 2432 1314 2467 sacramenti3
1343 2431 1394 2461 vel
1417 2431 1464 2461 in-
1481 2444 1506 2463 ςο
1572 2432 1624 2462 An
1647 2441 1782 2461 Taurum
1804 2440 1964 2460 nrcanntm
1989 2429 2078 2470 quod
2098 2428 2192 2460 dolor
2214 2429 2424 2464 contritionis,
2442 2428 2588 2469 quamvis

404 2479 559 2514 quantum
588 2480 633 2504 est
661 2480 747 2504 actus
771 2476 902 2506 virtutis.
936 2476 977 2505 Et
1000 2481 1138 2516 utroque
1167 2475 1268 2506 modo
1297 2481 1343 2505 est
1371 2485 1466 2506 causa
1520 2477 1560 2507 sit
1574 2475 1683 2506 finitus
1708 2480 1865 2515 quantum
1881 2474 1921 2504 ad
1939 2474 2164 2509 intensionem,
2181 2474 2263 2504 sicut
2279 2474 2375 2504 etiam
2389 2482 2496 2513 poena
2511 2481 2587 2512 pec-

403 2519 595 2548 remissionis
618 2520 749 2558 peccati,
774 2519 829 2549 sed
853 2519 1075 2550 diversimode.
1100 2520 1185 2557 Quia
1207 2521 1400 2560 inquantum
1420 2525 1466 2550 est
1521 2526 1592 2551 cato
1616 2520 1743 2550 mortali
1766 2519 1872 2549 debita
1887 2518 1976 2549 finita
1999 2524 2054 2554 est,
2071 2519 2166 2548 habet
2188 2523 2296 2548 tamen
2315 2516 2473 2548 infinitam
2489 2517 2587 2547 virtu-

403 2572 475 2602 pars
505 2564 705 2598 sacramenti,
730 2564 833 2602 primo
863 2570 1012 2604 operatur
1036 2564 1075 2594 ad
1098 2565 1319 2594 remissionem
1342 2564 1464 2604 peccati
1520 2571 1586 2596 tem
1610 2574 1648 2595 ex
1672 2565 1809 2599 caritate,
1827 2573 1891 2603 qua
1914 2562 2113 2593 informatur.
2137 2562 2178 2592 Et
2201 2561 2380 2592 secundum
2395 2562 2458 2592 hoc
2481 2565 2588 2601 potest

404 2607 697 2636 instrumentaliter:
723 2608 803 2637 sicut
827 2613 857 2638 et
880 2608 919 2638 de
943 2609 1010 2638 aliis
1041 2609 1244 2639 sacramentis
1268 2609 1301 2638 in
1323 2619 1334 2638 1
1357 2608 1465 2638 distin·
1520 2609 1624 2640 valere
1649 2608 1687 2639 ad
1712 2607 1906 2638 deletionem
1931 2607 2043 2647 culpae
2067 2612 2098 2637 et
2120 2616 2255 2647 poenae.

406 2651 510 2681 ctione
532 2652 547 2667 ἢ*
571 2651 681 2690 patuit.
717 2651 910 2691 Inquantum
940 2658 1047 2683 autem
1077 2658 1123 2682 est
1146 2658 1234 2683 actus
1257 2653 1398 2688 virtutis,
1422 2653 1465 2683 sic
1482 2664 1503 2684 55

406 2700 452 2724 est
475 2695 565 2734 quasi
595 2704 688 2724 causa
718 2696 885 2726 materialis
913 2698 1107 2727 remissionis
1135 2697 1276 2737 peccati:
1309 2706 1348 2727 eo
1373 2696 1463 2736 quod

406 2739 571 2779 dispositio
585 2745 631 2768 est
643 2740 732 2779 quasi
744 2741 911 2770 necessitas
924 2741 962 2771 ad
978 2741 1237 2771 iustificationem
1249 2742 1283 2777 *;
1300 2741 1466 2781 dispositio

406 2789 513 2813 autem
529 2783 690 2813 reducitur
706 2783 745 2813 ad
762 2793 888 2814 causam
907 2786 1111 2821 materialem,
1129 2786 1154 2816 si
1170 2786 1343 2825 accipiatur
1358 2785 1466 2825 dispo·
1586 2795 1606 2815 D
1623 2794 1758 2815 'rani-rum
1774 2794 1819 2814 src
1835 2793 2039 2814 Pnocam‘run.
2056 2782 2190 2813 Videtur
2211 2781 2301 2822 quod
2321 2781 2470 2812 contritio
2492 2789 2589 2820 parva

406 2828 477 2857 sitio
494 2837 576 2867 quae
596 2827 736 2866 disponit
758 2829 921 2858 materiam
937 2829 975 2859 ad
991 2830 1221 2870 recipiendum.
1246 2830 1344 2860 Secus
1360 2835 1467 2860 autem
1523 2797 1654 2860 Arion
1682 2828 1816 2859 sufficiat
1846 2828 1886 2858 ad
1923 2827 2116 2858 deletionem
2148 2835 2340 2867 magnorum
2370 2829 2587 2865 peccatorum.

407 2877 453 2902 est
470 2871 507 2901 de
525 2871 731 2911 dispositione
755 2873 874 2911 agentis
891 2873 929 2902 ad
946 2874 1122 2913 agendum:
1148 2875 1223 2914 quia
1238 2874 1292 2904 illa
1306 2873 1468 2904 reducitur
1482 2883 1509 2903 6⁰
1522 2874 1608 2911 Quia
1632 2873 1780 2904 contritio
1806 2878 1852 2902 est
1874 2871 2033 2902 medicina
2055 2871 2188 2911 peccati.
2213 2870 2276 2902 Sed
2291 2869 2465 2910 corporalis
2487 2867 2588 2898 medi-

407 2915 446 2946 ad
469 2925 569 2955 genus
593 2925 705 2946 causae
730 2915 903 2946 efficientis
1523 2919 1595 2948 cina
1618 2927 1700 2957 quae
1724 2922 1813 2947 sanat
1835 2916 2036 2956 corporalem
2062 2915 2214 2946 morbum
2239 2915 2409 2949 minorem,
2431 2921 2500 2943 non
2522 2911 2588 2942 suf-

462 2961 512 2989 An
536 2970 651 2989 muitum
675 2970 758 2989 anco
783 2970 941 2990 DICENDUM
972 2962 1060 3000 quod
1083 2963 1169 2992 solus
1193 2962 1281 2993 Deus
1305 2968 1352 2992 est
1375 2972 1469 2993 causa
1523 2962 1590 2992 ficit
1613 2961 1652 2992 ad
1675 2960 1852 2991 sanandum
1875 2961 2040 2990 maiorem.
2075 2959 2161 2999 Ergo
2184 2959 2318 2989 minima
2349 2957 2498 2988 contritio
2521 2965 2589 2986 non

409 3003 547 3034 efficiens
571 3004 751 3044 principalis
774 3005 968 3034 remissionis
997 3007 1136 3044 peccati:
1166 3007 1221 3036 sed
1244 3017 1339 3037 causa
1362 3007 1470 3047 dispo·
1524 3006 1640 3037 sufficit
1663 3006 1703 3036 ad
1726 3004 1899 3035 delendum
1921 3005 2060 3034 maxima
2082 3009 2222 3044 peccata.

409 3048 497 3078 sitiva
520 3053 626 3087 potest
649 3049 743 3078 etiam
768 3058 835 3079 esse
852 3058 889 3078 ex
905 3050 1007 3079 nobis.
1033 3050 1073 3079 Et
1092 3051 1233 3080 similiter
1257 3052 1352 3081 etiarn
1376 3061 1471 3081 causa
1581 3060 1611 3080 2.
1636 3050 1832 3085 pizanum,
1849 3058 1944 3088 supra
1959 3049 1976 3065 ⁴*
1999 3045 2120 3078 dictum
2137 3053 2183 3078 est
2207 3046 2297 3088 quod
2316 3050 2444 3086 oportet
2467 3044 2507 3075 de
2522 3053 2589 3074 ma-

409 3092 658 3122 sacramentalis:
693 3093 767 3132 quia
796 3092 917 3123 formae
946 3100 1215 3124 sacramentorum
1238 3096 1333 3125 verba
1356 3100 1430 3125 sunt
1453 3104 1508 3130 a65
1525 3095 1646 3125 ioribus
1677 3094 1816 3134 peccatis
1848 3093 1948 3133 magis
1981 3092 2113 3122 conteri.
2149 3091 2212 3122 Sed
2235 3091 2384 3122 contritio
2415 3098 2482 3119 non
2506 3088 2590 3119 delet

409 3136 502 3165 nobis
525 3136 656 3176 prolata,
682 3146 764 3176 quae
787 3137 905 3167 habent
928 3138 1077 3168 virtutem
1106 3139 1379 3169 instrumentalem
1402 3149 1470 3179 gra·
1525 3144 1695 3179 peccatum
1717 3138 1778 3168 nisi
1801 3138 1841 3167 sit
1863 3136 2041 3168 secundum
2065 3135 2155 3176 quod
2179 3141 2316 3176 oportet.
2347 3134 2433 3174 Ergo
2457 3133 2590 3164 minima

410 3181 486 3210 tiam
509 3180 691 3216 inducendi,
716 3190 779 3220 qua
802 3187 932 3221 peccata
955 3183 1167 3212 remittuntur.
1526 3183 1675 3214 contritio
1698 3192 1766 3212 non
1790 3181 1874 3212 delet
1897 3181 2006 3211 omnia
2028 3186 2169 3220 peccata.

466 3224 516 3253 An
533 3234 693 3254 SECUNDUM
710 3235 867 3255 omimium
887 3226 975 3265 quod
991 3227 1114 3265 peccati
1129 3227 1271 3257 remissio
1289 3237 1355 3257 uno
1370 3227 1470 3258 modo
1581 3227 1643 3258 San
1661 3236 1793 3262 CONTRA,
1807 3225 1967 3266 quaelibet
1978 3225 2076 3265 gratia
2091 3229 2216 3265 gratum
2231 3223 2350 3254 faciens
2362 3222 2446 3253 delet
2458 3230 2591 3252 omnem

412 3268 571 3307 praecedit
601 3269 749 3298 virtutem
778 3275 808 3299 et
835 3270 950 3309 gratiae
981 3270 1193 3306 infusionem,
1223 3276 1254 3301 et
1282 3271 1343 3301 alio
1371 3271 1471 3301 modo
1526 3271 1655 3311 culpam
1678 3270 1862 3306 mortalem,
1888 3279 1970 3310 quae
1994 3269 2089 3299 simul
2118 3274 2199 3299 stare
2222 3277 2297 3299 cum
2320 3277 2357 3298 ea
2383 3276 2451 3297 non
2474 3270 2589 3307 potest.

413 3312 564 3351 sequitur.
590 3312 630 3342 Et
653 3312 829 3342 secundum
853 3314 915 3344 hoc
939 3314 1028 3353 quod
1051 3315 1203 3354 sequitur,
1221 3321 1308 3345 actus
1324 3325 1342 3345 a
1357 3315 1471 3345 virtute
1486 3328 1512 3350 7⁰
1526 3315 1589 3346 Sed
1605 3315 1766 3355 quaelibet
1781 3314 1930 3345 contritio
1948 3319 1994 3344 est
2009 3314 2107 3353 gratia
2118 3318 2243 3353 gratum
2259 3311 2394 3342 faciente
2409 3309 2590 3341 informata.

415 3355 536 3385 elicitus
558 3361 664 3394 potest
688 3366 755 3386 esse
779 3366 872 3387 causa
895 3358 1000 3397 aliqua
1023 3359 1216 3389 remissionis
1240 3360 1371 3398 peccati.
1526 3360 1622 3398 Ergo,
1639 3364 1940 3399 quantumcumque
1963 3358 2002 3388 sit
2024 3366 2130 3398 parva,
2147 3357 2231 3388 delet
2254 3365 2387 3387 omnem
2407 3354 2546 3395 culpam.

469 3400 519 3428 AD
535 3409 668 3429 mariun
683 3410 840 3429 DICENDUM
858 3402 946 3440 quod
963 3402 1154 3441 dispensatio
1168 3403 1383 3433 Eucharistiae
1400 3412 1471 3443 per-
1578 3403 1767 3432 Rnspoxnao
1791 3411 1950 3432 mcunmm
1973 3401 2063 3441 quod
2096 3401 2245 3431 contritio
2259 3424 2266 3437 ,
2292 3406 2329 3430 ut
2351 3409 2446 3439 saepe
2469 3398 2592 3429 dictum

415 3443 494 3472 tinet
510 3442 549 3472 ad
564 3444 724 3473 ministros
736 3444 906 3474 Ecclesiae.
926 3445 966 3474 Et
982 3445 1055 3475 ideo
1073 3452 1144 3476 ante
1161 3447 1381 3476 remissionem
1396 3456 1471 3486 pec·
1527 3452 1573 3476 est
1588 3447 1614 3482 *ζ
1631 3447 1726 3476 habet
1742 3445 1904 3485 duplicem
1920 3445 2076 3475 dolorem.
2102 3445 2212 3476 Unum
2230 3445 2370 3480 rationis,
2387 3444 2444 3484 qui
2467 3447 2514 3473 est
2530 3441 2592 3472 dis-

417 3487 476 3516 cati
492 3496 548 3526 per
567 3487 727 3517 ministros
744 3487 904 3518 Ecclesiae
926 3498 993 3518 non
1016 3489 1109 3519 debet
1131 3490 1244 3529 aliquis
1265 3489 1304 3519 ad
1319 3490 1471 3519 Euchari-
1526 3490 1675 3529 plicentia
1698 3490 1820 3528 peccati
1843 3489 2015 3518 commissi.
2050 3489 2091 3518 Et
2113 3489 2166 3518 hic
2189 3493 2295 3528 potest
2318 3497 2385 3518 esse
2415 3486 2496 3517 adeo
2520 3494 2590 3526 par-

416 3531 508 3560 stiam
520 3530 679 3566 accedere,
693 3532 837 3571 quamvis
853 3532 892 3561 sit
908 3533 965 3561 sibi
982 3532 1076 3572 culpa
1092 3533 1200 3572 quoad
1215 3534 1321 3563 Deum
1333 3534 1471 3563 remissa.
1486 3545 1510 3566 75
1526 3543 1584 3563 vus
1609 3532 1698 3572 quod
1720 3542 1788 3562 non
1811 3531 1946 3562 sufficiet
1962 3531 2001 3562 ad
2024 3532 2180 3562 rationem
2197 3532 2407 3567 contritionis,
2423 3536 2460 3561 ut
2483 3530 2509 3559 si
2531 3529 2591 3559 rni-

1654 2674 1753 2704 ART.
1778 2673 1829 2703 III.
1855 2683 1959 2703 urium
1983 2682 2150 2702 comante
2174 2682 2275 2702 PARVA
2298 2681 2455 2702 surrrcmr

1707 2728 1748 2748 Ar>
1772 2727 1970 2747 οΕιΕτῐοΝΕΜ
1993 2726 2167 2747 MAGNORUM
2190 2726 2403 2746 PECCATORUM.

2607 887 2618 896 '¹
2635 884 2693 912 Sap.
2715 890 2765 912 cap.
2785 890 2818 910 xi,

2606 917 2666 933 vers.
2683 917 2715 939 ¹7.

2610 1408 2683 1430 'Luc.
2690 1414 2740 1436 etp.
2754 1413 2822 1435 mn,

2609 1441 2669 1457 vern.
2683 1440 2712 1464 ³⁹
2725 1440 2777 1463 sqq.

2610 1505 2621 1516 ·
2635 1504 2685 1544 ᾳιι.
2698 1509 2716 1526 ιι
2715 1507 2787 1553 ἀει-ἲ.
2803 1510 2824 1531 ι,

2610 1535 2712 1585 inisti-3.
2725 1530 2823 1584 ..21²3

2610 1587 2654 1606 nrt.
2666 1590 2690 1612 4,
2705 1583 2734 1605 ad
2747 1589 2769 1610 2,
2783 1589 2803 1612 3.

2614 2209 2625 2220 ⁸
2639 2208 2696 2240 ῼιρ.
2709 2208 2790 2231 annia
2800 2214 2827 2230 u-

2615 2381 2626 2393 ·
2639 2379 2706 2403 Vero.
2721 2385 2755 2402 aa.

2617 3051 2627 3062 ·
2643 3049 2691 3077 Qu.
2706 3054 2741 3076 m,
2755 3052 2798 3071 m.
2807 3054 2828 3078 3.

2618 3446 2629 3456 ·
2648 3443 2696 3472 Qu.
2714 3449 2731 3471 ι,
2752 3447 2795 3466 m.
2809 3449 2830 3470 ι,

2618 3470 2647 3492 nd
2659 3477 2680 3496 ¹;
2697 3476 2735 3499 qu.
2746 3476 2778 3496 ιιι,
2787 3473 2830 3494 ιη.

2620 3503 2639 3523 ις
2653 3502 2692 3525 qu.
2705 3502 2740 3524 ιν,
2752 3500 2795 3520 ιη.
2810 3504 2830 3520 ι.
