2918 4088
205 412 216 421 ·
229 409 266 431 Ad
279 409 351 434 Rom„
366 414 417 436 cap.

204 442 252 462 vm,
271 442 326 457 νοτε.
343 442 362 462 7.

206 674 214 684 ·
231 672 296 694 Vers.
313 679 344 699 ¹7·

205 777 214 787 ·
221 776 245 797 In
252 776 318 797 Ioan.
323 776 372 797 Eva
376 782 416 804 ng.

205 807 269 824 tract.
277 802 358 842 ΕὶξΧΧ,
368 809 416 831 n.3.

207 1786 216 1795 ·
222 1784 247 1806 In
253 1784 318 1806 Ioan.
325 1784 417 1811 Evang.

206 1815 272 1833 tract.
293 1810 370 1836 Lx11,
394 1816 417 1831 n.

208 1845 226 1859 ι.
236 1849 246 1854 -
257 1837 291 1859 Cf.
307 1837 368 1864 Mag.
386 1836 419 1858 lV

206 1864 283 1889 Sene„
306 1864 359 1886 dist.
382 1869 418 1890 tx,

207 1890 418 1950 0³1³·H‘25fv‘r1’a·
446 1887 615 1935 accipere
649 1886 799 1921 bonum.
838 1885 937 1920 Ecce
972 1885 1090 1929 enim,
1109 1883 1260 1931 sactum
1295 1887 1346 1919 est
1372 1881 1515 1919 malum

208 2302 218 2313 ·
233 2301 280 2329 Qu.
292 2306 367 2327 ιιινι,
378 2304 420 2323 art.

444 164 518 201 232

443 242 542 280 circa
570 241 719 288 divina,
749 240 845 278 sicut
872 239 1092 290 peceatores
1120 246 1315 276 sumentes
1347 239 1423 276 hoc
1451 251 1508 276 sa-

444 302 697 332 cramentum.

496 349 545 385 Et
575 355 772 396 praeterea
802 346 975 384 Christus
1004 346 1132 383 adhuc
1159 345 1313 393 gerebat
1343 345 1508 381 similitu-

444 402 567 439 dinem
603 402 728 438 carnis
749 402 895 450 peccati
912 399 951 436 *z
990 407 1024 435 et
1052 398 1139 434 ideo
1169 397 1442 434 convenienter
1470 409 1509 433 se

443 453 709 504 peccatoribus
737 453 974 500 tangendum
1002 451 1216 488 exhibebat.
1246 450 1335 497 Sed,
1362 457 1511 487 remota

445 507 691 545 similitudine
726 506 850 543 carnis
886 504 1031 554 peccati
1059 515 1129 552 per
1155 503 1316 552 gloriam
1344 515 1510 540 resurre—

444 560 599 608 ctionis,
629 572 668 596 se
697 559 797 607 tangi
834 557 1031 607 prohibuit
1059 569 1081 593 a
1109 556 1287 603 muliere,
1317 568 1417 605 quae
1445 556 1510 592 de-

444 615 587 651 fectum
614 612 706 650 fidei
734 612 834 648 circa
861 611 989 660 ipsum
1024 609 1255 659 patiebatur:
1293 609 1510 646 secundum

444 667 538 704 illud
565 668 669 703 Ioan.
690 677 737 702 xx
755 664 791 701 *z
821 665 915 701 Noli
940 675 1001 700 me
1018 669 1199 713 tangere.-
1227 662 1392 700 nondum
1412 663 1510 698 enim

445 720 595 758 ascendi
622 719 671 756 ad
696 720 847 755 Patrem
885 729 1026 763 meum,
1056 715 1195 753 scilicet
1223 717 1259 752 in
1289 715 1402 752 corde
1435 721 1509 761 tuo,

445 781 487 810 ut
514 771 751 820 Augustinus
779 770 937 819 exponit
954 770 985 806 ²¹⁶.
1016 770 1065 807 Et
1083 769 1171 806 ideo
1191 776 1423 818 peccatores,
1444 767 1510 817 qui

445 827 637 863 defectum
665 823 757 861 fidei
784 823 982 873 patiuntur
999 823 1185 860 formatae
1204 820 1218 844 ὃ
1246 821 1345 859 circa
1369 821 1509 871 ipsum,

445 880 682 928 repelluntur
709 890 731 914 a
759 884 937 913 contactu
962 876 1077 913 huius
1105 874 1342 912 sacramenti.

498 934 555 968 AD
575 943 764 968 SECUNDUM
784 941 965 966 mcaNDUM
994 929 1101 978 quod
1121 941 1201 965 non
1221 927 1412 977 quaelibet
1431 939 1511 964 me-

445 985 570 1022 dicina
608 982 789 1031 competit
824 982 1041 1018 secundum
1075 981 1286 1030 quemlibet
1321 988 1461 1017 statum
1485 985 1509 1016 ².

445 1039 548 1074 Nam
577 1035 768 1072 medicina
796 1047 895 1083 quae
924 1035 1036 1070 datur
1063 1034 1142 1070 iam
1169 1033 1333 1070 liberatis
1362 1045 1384 1070 a
1407 1033 1511 1069 febre

444 1090 493 1127 ad
522 1087 853 1133 confortationem,
883 1094 1039 1123 noceret
1067 1086 1098 1122 si
1125 1086 1280 1122 daretur
1305 1085 1434 1122 adhuc
1460 1085 1511 1122 fe-

443 1141 717 1180 bricitantibus.
747 1141 800 1176 Ita
828 1139 943 1176 etiam
970 1138 1184 1188 baptismus
1215 1146 1251 1175 et
1277 1138 1512 1187 poenitentia

444 1202 533 1232 sunt
553 1194 564 1219 ζ
593 1193 807 1231 medicinae
835 1191 1068 1242 purgativae,
1089 1203 1189 1240 quae
1218 1191 1358 1228 dantur
1376 1191 1424 1227 ad
1445 1191 1512 1227 tol-

444 1248 601 1286 lendam
637 1247 783 1283 febrem
820 1245 976 1295 peccati.
1007 1245 1094 1282 Hoc
1128 1252 1259 1282 autem
1296 1256 1512 1281 sacramen-

443 1310 527 1339 tum
556 1308 612 1338 est
639 1299 832 1336 medicina
859 1297 1126 1346 confortativa,
1156 1309 1255 1347 quae
1284 1309 1365 1334 non
1400 1297 1514 1334 debet

444 1354 526 1392 dari
555 1353 628 1390 nisi
656 1351 821 1390 liberatis
850 1364 872 1388 a
899 1358 1068 1400 peccato.

497 1408 554 1444 AD
589 1418 749 1443 TERTmM
781 1416 964 1442 DICENDUM
993 1404 1101 1453 quod
1134 1405 1306 1441 maxima
1333 1405 1433 1440 hona
1460 1402 1513 1439 ibi

444 1459 612 1508 intelligit
639 1457 876 1507 Augustinus
903 1457 1062 1495 virtutes
1090 1456 1255 1501 animae,
1285 1457 1414 1506 quibus
1433 1455 1513 1493 nul-

443 1515 500 1551 lus
518 1513 617 1550 male
636 1514 748 1549 utitur
775 1511 885 1560 quasi
913 1509 1110 1560 principiis
1137 1509 1229 1547 mali
1252 1522 1357 1547 usus.
1388 1509 1515 1546 Utitur

444 1575 574 1604 tamen
603 1566 657 1603 eis
685 1564 822 1615 aliquis
840 1566 941 1601 male
970 1563 1080 1613 quasi
1100 1562 1257 1600 obiectis
1285 1562 1375 1600 mali
1399 1575 1512 1599 usus:

444 1629 487 1658 ut
504 1626 609 1669 patet
626 1619 667 1656 in
686 1617 745 1655 his
765 1617 832 1667 qui
851 1618 899 1654 de
918 1616 1122 1654 virtutibus
1142 1615 1380 1666 superbiunt.
1406 1617 1460 1652 Ita
1478 1623 1515 1652 et

445 1675 522 1711 hoc
559 1678 863 1717 sacramentum,
894 1677 1084 1719 quantum
1116 1677 1172 1706 est
1199 1682 1246 1706 ex
1281 1681 1339 1715 se,
1359 1680 1440 1707 non
1460 1676 1515 1706 est

444 1725 680 1776 principium
700 1723 790 1761 mali
808 1736 914 1770 usus,
935 1723 1003 1760 sed
1023 1722 1230 1760 obiectum.
1252 1722 1366 1760 Unde
1385 1722 1514 1770 Augu-

446 1780 567 1817 stinus
586 1777 724 1815 dicit*:
753 1778 870 1814 Multi
893 1777 1048 1827 indigne
1075 1777 1260 1824 accipiunt
1278 1787 1413 1825 corpus
1436 1776 1514 1812 Do-

445 1834 541 1870 mini
546 1846 558 1868 .·
571 1843 645 1881 per
660 1830 758 1880 quod
775 1830 954 1867 docemur
973 1842 1084 1879 quam
1099 1829 1306 1867 cavendum
1325 1830 1369 1865 sit
1387 1829 1514 1866 male*¹

446 1940 534 1977 dum
553 1938 653 1975 male
670 1938 851 1986 accipitur
869 1938 1027 1973 bonum:
1043 1937 1136 1972 sicut
1155 1948 1175 1972 e
1188 1941 1319 1972 contra
1337 1935 1515 1985 Apostolo

443 1994 586 2040 factum
613 1996 664 2028 est
686 1992 825 2027 honum
844 2001 930 2026 cum
956 1990 1049 2027 bene
1067 1990 1247 2038 accipitur
1274 1989 1428 2035 malum,
1447 1990 1515 2025 sci-

446 2047 528 2083 licet
551 2057 636 2082 cum
662 2043 828 2080 stimulus
854 2045 1017 2080 Satanae
1034 2043 1221 2092 patienter
1242 2047 1418 2091 portatur
1434 2039 1460 2078 ⁰.

499 2099 557 2135 AD
586 2109 758 2140 QUARTUM
785 2108 969 2133 DlCENDUM
988 2095 1096 2144 quod
1121 2107 1193 2144 per
1209 2094 1339 2132 visum
1354 2106 1435 2132 non
1455 2107 1515 2132 ac-

447 2151 586 2201 cipitur
613 2150 742 2200 ipsum
770 2161 912 2198 corpus
950 2147 1111 2195 Christi,
1141 2148 1209 2185 sed
1237 2149 1363 2185 solum
1393 2159 1515 2185 sacra-

447 2212 625 2241 mentum
660 2203 760 2240 eius:
798 2201 890 2252 quia
916 2201 1056 2239 scilicet
1089 2213 1171 2238 non
1205 2200 1383 2251 pertingit
1410 2201 1516 2238 visus

447 2258 496 2295 ad
534 2256 785 2294 substantiam
819 2254 991 2305 corporis
1020 2254 1177 2300 Christi,
1206 2254 1273 2291 sed
1307 2255 1434 2292 solum
1467 2254 1516 2291 ad

446 2310 593 2360 species
612 2310 917 2354 sacramentales,
936 2316 980 2346 ut
999 2320 1116 2358 supra
1134 2307 1154 2329 ’¹‘
1175 2307 1322 2345 dictum
1342 2315 1409 2345 est,
1439 2307 1516 2345 Sed

499 2423 524 2458 δ)
535 2423 606 2457 fidei
620 2423 766 2455 patiuntur
777 2423 926 2457 formatae.
942 2436 962 2441 -
973 2422 1044 2455 fidei
1058 2422 1203 2454 patiuntur
1215 2422 1292 2456 sorte
1305 2422 1356 2452 (ΞΕ,
1371 2422 1517 2454 patiuntur

440 2460 511 2493 fidei
520 2460 662 2494 formatae
680 2458 768 2492 (sorte
784 2457 823 2491 pl)
845 2458 883 2488 ΡΙ.
893 2457 965 2490 fidei
977 2459 1118 2492 formatae
1131 2458 1278 2490 patiuntur·
1296 2458 1339 2484 Pe.

500 2494 524 2528 ε)
542 2498 651 2520 statum.
668 2508 688 2513 —-
706 2493 871 2527 infirmitatis
889 2493 986 2518 addunt
1004 2493 1024 2518 F
1044 2498 1070 2518 et
1087 2493 1171 2519 tertia.

500 2530 527 2563 ζ)
545 2533 617 2555 sunt.
634 2544 654 2549 -
672 2529 750 2562 quasi
768 2529 838 2554 addit
854 2528 938 2553 tertia.

499 2565 527 2600 η)
545 2566 624 2591 male.
650 2580 669 2585 -
698 2565 716 2590 F
736 2570 762 2591 et
780 2565 855 2590 tertia
861 2572 870 2595 3
894 2571 948 2590 om.
967 2564 1005 2590 Cf.
1025 2572 1070 2596 qu.
1089 2571 1146 2596 seq.
1165 2569 1212 2588 art.
1233 2570 1257 2590 2.
1275 2571 1330 2596 arg.
1351 2563 1376 2589 3.
1402 2578 1421 2583 -
1448 2564 1516 2588 Ante

1108 161 1371 209 QUAESTIO
1400 161 1562 208 LXXX,
1592 159 1885 197 ARTICULUS
1913 159 1963 196 1v

1563 239 1624 276 ille
1653 238 1720 287 qui
1748 238 1968 283 manducat,
1993 249 2074 275 non
2101 238 2230 275 solum
2259 236 2375 275 sumit
2398 236 2544 286 species
2572 248 2629 274 sa-

1564 292 1832 336 cramentales,
1863 291 1930 327 sed
1968 290 2084 327 etiam
2117 289 2334 336 Christum,
2363 290 2430 339 qui
2465 297 2520 327 est
2557 289 2629 327 sub

1565 345 1629 381 eis.
1668 345 1717 381 Et
1749 344 1836 380 ideo
1874 355 1898 380 a
1930 342 2079 380 visione
2114 342 2286 391 corporis
2322 342 2462 380 Christi
2502 343 2629 380 nullus

1564 397 1791 447 prohibetur
1827 396 1895 445 qui
1929 396 1975 432 sit
2011 402 2296 432 sacramentum
2325 395 2465 432 Christi
2499 407 2630 432 conse-

1564 458 1695 497 cutus,
1725 449 1864 486 scilicet
1890 448 2149 498 baptismum:
2186 447 2463 497 non-baptizati
2500 455 2630 485 autem

1565 515 1646 540 non
1665 510 1754 540 sunt
1772 501 1997 539 admittendi
2016 501 2131 538 etiam
2150 501 2199 538 ad
2218 500 2497 549 inspectionem
2514 500 2631 538 huius

1565 555 1804 602 sacramenti,
1833 563 1876 592 ut
1898 562 2001 604 patet
2028 566 2098 604 per
2120 553 2364 603 Dionysium,
2385 553 2425 590 in
2447 553 2543 590 libro
2562 554 2632 590 Ec-

1565 610 1648 646 cles.
1677 610 1787 646 Hier.
1807 608 1827 630 '¹‘
1863 607 1940 645 Sed
1969 608 2018 644 ad
2053 606 2396 644 manducationem
2428 618 2510 643 non
2543 613 2632 643 sunt

1565 661 1792 699 admittendi
1819 660 1892 698 nisi
1916 660 1986 697 soli
2013 660 2065 697 illi
2084 659 2151 709 qui
2169 671 2251 697 non
2270 660 2396 696 solum
2417 670 2632 696 sacramen-

1564 715 1695 762 taliter,
1725 714 1792 751 sed
1821 713 1937 750 etiam
1956 713 2104 750 realiter
2131 720 2220 750 sunt
2244 712 2397 750 Christo
2426 710 2631 749 coniuncti.

1618 769 1676 804 AD
1697 778 1858 810 QumTUM
1878 778 2062 803 memnon
2090 765 2198 815 quod
2225 765 2303 803 hoc
2330 765 2438 814 quod
2457 776 2538 802 non
2566 765 2632 801 ha-

1565 821 1629 858 bet
1657 820 1793 870 aliquis
1821 818 2095 857 conscientiam
2123 818 2182 855 sui
2208 818 2365 867 peccati,
2393 825 2518 867 potest
2545 829 2633 854 con·

2660 608 2670 618 ·
2684 607 2741 635 cap.
2756 613 2796 635 vn,
2813 608 2823 634 ς
2836 613 2858 637 3.

1531 915 1534 916 ⁷
1565 874 1709 923 tingere
1728 872 1940 922 dupliciter.
1970 873 2058 909 Uno
2078 871 2211 918 modo,
2231 883 2301 920 per
2319 872 2475 920 culpam
2503 882 2631 907 suam:

1565 929 1627 964 vel
1656 926 1747 976 quia
1774 938 1844 976 per
1870 925 2125 973 ignorantiam
2154 924 2257 970 iuris,
2283 935 2383 973 quae
2412 935 2492 960 non
2521 935 2633 960 excu-

1566 988 1622 1018 sat
1635 980 1666 1027 ²³⁶,
1696 986 1845 1029 reputat
1873 990 1954 1015 non
1982 990 2065 1015 esse
2092 985 2295 1027 peccatum
2324 976 2431 1026 quod
2464 983 2519 1013 est
2546 987 2633 1025 pec·
2661 979 2874 1028 2g2⁰·1m3“5›

1566 1041 1706 1080 catum,
1736 1040 1830 1082 puta
1857 1031 1888 1068 si
1917 1031 2053 1080 aliquis
2085 1030 2293 1068 fornicator
2320 1037 2512 1079 reputaret
2544 1029 2634 1066 sitn-
2661 1012 2873 1087 ᾖξὲξῠιξι-’ξὲἒῖ-ἑξξ

1565 1086 1706 1135 plicem
1724 1084 2018 1125 fornicationem
2037 1096 2117 1121 non
2136 1095 2218 1120 esse
2237 1091 2439 1133 peccatum
2455 1083 2633 1128 mortale;
2661 1087 2846 1114 ¹102¹=⁸·²¹¹¹)·

1565 1140 1628 1175 vel
1647 1137 1739 1187 quia
1757 1137 1950 1185 negligens
1979 1144 2034 1173 est
2053 1137 2092 1173 in
2121 1136 2403 1174 examinatione
2423 1135 2483 1173 sui
2501 1134 2632 1185 ipsiuS‚

1566 1198 1699 1228 contra
1726 1189 1765 1226 id
1794 1189 1901 1239 quod
1925 1190 2134 1238 Apostolus
2161 1189 2262 1234 dicit,
2283 1190 2297 1226 Ι
2321 1190 2407 1226 Cor.
2427 1201 2462 1226 xl
2480 1188 2512 1235 ²⁸,
2540 1189 2634 1226 Pro-

1566 1246 1624 1281 bet
1651 1249 1774 1281 autem
1801 1244 1960 1291 seipsum
1988 1243 2114 1288 homo,
2143 1247 2176 1278 et
2201 1243 2255 1278 sic
2282 1242 2327 1278 de
2340 1253 2444 1291 pane
2461 1241 2524 1278 illo
2553 1241 2635 1278 edat

1566 1303 1600 1334 et
1627 1297 1671 1334 de
1699 1296 1815 1333 calice
1833 1297 1942 1332 bibat.
1972 1295 2020 1331 Et
2039 1294 2092 1331 sic
2110 1293 2364 1331 nihilominus
2391 1301 2524 1343 peccat
2550 1305 2636 1342 pec-

1567 1357 1673 1388 cator
1700 1360 1859 1386 sumens
1900 1359 2042 1397 corpus
2080 1346 2239 1394 Christi,
2268 1346 2354 1384 licet
2389 1358 2469 1384 non
2497 1345 2636 1383 habeat

1567 1401 1842 1440 conscientiam
1869 1400 2032 1451 peccati:
2063 1400 2155 1450 quia
2173 1400 2256 1450 ipsa
2282 1398 2495 1449 ignorantia
2522 1406 2578 1450 est
2601 1398 2637 1437 ei

1567 1463 1783 1507 peccatum.

1621 1508 1707 1546 Alio
1727 1508 1992 1557 modo'potest
2017 1507 2236 1555 contingere
2260 1506 2342 1543 sine
2361 1507 2476 1556 culpa
2499 1505 2635 1556 ipsius:

1567 1569 1672 1612 puta,
1701 1574 1793 1599 cum
1821 1559 1943 1598 doluit
1970 1560 2019 1598 de
2046 1568 2216 1609 peccato,
2244 1559 2312 1596 sed
2339 1571 2420 1596 non
2449 1566 2504 1596 est
2531 1558 2637 1596 suffi-

1569 1615 1712 1653 cienter
1730 1613 1925 1652 contritus.
1956 1614 2004 1650 Et
2031 1613 2071 1650 in
2098 1613 2163 1651 tali
2190 1625 2282 1651 casu
2310 1624 2391 1650 non
2413 1619 2547 1662 peccat
2573 1623 2636 1649 su-

1568 1668 1714 1706 mendo
1742 1679 1884 1717 corpus
1913 1666 2073 1704 Christi:
2113 1666 2204 1716 quia
2232 1661 2355 1703 homo
2389 1677 2459 1715 per
2485 1664 2636 1702 certitu·

1569 1722 1702 1759 dinem
1721 1721 1817 1758 scire
1840 1732 1921 1758 non
1939 1727 2065 1769 potest
2087 1727 2220 1757 utrum
2246 1719 2294 1756 sit
2320 1731 2411 1756 vere
2439 1717 2635 1755 contritus.

1569 1773 1719 1813 Sufficit
1745 1781 1876 1811 tamen
1894 1779 1902 1794 ‘
1931 1773 1962 1810 si
1990 1772 2030 1810 in
2057 1785 2098 1810 se
2126 1773 2234 1821 signa
2260 1771 2499 1810 contritionis
2530 1771 2637 1808 inve·
2765 1783 2775 1800 ι

1567 1827 1664 1865 niat:
1685 1834 1779 1877 puta
1806 1834 1849 1864 ut
1868 1826 1989 1864 doleat
2016 1826 2062 1863 de
2082 1827 2293 1877 praeteritis
2312 1833 2348 1862 et
2366 1831 2560 1876 proponat
2577 1836 2637 1862 ca-

1568 1893 1656 1920 vere
1683 1881 1729 1918 de
1744 1881 1889 1930 fitturis
1906 1879 1937 1916 ἦ

1623 1933 1664 1972 Si
1699 1945 1794 1971 vero
1836 1933 1984 1982 ignorat
2018 1933 2094 1970 hoc
2127 1932 2234 1981 quod
2267 1930 2354 1968 fecit
2389 1942 2471 1968 esse
2508 1937 2638 1968 actum

1569 1986 1715 2037 peccati
1740 1994 1898 2038 propter
1921 1985 2176 2034 ignorantiam
2198 1985 2296 2031 facti,
2317 1996 2417 2034 quae
2437 1990 2592 2021 excusat
2602 1983 2636 2030 ’,ἑ

1569 2048 1663 2091 puta
1698 2040 1729 2077 si
1762 2038 1919 2077 accessit
1955 2039 2005 2076 ad
2039 2051 2120 2076 non
2153 2049 2281 2082 suam*
2301 2049 2422 2087 quam
2458 2036 2639 2074 credebat

1570 2106 1653 2131 esse
1688 2105 1819 2140 suam,
1849 2104 1930 2130 non
1958 2099 2014 2130 est
2040 2104 2087 2129 ex
2115 2093 2191 2128 hoc
2227 2091 2415 2128 dicendus
2446 2098 2636 2142 peccator.

1624 2146 1806 2185 Similiter
1839 2145 1976 2192 etiam,
2005 2145 2036 2183 si
2063 2145 2228 2182 totaliter
2256 2151 2311 2182 est
2338 2151 2542 2196 peccatum
2569 2143 2638 2181 ob·

1569 2200 1669 2247 litus,
1690 2199 1830 2237 sufficit
1857 2199 1907 2237 ad
1934 2198 2018 2236 eius
2038 2198 2272 2236 deletionem
2295 2197 2481 2247 generalis
2500 2195 2638 2235 contri-

1569 2253 1635 2300 tio,
1664 2261 1707 2290 ut
1733 2252 1830 2290 infra
1848 2252 1868 2275 ’¹‘
1896 2251 2053 2290 dicetur.
2083 2251 2196 2289 Unde
2215 2251 2291 2288 iam
2321 2263 2402 2288 non
2429 2257 2486 2288 est
2510 2249 2639 2288 dicen-

1570 2307 1644 2344 dus
1672 2314 1863 2356 peccator.

2661 1189 2671 1199 ·
2686 1187 2752 1209 Vere.
2766 1186 2802 1209 28.

2665 1881 2675 1892 ·
2685 1879 2721 1902 ef.
2731 1880 2794 1908 Aug.
2802 1879 2878 1908 Epist.

2664 1907 2880 1955 &stimi-'3¹-

2665 1960 2707 1987 1es,
2722 1965 2746 1981 n.
2761 1959 2797 1982 ιδ.

2665 2013 2738 2041 princ.
2753 2018 2814 2041 resp.

2666 2283 2705 2306 qu.
2712 2284 2737 2304 ιι,
2746 2278 2849 2307 art.3‚ad
2857 2283 2879 2300 ².

1563 2422 1671 2455 sactum
1690 2425 1731 2446 est
1747 2421 1833 2453 primo
1852 2420 1911 2445 loco
1929 2419 2027 2445 addunt
2040 2426 2093 2452 per
2111 2419 2207 2444 bonum
2226 2419 2277 2450 PF,
2295 2419 2377 2444 altero
2396 2418 2455 2442 loco
2468 2424 2521 2450 per
2539 2417 2639 2442 malum

1571 2457 1600 2483 P.
1617 2471 1637 2476 -
1654 2457 1705 2485 Pro
1722 2455 1863 2488 accipitur,
1883 2455 2032 2488 accipiatur
2050 2455 2068 2484 l.
2087 2455 2189 2487 accepit
2209 2454 2236 2479 Ρ.
2632 2470 2634 2472 -

1624 2491 1649 2526 θ)
1667 2492 1819 2518 stimulus...
1827 2494 1968 2524 portatur.
1976 2505 1995 2510 —
2007 2491 2155 2516 stimulos...
2163 2493 2261 2522 portat
2273 2489 2292 2520 l,
2302 2489 2465 2515 stimulum...
2474 2488 2600 2521 portauit
2609 2487 2639 2514 P.

1626 2527 1644 2561 ι)
1662 2530 1763 2553 tamen.
1774 2541 1794 2546 -
1807 2528 1876 2552 enim
1896 2527 1947 2552 PB.
1958 2541 1977 2546 -
1991 2526 2042 2551 Pro
2061 2530 2091 2551 ut
2109 2526 2207 2555 doleat,
2221 2528 2249 2550 ut
2268 2525 2293 2550 si
2312 2523 2402 2550 doleat
2416 2524 2453 2554 bc,
2470 2524 2493 2549 si
2508 2524 2598 2549 doleat
2610 2524 2639 2549 Ρ.

1127 2634 1463 2667 Commenta-ria
1483 2633 1736 2667 Cardinalis
1758 2633 1963 2667 Caietani

209 2720 346 2768 ἕῃῐεπηῑξεὲιζιῐιη
356 2719 424 2767 {⁰⁰⁰⁵
449 2719 465 2735 ⁴*
502 2727 523 2748 N
543 2716 738 2757 quaestionis
759 2715 976 2756 octogesimae
998 2715 1132 2746 articulo
1150 2719 1263 2755 quarto
1275 2738 1283 2751 ‚
1300 2714 1436 2745 dubium
1459 2724 1515 2746 oc-

503 2761 610 2797 currit,
634 2770 674 2791 an
698 2760 864 2796 contritus,
889 2769 958 2790 non
985 2765 1094 2790 autem
1125 2759 1301 2796 confessus,
1325 2758 1365 2790 de
1379 2764 1514 2800 peccato

448 2805 585 2842 mortali,
612 2805 719 2835 habita
746 2804 840 2845 copia
867 2803 1058 2834 confessoris
1084 2802 1204 2840 idonei,
1233 2813 1363 2834 sumens
1388 2802 1515 2834 Eucha-

448 2851 568 2881 ristiam
594 2854 707 2890 peccet
733 2848 918 2879 mortaliter.
950 2848 992 2878 Et
1019 2852 1066 2878 est
1091 2848 1172 2878 ratio
1200 2847 1299 2884 dubii,
1328 2848 1403 2888 quia
1426 2856 1516 2878 com-

449 2895 590 2925 muniter
620 2893 736 2924 dicitur
765 2891 866 2933 quod,
897 2892 1004 2923 habita
1037 2892 1131 2932 copia
1161 2891 1364 2929 confessoris,
1391 2897 1518 2922 tenetur

450 2938 597 2969 confiteri
613 2938 750 2968 mortale
771 2937 927 2968 contritus
949 2942 1024 2967 ante
1046 2937 1267 2977 sumptionem
1282 2936 1516 2967 Eucharistiae:

450 2993 518 3014 non
541 2989 648 3014 tamen
673 2982 889 3013 communiter
911 2981 1060 3013 asseritur
1083 2980 1174 3021 quod
1196 2986 1341 3012 teneatur
1363 2981 1423 3012 sub
1441 2989 1517 3021 pec—

451 3033 523 3058 cato
546 3027 684 3058 mortali.

505 3070 543 3101 11.
578 3070 630 3101 Ad
663 3070 759 3101 huius
798 3070 996 3112 quaestionis
1033 3067 1253 3100 difficultatem
1292 3067 1516 3110 aperiendam,

451 3115 618 3148 sciendum
643 3121 689 3145 est
717 3115 807 3156 quod
832 3114 933 3145 teneri
961 3114 1020 3144 sub
1046 3113 1178 3145 vinculo
1210 3114 1334 3154 peccati
1364 3113 1516 3150 mortalis,

451 3159 501 3189 vel
517 3168 585 3190 non
601 3160 645 3189 sic
659 3160 762 3189 teneri
778 3158 817 3189 ad
834 3157 1073 3189 confessionem
1095 3157 1284 3189 huiusmodi
1303 3162 1375 3188 ante
1391 3157 1518 3188 Eucha-

452 3203 582 3238 rssfiam,
605 3208 735 3243 oportet
758 3204 903 3243 accipere
917 3203 969 3232 vel
985 3211 1023 3233 ex
1046 3203 1114 3232 iure
1138 3202 1258 3238 divino,
1274 3202 1325 3232 vel
1342 3211 1380 3232 ex
1394 3202 1519 3232 ratione

452 3246 598 3283 naturali,
621 3246 673 3277 vel
696 3256 735 3278 ex
755 3247 826 3277 iure
848 3247 1000 3286 positivo.

506 3290 547 3320 Et
562 3291 600 3320 ab
617 3290 731 3320 ultimo
755 3289 950 3326 inchoando,
966 3290 1016 3320 ius
1039 3290 1214 3329 positivum
1237 3290 1364 3320 nullum
1388 3294 1519 3330 apparet

453 3334 652 3375 praecipiens
682 3333 920 3364 confessionem
944 3339 1017 3365 ante
1040 3334 1260 3374 sumptionem
1290 3333 1517 3364 Eucharistiae.

509 3379 603 3409 Ratio
636 3383 743 3408 autem
771 3387 808 3408 ex
834 3377 970 3408 naturali
1001 3377 1145 3408 discursu
1167 3387 1186 3407 a
1209 3377 1395 3408 doctoribus
1425 3377 1519 3408 sacris

456 3422 547 3453 allata
571 3421 610 3452 ad
632 3422 706 3458 hoc,
732 3427 778 3452 est
801 3422 877 3462 quia
900 3421 1080 3452 distributio
1104 3421 1321 3452 Eucharistiae
1343 3426 1465 3461 spectat
1481 3420 1521 3452 ad

457 3467 618 3497 ministros
641 3466 819 3502 Ecclesiae;
844 3475 879 3496 ac
903 3475 961 3505 per
984 3466 1061 3501 hoc,
1085 3470 1271 3505 sumpturus
1290 3465 1520 3495 Eucharistiam

1567 2713 1663 2745 debet
1687 2723 1754 2744 esse
1778 2713 1920 2744 mundus
1943 2712 2064 2743 iudicio
2091 2711 2264 2743 Ecclesiae.
2299 2710 2408 2751 Quam
2434 2710 2568 2752 quidem
2589 2719 2638 2743 r*-

1567 2759 1693 2790 tionem
1707 2758 1837 2799 ipsimet
1852 2756 2003 2789 doctores
2017 2757 2098 2788 sacri
2113 2765 2182 2788 non
2197 2756 2276 2788 tanti
2300 2755 2423 2788 faciunt
2438 2760 2475 2787 ut
2491 2763 2638 2786 necessa-

1568 2803 1616 2833 rio
1632 2803 1736 2844 ipsam
1759 2801 1954 2854 cqncludere
1971 2800 2096 2832 dicant:
2114 2810 2190 2831 nam
2206 2799 2318 2832 dicunt
2332 2800 2435 2840 ipsam
2457 2799 2574 2830 habere
2588 2798 2638 2828 lo-

1569 2856 1655 2883 cum,
1672 2856 1740 2877 non
1767 2846 1954 2887 simpliciter
1977 2851 2009 2876 et
2031 2845 2189 2882 absolute,
2216 2844 2272 2877 sed
2288 2843 2419 2885 quando
2435 2842 2524 2874 adest
2543 2842 2638 2883 copia

1569 2891 1774 2922 confessoris.
1798 2890 1840 2921 Et
1862 2899 1970 2921 revera
1991 2889 2082 2931 ratio*
2097 2890 2157 2920 ista
2178 2898 2248 2920 non
2269 2889 2357 2928 cogit
2371 2897 2432 2919 nec
2444 2888 2497 2918 ius
2512 2886 2637 2917 statuit:

1570 2937 1728 2976 quoniam
1749 2934 1844 2966 facile
1866 2935 1948 2965 solvi
1971 2939 2079 2975 potest
2101 2932 2239 2965 dicendo
2262 2931 2354 2973 quod
2374 2936 2562 2972 sumpturus
2579 2939 2638 2971 per

1569 2981 1732 3012 ministros
1754 2979 1919 3011 Ecclesiae
1941 2978 2185 3014 Eucharistiam,
2201 2976 2297 3015 debet
2312 2985 2380 3008 esse
2396 2974 2540 3018 mpudus
2554 2974 2638 3008 iudi-

1571 3025 1623 3055 cio
1638 3025 1869 3059 ministrorum,
1883 3023 1936 3056 vel
1952 3023 2071 3055 iudicio
2085 3021 2221 3053 Domini
2244 3021 2388 3063 ipsorum
2403 3019 2636 3051 ministrorum.

1572 3068 1739 3101 Contritus
1762 3073 1870 3099 autem
1893 3066 2034 3100 mundus
2065 3071 2111 3097 est
2133 3064 2254 3096 iudicio
2285 3063 2364 3101 Dei,
2388 3063 2637 3105 membrumque

1573 3118 1620 3143 est
1642 3112 1817 3143 formatum
1840 3112 1936 3142 etiam
1958 3111 2122 3142 militantis
2144 3108 2316 3140 Ecclesiae.

1627 3157 1675 3187 Ex
1692 3156 1800 3187 divino
1817 3165 1893 3186 vero
1909 3156 1978 3186 iure
1994 3158 2201 3195 praeceptum
2214 3152 2280 3184 hoc
2295 3161 2364 3183 non
2383 3157 2523 3193 apparet.
2547 3151 2637 3190 Quin

1571 3202 1681 3242 potius
1696 3201 1875 3232 insinuamr
1888 3199 2088 3240 oppositum,
2102 3197 2190 3234 dum,
2202 3197 2215 3228 1
2226 3197 2271 3228 ad
2285 3196 2362 3228 Cor.
2373 3206 2407 3228 ιι
2416 3197 2445 3232 ⁹,
2457 3196 2638 3237 Apostolus

1573 3245 1666 3276 dicit:
1683 3244 1802 3276 Probet
1817 3248 1926 3277 autem
1940 3243 2079 3284 setpsum
2093 3242 2200 3278 hono,
2217 3246 2249 3273 et
2261 3241 2309 3272 sic
2325 3241 2364 3272 de
2373 3250 2463 3282 pane
2478 3241 2535 3272 illo
2552 3240 2636 3278 edat.

1572 3289 1636 3320 Ubi
1660 3288 1725 3319 duo
1751 3288 1836 3319 dicit.
1859 3287 1985 3323 Primo,
2007 3286 2096 3327 quod
2118 3286 2214 3316 homo
2235 3285 2353 3326 probet
2374 3285 2522 3326 seipsum,
2547 3283 2638 3325 quod

1573 3333 1710 3374 pertinet
1742 3331 1782 3362 ad
1813 3332 2059 3363 contritionem:
2095 3335 2126 3360 et
2155 3339 2224 3360 non
2255 3329 2331 3360 dicit
2361 3329 2451 3371 quod
2478 3329 2639 3371 probetur

1574 3386 1595 3407 a
1618 3377 1815 3418 confessore.
1845 3375 1888 3407 Et
1914 3375 2059 3416 quamvis
2089 3374 2181 3406 locus
2209 3374 2248 3404 ab
2275 3374 2462 3405 auctoritate
2491 3382 2528 3411 nv
2555 3373 2638 3404 ative

1573 3430 1688 3460 parum
1711 3425 1767 3452 aut
1787 3419 1867 3451 nihil
1890 3419 2009 3456 valeat,
2033 3428 2072 3450 ex
2094 3417 2239 3450 secundo
2262 3424 2370 3449 tamen
2391 3417 2479 3449 dicto
2502 3382 2638 3448 affirma-

1573 3465 1640 3494 tivo
1663 3464 1797 3494 videtur-
1810 3464 1937 3503 negatio
1961 3464 2019 3493 ista
2042 3462 2155 3493 fulciri.
2185 3462 2393 3503 Subiungitur
2417 3462 2519 3493 enim:
2544 3466 2575 3492 et
2590 3461 2640 3492 sic

2665 3196 2674 3207 ·
2689 3194 2756 3217 vm.
2771 3194 2806 3217 28.

2666 1988 2676 1998 ·
2690 1986 2726 2009 Cf.
2741 1986 2787 2008 loe.
2802 1986 2840 2008 cit.
2853 1985 2877 2008 in
2915 1999 2918 2020 ἑ

2666 2253 2676 2262 ·
2691 2251 2727 2273 ef.
2746 2251 2879 2279 supplem„
2910 2242 2918 2256 ⁵
