2878 4088
152 915 164 926 “
173 914 208 936 cf.
220 920 258 942 qu.
267 912 367 939 xvn,1n-

153 941 214 963 trod.

205 1004 226 1019 u.
242 1003 272 1018 ΧΧ
276 1003 302 1018 Vl.

216 1031 238 1047 u.
253 1029 322 1045 XXVI!-

153 997 214 1052 :QQ

157 1625 166 1635 ¹
182 1622 247 1644 Vers.
264 1628 294 1651 ¹3·

156 1670 165 1680 '
181 1667 263 1689 Lomb.

156 1713 165 1723 ·
182 1710 247 1733 Vei-s.
262 1716 282 1732 a.

158 1976 368 1999 “Cf.Summ.Sent.

158 2007 223 2025 tract.
230 2003 270 2026 VI.
278 2009 303 2024 ca

156 2043 167 2047 -
184 2030 242 2051 Vide
262 2029 302 2051 Ric

158 2064 171 2079 a
179 2057 203 2079 S.
210 2056 279 2082 vict„
288 2056 318 2077 de
325 2055 369 2077 Po—

158 2085 209 2105 test.
228 2083 247 2104 11·
263 2082 318 2104 and.
347 2084 370 2103 et

158 2111 237 2132 solven
256 2115 368 2137 .‚cap.xu.

304 2008 368 2050 5:32¹:

160 2381 169 2390 ·
178 2378 239 2401 llud
246 2378 310 2404 Cor„
319 2383 369 2405 cap.

159 2412 182 2432 x,
197 2411 256 2428 vers.
271 2406 298 2430 ὃς
319 2411 371 2432 cap.

160 2438 277 2459 xinsvers.
290 2437 325 2453 ιο.

160 2557 170 2566 ·
186 2555 250 2576 Vers.
268 2560 303 2576 ιο.

162 2600 171 2610 ·
185 2599 269 2620 Lomb.

164 2736 173 2746 ¹
187 2733 252 2756 Vers.
270 2741 301 2756 n.

165 2915 174 2925 '¹
181 2913 218 2935 Ad
224 2912 290 2939 Heb„
299 2918 373 2940 cap.v‚

165 2946 272 2994 xeflstirgss.
293 2965 374 2997 homil.

166 2992 225 3017 le,
240 2993 268 3014 al.
284 2992 336 3019 LV,
351 2998 374 3013 m

166 3019 260 3045 Matth„
276 3025 298 3040 n.
313 3025 332 3040 2.

167 3047 177 3057 ·
192 3045 256 3067 Vers.
271 3051 305 3074 3²·

169 3550 180 3558 “
188 3547 268 3569 Μιῑιὴ.
276 3553 327 3574 cap.
335 3552 381 3574 xvt,

170 3579 231 3596 vern.
247 3580 281 3602 ¹9.

387 205 438 251 48

443 285 494 314 An
518 294 634 314 PRIMUM
657 293 740 314 ERGO
763 293 923 314 mesanum
946 282 1036 323 quod
1059 283 1167 313 omnia
1183 286 1313 322 peccata
1335 279 1452 310 habent

389 329 625 359 connexionem
648 328 682 358 in
698 328 862 358 aversione
885 327 1057 358 voluntatis
1074 337 1091 357 a
1106 327 1189 362 Deo,
1206 334 1281 356 cum
1302 333 1369 364 quo
1385 332 1451 353 non

388 378 494 414 potest
518 382 585 403 esse
600 378 808 413 peccatorum
831 373 992 402 remissio:
1018 377 1049 402 et
1063 371 1137 402 ideo
1161 379 1264 401 unum
1284 372 1452 409 peccatum

389 418 456 448 sine
473 417 570 448 altero
586 417 704 448 remitti
719 427 786 447 non
802 422 917 457 potest.
939 416 1002 447 Sed
1018 414 1366 446 excommunicationes
1385 421 1452 441 non

388 463 507 492 habent
521 462 662 502 aliquam
684 461 781 492 talem
797 462 1043 492 connexionem.
1067 460 1135 490 Nec
1154 460 1270 489 iterum
1293 456 1451 487 absolutio

389 507 428 536 ab
453 506 786 537 excommunicatione
801 505 974 546 impeditur
995 510 1125 545 propter
1140 502 1312 534 voluntatis
1328 505 1452 531 contra-

389 551 543 581 rietatem.
567 551 609 581 Et
631 550 704 581 ideo
728 551 808 580 ratio
833 560 900 580 non
923 550 1076 589 sequitur.

444 595 495 626 An
519 605 680 625 suetmmm
703 605 862 626 DICENDUM
887 594 985 634 quod,
1010 594 1091 623 sicut
1121 592 1265 632 pluribus
1289 590 1328 620 de
1353 589 1454 619 causis

391 645 456 670 erat
479 640 593 680 aliquis
609 645 695 670 extra
717 639 904 675 Ecclesiam,
921 639 963 669 ita
979 637 1130 678 possibile
1154 642 1200 666 est
1221 634 1310 676 quod
1332 634 1391 664 ista
1406 642 1454 663 se-

390 685 512 724 paratio
536 689 738 714 removeatur
761 689 918 724 quantum
934 682 974 713 ad
996 692 1095 712 unam
1119 690 1258 716 causam,
1275 685 1306 710 et
1329 682 1456 709 maneat

392 734 549 769 quantum
573 728 612 759 ad
635 729 774 759 alteram.

569 792 822 836 QUAESTIO
850 790 1280 834 VIGESIMAQUINTA

738 850 788 874 DE
818 848 1112 874 lNDULGENTlA

396 913 681 978 Gouseomzn‘ren
712 902 979 933 considerandum
1010 907 1057 932 est
1080 901 1119 932 de
1146 900 1342 940 indulgentia
1357 901 1383 930 ’ἢ
1415 899 1457 930 Et
1472 912 1479 925 1

458 949 580 988 primo,
605 948 644 978 de
668 957 704 977 ea
727 946 905 977 secundum
936 956 986 982 se;
1019 945 1179 981 secundo,
1205 945 1244 975 de
1268 944 1456 975 facientibus

393 993 624 1032 indulgentiam
640 993 673 1028 *3
694 991 800 1030 tertio,
818 990 858 1020 de
881 990 1107 1030 recipientibus
1131 999 1202 1019 eam
1218 990 1262 1019 *⁴2

394 1036 487 1067 Circa
509 1037 650 1077 primum
674 1040 871 1074 quaeruntur
893 1034 960 1064 tria.

447 1081 571 1110 Primo:
596 1085 704 1110 utrum
728 1088 784 1118 per
807 1077 1038 1117 indulgentiam
1065 1077 1167 1116 possit
1197 1076 1316 1116 aliquid
1339 1076 1457 1106 remitti

481 1124 521 1154 de
543 1133 650 1164 poena
673 1122 887 1153 satisfactoria.

448 1168 613 1199 Secundo:
638 1172 746 1198 utrum
770 1166 985 1206 indulgentiae
1008 1170 1133 1195 tantum
1152 1165 1277 1194 valeant
1299 1169 1456 1204 quantum

481 1213 737 1253 pronuntiantur.

448 1257 574 1288 Tertio:
599 1262 707 1287 utrum
730 1265 789 1296 pro
819 1254 989 1294 temporali
1019 1253 1161 1284 subsidio
1191 1254 1231 1283 sit
1259 1252 1458 1292 indulgentia

481 1301 634 1332 facienda.

426 1374 525 1405 ART.
543 1374 565 1404 1.
589 1382 694 1403 UTRUM
709 1382 767 1402 PER
782 1380 1016 1401 mDULGENTmM
1031 1379 1135 1400 Possm
1151 1379 1280 1399 Amnum
1297 1378 1422 1399 aarum

711 1427 752 1446 na
775 1425 878 1446 PonNA
901 1424 1140 1445 sA‘rrsrACToarA

531 1473 640 1500 Exposit.
659 1472 727 1493 Orat.
742 1471 845 1498 Domin„
861 1476 911 1497 cap.
927 1476 963 1495 vi:
982 1469 1067 1498 Quodl.
1081 1469 1109 1496 11,
1125 1476 1163 1497 qu.
1179 1475 1229 1495 vni,
1244 1472 1285 1490 art.
1301 1475 1321 1490 2.

458 1535 478 1554 n
502 1533 619 1554 Panium
643 1533 687 1552 sm
711 1531 915 1552 rnocnmrun.
943 1520 1077 1551 Videtur
1100 1519 1191 1560 quod
1213 1529 1270 1560 per
1293 1519 1461 1560 indulgen-

397 1539 535 1599 Atiam
557 1577 625 1598 non
647 1567 748 1607 possit
771 1565 891 1606 aliquid
911 1565 1029 1596 remitti
1052 1564 1091 1595 de
1114 1574 1221 1605 poena
1245 1563 1460 1595 satisfactoria.

395 1614 479 1653 Quia
502 1622 597 1653 super
620 1610 699 1642 illud
723 1611 749 1640 11
769 1610 848 1640 Tim.
866 1620 888 1640 11
903 1611 930 1646 ’ζ
947 1610 1080 1651 Negare
1102 1609 1240 1649 seipsum
1260 1618 1325 1639 non
1343 1614 1460 1650 potest,

395 1659 471 1689 dicit
495 1657 609 1689 Glossa
624 1657 656 1686 *ε
689 1655 785 1692 Quod
805 1655 939 1697 faceret
962 1655 991 1685 si
1018 1654 1104 1684 dicta
1126 1663 1187 1684 sua
1216 1663 1281 1684 non
1306 1654 1460 1695 impleret.

396 1703 459 1734 Sed
480 1703 549 1743 ipse
572 1701 657 1737 dicit,
678 1700 774 1730 Deut.
798 1710 858 1729 xxv
874 1700 906 1729 ἢ
931 1699 1114 1730 Secundum
1137 1708 1322 1730 mensuram
1355 1699 1463 1729 delicti

396 1748 459 1778 erit
480 1752 511 1777 et
527 1747 707 1787 plagarum
730 1744 853 1775 modus.
878 1744 964 1784 Ergo
988 1753 1055 1774 non
1078 1748 1185 1783 potest
1201 1743 1322 1783 aliquid
1345 1744 1462 1774 remitti

397 1792 436 1823 de
451 1801 558 1832 poena
569 1789 790 1821 satisfactionis
806 1794 909 1819 taxata
924 1788 1103 1819 secundum
1116 1788 1325 1828 quantitatem
1337 1788 1461 1828 culpae.

453 1846 482 1866 2.
506 1836 702 1870 PRAETERRA,
726 1832 856 1864 inferior
878 1842 946 1863 non
969 1838 1075 1872 potest
1105 1833 1268 1863 absolvere
1296 1833 1335 1862 ab
1359 1842 1399 1863 eo
1423 1832 1463 1863 ad

398 1880 488 1922 quod
510 1880 655 1920 superior
678 1878 838 1918 obligavit.
867 1877 930 1908 Sed
953 1877 1060 1913 Deus,
1087 1877 1284 1907 absolvendo
1308 1887 1326 1907 a
1349 1877 1461 1918 culpa,

397 1926 516 1965 obligat
539 1924 579 1954 ad
602 1932 741 1963 poenam
765 1922 992 1962 temporalem:
1017 1927 1053 1952 ut
1076 1921 1152 1952 dicit
1167 1922 1266 1962 Hugo
1290 1921 1329 1952 de
1345 1922 1463 1953 Sancto

396 1971 526 2001 Victore
541 1970 568 1999 “‘.
592 1969 678 2008 Ergo
695 1967 802 1997 nullus
826 1967 926 1996 homo
943 1971 1050 2006 potest
1073 1966 1236 1997 absolvere
1256 1976 1274 1996 a
1289 1976 1395 2006 poena
1411 1967 1464 1997 illa

397 2013 517 2054 aliquid
540 2011 741 2043 dimittendo.

452 2058 482 2089 3.
507 2057 703 2092 PRAETEREA,
724 2056 787 2086 hoc
811 2054 851 2085 ad
874 2060 1065 2095 potestatem
1094 2055 1298 2085 excellentiae
1328 2056 1465 2095 pertinet

395 2108 431 2133 ut
454 2103 522 2132 sine
545 2100 748 2131 sacramentis
771 2099 903 2130 effectus
926 2105 1198 2130 sacramentorum
1221 2099 1370 2130 tradatur.
1402 2099 1464 2130 Sed

396 2147 503 2177 nullus
526 2146 621 2176 habet
649 2149 841 2185 potestatem
873 2143 1076 2174 excellentiae
1107 2144 1140 2174 in
1170 2145 1374 2174 sacramentis
1403 2144 1464 2174 nisi

397 2191 551 2222 Christus.
577 2190 663 2220 Cum
679 2198 754 2229 ergo
779 2187 950 2218 satisfactio
966 2188 1005 2218 sit
1021 2198 1092 2228 pars
1113 2189 1310 2225 sacramenti,
1328 2198 1464 2229 operans

396 2235 435 2266 ad
452 2235 669 2266 dimissionem
693 2243 818 2273 poenae
836 2232 970 2269 debitae,
986 2232 1112 2263 videtur
1128 2233 1218 2273 quod
1239 2233 1346 2263 nullus
1363 2234 1463 2264 homo

395 2289 495 2320 purus
518 2280 618 2319 possit
642 2278 799 2309 dimittere
823 2277 966 2308 debitum
990 2287 1115 2317 poenae
1143 2278 1211 2308 sine
1239 2277 1463 2308 satisfactione.

451 2334 482 2364 4.
507 2324 702 2358 PRAETEREA,
720 2327 859 2362 potestas
883 2322 1033 2352 ministris
1057 2322 1219 2352 Ecclesiae
1243 2332 1310 2353 non
1334 2328 1381 2353 est
1404 2328 1464 2353 tra-

397 2369 460 2399 dita
477 2369 508 2399 in
534 2368 791 2403 destructionem,
808 2366 864 2397 sed
883 2366 914 2396 in
937 2366 1193 2407 aedificationem
1210 2368 1236 2397 ⁴⁶.
1261 2366 1324 2398 Sed
1347 2368 1409 2398 hoc
1426 2367 1465 2397 ad

397 2413 647 2444 destructionem
666 2413 811 2452 pertinet,
829 2412 854 2441 si
870 2411 1051 2448 satisfactio,
1068 2421 1151 2451 quae
1172 2418 1218 2442 est
1241 2411 1281 2442 ad
1297 2412 1465 2443 utilitatem

397 2464 556 2494 nostram,
581 2458 773 2497 inquantum
797 2455 975 2486 remedium
998 2457 1145 2496 praebet,
1170 2456 1343 2487 tolleretur.
1379 2457 1464 2497 Ergo

397 2508 537 2543 potestas
567 2502 784 2532 ministrorum
817 2500 978 2531 Ecclesiae
1002 2500 1042 2531 ad
1065 2501 1128 2531 hoc
1155 2510 1188 2532 se
1218 2510 1286 2532 non
1315 2501 1465 2532 extendit.

454 2547 516 2578 San
540 2556 672 2582 CONTRA,
694 2546 720 2576 Il
739 2545 814 2576 Cor.
832 2555 854 2575 11
870 2546 904 2575 ἢ
930 2545 1015 2575 Nam
1039 2550 1070 2576 et
1091 2555 1154 2586 ego
1177 2546 1265 2586 quod
1287 2545 1417 2581 donavi,
1437 2547 1467 2577 si

398 2591 484 2632 quid,
496 2596 633 2632 propter
648 2600 704 2621 vos
726 2590 846 2621 donavi
870 2590 901 2620 in
916 2599 1060 2630 persona
1080 2590 1220 2621 Christi:
1245 2590 1359 2621 Glossa
1375 2592 1401 2627 *,
1419 2591 1466 2621 id-

399 2641 454 2672 est,
479 2645 518 2666 ac
540 2636 568 2666 si
594 2635 739 2665 Christus
755 2635 915 2665 donasset.
940 2634 1002 2666 Sed
1019 2634 1163 2665 Christus
1187 2640 1312 2676 poterat
1328 2635 1465 2666 relaxare

400 2681 520 2720 absque
543 2680 632 2710 omni
656 2678 867 2710 satisfactione
891 2688 1032 2719 poenam
1055 2680 1194 2719 peccati:
1219 2685 1255 2710 ut
1275 2685 1362 2720 patet
1377 2680 1464 2710 Ioan.

400 2735 454 2755 vm
470 2726 486 2741 ’ἒ
510 2724 549 2755 de
572 2724 706 2755 muliere
734 2723 884 2754 adultera.
918 2724 1003 2764 Ergo
1028 2730 1060 2754 et
1082 2724 1200 2755 Paulus
1230 2725 1346 2764 potuit.
1379 2725 1464 2765 Ergo

401 2775 432 2800 et
454 2769 549 2809 Papa,
567 2769 622 2809 qui
645 2778 712 2799 non
737 2774 782 2798 est
805 2768 938 2798 minoris
962 2770 1126 2809 potestatis
1145 2770 1178 2799 in
1202 2769 1344 2800 Ecclesia
1368 2779 1466 2810 quam

399 2814 517 2844 Paulus
541 2813 644 2844 fuerit.

457 2868 485 2888 2.
503 2859 697 2893 pamniam,
714 2857 856 2888 Ecclesia
871 2858 1026 2897 generalis
1041 2867 1108 2888 non
1125 2863 1230 2899 potest
1247 2867 1364 2888 errare:
1390 2859 1466 2898 quia

400 2903 453 2934 ille
485 2903 541 2943 qui
564 2902 596 2932 in
622 2902 767 2932 omnibus
797 2902 969 2932 exauditus
992 2907 1036 2932 est
1054 2912 1120 2942 pro
1151 2912 1212 2933 sua
1241 2903 1422 2933 reverentia
1438 2903 1464 2939 ὓ,
1479 2911 1506 2931 ⁶0

402 2947 478 2977 dixit
501 2947 605 2982 Petro,
623 2956 717 2986 super
733 2947 824 2977 cuius
844 2946 1047 2977 confessione
1064 2947 1206 2978 Ecclesia
1222 2946 1353 2978 fundata
1369 2952 1415 2978 est
1430 2948 1463 2978 *:

401 2991 475 3033 Ego
494 3001 558 3032 pro
583 2996 613 3021 te
636 2990 762 3032 rogavi,
787 2991 889 3026 Petre‚
908 2996 1026 3022 utnon
1050 2991 1179 3032 deficiat
1190 2991 1278 3033 fides
1302 2997 1368 3027 tua,
1385 2991 1464 3022 Luc.

402 3045 465 3065 xxn
477 3037 503 3066 ᾖ.
521 3035 582 3066 Sed
598 3035 740 3066 Ecclesia
755 3035 908 3075 generalis
924 3035 1137 3075 indulgentias
1160 3037 1316 3077 approbat
1335 3041 1366 3066 et
1382 3035 1464 3067 facit.

403 3080 487 3120 Ergo
511 3079 726 3119 indulgentiae
749 3079 869 3120 aliquid
892 3080 1006 3110 valent.

458 3125 646 3154 Rasponnno
670 3134 830 3154 memnon
853 3124 942 3164 quod
966 3125 1003 3155 ab
1029 3125 1180 3155 omnibus
1208 3125 1396 3156 conceditur
1418 3125 1466 3155 in-
1481 3132 1505 3158 ες

405 3167 580 3208 dulgentias
603 3168 723 3208 aliquid
746 3169 864 3199 valere:
890 3170 966 3209 quia
988 3170 1125 3209 impium
1146 3175 1227 3200 esset
1250 3169 1354 3200 dicere
1378 3169 1467 3210 quod

405 3212 547 3242 Ecclesia
567 3212 686 3252 aliquid
708 3222 827 3243 vanum
850 3212 975 3244 faceret.
1007 3214 1070 3244 Sed
1089 3213 1220 3254 quidam
1245 3214 1355 3245 dicunt
1378 3213 1468 3254 quod

405 3265 472 3286 non
495 3257 599 3287 valent
623 3256 662 3287 ad
685 3257 915 3288 absolvendum
931 3268 949 3287 a
971 3263 1060 3288 reatu
1084 3268 1208 3298 poenae
1226 3268 1323 3299 quam
1347 3259 1419 3299 quis
1434 3259 1467 3289 in

406 3301 589 3340 purgatorio
614 3301 791 3331 secundum
806 3301 962 3332 iudicium
986 3302 1047 3333 Dei
1062 3308 1212 3339 meretur,
1229 3303 1284 3334 sed
1307 3303 1413 3334 valent
1429 3302 1468 3333 ad

407 3344 636 3374 absolvendum
660 3346 698 3375 ab
715 3345 909 3385 obligatione
933 3355 996 3386 qua
1012 3347 1158 3377 sacerdos
1182 3347 1333 3388 obligavit
1354 3348 1468 3387 poeni·
1482 3359 1509 3380 7⁰

406 3393 527 3418 tentem
551 3388 590 3418 ad
613 3398 751 3428 poenam
776 3390 924 3429 aliquam,
940 3391 991 3420 vel
1010 3390 1049 3421 ad
1073 3401 1170 3431 quam
1194 3392 1289 3422 etiarn
1305 3391 1470 3422 ordinatur

409 3441 446 3461 ex
470 3441 630 3462 canonum
653 3433 785 3463 statutis.

464 3475 527 3506 Sed
549 3477 627 3506 haec
650 3477 762 3516 opinio
778 3487 844 3507 non
868 3477 991 3508 videtur
1006 3488 1088 3509 vera.
1113 3479 1231 3515 Primo,
1249 3481 1324 3520 quia
1347 3485 1393 3510 est
1416 3490 1469 3510 ex-

408 3529 515 3559 presse
539 3526 648 3550 contra
670 3520 871 3560 privilegium
894 3522 987 3552 Petro
1011 3522 1130 3558 datum,
1157 3530 1191 3554 ut
1214 3525 1300 3565 quod
1323 3525 1355 3555 in
1380 3529 1469 3555 terra

1063 200 1326 250 QUAESTIO
1357 199 1475 245 XXV,
1502 198 1794 235 ARTICULUS
1822 199 1847 244 Ι,
1868 199 1898 234 11

1507 283 1664 318 quantum
1687 277 1727 307 ad
1750 276 1857 307 forum
1874 275 2046 311 Ecclesiae,
2062 275 2146 305 valet
2169 275 2265 304 etiarn
2281 280 2438 314 quantum
2461 273 2501 304 ad
2524 273 2573 303 fo-

1507 332 1579 353 rum
1602 322 1672 351 Dei.
1689 339 1711 343 —
1735 321 1775 351 Et
1798 326 1969 360 praeterea,
1986 319 2138 355 Ecclesia,
2155 318 2340 349 huiusmodi
2361 318 2574 359 indulgentias

1507 367 1635 402 faciens,
1652 366 1752 405 magis
1775 363 1992 395 damnificaret
2016 373 2114 403 quarn
2132 362 2310 394 adiuvaret:
2336 363 2411 403 quia
2434 363 2574 393 remitte-

1507 417 1554 441 ret
1577 410 1615 440 ad
1638 411 1797 450 graviores
1820 418 1952 449 poenas,
1979 408 2100 438 scilicet
2126 407 2312 447 purgatorii,
2335 406 2532 437 absolvendo
2556 416 2575 436 a

1507 455 1712 496 poenitentiis
1735 453 1896 484 iniunctis.

1563 499 1603 529 Et
1626 498 1699 529 ideo
1723 498 1812 528 aliter
1835 496 2007 528 dicendum
2032 501 2094 532 est,
2121 495 2212 536 quod
2233 495 2350 531 valent,
2368 500 2399 525 et
2418 500 2575 535 quantum

1508 543 1548 574 ad
1571 543 1679 573 forum
1702 543 1863 573 Ecclesiae
1889 547 1920 572 et
1943 546 2101 581 quantum
2124 540 2164 570 ad
2186 539 2343 570 iudicium
2366 539 2440 576 Dei,
2465 538 2504 569 ad
2527 549 2575 569 re—

1508 589 1695 622 missionem
1718 596 1843 627 poenae
1866 585 2010 616 residuae
2033 590 2107 625 post
2135 584 2363 615 contritionem
2387 589 2418 614 et
2449 583 2576 614 absolu-

1509 634 1632 663 tionem
1656 638 1687 662 et
1710 631 1958 666 confessionem,
1975 631 2041 660 sive
2064 630 2104 660 sit
2126 629 2270 659 iniuncta
2293 629 2358 659 sive
2381 637 2459 658 non.
2482 626 2576 658 Ratio

1509 683 1616 707 autern
1641 686 1738 717 quare
1761 676 1864 706 valere
1888 680 2033 716 possunt,
2058 679 2104 704 est
2134 674 2239 703 unitas
2263 672 2406 713 corporis
2429 672 2576 713 mystici:

1509 723 1542 752 in
1567 731 1631 761 qua
1657 721 1749 751 multi
1777 721 1810 750 in
1843 720 1993 760 operibus
2023 718 2240 759 poenitentiae
2270 721 2579 757 supererogaverunt

1510 766 1550 797 ad
1572 775 1755 796 mensuram
1779 765 1961 795 debitorum
1984 773 2135 799 suorum,
2161 768 2192 793 et
2214 762 2330 792 multas
2354 761 2450 792 etiam
2479 760 2578 791 tribu-

1510 811 1645 841 lationes
1668 811 1798 840 iniustas
1814 809 2033 839 sustinuerunt
2048 808 2213 848 patienter,
2230 816 2287 847 per
2310 815 2389 847 quas
2404 804 2578 836 multitudo

1510 865 1689 895 poenarum
1713 859 1838 894 poterat
1861 853 1990 894 expiari,
2013 854 2039 883 si
2063 853 2107 883 eis
2131 851 2315 887 deberetur;
2347 859 2488 891 quorum
2511 858 2579 880 me-

1510 901 1644 930 ritorum
1657 905 1742 929 tanta
1759 904 1805 929 est
1821 899 1914 938 copia
1931 897 2019 938 quod
2036 906 2167 927 omnem
2183 904 2324 936 poenam
2341 894 2480 926 debitam
2492 903 2580 924 nunc

1511 945 1690 974 viventibus
1714 943 1881 973 excedunt.
1906 942 1947 973 Et
1970 942 2142 982 praecipue
2165 946 2296 981 propter
2311 940 2463 970 meritum
2487 938 2580 969 Chri-

1511 989 1565 1018 sti:
1592 988 1681 1028 quod
1699 988 1756 1018 etsi
1772 988 1805 1017 in
1827 987 2030 1017 sacramentis
2047 991 2206 1026 operatur,
2222 994 2291 1015 non
2309 990 2417 1014 tamen
2441 983 2581 1014 efficacia

1511 1033 1579 1062 eius
1602 1033 1635 1062 in
1660 1032 1863 1062 sacramentis
1893 1030 2084 1067 includitur,
2112 1029 2168 1060 sed
2191 1039 2248 1060 sua
2270 1028 2426 1059 infinitate
2457 1027 2581 1059 excedit

1511 1076 1685 1106 efficaciam
1708 1081 1990 1106 sacramentorum.

1567 1120 1698 1150 Dictum
1723 1125 1769 1150 est
1792 1125 1900 1149 autem
1924 1128 2019 1158 supra
2039 1120 2055 1135 ⁴*
2073 1118 2162 1158 quod
2184 1127 2268 1148 unus
2292 1127 2351 1158 pro
2375 1117 2438 1148 alio
2462 1116 2582 1147 satisfa-

1512 1173 1583 1194 cere
1606 1169 1722 1203 potest.
1746 1163 1853 1194 Sancti
1869 1168 1987 1199 autem,
2003 1163 2037 1193 in
2060 1163 2177 1202 quibus
2195 1161 2485 1202 superabundantia
2504 1171 2582 1202 ope-

1511 1218 1583 1238 rum
1607 1207 1828 1238 satisfactionis
1850 1207 2020 1242 invenitur,
2037 1216 2106 1236 non
2129 1206 2336 1237 determinate
2357 1215 2417 1246 pro
2440 1206 2502 1236 isto
2526 1206 2583 1245 qui

1512 1252 1699 1282 remissione
1723 1251 1853 1291 indiget,
1870 1250 2058 1281 huiusmodi
2073 1259 2172 1290 opera
2195 1249 2350 1286 fecerunt,
2366 1250 2442 1280 alias
2462 1250 2584 1289 absque

1513 1297 1604 1327 omni
1629 1296 1828 1335 indulgentia
1851 1300 2126 1335 consequerentur
2147 1294 2389 1324 remissionem:
2414 1293 2471 1324 sed
2493 1303 2584 1324 com-

1473 1354 1483 1367 2
1513 1341 1653 1372 muniter
1676 1350 1735 1381 pro
1759 1345 1826 1370 tota
1850 1339 2003 1375 Ecclesia,
2020 1339 2102 1369 sicut
2129 1338 2306 1378 Apostolus
2330 1338 2373 1368 ait
2395 1347 2429 1368 se
2453 1337 2585 1378 implere

1514 1396 1552 1416 ea
1575 1395 1658 1426 quae
1674 1385 1789 1415 desunt
1798 1384 1989 1425 passionum
2016 1383 2137 1413 Christi
2153 1383 2185 1413 in
2210 1391 2348 1423 corpore
2370 1391 2430 1412 suo
2440 1391 2506 1423 pro
2521 1381 2585 1413 Ec-

1515 1431 1622 1466 clesia,
1639 1429 1679 1460 ad
1703 1437 1801 1470 quam
1817 1429 1933 1464 scribit,
1953 1428 2078 1459 Coloss.
2096 1438 2106 1457 1
2121 1429 2148 1458 ἦ
2173 1427 2214 1458 Et
2229 1428 2275 1458 sic
2298 1426 2458 1467 praedicta
2473 1427 2586 1457 merita

1516 1481 1590 1506 sunt
1614 1473 1800 1505 communia
1823 1473 1883 1504 toti
1907 1473 2078 1503 Ecclesiae.
2103 1472 2151 1502 Ea
2166 1477 2274 1502 autem
2294 1480 2378 1512 quae
2398 1477 2472 1502 sunt
2495 1480 2586 1502 com-

1515 1520 1627 1550 munia
1649 1517 1863 1549 multitudinis
1879 1518 2023 1553 alicuius,
2041 1516 2273 1547 distribuuntur
2295 1516 2427 1556 singulis
2446 1515 2486 1547 de
2501 1515 2586 1547 mul-

1515 1564 1651 1595 titudine
1675 1562 1854 1594 secundum
1878 1562 2042 1592 arbitrium
2066 1562 2134 1592 eius
2158 1561 2215 1601 qui
2230 1560 2428 1592 multitudini
2450 1565 2584 1601 praeest.

1516 1609 1621 1645 Unde,
1638 1609 1720 1639 sicut
1743 1608 1857 1648 aliquis
1881 1611 2133 1646 consequeretur
2161 1606 2383 1636 remissionem
2410 1614 2536 1646 poenae
2559 1605 2586 1635 vsi

1517 1654 1597 1684 alius
1620 1663 1679 1694 pro
1704 1662 1744 1683 eo
1768 1651 1978 1697 satisfecisset,
1995 1652 2038 1681 ita
2060 1651 2086 1681 si
2110 1649 2280 1681 satisfactio
2297 1650 2424 1692 alterius
2447 1650 2506 1680 sibi
2529 1658 2587 1690 per

1517 1708 1593 1729 eum
1617 1698 1673 1738 qui
1695 1702 1803 1738 potest
1826 1696 2038 1727 distribuatur.

1574 1743 1625 1773 An
1649 1751 1766 1773 Panum
1789 1750 1872 1772 eaeo
1895 1750 2056 1770 monimum
2072 1739 2162 1780 quod
2185 1739 2330 1770 remissio
2351 1748 2435 1779 quae
2459 1748 2516 1779 per
2537 1739 2587 1769 in-

1517 1788 1696 1828 dulgentias
1719 1786 1764 1822 fit,
1785 1795 1853 1816 non
1876 1785 1960 1816 tollit
1982 1785 2193 1825 quantitatem
2220 1781 2346 1824 poenae
2369 1783 2410 1814 ad
2437 1783 2585 1824 culpam:

1517 1833 1594 1873 quia
1616 1841 1675 1872 pro
1699 1831 1794 1871 culpa
1816 1830 1912 1860 unius
1935 1829 2015 1860 alius
2038 1836 2155 1869 sponte
2177 1837 2319 1869 poenam
2342 1828 2501 1859 sustinuit.

1571 1877 1623 1907 An
1647 1885 1810 1906 seem-mum
1832 1884 1992 1904 mensuum
2022 1873 2112 1914 quod
2135 1874 2194 1904 iste
2218 1873 2274 1913 qui
2297 1871 2510 1913 indulgentias
2533 1881 2587 1902 su-

1518 1922 1620 1961 scipit,
1637 1930 1705 1951 non
1729 1919 1918 1955 absolvitur,
1929 1918 2114 1958 simpliciter
2137 1917 2313 1958 loquendo,
2335 1927 2353 1947 a
2375 1915 2484 1947 debito
2507 1926 2587 1957 poe·

1517 1975 1596 1996 nae:
1621 1964 1677 1995 sed
1700 1964 1791 1995 datur
1814 1964 1873 1994 sibi
1896 1962 1982 1994 unde
2006 1962 2151 1993 debitum
2174 1962 2285 1992 solvat.

1573 2010 1624 2040 An
1648 2018 1783 2039 Tnarmu
1806 2017 1965 2038 memnon
1985 2007 2075 2047 quod
2090 2006 2222 2037 effectus
2245 2005 2479 2036 sacramentalis
2493 2005 2588 2037 abso-

1519 2054 1651 2084 lutionis
1667 2058 1714 2083 est
1737 2052 1908 2083 diminutio
1925 2057 2039 2082 reatus.
2063 2051 2105 2082 Et
2127 2051 2179 2081 hic
2196 2049 2327 2081 effectus
2341 2059 2409 2081 non
2425 2049 2588 2081 inducitur

1518 2108 1576 2139 per
1597 2097 1828 2137 indulgentias:
1861 2095 1916 2127 sed
1945 2105 2006 2136 pro
2037 2105 2077 2126 eo
2101 2094 2220 2126 faciens
2251 2094 2465 2134 indulgentias
2495 2094 2589 2125 solvit

1519 2152 1659 2183 poenam
1684 2151 1782 2182 quarn
1806 2140 1926 2177 debuit,
1943 2140 1982 2170 de
2002 2140 2096 2170 bonis
2119 2139 2282 2170 Ecclesiae
2297 2139 2536 2175 communibus,
2551 2143 2591 2170 ut
2625 2154 2629 2156 -

1520 2197 1557 2218 ex
1582 2187 1672 2218 dictis
1688 2187 1705 2203 ⁴*
1728 2191 1824 2226 patet.

1574 2232 1626 2262 An
1651 2240 1799 2261 omarum
1815 2239 1975 2260 memnon
1998 2228 2089 2269 quod
2103 2229 2207 2259 maius
2222 2227 2401 2260 remedium
2420 2228 2590 2268 praebetur

1520 2281 1632 2307 contra
1654 2280 1785 2316 peccata
1807 2274 1935 2306 vitanda
1951 2284 1993 2305 ex.
2012 2274 2110 2314 gratia
2134 2282 2232 2313 quam
2256 2282 2295 2303 ex
2310 2271 2514 2304 assuetudine
2529 2281 2590 2303 no-

1519 2326 1658 2351 strorum
1682 2329 1829 2360 operum.
1862 2319 1903 2349 Et
1926 2319 2001 2359 quia
2026 2328 2064 2348 ex
2087 2317 2203 2348 affectu
2224 2326 2325 2357 quem
2357 2317 2517 2357 accipiens
2539 2317 2594 2354 in·-

1520 2365 1698 2406 dulgentias
1722 2364 1864 2404 concipit
1887 2363 1927 2394 ad
1950 2372 2079 2394 causam
2101 2372 2162 2402 pro
2185 2371 2250 2402 qua
2266 2361 2464 2402 indulgentia
2487 2361 2588 2398 datur,

1520 2410 1560 2441 ad
1582 2410 1714 2450 gratiam
1738 2409 1933 2449 disponitur;
1957 2407 2032 2438 ideo
2057 2407 2152 2438 etiam
2176 2416 2234 2447 per
2251 2406 2465 2446 indulgentias
2486 2415 2590 2439 reme-

1520 2455 1611 2486 dium
1634 2454 1674 2485 ad
1689 2459 1820 2494 peccata
1842 2452 1970 2483 vitanda
1985 2451 2086 2482 datur.
2111 2452 2152 2482 Et
2174 2450 2248 2482 ideo
2264 2461 2332 2482 non
2356 2457 2403 2482 est
2418 2451 2451 2481 in
2467 2450 2590 2482 destru-

1521 2500 1663 2530 ctionem
1686 2498 1898 2538 indulgentias
1922 2497 2006 2533 dare,
2022 2497 2083 2527 nisi
2105 2495 2286 2526 inordinate
2309 2495 2433 2528 dentur.

1577 2544 1703 2574 Tamen
1715 2541 1950 2573 consulendum
1964 2547 2011 2572 est
2023 2541 2067 2572 eis
2084 2541 2140 2581 qui
2152 2539 2365 2580 indulgentias
2381 2549 2590 2580 consequun-

1521 2594 1581 2625 tur,
1598 2598 1639 2619 ne
1663 2593 1794 2628 propter
1810 2588 1872 2618 hoc
1888 2587 1927 2617 ab
1943 2586 2095 2626 operibus
2118 2585 2334 2625 poenitentiae
2352 2585 2504 2615 iniunctis
2519 2584 2590 2614 abs-

1520 2634 1657 2664 tineant:
1687 2637 1724 2663 ut
1748 2632 1844 2662 etiam
1867 2640 1905 2662 ex
1928 2631 1977 2661 his
2000 2630 2180 2661 remedium
2203 2634 2451 2670 consequantur,
2476 2637 2590 2669 quam-

1520 2679 1567 2708 vis
1591 2688 1608 2708 a
1632 2677 1740 2708 debito
1764 2685 1889 2716 poenae
1922 2681 2026 2706 essent
2055 2675 2233 2710 immunes;
2265 2679 2296 2704 et
2319 2674 2491 2716 praecipue
2514 2673 2590 2714 quia

1524 2722 1720 2763 quandoque
1744 2727 1818 2752 sunt
1840 2721 1982 2761 plurium
2006 2719 2164 2750 debitores
2188 2728 2286 2759 quam
2310 2718 2448 2749 credant.

1631 2794 1730 2824 ART.
1748 2793 1784 2824 Il.
1810 2802 1915 2823 UTRUM
1937 2801 2169 2822 mnunonnrmn
2187 2800 2329 2821 VALEANT
2353 2799 2478 2821 TANTUM

1839 2832 1988 2868 QuAN'rUM
2012 2845 2272 2867 PRONUNTIANTUR

1883 2892 1966 2920 Quodl.
1982 2891 2012 2918 ll,
2028 2898 2066 2919 qu.
2083 2897 2133 2918 vm,
2147 2894 2188 2912 art.
2203 2896 2224 2913 2.

1585 2956 1604 2976 n
1633 2954 1795 2976 SECUNDUM
1825 2954 1871 2975 src
1901 2953 2105 2974 moen-mma.
2136 2942 2271 2973 Videtur
2302 2940 2392 2982 quod
2421 2940 2590 2981 indulgen-

1522 2958 1646 3020 Atiae
1674 2999 1742 3020 non
1765 2988 1890 3019 valeant
1919 2994 2044 3018 tantum
2076 2993 2233 3027 quantum
2258 2986 2515 3026 pronuntiantur.
2538 2985 2590 3016 In-

1521 3035 1702 3075 dulgentiae
1727 3034 1812 3064 enim
1836 3042 1904 3063 non
1926 3033 2045 3063 habent
2069 3031 2219 3063 effectum
2241 3031 2302 3062 nisi
2325 3039 2363 3060 ex
2387 3030 2417 3060 vi
2440 3029 2589 3060 clavium.

1521 3079 1584 3111 Sed
1608 3088 1646 3110 ex
1669 3079 1701 3109 vi
1725 3078 1863 3109 clavium
1878 3087 1945 3108 non
1969 3082 2076 3117 potest
2090 3076 2211 3107 habens
2234 3075 2358 3106 clavem
2375 3073 2534 3107 dimittere
2549 3073 2590 3104 de

1521 3133 1628 3165 poena
1643 3123 1765 3163 peccati
1781 3123 1842 3153 nisi
1865 3121 1986 3162 aliquid
2001 3121 2258 3156 determinatum,
2274 3117 2472 3150 considerata
2488 3127 2590 3158 quan-

1521 3170 1610 3199 titate
1633 3167 1756 3208 peccati
1772 3172 1803 3198 et
1819 3166 2020 3197 contritionis
2042 3165 2246 3205 poenitentis.
2272 3163 2368 3203 Ergo,
2385 3172 2462 3194 cum
2484 3162 2590 3194 indul-

1522 3213 1647 3254 gentiae
1673 3211 1751 3243 fiant
1774 3221 1832 3252 pro
1856 3211 1947 3242 libito
1977 3209 2170 3241 instituentis
2199 3207 2442 3248 indulgentiam,
2465 3206 2591 3239 videtur

1523 3257 1613 3298 quod
1636 3266 1703 3287 non
1727 3256 1851 3287 valeant
1874 3260 1998 3286 tantum
2022 3258 2178 3294 quantum
2197 3252 2456 3293 pronuntiantur.

1579 3311 1608 3332 2.
1634 3301 1830 3336 Pana-ream,
1846 3309 1903 3340 per
1919 3299 2063 3330 debitum
2077 3306 2203 3338 poenae
2226 3297 2327 3327 homo
2344 3306 2363 3327 a
2380 3296 2500 3337 gloriae
2516 3295 2590 3327 ade-
2627 3299 2631 3304 '

1523 3347 1635 3387 ptione
1658 3343 1841 3380 retardatur,
1858 3353 1956 3384 quam
1971 3351 2098 3374 summe
2120 3347 2270 3382 appetere
2286 3341 2389 3372 debet.
2414 3340 2477 3372 Sed
2500 3341 2526 3371 si
2540 3341 2590 3371 in-

1523 3390 1704 3431 dulgentiae
1728 3394 1853 3420 tantum
1868 3388 1975 3418 valent
1997 3391 2155 3427 quantum
2171 3386 2429 3426 pronuntiantur,
2445 3386 2479 3416 in
2502 3384 2591 3416 brevi

1523 3436 1634 3470 homo,
1651 3444 1708 3474 per
1731 3433 1944 3473 indulgentias
1975 3431 2163 3467 discurrens,
2187 3435 2295 3470 posset
2325 3430 2363 3460 ab
2388 3430 2479 3461 omni
2501 3434 2591 3460 reatu

1523 3479 1707 3519 temporalis
1730 3486 1855 3518 poenae
1878 3476 2031 3507 immunis
2050 3475 2148 3506 reddi.
2173 3475 2259 3515 Ergo
2275 3474 2399 3505 videtur
2423 3472 2512 3514 quod
2535 3472 2590 3503 de-

1523 3524 1612 3554 beret
1627 3523 1675 3553 his
1691 3520 1901 3562 acquirendis,
1915 3521 2066 3551 omnibus
2082 3519 2149 3550 aliis
2166 3519 2317 3560 operibus
2330 3518 2475 3554 dimissis,
2488 3518 2590 3549 homo

411 3563 592 3599 remitteret,
618 3564 649 3593 in
667 3565 755 3594 caelo
778 3565 992 3595 remitteretur
1008 3567 1034 3596 *.
1059 3567 1151 3597 Unde
1167 3569 1310 3599 remissio
1327 3578 1410 3609 quae
1433 3568 1468 3599 fit
1483 3566 1506 3599 7¹5
1524 3577 1645 3598 vacare.

2609 1122 2620 1133 ·
2631 1120 2790 1149 Qu.xru,nrt.
2800 1124 2827 1141 π.

2611 1428 2704 1452 ‘vem
2718 1434 2759 1456 ²⁴—

2615 2175 2795 2213 'hm
