2878 4088
112 343 123 353 ·
131 341 167 363 ef.
179 341 244 363 Brev.
255 340 322 363 Rom.

111 367 136 389 in
142 368 203 389 festo
211 374 231 389 s.
237 366 324 389 Caecil-

109 394 148 416 die
159 394 198 416 υ·
212 394 283 421 Nom,
294 394 323 416 ad

109 421 190 443 Matut.
206 421 258 442 lect.
273 427 304 443 vr.

107 1084 226 1109 ‘Boinoa
234 1085 272 1108 die
280 1085 321 1109 26⁸

103 1112 320 1168 efflat-‘2:31

1024 126 1288 174 QUAESTIO
1318 124 1451 171 XCVI,
1480 125 1774 164 ARTICULUS
1801 128 1867 164 VII

406 203 458 234 An
485 213 637 235 serrmun
660 215 820 236 mmmmm
849 205 954 246 quod,
978 207 1004 236 si
1027 206 1141 246 aliquis
1164 210 1296 246 propter
1318 204 1416 235 fidem

351 246 468 278 vulnus
490 249 626 279 mortale
658 250 793 290 accipiat
823 255 854 281 et
884 251 1081 290 supervivat,
1105 259 1174 280 non
1204 255 1251 280 est
1281 248 1416 279 dubium

351 291 442 331 quod
465 293 629 324 aureolam
651 299 807 325 meretur:
842 295 924 326 sicut
956 294 995 325 de
1025 295 1118 324 beata
1147 293 1287 324 Caecilia
1317 297 1414 332 patet,

350 344 434 375 quae
457 336 564 367 triduo
587 339 761 378 supervixit
776 339 811 375 *;
836 343 868 369 et
891 338 935 369 de
953 338 1062 369 multis
1084 338 1274 378 martyribus
1297 337 1353 377 qui
1381 337 1415 367 in

351 388 475 412 carcere
499 386 574 412 sunt
593 381 746 413 defuncti,
762 401 785 405 —
801 382 864 413 Sed
880 383 976 413 etiam
999 383 1026 413 si
1048 382 1165 413 vulnus
1187 391 1256 412 non
1279 381 1415 411 mortale

350 425 500 465 accipiat,
526 430 558 456 et
580 431 688 456 tamen
712 426 826 457 exinde
849 432 988 457 mortem
1011 427 1165 462 incurrat,
1190 425 1328 456 creditur
1358 434 1414 455 au-

348 469 471 500 reolam
486 471 616 500 mereri:
638 472 783 510 quamvis
799 471 931 511 quidam
943 470 1050 502 dicant
1066 470 1156 511 quod
1168 470 1331 501 aureolam
1346 478 1414 499 non

349 518 490 544 meretur
511 515 538 544 si
562 523 601 545 ex
622 515 746 546 incuria
768 515 819 546 vel
841 515 1034 555 negligentia
1056 515 1186 555 propria
1209 519 1347 544 mortem
1365 513 1414 543 in-

349 563 463 588 currat.
487 558 563 589 Non
587 559 674 590 enim
697 560 756 590 ista
778 559 972 599 negligentia
995 568 1070 590 eum
1101 558 1141 589 ad
1171 563 1310 588 mortem
1342 566 1413 597 per-

349 601 490 632 duxisset
511 603 572 633 nisi
595 604 842 644 praesupposito
866 603 998 634 vulnere
1022 602 1112 643 quod
1139 611 1198 642 pro
1229 601 1293 632 fide
1322 610 1413 631 acce-

348 651 442 685 ptum
466 652 528 677 est:
554 651 586 677 et
608 648 651 677 ita
673 648 790 678 vulnus
813 653 945 687 propter
969 646 1132 678 Christum
1155 650 1342 685 susceptum
1366 650 1413 675 est

349 690 379 720 ei
401 691 504 730 prima
528 691 656 722 occasio
679 692 802 722 mortis.
826 691 921 722 Unde
939 696 1071 732 propter
1087 691 1151 720 hoc
1166 689 1330 720 aureolam
1345 697 1412 718 non

348 733 474 765 videtur
496 735 657 766 amittere:
687 736 749 766 nisi
777 735 817 765 sit
847 735 918 765 talis
947 734 1140 774 negligentia
1170 742 1253 773 quae
1284 732 1412 772 culpam

349 778 519 810 mortalem
540 779 681 815 inducat,
698 788 781 819 quae
797 780 827 810 ei
842 784 874 809 et
888 787 1018 809 auream
1037 777 1139 808 aufert
1155 782 1186 808 et
1201 776 1374 808 aureolam.
1390 794 1414 798 -

348 822 382 853 Si
405 832 482 853 vero
505 832 544 853 ex
566 823 694 854 mortali
716 823 849 853 vulnere
872 827 1022 862 suscepto
1038 831 1107 853 non
1121 822 1286 857 moriatur,
1303 821 1412 860 aliquo

350 875 426 896 casu
449 867 674 907 contingente3
698 867 750 897 vel
773 867 870 897 etiam
892 866 1025 897 vulnera
1046 875 1115 896 non
1138 866 1284 896 mortalia
1306 874 1413 895 susce-

347 915 445 950 perat,
463 915 495 941 et
509 910 615 942 adhuc
630 920 790 941 carcerem
805 911 964 942 sustinens
980 911 1154 947 moriatur;
1179 909 1284 941 adhuc
1300 918 1413 940 aureo-

346 954 411 984 lam
441 959 591 985 meretur.
626 954 721 986 Unde
752 955 957 995 quorundam
985 961 1169 986 sanctorum
1201 954 1350 995 martyria
1380 954 1413 984 in

346 997 490 1029 Ecclesia
513 999 713 1030 celebrantur
736 1000 792 1039 qui
814 1000 848 1030 in
871 1009 996 1030 carcere
1019 1000 1145 1030 mortui'
1158 1005 1242 1035 sunt,
1255 998 1414 1039 aliquibus

349 1042 532 1074 vulneribus
562 1043 659 1084 longe
683 1049 756 1074 ante
779 1044 951 1085 suscepn's:
983 1045 1066 1075 sicut
1088 1049 1175 1084 patet
1198 1043 1238 1075 de
1262 1042 1414 1074 Marcello

345 1086 432 1127 Papa
447 1088 473 1117 *.

402 1130 690 1173 Qualitercumque
711 1133 808 1172 igitur
830 1132 959 1163 afflictio
989 1138 1121 1173 propter
1150 1131 1314 1163 Christum
1329 1131 1415 1161 illata

347 1184 450 1216 usque
473 1175 513 1207 ad
535 1182 675 1208 mortem
706 1178 928 1213 continuatur,
953 1177 1019 1207 sive
1041 1186 1129 1207 mors
1160 1176 1235 1207 inde
1262 1180 1414 1216 sequatur

346 1220 412 1251 sive
435 1229 513 1257 non,
538 1221 653 1262 aliquis
676 1226 794 1262 martyr
818 1221 953 1252 efficitur
976 1227 1008 1252 et
1028 1221 1191 1252 aureolam
1206 1225 1356 1251 meretur.
1380 1219 1414 1250 Si

328 1300 331 1301 ⁷
348 1266 740 1297 veronensconn'nuamr
760 1275 863 1306 usque
887 1265 926 1297 ad
946 1271 1096 1301 mortem,
1112 1275 1181 1296 non
1204 1270 1336 1305 propter
1350 1264 1414 1294 hoc

347 1308 463 1349 aliquis
492 1308 615 1340 dicetur
646 1315 783 1351 martyr:
818 1311 900 1341 sicut
923 1315 1010 1350 patet
1033 1310 1073 1340 de
1096 1309 1246 1340 Silvestro
1271 1308 1311 1339 de
1345 1317 1412 1348 quo

345 1363 414 1384 non
437 1353 626 1385 solemnizat
655 1355 798 1386 Ecclesia
823 1355 905 1385 sicut
928 1354 968 1385 de
991 1360 1147 1395 martyre,
1174 1354 1250 1394 quia
1276 1354 1309 1383 in
1333 1361 1413 1392 pace

346 1398 442 1428 vitam
466 1397 578 1434 finivit,
603 1399 749 1439 quamvis
772 1399 860 1439 prius
884 1399 1005 1439 aliquas
1029 1399 1193 1439 passiones
1217 1397 1410 1437 sustinuerit.

401 1442 452 1473 An
477 1452 624 1474 ocravuu
646 1453 807 1474 mCENDUM
830 1442 930 1483 quod,
948 1443 1030 1474 sicut
1052 1443 1263 1482 temperantia
1282 1450 1350 1471 non
1366 1446 1414 1471 est

347 1487 430 1518 circa
453 1486 680 1518 delectationes
704 1488 738 1518 in
760 1488 906 1527 pecuniis
929 1487 980 1518 vel
1003 1488 1037 1518 in
1060 1487 1238 1517 honoribus
1255 1491 1287 1517 et
1300 1485 1412 1516 huius—

345 1530 446 1567 modi,
470 1530 527 1562 sed
549 1531 656 1563 solum
678 1532 713 1562 in
736 1531 1001 1562 delectationibus
1023 1536 1146 1567 tactus,
1171 1531 1261 1571 quasi
1291 1530 1412 1570 praeci-

313 1595 319 1602 ·
346 1576 419 1616 puis
435 1576 468 1612 *;
493 1576 536 1606 ita
559 1576 655 1606 etiam
678 1575 834 1606 fortitudo
859 1581 906 1606 est
930 1576 1012 1606 circa
1034 1575 1176 1615 pericula
1199 1575 1310 1605 mortis
1330 1574 1412 1604 sicut

270 1647 278 1655 ,
313 1640 319 1646 -
347 1620 429 1650 circa
457 1620 647 1660 praecipua,
672 1625 708 1650 ut
740 1619 855 1650 dicitur
885 1620 919 1650 in
942 1619 983 1650 111
1007 1619 1111 1650 Ethic.
1128 1620 1145 1636 ἥ
1175 1619 1217 1650 Et
1246 1618 1320 1650 ideo
1351 1618 1411 1648 soli

263 1701 271 1714 ,
291 1671 319 1709 -ζ
345 1664 479 1694 iniuriae
503 1672 587 1704 quae
602 1663 759 1704 irrogatur
775 1664 858 1694 circa
877 1673 995 1704 corpus
1010 1664 1187 1704 proprium,
1205 1673 1243 1694 ex
1259 1672 1324 1703 qua
1338 1668 1412 1692 nata

2455 125 2530 173 237

1526 203 1589 235 Sed
1612 205 1664 235 alii
1688 204 1799 236 dicunt
1822 206 1911 246 quod
1934 206 2063 238 fuerunt
2086 212 2237 249 martyres
2261 212 2334 238 actu
2350 212 2484 242 tantum,
2501 210 2533 236 et

1470 257 1539 278 non
1567 248 1750 279 voluntate:
1782 250 1871 290 quod
1900 250 2025 281 videtur
2054 253 2169 282 sentire
2200 251 2398 287 Bernardus,
2422 250 2532 281 distin-

1469 301 1572 332 guens
1594 293 1653 323 tria
1675 302 1792 333 genera
1815 299 2000 334 martyrum,
2025 301 2060 326 ut
2083 295 2205 326 dictum
2229 301 2276 326 est
2290 297 2317 326 *.
2348 295 2389 326 Et
2419 304 2531 325 secun-

1471 335 1550 367 dum
1573 337 1637 367 hoc
1661 337 1862 373 Innocentes‚
1886 339 1968 368 sicut
1991 349 2057 369 non
2082 341 2266 380 pertingunt
2289 339 2328 370 ad
2358 338 2532 379 perfectam

1437 391 1447 412 5
1470 381 1628 411 rationem
1658 382 1818 422 martyrii,
1843 381 1899 412 sed
1929 382 2048 422 aliquid
2078 385 2218 424 martyrii
2249 384 2366 414 habent
2399 393 2437 413 ex
2468 383 2531 413 hoc

1471 424 1560 464 quod
1583 426 1667 465 passi
1689 431 1764 456 sunt
1790 435 1850 466 pro
1882 425 2027 462 Christo;
2058 427 2100 456 ita
2131 428 2226 457 etiam
2257 427 2420 458 aureolam
2433 450 2440 462 ,
2464 436 2531 457 non

1470 468 1603 508 quidem
1626 469 1806 500 seeundum
1829 469 2004 510 perfectam
2027 471 2194 506 rationem,
2211 471 2267 502 sed
2282 471 2460 502 secundum
2477 470 2532 501 ali-

1470 521 1568 552 quam
1591 515 1886 554 participationem,
1910 515 2103 554 inquantum
2132 515 2250 545 scilicet
2280 515 2420 555 gaudent
2442 524 2476 545 se
2498 515 2532 544 in

1469 557 1664 597 obsequium
1687 558 1805 589 Christi
1829 559 1954 589 occisos
1970 568 2054 594 esse;
2079 564 2114 588 ut
2131 558 2252 589 dictum
2268 565 2315 590 est
2329 560 2346 576 ⁴*
2370 559 2409 589 de
2425 559 2532 599 pueris

1429 611 1454 626 ιο
1468 601 1634 640 baptizatis
1657 602 1747 642 quod
1770 602 1934 634 habebunt
1957 602 2089 642 aliquod
2111 602 2264 642 gaudium
2288 603 2328 634 de
2348 603 2532 634 innocentia

1469 650 1500 675 et
1524 646 1626 675 carnis
1649 646 1838 686 integritate.

1556 720 1655 751 ART.
1675 721 1743 751 VII.
1768 731 1873 752 uranu
1895 731 2090 752 nom-omaus
2114 731 2258 752 Ammona
2282 731 2444 751 usnemun

1907 771 1969 793 Infra
1979 788 1984 796 ‚
2000 775 2041 793 art.
2059 779 2091 794 ιι.

1442 830 1451 850 ς
1469 830 1554 894 An
1582 831 1734 852 snm-mun
1757 832 1803 852 εις
1830 832 2034 853 PROCEmTUR.
2063 822 2197 853 Videtur
2225 821 2315 863 quod
2347 821 2532 853 doctoribus

1533 866 1662 896 aureola
1691 876 1758 897 non
1786 866 1947 898 debeatur.
1980 866 2086 897 Omne
2115 867 2202 897 enim
2231 867 2410 907 praemium
2443 865 2533 906 quod

1468 909 1502 939 in
1525 909 1634 941 futuro
1658 911 1835 948 habebitur,
1865 911 1959 942 alicui
1989 912 2075 942 actui
2101 911 2225 942 virtutis
2255 910 2438 951 respondet.
2469 909 2532 941 Sed

1467 954 1650 995 praedicare
1666 955 1716 986 vel
1733 954 1849 986 docere
1865 965 1932 986 non
1949 961 1995 986 est
2019 961 2107 986 actus
2130 955 2264 986 alicuius
2287 955 2420 986 virtutis.
2445 955 2530 995 Ergo

1469 998 1633 1030 doctrinae
1655 999 1706 1030 vel
1728 999 1958 1039 praedicationi
1981 1009 2049 1030 non
2072 1000 2205 1030 debetur
2228 999 2367 1030 aureola.

1526 1052 1555 1073 2.
1572 1043 1768 1080 Prummu,
1786 1043 1902 1075 docere
1918 1049 1950 1075 et
1965 1044 2146 1085 praedicare
2163 1054 2201 1075 ex
2217 1043 2361 1075 doctrina
2377 1048 2408 1074 et
2423 1042 2530 1074 studio

1468 1088 1673 1127 proveniunt.
1698 1087 1761 1119 Sed
1784 1098 1822 1119 ea
1845 1098 1928 1129 quae
1950 1090 2165 1129 praemiantur
2187 1090 2221 1119 in
2237 1087 2356 1124 futuro,
2373 1097 2441 1118 non
2457 1092 2532 1118 sunt

1469 1132 1623 1171 acquisita
1644 1141 1702 1172 per
1725 1133 1904 1163 humanum
1927 1133 2088 1164 studium:
2113 1133 2189 1173 quia
2210 1132 2405 1163 naturalibus
2422 1132 2531 1172 acqui-

1468 1176 1534 1206 sitis
1556 1186 1624 1207 non
1654 1186 1823 1207 meremur.
1856 1177 1941 1217 Ergo
1974 1187 2033 1218 pro
2065 1177 2209 1208 doctrina
2240 1182 2271 1207 et
2294 1176 2530 1217 praedicatione

1467 1220 1576 1250 nullus
1599 1221 1632 1250 in
1656 1220 1765 1251 futuro
1790 1222 1953 1252 aureolam
1976 1226 2186 1262 promeretur.

1525 1264 1554 1295 3.
1578 1265 1775 1300 pinninum,
1800 1266 1947 1296 exaltatio
1971 1267 2004 1296 in
2028 1265 2136 1296 futuro
2160 1264 2333 1306 respondet
2360 1265 2531 1295 humilitati

1467 1309 1501 1338 in
1523 1310 1698 1348 praesenti:
1731 1310 1806 1349 quia
1835 1310 1890 1350 qui
1912 1320 1947 1340 se
1968 1310 2119 1341 humiliat
2141 1310 2338 1340 exaltabitur
2353 1310 2380 1339 ’ἢ
2411 1308 2475 1340 Sed
2497 1309 2530 1339 in

1468 1351 1617 1383 docendo
1630 1359 1661 1383 et
1673 1354 1706 1383 in
1722 1353 1935 1393 praedicando
1952 1364 2020 1385 non
2037 1360 2083 1385 est
2099 1354 2295 1385 humiliatio:
2313 1354 2414 1384 immo
2430 1353 2530 1393 magis

1467 1397 1636 1436 superbiae
1659 1398 1806 1435 occasi0;
1830 1398 1917 1429 unde
1939 1398 2052 1429 Glossa
2068 1400 2084 1415 *
2108 1398 2193 1435 dicit,
2210 1399 2322 1428 Matth.
2338 1398 2424 1434 1v*'‚
2442 1396 2531 1437 quod

1467 1440 1614 1472 diabolus
1637 1443 1756 1473 multos
1779 1442 1902 1483 decepit
1923 1443 2048 1473 honore
2070 1443 2252 1484 magisterii
2275 1442 2416 1482 inflatos.
2444 1442 2529 1481 Ergo

1428 1492 1453 1512 ³⁰
1466 1484 1592 1516 videtur
1615 1486 1705 1526 quod
1727 1486 1957 1527 praedicationi
1981 1493 2012 1518 et
2035 1487 2199 1518 doctrinae
2222 1487 2351 1518 aureola
2378 1496 2446 1517 non
2477 1485 2530 1516 de-

1467 1529 1588 1560 beatur.

1521 1574 1584 1605 San
1609 1584 1742 1611 CONTRA,
1766 1576 1882 1616 Ephes.
1899 1586 1919 1612 1,
1944 1586 2040 1616 super
2055 1575 2134 1606 illud
2149 1577 2176 1612 ἦ
2204 1576 2247 1606 Ut
2268 1575 2378 1606 sciatis
2393 1584 2476 1615 quae
2490 1574 2533 1605 sit

1465 1619 1704 1658 supereminens
1735 1625 1806 1656 etc„
1831 1619 1907 1650 dicit
1937 1620 2051 1651 Glossa
2066 1621 2099 1650 *z
2137 1619 2307 1656 Quoddam
2335 1623 2531 1649 crementum

1465 1662 1624 1693 habebunt
1652 1664 1757 1694 sancti
1784 1664 1932 1695 doctores
1956 1665 2044 1695 ultra
2067 1664 2100 1695 id
2122 1664 2209 1705 quod
2231 1664 2291 1694 alii
2320 1663 2533 1694 communiter

345 1713 393 1739 est
413 1717 502 1738 mors
525 1708 628 1748 sequi,
653 1707 787 1739 debetur
809 1708 949 1739 aureola.
981 1707 1054 1739 Sive
1082 1709 1177 1748 igitur
1200 1708 1313 1748 aliquis
1336 1716 1411 1747 pro·
1427 1717 1449 1737 ις
1465 1706 1632 1737 habebunt.
1657 1707 1754 1747 Ergo,
1780 1714 1839 1739 etc.

344 1757 415 1793 pter
437 1751 604 1783 Christum
626 1762 676 1783 res
698 1752 903 1793 temporales,
927 1753 993 1783 sive
1016 1752 1154 1788 famam,
1178 1752 1229 1783 vel
1253 1750 1411 1792 quidquid

343 1795 530 1828 huiusmodi
553 1797 687 1833 amittat,
711 1806 780 1827 non
803 1796 938 1828 efficitur
955 1802 1088 1837 propter
1103 1797 1167 1827 hoc
1182 1796 1313 1837 proprie
1328 1805 1411 1826 mar-

296 1851 299 1854 ·
343 1846 403 1882 tyr,
426 1850 488 1872 nec
511 1846 652 1872 meretur
674 1841 848 1872 aureolam.
872 1859 895 1864 -—
917 1841 986 1872 Nec
1009 1841 1124 1881 aliquis
1142 1846 1251 1881 potest
1267 1839 1411 1871 ordinate

105 2421 271 2470 ;.÷1.:.ss..··⁶‘:-.
282 2420 319 2469 {3

104 2473 197 2523 guthae,
203 2474 241 2496 die
245 2473 270 2523 g
275 2473 321 2518 Fe:

105 2506 252 2556 ambisa·
295 2527 318 2549 'i.

112 3224 124 3234 ·
134 3221 194 3244 Vide
205 3221 327 3243 Homnae

113 3247 202 3271 xxvn
217 3248 242 3270 ln
255 3248 327 3270 uaria

111 3274 326 3298 locauaahflom.

113 3301 146 3324 111
169 3301 306 3349 ‹im-“0313
322 3317 327 3323 .

113 3354 172 3382 11⁸⁰,
189 3329 228 3382 ἆυ.
246 3359 327 3382 cxxiv,

113 3380 235 3437 ῗῗίεἶᾶῥῗξ
241 3387 270 3429 v¹i

132 3439 168 3455 οι.
187 3434 244 3459 lita:
267 3423 284 3455 1³

113 3460 161 3508 alrlt:
173 3465 223 3509 un.
247 3465 326 3487 xxvn,

282 3406 329 3428 Ex.

285 3436 328 3455 m-

343 1894 394 1916 res
417 1886 588 1916 exteriores
610 1886 683 1926 plus
707 1885 838 1926 diligere
860 1895 959 1926 quam
978 1886 1148 1926 proprium
1163 1894 1291 1925 corpus.
1308 1885 1412 1915 Amor

345 1934 453 1960 autem
475 1929 676 1960 inordinatus
699 1940 766 1960 non
790 1929 961 1960 coadiuvat
984 1930 1024 1960 ad
1046 1930 1197 1960 meritum
1213 1929 1372 1960 aureolae.
1388 1939 1412 1950 -·
1425 1938 1452 1958 ιο

343 1974 413 2006 Nec
436 1974 533 2005 etiam
555 1979 662 2015 potest
685 1974 780 2005 dolor
795 1974 835 2005 de
851 1974 1023 2005 amissione
1041 1983 1149 2004 rerum
1165 1973 1337 2014 coaequari
1353 1972 1411 2003 do-

343 2019 406 2050 lori
427 2018 468 2050 de
491 2019 635 2059 corporis
658 2019 832 2054 occisione,
858 2024 890 2049 et
912 2018 980 2049 aliis
998 2018 1195 2049 huiusmodi.

398 2063 451 2094 An
474 2073 584 2094 nomm
613 2073 774 2094 monimum
804 2062 895 2103 quod
918 2072 1013 2094 causa
1036 2059 1206 2094 sufficiens·
1225 2061 1265 2092 ad
1293 2066 1411 2102 marty-

344 2108 429 2138 rium
451 2117 520 2138 non
543 2107 651 2138 solum
675 2113 723 2138 est
745 2107 907 2138 confessio
931 2106 1015 2143 fidei,
1033 2107 1088 2138 sed
1105 2115 1332 2147 quaecumque
1352 2106 1412 2136 alia

1522 1760 1552 1781 2.
1577 1751 1773 1788 Pluinnam,
1800 1753 1894 1783 Cant.
1910 1763 1975 1789 vm,
1993 1762 2088 1792 super
2111 1751 2190 1782 illud
2206 1753 2233 1788 ’ᾖ
2263 1752 2360 1782 Vinea
2384 1761 2456 1782 mea
2479 1761 2532 1782 co-

1466 1804 1538 1826 ram
1554 1805 1604 1826 me
1619 1801 1674 1832 est,
1699 1796 1776 1827 dicit
1792 1796 1907 1828 Glossa
1922 1798 1956 1827 *:
1984 1796 2130 1827 Ostendit
2152 1796 2230 1837 quid
2244 1796 2424 1838 singularis
2434 1805 2532 1836 prae-

1465 1840 1523 1870 mii
1545 1840 1731 1871 doctoribus
1753 1841 1823 1872 eius
1845 1841 1996 1882 disponit.
2021 1842 2106 1881 Ergo
2123 1840 2273 1871 doctores
2288 1841 2452 1871 habebunt
2467 1841 2531 1871 sin-

1465 1884 1574 1924 gulare
1597 1886 1787 1924 praemium.
1812 1886 1853 1916 Et
1876 1886 1940 1916 hoc
1962 1895 2117 1916 vocamus
2140 1885 2313 1916 aureolam.

1521 1929 1711 1959 Rnsronnso
1727 1939 1887 1960 memtnma
1911 1929 2010 1970 quod.
2035 1931 2118 1960 sicut
2139 1939 2197 1969 per
2220 1930 2407 1970 martyrium
2423 1934 2455 1959 et
2470 1929 2532 1959 vir-

1466 1972 1631 2012 ginitatem
1647 1973 1761 2013 aliquis
1781 1973 2045 2014 perfectissimam
2060 1974 2227 2004 victoriam
2244 1974 2367 2004 obtinet
2382 1973 2421 2003 de
2437 1982 2531 2003 carne

1466 2022 1498 2047 et
1520 2017 1656 2053 mundo,
1680 2018 1723 2048 ita
1747 2019 1842 2049 etiam
1865 2018 2095 2058 perfectissima
2118 2019 2251 2048 victoria
2281 2022 2392 2048 contra
2421 2017 2532 2048 diabo-

1466 2061 1535 2091 lum
1559 2062 1722 2093 obtinetur
1745 2062 1875 2103 quando
1900 2063 2014 2103 aliquis
2037 2073 2105 2093 non
2128 2063 2235 2093 solum
2268 2061 2396 2093 diabolo
2424 2063 2530 2102 impu—

1465 2106 1576 2146 gnanti
1599 2115 1667 2137 non
1690 2106 1784 2142 cedit,
1808 2106 1865 2137 sed
1888 2108 1984 2137 etiam
2008 2116 2084 2138 eum
2108 2107 2246 2147 expellit,
2271 2112 2302 2137 et
2324 2116 2392 2137 non
2425 2106 2531 2137 solum

344 2152 444 2182 virtus
467 2161 535 2182 non
558 2151 700 2192 politica,
725 2151 781 2182 sed
803 2151 919 2188 infusa,
943 2161 1027 2192 quae
1049 2151 1149 2182 finem
1172 2152 1288 2182 habeat
1319 2150 1412 2181 Chri-
1426 2163 1449 2183 ις
1467 2159 1485 2180 a
1508 2159 1551 2186 se,
1576 2150 1632 2181 sed
1656 2151 1752 2181 etiam
1775 2151 1814 2181 ab
1838 2152 1916 2182 aliis.
1941 2152 2016 2182 Hoc
2039 2157 2147 2182 autem
2170 2150 2207 2181 fit
2235 2160 2293 2191 per
2322 2150 2531 2191 praedicatio-

344 2201 440 2227 stum.
471 2196 628 2234 Quolibet
658 2197 746 2226 enirn
776 2201 850 2226 actu
879 2196 1004 2226 virtutis
1034 2196 1149 2236 aliquis
1178 2196 1265 2226 testis
1294 2194 1412 2225 Christi

345 2239 496 2272 efficitur:
521 2240 714 2281 inquantum
738 2250 836 2281 opera
860 2250 944 2281 quae
967 2241 1000 2271 in
1023 2241 1117 2271 nobis
1142 2239 1288 2271 Christus
1317 2238 1412 2279 perfi-

345 2285 398 2321 cit,
422 2285 605 2316 testimonia
628 2285 778 2315 bonitatis
797 2285 897 2325 ipsius
913 2290 996 2315 sunt.
1021 2284 1116 2316 Unde
1134 2284 1260 2325 aliquae
1274 2284 1412 2324 virgines

344 2334 420 2360 sunt
442 2329 568 2373 occisae
590 2338 650 2370 pro
675 2330 852 2369 virginitate
875 2339 974 2370 quam
997 2338 1121 2360 servare
1142 2329 1306 2363 volebant,
1330 2328 1413 2358 sicut

1466 2203 1542 2225 nem
1567 2200 1599 2225 et
1621 2194 1809 2226 doctrinam.
1834 2196 1875 2226 Et
1898 2195 1972 2226 ideo
1995 2196 2225 2236 praedicationi
2249 2200 2280 2226 et
2296 2195 2459 2226 doctrinae
2475 2205 2531 2226 au-

1466 2239 1554 2270 reola
1577 2238 1720 2276 debetur,
1744 2240 1826 2271 sicut
1850 2246 1881 2270 et
1903 2240 2074 2280 virginitati
2097 2245 2129 2271 et
2149 2240 2312 2281 manydo.

1521 2283 1590 2314 Nec
1614 2289 1662 2314 est
1684 2284 1868 2321 dicendum,
1892 2290 1928 2315 ut
1951 2284 2083 2325 quidam
2107 2284 2234 2321 dicunt,
2259 2283 2350 2325 quod
2379 2284 2532 2314 debeatur

1466 2333 1592 2358 tantum
1614 2329 1771 2368 praelatis,
1797 2329 1914 2369 quibus
1937 2330 2093 2369 competit
2115 2339 2153 2360 ex
2178 2328 2285 2359 officio
2301 2328 2484 2369 praedicare
2501 2333 2531 2359 et

345 2375 437 2405 beata
458 2373 567 2414 Agnes
590 2378 622 2404 et
645 2373 804 2414 quaedam
827 2374 924 2410 aliae,
949 2383 1086 2414 quarum
1116 2374 1266 2415 martyria
1294 2374 1328 2403 in
1350 2372 1412 2403 Ec·
1428 2384 1453 2405 ςο
1467 2371 1599 2403 docere:
1625 2372 1681 2404 sed
1704 2374 1964 2414 quibuscumque
1995 2374 2052 2414 qui
2081 2373 2166 2404 licite
2198 2374 2285 2404 hunc
2313 2378 2420 2404 actum
2444 2382 2531 2403 exer-

345 2418 440 2450 clesia
464 2418 664 2448 celebrantur
677 2419 704 2448 ἥ.

399 2462 451 2493 An
478 2472 619 2493 Dncmum
649 2472 810 2493 menn-nnn
840 2462 931 2502 quod
953 2463 1066 2493 veritas
1090 2462 1166 2493 fidei
1193 2462 1290 2492 habet
1319 2460 1412 2492 Chri-

345 2512 431 2539 stum
453 2516 514 2547 pro
537 2506 602 2538 fine
626 2512 658 2537 et
679 2516 739 2547 pro
771 2507 911 2538 obiecto.
944 2507 986 2538 Et
1014 2506 1088 2538 ideo
1120 2506 1281 2538 confessio
1311 2507 1412 2546 ipsius

346 2551 510 2582 aureolam
532 2557 683 2587 meretur,
707 2552 734 2582 si
755 2561 864 2592 poena
887 2550 1029 2588 addatur,
1053 2560 1122 2582 non
1144 2551 1252 2582 solum
1269 2560 1307 2581 ex
1322 2555 1412 2591 parte

346 2594 429 2632 finis,
453 2594 510 2627 sed
533 2596 630 2626 etiam
654 2605 692 2626 ex
715 2601 805 2636 parte
827 2596 988 2626 materiae.
1019 2595 1083 2627 Sed
1113 2595 1274 2626 confessio
1305 2595 1411 2626 cuius-
1427 2611 1450 2631 ςς

347 2649 490 2680 cumque
513 2639 641 2670 alterius
664 2640 803 2670 veritatis
825 2649 894 2670 non
917 2645 964 2670 est
987 2649 1082 2671 causa
1097 2639 1258 2671 sufficiens
1274 2638 1314 2670 ad
1328 2649 1411 2670 mar-

345 2684 466 2725 tyrium
489 2684 612 2714 ratione
634 2685 801 2715 materiae:
826 2683 883 2715 sed
905 2684 1012 2720 solum
1034 2685 1159 2715 ratione
1181 2684 1273 2720 finis,
1297 2688 1412 2724 utpote

346 2729 373 2759 si
397 2728 511 2768 aliquis
533 2728 630 2759 vellet
652 2729 740 2768 prius
763 2728 868 2759 occidi
891 2738 999 2768 quam,
1024 2728 1257 2769 quodcumque
1280 2727 1412 2759 menda-

348 2773 436 2804 cium
459 2772 609 2809 dicendo‚
633 2777 745 2803 contra
766 2773 874 2813 ipsum
897 2782 1040 2813 peccare.

1467 2422 1550 2447 cent.
1574 2417 1724 2448 Praelatis
1747 2423 1855 2448 autem
1877 2427 1946 2448 non
1969 2417 2112 2454 debetur,
2137 2418 2283 2458 quamvis
2305 2418 2443 2448 habeant
2459 2416 2529 2447 offi-

1467 2462 1555 2492 cium
1578 2462 1792 2502 praedicandi,
1816 2463 1877 2493 nisi
1901 2468 1974 2493 actu
1997 2462 2196 2503 praedicent:
2221 2463 2296 2502 quia
2320 2471 2441 2492 corona
2463 2471 2531 2492 non

1466 2505 1601 2537 debetur
1629 2507 1768 2543 habitui,
1793 2507 1849 2537 sed
1879 2516 2008 2547 pugnae
2037 2507 2169 2543 actuali;
2194 2506 2374 2537 secundum
2401 2505 2481 2536 illud
2504 2505 2531 2536 11

1470 2551 1550 2581 Tim.
1567 2561 1590 2581 11
1605 2552 1639 2581 ἐ
1664 2551 1739 2582 Non
1763 2551 1976 2582 coronabitur
2008 2551 2071 2582 nisi
2102 2551 2158 2592 qui
2185 2551 2327 2592 legitime
2349 2550 2530 2581 certaverit.

1521 2595 1572 2626 An
1595 2605 1713 2627 PRIMUM
1736 2605 1819 2626 aneo
1846 2605 2007 2626 memnon
2034 2595 2124 2636 quod
2152 2595 2334 2636 praedicare
2362 2600 2394 2626 et
2416 2594 2532 2625 docere

1466 2645 1541 2670 sunt
1563 2645 1652 2670 actus
1675 2640 1810 2671 alicuius
1832 2641 1966 2676 virtutis,
1983 2640 2104 2671 scilicet
2118 2639 2364 2670 misericordiae.
2389 2638 2484 2670 Unde
2500 2644 2531 2669 et

1465 2684 1547 2714 inter
1570 2684 1748 2724 spirituales
1773 2685 1992 2725 eleemosynas
2015 2689 2244 2724 computantur
2259 2685 2286 2714 ’ἢ

1521 2728 1572 2758 An
1596 2738 1759 2759 secuntum
1782 2738 1942 2759 mmmmm
1966 2728 2065 2768 quod,
2090 2729 2236 2769 quamv-is
2259 2727 2391 2758 facultas
2406 2726 2530 2768 praedi-

1467 2772 1560 2803 candi
1584 2778 1615 2803 et
1638 2772 1777 2803 docendi
1800 2772 1997 2813 quandoque
2020 2782 2058 2803 ex
2082 2772 2188 2803 studio
2215 2772 2399 2812 proveniat,
2423 2777 2531 2802 tamen

402 2817 454 2847 An
477 2826 660 2847 mmmmm
676 2826 837 2847 mmmmm
856 2816 946 2857 quod
969 2818 1066 2848 etiam
1088 2817 1213 2848 bonum
1235 2818 1412 2848 increatum
1426 2826 1453 2846 60
1466 2826 1544 2847 usus
1568 2816 1731 2847 doctrinae
1755 2826 1793 2847 ex
1815 2817 1981 2847 voluntate
2003 2816 2159 2857 procedit,
2183 2825 2266 2856 quae
2288 2825 2347 2856 per
2369 2816 2531 2846 caritatem

349 2861 472 2893 excedit
488 2870 587 2892 omne
603 2861 728 2892 bonum
744 2866 896 2892 creatum.
913 2861 1008 2893 Unde
1024 2862 1224 2902 quicumque
1238 2860 1311 2892 finis
1327 2870 1413 2891 crea—

347 2911 410 2942 tus,
434 2906 500 2936 sive
524 2906 564 2936 sit
586 2906 712 2936 bonum
735 2914 911 2936 commune
933 2906 1000 2936 sive
1022 2906 1192 2946 privatum,
1215 2915 1284 2936 non
1307 2910 1414 2945 potest

349 2950 434 2981 actui
456 2954 577 2980 tantam
600 2950 779 2980 bonitatem
801 2955 960 2990 praestare
982 2955 1136 2990 quantam
1150 2949 1224 2980 finis
1243 2950 1412 2986 increatus,

349 3003 426 3026 cum
448 2994 570 3025 scilicet
592 2993 713 3035 aliquid
734 2999 867 3034 propter
889 2994 997 3024 Deum
1021 2995 1132 3035 agitur.
1163 2994 1204 3024 Et
1232 2993 1307 3024 ideo
1338 3003 1414 3024 cum

1466 2860 1658 2891 informatur
1681 2871 1699 2891 a
1721 2861 1793 2891 Deo
1816 2860 1965 2891 infusam.
1996 2861 2038 2891 Et
2066 2861 2112 2891 sic
2135 2865 2224 2891 actus
2252 2861 2320 2891 eius
2350 2860 2531 2890 meritorius

1468 2914 1536 2935 esse
1558 2910 1675 2945 potest.

1524 2949 1575 2979 An
1599 2959 1734 2979 'marum
1763 2959 1923 2979 mmmmm
1954 2948 2044 2989 quod
2068 2949 2215 2979 exaltatio
2238 2949 2271 2978 in
2294 2948 2355 2978 hac
2377 2948 2441 2978 vita
2464 2958 2532 2978 non

1469 2992 1626 3023 deminuit
1649 2993 1776 3023 alterius
1798 2993 1882 3023 vitae
1904 2993 2085 3033 praemium
2114 2993 2175 3023 nisi
2203 2992 2232 3023 ei
2256 2992 2313 3032 qui
2335 2992 2369 3022 in
2392 2992 2446 3022 tali
2469 2993 2532 3022 vita

350 3039 421 3079 quis
443 3043 576 3079 propter
598 3039 724 3069 bonum
747 3047 923 3069 commune
945 3048 1014 3069 non
1036 3038 1171 3069 relatum
1195 3037 1235 3069 ad
1251 3037 1414 3069 Christum
1428 3046 1452 3072 ες
1463 3037 1636 3078 propriam
1657 3037 1802 3078 gloriam
1824 3037 1953 3078 quaerit
1967 3038 1993 3067 “.
2018 3037 2085 3075 Qui
2108 3042 2216 3067 autem
2243 3036 2340 3067 talem
2369 3036 2533 3067 exaltatio-

349 3087 489 3114 mortem
511 3083 655 3119 sustinet,
680 3083 844 3114 aureolam
867 3092 935 3113 non
958 3088 1107 3113 meretur.
1139 3081 1203 3113 Sed
1225 3082 1252 3112 si
1273 3083 1337 3112 hoc
1366 3091 1415 3112 re—

351 3125 469 3157 feratur
491 3126 531 3158 ad
554 3127 729 3163 Christum,
754 3127 918 3158 aureolam
940 3127 1115 3158 merebitur
1138 3131 1169 3158 et
1191 3131 1311 3167 martyr
1341 3127 1414 3156 erit:

351 3174 466 3210 utpote
481 3171 507 3201 si
522 3171 755 3212 rempublicam
771 3171 921 3202 defendat
944 3171 983 3202 ab
1006 3172 1150 3202 hostium
1171 3171 1416 3211 impugnatione

353 3214 409 3254 qui
431 3213 530 3245 fidem
553 3215 671 3247 Chrisfi
694 3225 902 3257 corrumpere
924 3216 1112 3252 moliuntur,
1129 3220 1161 3246 et
1174 3215 1209 3245 in
1229 3215 1283 3246 tali
1306 3214 1416 3246 defen-

353 3258 445 3288 sione
467 3263 606 3290 mortem
629 3261 791 3291 sustineat.

1468 3091 1545 3112 nem
1568 3082 1602 3112 in
1624 3081 1794 3112 utilitatem
1817 3081 1954 3112 aliorum
1977 3081 2144 3117 convertit,
2169 3090 2207 3111 ex
2224 3090 2262 3111 ea
2276 3081 2336 3111 sibi
2350 3079 2533 3111 mercedem

1469 3126 1613 3166 acquirit.
1639 3125 1726 3156 Cum
1749 3131 1857 3156 autem
1880 3125 1996 3156 dicitur
2018 3125 2107 3166 quod
2131 3124 2295 3156 doctrinae
2318 3124 2451 3155 debetur
2477 3134 2533 3155 au-

1469 3169 1567 3205 reola,
1584 3169 1828 3210 intelligendum
1845 3175 1907 3200 est:
1923 3188 1945 3192 -
1961 3169 2125 3200 doctrinae
2148 3178 2232 3210 quae
2255 3174 2302 3199 est
2317 3168 2357 3199 de
2372 3170 2533 3209 pertinen—

1470 3214 1555 3244 n'bus
1578 3213 1619 3244 ad
1641 3214 1787 3250 salutem,
1811 3223 1868 3254 per
1887 3223 1986 3255 quam
2001 3213 2147 3244 diabolus
2163 3223 2182 3244 a
2197 3213 2347 3244 cordibus
2362 3214 2534 3244 hominum

1430 3272 1458 3293 7⁰
1471 3263 1671 3298 expugnatur
1692 3259 1774 3289 sicut
1790 3258 1982 3299 quibusdam
2005 3258 2220 3298 spiritualibus
2241 3258 2344 3294 armis,
2362 3257 2401 3288 de
2418 3258 2535 3298 quibus

408 3302 460 3333 An
482 3312 688 3334 nuonncnruu
710 3314 870 3336 nrt-:aunum
893 3304 984 3345 quod
1007 3304 1138 3345 quidam
1153 3305 1170 3321 ⁴*
1194 3303 1305 3334 dicunt
1327 3303 1417 3344 quod
1471 3302 1596 3339 dicitur,
1620 3302 1647 3333 11
1673 3302 1750 3334 Cor.
1767 3313 1787 3333 x
1801 3304 1835 3333 *z
1860 3304 1961 3334 Arma
1977 3303 2112 3333 militiae
2135 3307 2266 3334 nostrae
2285 3311 2351 3332 non
2371 3307 2448 3332 sunt
2461 3312 2536 3333 car-

355 3345 584 3377 Innocentibus
606 3347 720 3379 occisis
741 3357 802 3388 pro
825 3348 954 3380 Christo
971 3350 1087 3380 virtute
1103 3348 1209 3379 divina
1224 3348 1417 3379 acceleratus
1472 3347 1571 3383 nalia,
1595 3346 1652 3378 sed
1673 3347 1869 3388 spiritualia.

355 3394 402 3420 est
424 3399 501 3421 usus
524 3391 671 3422 rationis:
695 3392 778 3423 sicut
800 3398 833 3424 et
853 3393 888 3424 in
912 3393 1032 3424 Ioanne
1054 3393 1196 3433 Baptista
1219 3392 1297 3424 dum
1313 3392 1417 3423 adhuc

355 3438 438 3464 esset
459 3434 493 3464 in
516 3439 662 3466 materno
685 3440 778 3466 utero
794 3437 820 3467 *.
844 3437 886 3467 Et
900 3437 1080 3468 secundum
1095 3438 1159 3468 hoc
1174 3446 1248 3468 vere
1263 3442 1417 3478 martyres

355 3477 485 3508 fuerunt
508 3483 540 3509 et
562 3483 635 3509 actu
660 3483 691 3509 et
713 3479 889 3517 voluntate,
914 3486 946 3512 et
968 3482 1132 3513 aureolam
1155 3482 1282 3513 habent.

2560 299 2570 310 ⁶
2584 298 2642 326 Arg.
2655 305 2675 328 3.

2561 566 2570 574 ¹
2584 564 2634 585 Art.
2650 563 2756 591 praeced.

2557 1311 2770 1339 ‘humamanam

2558 1343 2653 1364 versam
2660 1338 2769 1367 Luc.cnp.

2557 1370 2607 1392 xiv,
2622 1371 2682 1387 vere.
2698 1373 2707 1387 ι
2713 1372 2731 1388 ι.

2558 1405 2568 1415 ·
2583 1404 2640 1426 Ord.

2558 1431 2580 1442 '¹¹
2595 1431 2661 1454 Vers.
2676 1437 2696 1459 5.

2559 1585 2569 1595 ¹
2584 1584 2651 1607 Vera.
2670 1584 2704 1612 18,
2716 1590 2751 1613 ¹9-

2559 1628 2569 1638 ·
2585 1627 2642 1649 Ord.

2561 1761 2571 1771 ·
2585 1759 2653 1781 Vers.
2670 1766 2702 1782 12.

2560 1803 2629 1826 ‘Ord.
2635 1809 2706 1831 super
2710 1809 2771 1826 vers.

2561 1837 2569 1852 ι
2575 1837 2582 1852 ι
2588 1846 2593 1851 .

2558 2557 2568 2567 ·
2584 2556 2650 2578 Vers.
2665 2562 2685 2585 5.

2558 2690 2569 2700 ·
2597 2688 2634 2710 cf.
2649 2687 2702 2709 dist.
2727 2694 2770 2726 xv³

2558 2718 2714 2763 isariae
2725 2720 2769 2768 «ἐξ.

2558 2758 2630 2795 ιἠιι,
2644 2771 2686 2790 art.
2700 2757 2720 2789 π’.

2560 3041 2570 3051 ·
2584 3039 2648 3061 loen.
2663 3044 2713 3066 cap.
2730 3044 2773 3065 vn,

2559 3072 2621 3088 vers.
2638 3065 2672 3088 18.

2562 3304 2692 3331 'Verane
