2918 4088
76 497 87 507 ·
132 502 154 517 u.
173 501 230 519 ιιιι.
249 496 288 517 In·

76 526 112 544 tro
130 538 135 544 .
146 533 156 538 -
168 522 204 544 cf.
215 522 288 544 Com·

76 552 147 570 ment.

71 889 134 911 ’Λα
157 889 210 916 Tu„
232 895 282 918 cap.

70 921 106 943 ιιι,
120 921 180 938 vert.
195 921 214 944 5.

990 196 1253 244 QUAESTIO
1281 196 1417 244 LXIII,
1452 195 1744 235 ARTICULUS
1771 199 1822 235 IV

317 275 519 304 sacramentis
542 275 755 306 characterem
778 276 1043 316 imprimentibus,
1069 282 1100 307 et
1123 276 1247 306 incidas
1271 276 1303 305 in
1318 275 1379 316 so-

316 326 421 354 veam,
444 323 560 358 putans
583 318 673 359 quod
696 325 890 350 sacramenta
914 320 1099 350 huiusmodi
1122 319 1287 351 conferant
1310 328 1378 358 gra-

316 362 394 392 tiam
417 371 454 392 ex
478 363 706 402 consequenti,
738 364 865 404 sintque
894 364 1110 404 principaliter
1133 372 1246 394 causae
1270 363 1378 392 chara-

316 410 438 436 cterum
469 411 500 436 et
523 415 561 436 ex
589 408 799 447 consequenti
821 408 957 447 gratiae,
989 408 1064 448 quia
1087 408 1262 442 character,
1286 411 1323 436 ut
1344 407 1377 436 in

314 448 416 479 littera
439 448 563 486 dicitur,
587 460 655 481 non
678 451 834 491 proxime,
851 450 907 481 sed
923 461 960 481 ex
977 451 1187 490 consequenti
1210 450 1376 490 dispositio

315 498 362 523 est
377 493 416 523 ad
430 493 573 532 gratiam.
597 494 744 526 Recolito
760 496 906 535 superius
917 496 935 512 ⁴*
949 495 1074 525 habitae
1098 494 1270 530 doctrinae,
1288 493 1377 533 quod

313 536 434 567 scilicet
455 538 553 577 gratia
583 544 630 568 est
649 539 843 579 principalis
869 543 1140 569 sacramentorum
1167 537 1317 573 effectus,
1346 543 1377 567 et

313 580 474 612 character
496 587 543 612 est
565 581 697 613 effectus
719 582 952 614 secundarius:
974 587 1006 612 et
1028 582 1172 621 perspice
1195 591 1264 612 non
1282 582 1376 612 licere

312 624 481 656 attribuere
504 631 703 657 sacramento
730 626 949 658 conditionem
972 626 1168 656 characteris.
1204 625 1290 656 Cum
1312 626 1376 656 hoc

313 668 399 699 enim
423 668 514 709 quod
537 670 696 700 character
719 675 766 700 est
787 675 910 700 remote
934 674 965 700 et
981 678 1018 700 ex
1034 670 1244 709 consequenti
1268 669 1376 710 dispo-

311 712 384 742 sitio
408 712 448 743 ad
470 713 619 753 gratiam,
647 717 708 743 stat
734 712 823 754 quod
849 713 947 753 gratia
970 713 1009 743 sit
1034 713 1217 754 principalis
1244 712 1375 743 effectus

311 757 510 787 sacramenti.
534 757 629 788 Tunc
651 757 738 787 enim
751 757 850 796 gratia
864 766 932 787 non
949 762 1030 787 esset
1044 757 1227 797 principalis
1245 756 1374 788 effectus

310 801 509 836 sacramenti,
533 801 560 830 si
577 800 684 831 solum
707 799 834 831 daretur
856 810 914 840 per
929 806 1163 831 sacramentum
1186 806 1222 831 ut
1245 801 1375 840 sequela

311 843 350 875 ad
373 844 596 875 characterem.
621 843 713 882 Quae
728 845 894 884 phantasia
908 845 1023 885 procul
1039 845 1079 875 sit
1093 855 1112 875 a
1126 850 1168 875 te.
1192 845 1374 884 Baptismus

309 897 450 927 namque
473 893 520 918 est
541 888 757 928 principaliter
779 889 947 920 lavacrum
970 889 1228 930 regenerationis
1243 890 1260 905 ⁴*
1282 890 1316 920 in
1336 889 1374 920 fi-

308 931 369 962 lios
392 930 469 968 Dei,
493 932 527 962 in
553 932 697 963 membra
727 931 863 964 Christi:
897 938 927 964 et
954 932 1142 964 secundario
1169 933 1373 973 impressivus

309 974 505 1005 characteris.
529 975 571 1006 Et
594 975 718 1007 confert
740 977 873 1017 gratiam
896 986 934 1007 ex
957 977 1063 1017 primo
1085 976 1317 1018 principaliter:
1343 983 1374 1008 et

307 1023 432 1061 praeter
454 1018 518 1049 hoc
541 1020 636 1050 habet
657 1019 745 1051 unde
770 1019 913 1051 conferat
934 1021 1066 1061 gratiam
1090 1030 1128 1051 ex
1151 1021 1372 1061 consequenti,

307 1062 428 1093 scilicet
450 1068 583 1103 propter
605 1063 830 1095 characterem.
869 1065 914 1095 lta
937 1064 1027 1105 quod
1053 1066 1213 1095 character
1238 1065 1373 1095 naturali

307 1106 420 1137 ordine
442 1111 491 1138 est
513 1107 644 1139 effectus
665 1109 784 1148 gratiae
806 1117 864 1149 per
879 1117 978 1148 quam
994 1109 1108 1149 aliquis
1123 1108 1159 1139 fit
1175 1109 1373 1140 Christianus

306 1149 479 1182 formatus:
510 1152 600 1192 prius
626 1153 714 1184 enim
739 1157 853 1184 natura
882 1158 929 1184 est
956 1163 1040 1190 esse,
1068 1152 1159 1194 quod
1186 1158 1307 1194 spectat
1333 1153 1373 1184 ad

305 1194 448 1235 gratiam,
473 1204 571 1235 quarn
594 1205 700 1237 posse,
725 1196 815 1238 quod
838 1202 884 1228 est
908 1198 1104 1228 characteris.
1135 1197 1176 1228 Et
1200 1207 1275 1228 cum
1297 1198 1371 1234 hoc,

307 1243 355 1269 est
377 1238 544 1280 dispositio
570 1249 608 1270 ex
631 1241 843 1282 consequenti
866 1240 906 1271 ad
928 1242 1078 1282 gratiam:
1101 1250 1162 1282 pro
1187 1247 1308 1282 quanto
1332 1242 1371 1272 ad

304 1291 402 1323 posse
425 1282 582 1314 donatum
605 1293 623 1314 a
645 1284 728 1321 Deo,
753 1285 924 1316 comitatur
939 1285 1162 1316 antecedenter
1184 1285 1235 1315 vel
1259 1295 1371 1316 conse-

305 1332 443 1367 quenter
465 1327 590 1368 largitio
613 1328 697 1359 bene
718 1337 825 1369 posse.

360 1371 403 1402 Et
427 1371 510 1407 bene
538 1378 617 1403 nota
648 1372 737 1412 quod
764 1373 924 1404 character
952 1382 1020 1404 non
1043 1374 1174 1413 ponitur
1203 1373 1369 1413 dispositio

305 1415 346 1446 ad
360 1415 493 1455 gratiam
509 1415 669 1447 absolute:
686 1417 742 1448 sed
754 1418 915 1448 character
926 1417 1106 1448 secundum
1121 1419 1278 1449 rationem
1293 1427 1370 1448 suae

306 1467 430 1496 causae,
453 1460 574 1491 scilicet
597 1459 722 1492 divinae
740 1461 899 1502 largitatis,
915 1462 1047 1502 ponitur
1063 1461 1230 1501 dispositio
1246 1461 1286 1493 ad
1301 1471 1370 1502 gra-

304 1502 392 1534 tiam.
431 1503 566 1534 Divinae
596 1504 755 1545 siquidem
786 1505 935 1546 largitatis
957 1506 1038 1535 ratio
1060 1506 1156 1536 habet
1182 1511 1218 1535 ut
1242 1506 1294 1535 cui
1317 1505 1384 1545 dat·

303 1555 410 1586 posse,
433 1545 487 1577 det
502 1548 584 1578 bene
599 1557 706 1588 posse.
730 1548 800 1579 Hac
816 1549 903 1579 enim
921 1549 1044 1579 ratione
1063 1549 1224 1579 character
1237 1549 1370 1589 ponitur

256 1619 258 1621 .
289 1589 472 1630 ,dispositio
495 1591 536 1621 ad
557 1592 700 1631 gratiam,
723 1597 760 1622 ut
782 1597 870 1631 patet
892 1593 925 1622 in
947 1592 1007 1622 hac
1030 1592 1142 1622 littera.

57 2694 143 2719 ‘thie

357 1634 400 1665 Et
415 1643 491 1665 cum
506 1635 585 1666 haec
601 1636 782 1671 servaveris,
798 1635 942 1667 Durandi
958 1636 1166 1671 obiectiones,
1182 1635 1366 1674 in-Quarto,

300 1677 374 1712 dist.
390 1688 432 1714 xv,
457 1687 511 1719 qu.
536 1686 563 1715 ι,
587 1688 728 1719 spernes.

357 1721 410 1752 1v.
435 1719 471 1753 In
493 1723 703 1763 responsione
730 1722 771 1753 ad
793 1723 941 1759 tertium,
966 1723 1100 1755 dubium
1127 1733 1166 1754 ex
1189 1722 1287 1754 Scoto
1312 1733 1367 1754 oc—

300 1763 408 1802 currit,
432 1767 467 1798 in
487 1765 650 1807 praedicta
665 1767 683 1784 ⁵
697 1767 810 1797 ultima
826 1767 1023 1807 quaestione,
1046 1772 1189 1808 ponente
1209 1768 1367 1798 characte-

300 1818 370 1840 rem
392 1810 426 1840 in
448 1810 624 1841 voluntate.
658 1810 746 1850 Tum
779 1811 855 1851 quia
885 1816 932 1841 est
964 1811 1132 1852 dispositio
1156 1811 1195 1841 ad
1224 1812 1366 1851 gratiam,

301 1862 386 1895 quae
407 1859 456 1885 est
477 1855 511 1885 in
534 1854 709 1891 voluntate,
734 1855 810 1895 quia
832 1856 931 1895 gratia
954 1861 1000 1886 est
1022 1855 1109 1886 idem
1133 1855 1222 1895 quod
1246 1856 1367 1886 caritas.

356 1897 445 1931 'rum
468 1899 562 1939 quia,
586 1899 613 1930 si
635 1899 797 1930 character
823 1905 870 1932 est
893 1900 1020 1940 signum
1043 1900 1095 1931 vel
1121 1899 1367 1932 fundamentum

299 1941 504 1983 obligationis
523 1943 648 1974 animae
663 1943 703 1974 ad
718 1943 836 1978 Deum,
859 1944 1046 1974 rationabile
1062 1949 1109 1974 est
1124 1944 1214 1985 quod
1229 1949 1368 1984 ponatur

298 1986 334 2017 in
348 1985 402 2018 illa
422 1987 569 2028 potentia
591 1987 683 2019 cuius
705 1988 812 2028 primo
829 1993 876 2018 est
891 1988 1041 2028 obligare,
1058 1988 1109 2019 vel
1126 1998 1194 2019 esse
1209 1989 1367 2019 rationem

299 2029 473 2071 obligandi.
491 2030 578 2062 Talis
594 2036 702 2062 autem
715 2036 762 2062 est
772 2032 932 2068 voluntas,
945 2033 1020 2074 quia
1033 2033 1174 2073 praecise
1189 2042 1248 2074 per
1260 2037 1367 2063 actum

298 2074 368 2105 eius
391 2075 505 2115 aliquis
528 2084 562 2106 se
585 2075 705 2115 obligat
726 2075 958 2116 principaliter:
982 2076 1105 2116 reliqua
1121 2077 1208 2107 enim
1231 2086 1367 2107 concur-

298 2119 400 2150 rentia
422 2119 463 2150 ad
478 2120 709 2160 obligationem
731 2129 800 2151 non
816 2125 890 2151 sunt
911 2121 973 2151 nisi
988 2120 1147 2161 quaedam
1161 2121 1367 2161 praeambula

299 2167 355 2197 aut
377 2164 403 2194 si
469 2187 476 2194 .

354 2173 468 2239 V.gAnd
488 2208 555 2238 ‘hoc
578 2207 694 2239 dicitur
717 2208 807 2249 quod
829 2209 953 2240 Auctor
969 2214 1000 2239 et
1015 2208 1147 2240 inferius
1169 2209 1202 2240 in
1219 2210 1366 2249 sequenti

298 2251 444 2288 articulo,
474 2252 508 2282 in
537 2253 748 2293 responsione
771 2252 811 2283 ad
838 2252 1034 2289 secundum,
1062 2253 1178 2293 probat
1207 2253 1366 2284 characte-

296 2299 366 2326 rem
389 2305 457 2326 non
480 2299 548 2327 esse
571 2297 605 2327 in
628 2296 807 2327 voluntate:
828 2297 913 2338 ‚quia
937 2297 1097 2327 character
1120 2302 1167 2327 est
1188 2297 1235 2327 vis
1250 2298 1366 2328 instru-

297 2340 461 2376 mentalis,
494 2350 531 2370 ac
557 2349 616 2381 per
645 2341 710 2371 hoc
740 2341 884 2371 consistit
914 2341 948 2371 in
977 2341 1100 2371 moveri
1131 2342 1170 2371 ab
1194 2341 1277 2378 ali0;
1308 2351 1366 2372 vo-

296 2383 428 2415 luntatis
453 2394 530 2415 vero
555 2390 602 2415 est
628 2394 759 2416 movere
791 2385 928 2425 seipsam
951 2384 991 2416 ad
1015 2385 1233 2425 operandum;
1265 2385 1366 2416 disso-

295 2433 352 2459 nat
377 2428 638 2468 igitur-conditio
662 2430 849 2460 characteris
872 2439 891 2460 a
909 2428 1096 2460 conditione
1118 2430 1301 2461 voluntatis.
1325 2430 1366 2462 Et

297 2471 352 2504 hic
364 2473 483 2513 probat
496 2468 721 2504 'characterem
751 2483 819 2505 esse
841 2474 876 2504 in
898 2473 1079 2505 intellectu:
1106 2475 1183 2514 quia
1206 2479 1296 2505 actus
1326 2474 1366 2505 ad

298 2525 382 2557 quos
407 2517 555 2556 proxime
586 2517 746 2558 disponit,
778 2517 898 2548 scilicet
923 2518 1065 2558 recipere
1093 2518 1145 2548 vel
1174 2517 1296 2549 tradere
1328 2528 1365 2550 ea

298 2569 382 2600 quae
405 2566 480 2592 sunt
502 2560 673 2592 Christiani
695 2562 810 2597 cultus,
835 2567 908 2592 sunt
932 2561 1090 2602 quaedam
1113 2561 1188 2592 fidei
1209 2567 1365 2602 protesta-

297 2604 413 2635 tiones.

353 2648 447 2680 Unde
470 2647 511 2679 ad
533 2649 670 2688 primam
693 2649 782 2680 Seoti
801 2650 1019 2680 obiectionem
1041 2659 1109 2680 non
1125 2655 1254 2690 oportet
1276 2650 1364 2681 aliter

297 2693 512 2733 respondere:
542 2693 619 2732 quia
642 2694 708 2724 iam
731 2693 853 2725 dictum
877 2699 924 2724 est
938 2695 955 2711 ¹*
978 2694 1068 2734 quod
1095 2695 1266 2726 characteri
1295 2704 1363 2726 non

298 2738 474 2777 assignatur
497 2737 678 2768 subiectum
701 2747 740 2768 ex
756 2747 795 2768 eo
815 2737 905 2778 quod
919 2742 966 2768 est
981 2737 1148 2778 dispositio
1165 2738 1205 2770 ad
1219 2740 1362 2779 gratiam,

299 2782 376 2822 quia
397 2786 522 2812 remote
545 2780 585 2811 ad
609 2790 680 2812 eam
703 2781 855 2822 disponit.

353 2825 404 2856 Ad
428 2824 601 2856 secundam
625 2830 733 2855 autem
754 2825 869 2856 dicitur
884 2825 1000 2866 primo,
1025 2825 1115 2865 quod
1138 2826 1363 2858 conditionalis

297 2874 460 2910 assumpta
487 2874 534 2899 est
556 2869 651 2899 falsa:
684 2870 759 2909 quia
785 2879 853 2900 non
880 2874 927 2899 est
950 2869 1136 2900 necessaria.
1175 2869 1261 2908 Quia
1287 2880 1362 2901 cum

296 2914 429 2944 veritate
452 2912 668 2944 antecedentis
691 2919 751 2943 stat
767 2913 856 2954 quod
872 2914 1033 2944 character
1047 2914 1087 2943 sit
1102 2914 1135 2943 in
1150 2913 1203 2943 illa
1218 2916 1363 2953 potentia

280 2959 391 2990 ,cuius
413 2962 487 2988 sunt
509 2958 615 2998 primo
639 2962 728 2987 actus
745 2958 948 2998 operationes
971 2957 1011 2987 ad
1027 2966 1106 2997 quas
1129 2958 1288 2988 character
1303 2959 1362 2988 ob-

297 3002 392 3043 ligat:
416 3007 448 3033 et
469 3011 538 3033 non
560 3002 594 3032 in
616 3002 761 3042 potentia
784 3011 867 3042 quae
892 3006 938 3031 est
959 3001 1066 3041 primo
1086 3001 1265 3041 obligativa.

353 3046 478 3077 Dicitur
495 3045 650 3081 secund0‚
675 3045 764 3086 quod
787 3045 977 3076 antecedens
1001 3049 1107 3085 potest
1130 3044 1299 3085 dupliciter
1313 3047 1361 3077 in-

297 3090 415 3130 telligi:
441 3089 531 3131 quod
554 3091 715 3121 character
737 3090 776 3120 sit
799 3090 988 3129 obligativus
1011 3089 1062 3119 vel
1084 3090 1239 3129 proxime,
1257 3090 1308 3120 vel
1324 3100 1362 3120 ex

298 3135 520 3175 consequenti.
543 3134 585 3165 Et
607 3134 698 3174 quod
721 3134 881 3164 character
903 3143 960 3173 per
975 3142 1009 3163 se
1025 3139 1056 3164 et
1070 3134 1216 3173 proxime
1231 3143 1300 3166 non
1315 3140 1362 3166 est

298 3178 377 3219 quid
392 3179 611 3219 obligativum‚
624 3178 680 3209 sed
695 3177 907 3219 professivum
920 3177 1090 3208 Christiani
1102 3177 1207 3208 cultus
1223 3183 1254 3208 et
1269 3176 1359 3209 fidei:

295 3228 330 3255 et
351 3228 483 3263 propter
505 3222 692 3256 huiusmodi
713 3221 946 3263 professionem
970 3221 1105 3262 obligat,
1134 3221 1224 3262 quod
1246 3228 1293 3253 est
1323 3232 1361 3255 ex

296 3267 510 3307 consequenti
533 3267 682 3306 obligare.
718 3266 890 3300 Character
913 3267 999 3296 enim
1022 3266 1056 3296 in
1079 3266 1185 3298 anima
1206 3271 1362 3299 monstrat

298 3311 438 3341 animam
461 3310 658 3342 Christianae
673 3311 846 3351 religionis,
870 3320 906 3340 ac
925 3320 982 3351 per
999 3310 1063 3341 hoc
1081 3307 1253 3350 obligatam
1269 3310 1361 3342 Chri-

296 3360 365 3390 sto,
389 3360 423 3387 et
445 3362 515 3389 non
537 3365 556 3389 e
579 3361 708 3389 contra:
740 3356 823 3387 sicut
849 3355 1009 3388 character
1034 3354 1176 3386 militaris
1206 3359 1362 3387 monstrat

297 3399 432 3432 militem
454 3399 650 3436 Romanum,
672 3405 708 3430 et
727 3398 802 3433 ideo
826 3399 1002 3439 obligatum
1018 3398 1155 3431 Caesari.
1180 3398 1360 3438 Argumen-

297 3448 368 3477 tum
399 3449 508 3478 autem
536 3444 636 3476 utitur
662 3443 871 3478 antecedente
893 3444 927 3475 in
951 3444 1056 3484 primo
1085 3451 1190 3475 sensu.
1225 3442 1261 3474 In
1293 3452 1359 3483 quo

2443 199 2491 247 37

1435 275 1540 311 etiam,
1564 280 1600 305 ut
1622 277 1723 316 prima
1746 282 1876 308 testatur
1898 279 2074 318 responsio,
2099 279 2209 310 falsam
2229 281 2391 311 constituit
2414 290 2492 311 con-

1435 318 1628 350 ditionalem.

1488 362 1541 392 VI.
1566 362 1659 393 Circa
1678 363 1812 394 eandem
1828 366 2070 404 responsionem
2094 366 2227 397 dubium
2243 367 2328 397 aliud
2344 369 2490 404 occurrit,

1434 405 1473 436 de
1496 407 1618 437 ratione
1641 408 1795 447 assignata
1818 409 1851 438 in
1874 409 1985 444 littera,
2009 410 2147 440 scilicet:
2171 410 2256 448 Quia
2283 411 2408 441 divinus
2424 413 2491 442 cul-

1433 455 1484 480 tus
1508 456 1554 480 est
1577 450 1734 490 quaedam
1757 450 1832 482 fidei
1850 454 2035 491 protestatio
2058 463 2115 493 per
2135 455 2287 484 exteriora
2303 456 2400 494 signa,
2416 456 2490 486 ideo

1433 494 1593 524 character
1616 500 1663 524 est
1684 495 1718 525 in
1741 495 1914 532 intellectu,
1938 497 1971 526 in
1995 506 2061 536 quo
2086 503 2132 527 est
2154 497 2242 528 fides.
2266 498 2299 528 Si
2315 499 2400 528 enim
2417 500 2490 530 cha—

1431 539 1543 568 racteri
1574 538 1798 578 assignandum
1829 545 1876 569 est
1906 540 2085 571 subiectum
2117 550 2154 571 ex
2181 541 2269 571 cultu
2297 541 2421 578 divino,
2452 543 2491 573 ad

1432 591 1530 622 quem
1553 583 1699 622 proxime
1722 582 1872 623 disponit,
1892 593 2093 624 consequens
2109 590 2156 615 est
2178 590 2214 615 ut
2229 586 2408 617 subiectum
2423 587 2491 618 eius

1431 626 1470 656 sit
1492 626 1638 657 illudmet
1665 626 1755 667 quod
1778 633 1824 657 est
1847 628 2027 659 subiectum
2049 629 2170 668 proprii
2193 634 2224 660 et
2245 630 2383 670 proximi
2404 631 2491 670 prin-

1431 670 1506 710 cipii
1528 670 1627 710 ipsius
1651 670 1765 707 cultus,
1789 672 1889 711 magis
1908 681 2005 711 quam
2028 671 2108 702 illud
2130 672 2220 712 quod
2243 678 2290 703 est
2312 673 2490 705 subiectum

1429 713 1577 753 principii
1594 715 1775 744 communis
1788 720 1819 745 et
1830 716 1945 745 remoti
1961 715 2104 746 eiusdem
2116 716 2229 746 cultus.
2247 716 2310 747 Sed
2324 718 2490 758 proprium

1430 758 1678 798 proximumque
1702 758 1806 788 cultus
1829 758 1890 789 Dei
1913 759 2106 799 principium
2130 765 2176 790 est
2198 760 2359 800 religionis
2381 762 2489 798 virtus,

1430 810 1512 841 quae
1536 806 1582 831 est
1604 802 1638 832 in
1660 802 1835 832 voluntate.
1859 803 1945 843 Ergo
1969 803 2139 840 character,
2156 805 2212 844 qui
2227 805 2370 844 potentia
2385 810 2432 836 est
2450 806 2490 838 ad

1429 844 1649 885 recipiendum
1671 846 1721 877 vel
1752 845 1943 877 tradendum
1969 856 2006 878 ea
2037 857 2120 887 quae
2146 853 2220 879 sunt
2243 849 2363 884 cultus,
2387 855 2434 880 est
2456 851 2490 882 in

1429 889 1610 920 voluntate:
1635 895 1667 920 et
1689 899 1756 920 non
1779 890 1813 921 in
1835 890 2008 927 intellectu,
2032 892 2066 922 in
2082 901 2148 931 quo
2173 897 2220 922 est
2238 891 2326 929 fides,
2343 902 2426 933 quae
2441 903 2489 924 re-

1428 938 1555 963 motum
1579 938 1626 963 est
1648 933 1843 974 principium
1866 935 1980 970 cultus,
1997 935 2072 975 quia
2087 935 2247 967 mediante
2262 936 2433 976 religione3
2459 944 2490 968 et

1429 986 1614 1014 commune,
1639 978 1714 1017 quia
1736 977 1815 1008 fides
1839 984 1989 1019 operatur
2011 978 2147 1010 mediate
2167 989 2204 1010 ea
2220 989 2302 1020 quae
2318 986 2391 1011 sunt
2406 982 2488 1012 mul-

1427 1026 1532 1051 tarum
1554 1022 1718 1058 virtutum,
1742 1027 1820 1062 puta
1842 1023 1920 1062 spei,
1945 1024 2090 1059 caritatis,
2113 1024 2285 1064 religionis,
2303 1030 2362 1055 etc.

1482 1065 1550 1095 V11.
1580 1065 1631 1096 Ad
1659 1066 1724 1096 hoc
1746 1066 1861 1097 dicitur
1893 1067 1983 1107 quod
2010 1068 2223 1098 characterem
2253 1069 2426 1099 convenire
2454 1070 2487 1099 in

1427 1109 1572 1141 subiecto
1596 1119 1672 1140 cum
1693 1109 1758 1141 fide
1779 1111 1880 1150 magis
1903 1120 2001 1151 quam
2024 1121 2099 1143 cum
2117 1112 2282 1152 religione,
2306 1122 2344 1143 ex
2360 1113 2487 1145 duobus

1426 1154 1510 1184 sumi
1532 1158 1648 1194 potest.
1672 1153 1790 1190 Primo,
1815 1163 1852 1185 ex
1869 1164 1908 1185 eo
1932 1155 2022 1195 quod
2040 1161 2105 1187 tam
2120 1155 2199 1187 fides
2214 1165 2312 1196 quam
2328 1157 2487 1189 character

1426 1197 1508 1228 inter
1529 1198 1685 1239 principia
1700 1198 1861 1238 religionis
1877 1205 2090 1240 computatur.
2115 1200 2268 1232 Universa
2282 1210 2423 1240 namque
2438 1210 2486 1232 re-

1425 1241 1502 1281 ligio
1526 1240 1591 1272 filia
1615 1247 1661 1272 est
1683 1241 1768 1278 fidei,
1793 1247 1824 1272 et
1847 1243 2005 1283 quaedam
2027 1243 2102 1274 fidei
2124 1245 2328 1284 protestatio:
2354 1254 2392 1275 ex
2413 1245 2486 1275 reli-

1425 1285 1522 1325 gione
1544 1295 1686 1326 namque
1709 1285 1877 1326 profitetur
1903 1287 2038 1327 quilibet
2059 1287 2157 1318 fidem
2179 1298 2280 1319 suam.
2315 1287 2486 1319 Character

1426 1338 1569 1369 quoque,
1593 1338 1669 1360 cum
1690 1331 1835 1369 potentia
1857 1332 1897 1361 sit
1919 1332 2020 1362 activa
2042 1331 2093 1362 vel
2114 1333 2238 1372 passiva
2260 1338 2391 1363 actuum
2414 1333 2485 1364 reli-

1423 1373 1539 1413 gionis,
1562 1374 1711 1413 principii
1733 1375 1891 1405 rationem
1913 1375 2019 1406 habet.

1479 1417 1640 1454 Secundo,
1665 1427 1703 1448 ex
1719 1428 1759 1448 eo
1782 1418 1871 1458 quod
1893 1424 1958 1449 tam
1974 1418 2054 1450 fides
2069 1429 2166 1460 quarn
2183 1420 2342 1451 character
2357 1422 2485 1462 respicit

1424 1461 1568 1493 divinum
1591 1461 1714 1492 cultum
1737 1461 1915 1493 secundum
1937 1462 1970 1494 id
1993 1463 2082 1503 quod
2103 1469 2162 1494 est:
2186 1464 2297 1504 religio
2314 1470 2420 1496 autem
2435 1475 2484 1496 re-

1423 1505 1516 1547 spicit
1535 1504 1679 1535 divinum
1703 1506 1825 1536 cultum
1848 1506 2027 1537 secundum
2042 1508 2198 1538 rationem
2213 1508 2301 1538 boni.
2326 1508 2383 1539 Est
2398 1510 2484 1540 enim

1422 1548 1533 1588 religio
1556 1549 1655 1579 virtus
1677 1550 1820 1585 moralis,
1845 1551 1935 1580 cuius
1959 1556 2005 1580 est
2028 1550 2163 1581 reddere
2183 1552 2343 1583 hominem
2366 1552 2483 1583 bonum

1422 1596 1455 1621 et
1475 1592 1545 1622 eius
1568 1601 1648 1631 opus
1670 1592 1788 1622 bonum
1810 1593 1941 1634 efficere
1956 1595 1982 1623 ³.
2021 1594 2098 1624 Fide
2130 1595 2216 1625 enim
2245 1601 2277 1625 et
2306 1596 2483 1627 charactere

1422 1636 1524 1666 homo
1546 1641 1654 1675 potest
1680 1636 1715 1666 in
1737 1642 1826 1667 actus
1852 1637 2030 1677 religionis:
2063 1638 2218 1679 religione
2245 1645 2353 1671 autem
2383 1641 2483 1671 homo

1422 1679 1505 1710 bene
1527 1689 1561 1709 se
1583 1680 1679 1710 habet
1701 1679 1741 1711 ad
1763 1680 1845 1710 illos.
1880 1681 1921 1711 Et
1943 1681 2018 1711 hinc
2041 1681 2077 1712 fit
2099 1688 2135 1712 ut
2157 1683 2317 1714 character
2339 1684 2485 1724 respiciat

1423 1722 1640 1754 Christianum
1659 1724 1783 1755 cultum
1801 1730 1837 1754 ut
1854 1724 2011 1764 professio
2028 1725 2185 1766 quaedam
2204 1726 2279 1758 fidei
2295 1732 2352 1763 est,
2369 1733 2400 1757 et
2417 1737 2485 1758 non

1421 1773 1458 1797 ut
1480 1767 1563 1798 bene
1585 1767 1635 1798 vel
1658 1768 1742 1798 male
1765 1767 1811 1798 fit.
1835 1768 1877 1798 Et
1898 1774 2067 1808 propterea
2090 1769 2130 1800 ad
2147 1769 2223 1800 fidei
2237 1771 2418 1802 subiectum
2433 1781 2485 1802 ac-

1422 1810 1515 1847 cedit,
1542 1816 1573 1842 et
1594 1821 1663 1842 non
1681 1817 1804 1852 spectat
1826 1811 1865 1842 ad
1888 1813 2068 1843 subiectum
2091 1814 2262 1853 religionis.

1476 1855 1528 1886 Ad
1546 1856 1764 1886 obiectionem
1779 1862 1887 1887 autem
1902 1857 1936 1887 in
1952 1858 2150 1898 oppositum,
2174 1858 2290 1889 dicitur
2304 1859 2394 1899 quod
2408 1868 2484 1899 pro-

1420 1900 1540 1939 positio
1555 1900 1625 1931 illa:
1645 1899 1682 1931 Si
1696 1901 1878 1932 characteri
1891 1901 2023 1933 debetur
2037 1902 2211 1934 subiectum
2226 1903 2354 1934 ratione
2369 1904 2483 1939 cultus,

1420 1943 1510 1975 debet
1529 1944 1643 1985 potius
1658 1945 1744 1985 poni
1766 1945 1798 1975 in
1817 1945 1956 1976 subiecto
1975 1946 2131 1986 principii
2139 1947 2288 1987 proximi
2303 1947 2402 1987 ipsius
2416 1948 2484 1978 cul-

1420 1993 1480 2024 tus,
1505 1998 1602 2029 quam
1619 1988 1776 2030 principii
1799 1989 1914 2021 remoti
1929 1989 2078 2026 eiusdem,
2101 1999 2175 2022 vera
2197 1990 2279 2022 forte
2303 1996 2350 2023 est
2371 1992 2484 2024 ceteris

1414 2032 1561 2072 paribus.
1593 2031 1656 2063 Sed
1677 2033 1730 2063 hic
1753 2042 1821 2063 non
1844 2038 1918 2063 sunt
1941 2038 2045 2064 cetera
2066 2035 2172 2075 paria:
2205 2035 2281 2075 quia
2308 2036 2412 2066 cultus
2434 2045 2482 2066 re-

1419 2077 1552 2117 spicitur
1578 2086 1596 2107 a
1618 2077 1776 2117 principio
1804 2078 1953 2117 proximo
1980 2083 2079 2118 prout
2101 2078 2183 2109 bene
2205 2078 2258 2109 vel
2279 2079 2363 2110 male
2389 2079 2440 2116 fit,
2465 2090 2483 2110 a

1420 2130 1485 2160 qua
1506 2121 1630 2151 ratione
1651 2121 1749 2161 longe
1771 2126 1819 2151 est
1842 2121 2018 2158 character3
2042 2132 2060 2152 a
2082 2123 2241 2163 principio
2257 2132 2334 2154 vero
2355 2129 2481 2154 remoto

1418 2165 1586 2205 respicitur
1608 2165 1787 2197 secundum
1809 2164 1842 2196 id
1865 2165 1954 2205 quod
1978 2171 2034 2202 est,
2057 2167 2093 2197 in
2110 2175 2175 2206 qua
2189 2167 2312 2198 ratione
2331 2169 2482 2199 convenit

1420 2210 1580 2241 character
1603 2218 1678 2240 cum
1701 2208 1774 2246 fide,
1792 2219 1875 2250 quae
1889 2215 1937 2240 est
1958 2210 2153 2250 principium
2167 2216 2330 2242 remotum
2345 2217 2377 2243 et
2391 2221 2481 2245 com-

1419 2263 1528 2285 mune.
1552 2253 1594 2284 Et
1615 2258 1785 2294 propterea
1806 2263 1875 2285 non
1897 2254 2040 2294 sequitur
2063 2255 2275 2286 characterem
2292 2265 2359 2286 esse
2374 2256 2409 2288 in
2423 2266 2481 2286 vo-

1419 2298 1557 2334 luntate,
1588 2297 1621 2327 in
1645 2307 1709 2337 qua
1738 2302 1785 2327 est
1806 2297 1934 2337 religio:
1966 2297 2022 2328 sed
2046 2298 2253 2330 vconcluditur
2282 2301 2479 2341 oppositum,

1419 2341 1541 2372 scilicet
1563 2351 1631 2372 esse
1653 2342 1687 2371 in
1709 2341 1884 2378 intellectu,
1908 2342 1942 2372 in
1965 2351 2032 2382 quo
2056 2348 2103 2373 est
2124 2341 2214 2374 fides.

1473 2386 1556 2416 VIII.
1581 2385 1675 2416 Circa
1691 2385 1826 2417 eandem
1844 2387 2087 2426 responsionem
2111 2386 2245 2419 dubium
2261 2397 2299 2418 ex
2315 2387 2479 2424 Durando,

1418 2431 1453 2460 in
1468 2430 1511 2461 IV
1527 2430 1625 2465 sent..
1650 2429 1720 2460 dist.
1736 2440 1778 2466 1v,
1794 2439 1849 2470 qu.
1869 2437 1898 2466 1,
1915 2431 2053 2461 occurrit
2068 2430 2107 2461 de
2124 2431 2267 2462 subiecto
2283 2431 2479 2468 characteris,

1419 2473 1509 2514 quod
1532 2475 1572 2504 sit
1593 2474 1737 2514 potentia
1760 2475 1934 2513 executiva.
1967 2474 2052 2513 Quia
2077 2475 2175 2506 virtus
2199 2474 2384 2515 perficiens,
2411 2486 2480 2508 non

1419 2518 1459 2549 ad
1482 2518 1746 2558 cognoscendum
1771 2527 1832 2550 nec
1855 2517 1895 2549 ad
1917 2518 2150 2559 appetendum,
2173 2518 2229 2550 sed
2258 2519 2298 2550 ad
2320 2529 2479 2563 exequen-

1419 2562 1507 2599 dum,
1530 2561 1627 2592 debet
1648 2563 1738 2602 poni,
1762 2572 1829 2592 non
1852 2563 1884 2592 in
1908 2562 2072 2594 intellectu
2094 2572 2154 2593 nec
2177 2564 2211 2593 in
2226 2563 2400 2600 voluntate,
2423 2564 2479 2595 sed

1417 2607 1451 2637 in
1473 2607 1619 2647 potentia
1642 2607 1815 2637 executiva.
1840 2606 2010 2637 Character
2032 2612 2139 2639 autem
2163 2612 2210 2639 est
2231 2607 2427 2644 huiusmodi,
2443 2614 2479 2639 ut

1417 2655 1514 2691 patet.
1538 2650 1634 2690 Ergo.

1471 2694 1524 2726 Ad
1546 2695 1609 2726 hoc
1633 2694 1747 2725 dicitur
1770 2694 1861 2734 quod
1883 2695 2095 2725 characterem
2118 2704 2185 2726 esse
2208 2696 2242 2726 iu
2257 2696 2318 2726 alia
2334 2697 2479 2736 potentia

1415 2748 1516 2780 quam
1533 2739 1713 2771 intellectus
1728 2739 1779 2769 vel
1794 2739 1976 2775 voluntatis,
1993 2744 2040 2769 est
2054 2739 2270 2779 impossibile:
2289 2741 2365 2780 quia
2380 2750 2477 2781 quae-

1416 2784 1494 2815 libet
1516 2783 1577 2815 alia
1598 2783 1743 2823 potentia
1766 2788 1812 2814 est
1834 2783 1868 2814 in
1891 2783 2085 2824 composito,
2112 2784 2272 2814 character
2301 2790 2409 2816 autem
2431 2790 2478 2815 est

1415 2828 1450 2858 in
1473 2827 1579 2860 anima
1601 2827 1802 2858 intellectiva.
1827 2826 1926 2864 Quod
1949 2837 1986 2857 ex
2002 2836 2042 2858 eo
2062 2832 2159 2868 patet,
2184 2827 2273 2868 quod
2296 2833 2342 2858 est
2364 2838 2476 2869 perpe-

1415 2876 1500 2907 tuus,
1524 2880 1692 2901 remanens
1715 2871 1749 2901 in
1772 2871 1877 2901 anima
1904 2876 2054 2910 separata.
2093 2870 2129 2901 In
2156 2872 2246 2902 cuius
2273 2872 2418 2911 signum,
2451 2873 2476 2902 si

1416 2916 1592 2955 baptizatus
1618 2920 1672 2945 aut
1695 2914 1859 2945 ordinatus
1878 2920 2063 2954 resurgeret,
2079 2924 2147 2945 non
2162 2916 2407 2956 rebaptizaretur
2421 2922 2476 2947 aut

1415 2958 1659 2989 reordinaretur.

1470 3001 1521 3032 Ad
1541 3002 1757 3032 obiectionem
1773 3007 1879 3032 autem
1900 3001 2015 3032 dicitur
2030 3001 2128 3042 quod,
2143 3002 2218 3032 licet
2232 3004 2334 3034 maior
2349 3004 2388 3034 sit
2402 3013 2475 3034 vera

1416 3045 1455 3077 de
1477 3045 1593 3076 virtute
1624 3055 1680 3076 seu
1710 3045 1838 3082 habitu,
1861 3055 1930 3076 non
1959 3051 2067 3076 tamen
2090 3051 2137 3076 est
2159 3055 2232 3077 vera
2258 3047 2298 3078 de
2321 3048 2474 3087 potentia.

1416 3090 1586 3120 Character
1609 3095 1717 3120 autem
1739 3099 1808 3120 non
1831 3095 1878 3120 est
1899 3090 1998 3120 virtus
2021 3095 2075 3120 aut
2092 3090 2227 3127 habitus,
2244 3090 2300 3121 sed
2322 3092 2474 3131 potentia.

1414 3135 1506 3164 Licet
1528 3135 1615 3164 enim
1636 3134 1762 3165 habitus
1785 3134 1819 3165 in
1841 3139 1930 3174 parte
1953 3135 2144 3165 intellectiva
2166 3135 2206 3165 sit
2223 3134 2263 3166 ad
2278 3144 2475 3175 cognoscen-

1416 3177 1494 3208 dum
1509 3177 1560 3208 vel
1583 3177 1812 3218 appetendum,
1828 3179 1972 3218 potentia
1986 3183 2095 3209 tamen
2110 3179 2256 3218 apposita
2271 3179 2310 3209 ad
2325 3185 2475 3210 neutrum

1415 3231 1483 3255 esse
1505 3227 1622 3262 potest,
1644 3222 1746 3255 immo
1769 3221 1880 3253 debet:
1905 3223 2060 3262 quoniam
2075 3222 2254 3255 intellectus
2269 3223 2338 3263 ipse
2360 3223 2476 3255 sufficit

1414 3276 1473 3306 pro
1496 3266 1642 3306 potentia
1663 3265 1703 3297 ad
1725 3265 1985 3305 intelligendum,
2017 3271 2048 3297 et
2070 3266 2216 3298 voluntas
2246 3277 2306 3308 pro
2330 3269 2475 3307 potentia

1415 3310 1455 3343 ad
1476 3308 1704 3350 appetendum.
1738 3309 1909 3347 Quocirca.
1935 3319 2010 3342 cum
2033 3310 2193 3342 character
2215 3311 2255 3342 sit
2276 3312 2419 3351 potentia
2441 3312 2475 3342 in

1413 3359 1503 3394 parte
1525 3354 1682 3394 superiori
1700 3354 1824 3386 animae
1847 3353 1887 3385 ad
1902 3353 2121 3394 recipiendum
2136 3354 2188 3387 vel
2202 3354 2391 3386 tradendum
2407 3356 2475 3386 cul-

1413 3404 1483 3432 tum
1506 3402 1735 3438 protestantem
1757 3396 1865 3433 fidem,
1889 3398 2114 3430 rationabiliter
2131 3400 2264 3440 ponitur
2281 3400 2314 3430 in
2328 3399 2473 3430 subiecto

1414 3441 1498 3478 fidei.
1522 3443 1615 3475 utin
1637 3442 1739 3474 littera
1761 3441 1885 3473 dicitur.

2510 1606 2522 1615 '¹
2535 1605 2633 1627 Aristar.
2644 1605 2721 1627 Ethic.

2511 1630 2550 1652 lib.
2569 1631 2598 1657 11,
2620 1637 2670 1663 cap.
2690 1639 2721 1658 vi,

2511 1663 2608 1705 stag-vs.
2630 1659 2654 1679 δ.
2676 1659 2719 1679 Th.
