2918 4088
467 203 545 249 254

522 279 658 309 Duobus
686 280 781 319 igitur
809 280 1057 319 congruentibus
1087 279 1235 320 populari
1258 279 1330 309 usui
1360 278 1454 308 huius
1478 287 1525 307 sa-

462 324 636 359 cramenti,
667 323 765 353 altero
797 333 835 354 ex
857 329 946 364 parte
969 324 1134 364 signorum
1157 323 1450 358 sacramentalium,
1482 322 1525 351 al-

467 372 535 397 tero
560 376 597 397 ex
620 372 709 407 parte
731 367 845 407 populi
869 368 1149 404 communicantis;
1174 369 1199 397 si
1222 373 1395 406 utrumque
1414 366 1526 405 nequit

466 410 639 451 prudenter
662 410 746 447 fieri,
771 411 979 452 appendenda
1001 417 1077 442 sunt
1099 412 1131 441 in
1155 416 1276 441 statera
1299 411 1374 440 hinc
1398 415 1429 440 et
1451 409 1524 440 inde

467 454 619 485 servanda
649 461 680 486 et
706 455 891 492 omittenda,
918 461 954 486 ut
981 455 1174 486 discernatur
1201 454 1278 495 quid
1304 455 1404 494 magis
1431 463 1525 493 expe-

467 498 521 529 dit.
546 499 586 529 Et
610 509 647 530 ex
670 509 735 530 una
758 499 889 540 quidem
912 505 1001 540 parte
1030 499 1239 539 appendenda
1263 503 1310 528 est
1337 498 1524 528 communio

466 543 630 583 popularis
653 544 712 574 sub
739 549 874 583 utraque
905 544 1010 587 specie
1041 552 1115 573 cum
1138 542 1281 583 periculo
1305 542 1525 572 irreverentiae

466 587 500 617 in
531 587 708 627 spargendo
741 589 929 627 sanguinem
962 587 1097 623 Christi;
1133 596 1171 617 ex
1201 586 1296 616 altera
1328 595 1404 616 vero
1437 591 1524 626 parte

467 631 677 672 appendenda
712 637 758 662 est
792 632 980 662 communio
1010 631 1172 671 popularis
1204 631 1263 660 sub
1295 631 1401 670 specie
1435 630 1525 669 panis

466 680 591 705 tantum
621 685 696 706 cum
725 681 793 706 tuta
821 676 995 706 reverentia
1027 675 1231 710 sacramenti;
1265 679 1296 704 et
1318 675 1380 710 sic,
1404 674 1525 714 perspi-

468 719 582 749 ciendo
615 719 814 750 conditiones
846 720 1012 760 utriusque
1043 720 1153 759 partis,
1178 718 1371 749 discernetur
1401 718 1524 748 veritas.

466 763 609 803 Apparet
631 768 748 799 autem,
772 763 938 803 diligenter
961 762 1203 798 considerando,
1224 762 1314 802 quod
1336 762 1524 792 communio

465 808 630 847 popularis
653 807 712 837 sub
735 812 870 847 utraque
900 808 1005 847 specie
1037 817 1111 837 cum
1139 807 1282 847 periculo
1306 806 1525 836 irreverentiae

466 851 561 881 habet
583 857 751 891 peccatum
775 851 927 891 sacrilegii
951 861 1120 886 annexum,
1140 850 1365 891 imputandum
1388 859 1455 880 non
1474 859 1526 880 so-

466 894 535 925 lum
557 895 792 925 irreverentiam
819 896 1049 931 committenti,
1080 894 1136 925 sed
1158 895 1283 935 populo
1308 899 1340 924 et
1365 894 1546 924 Ecclesiae-

465 939 658 969 rectoribus:
691 939 879 969 communio
912 944 1019 969 autem
1051 939 1215 978 popularis
1249 939 1307 968 sub
1340 939 1446 978 specie
1468 948 1524 978 pa-

465 983 515 1012 nis
537 988 662 1012 tantum
688 982 814 1012 nullum
841 983 935 1012 habet
961 991 1122 1012 annexum
1149 987 1335 1022 peccatum,
1358 982 1525 1012 nullumve

467 1025 631 1056 damnum.

520 1070 655 1099 Declaro
671 1069 804 1109 singula.
829 1069 870 1099 Et
888 1070 1004 1108 primo,
1028 1069 1179 1108 primum.
1203 1068 1303 1106 Quod
1318 1069 1404 1099 enim
1420 1078 1526 1108 popu-

464 1113 535 1142 laris
559 1114 747 1143 communio
772 1113 830 1143 sub
854 1117 989 1152 utraque
1012 1113 1119 1152 specie
1142 1113 1256 1142 habeat
1279 1121 1435 1142 annexam
1450 1113 1525 1142 irre-

463 1157 638 1186 verentiam
660 1157 864 1192 sacramenti,
896 1156 1089 1196 experientia
1110 1157 1216 1186 testari
1238 1161 1361 1195 potest,
1391 1161 1422 1185 et
1444 1156 1524 1186 ratio

463 1206 628 1230 monstrat.
663 1200 746 1230 Nam
769 1201 802 1230 in
825 1200 954 1240 populis
980 1205 1067 1230 tanta
1090 1205 1136 1229 est
1160 1199 1320 1230 diversitas
1344 1200 1525 1230 communi-

464 1245 607 1275 cantium
629 1249 665 1274 ut
687 1244 885 1286 impossibile
908 1245 964 1280 sit,
991 1244 1134 1274 humano
1158 1252 1249 1273 more
1272 1243 1312 1274 de
1335 1243 1525 1283 impossibili

462 1288 639 1328 loquendo,
663 1287 732 1318 fieri
756 1289 1021 1318 communionem
1036 1293 1085 1318 tot
1100 1287 1299 1327 populorum
1315 1288 1373 1317 sub
1390 1293 1524 1327 utraque

463 1333 570 1373 specie
593 1333 713 1372 absque
732 1331 888 1362 effusione
907 1332 1069 1372 sanguinis
1084 1332 1143 1362 sub
1160 1332 1266 1371 specie
1282 1332 1357 1361 vini.
1381 1349 1404 1353 —-
1426 1331 1525 1369 Quod

462 1386 539 1407 vero
562 1376 749 1407 huiusmodi
771 1376 972 1406 irreverentia
993 1376 1032 1406 sit
1047 1376 1201 1415 sacrilegii
1215 1380 1395 1415 peccatum,
1419 1385 1476 1415 per
1491 1385 1524 1406 se

462 1426 578 1451 notum
602 1426 664 1451 est:
697 1421 852 1460 quoniam
880 1425 927 1450 est
948 1420 1150 1450 irreverentia
1175 1420 1221 1450 rei
1244 1420 1479 1450 sacratissimae.
1502 1438 1525 1442 -

462 1465 531 1495 Nec
559 1470 726 1495 excusatur
756 1474 774 1494 a
796 1464 950 1504 sacrilegii
972 1464 1050 1494 vitio
1080 1469 1250 1504 propterea
1280 1463 1369 1503 quod
1394 1473 1463 1494 non
1486 1473 1524 1494 ex

461 1510 640 1550 proposito,
665 1508 721 1539 sed
744 1518 782 1538 ex
804 1508 962 1538 incautela
985 1513 1039 1538 aut
1057 1508 1179 1538 incuria
1201 1507 1387 1538 huiusmodi
1409 1508 1524 1538 irreve-

461 1554 562 1583 rentia
584 1552 707 1583 accidit.
732 1552 897 1590 Quoniam
921 1553 1043 1592 species
1066 1552 1189 1592 peccati
1212 1561 1251 1582 ex
1273 1552 1401 1582 obiecto
1425 1553 1523 1582 sumi-

459 1603 522 1634 tur,
547 1602 579 1627 et
601 1607 668 1627 non
692 1606 730 1627 ex
753 1597 923 1627 occasione
945 1595 1117 1636 peccandi:
1142 1597 1224 1626 sicut
1247 1605 1308 1626 nec
1327 1596 1524 1636 blasphemia

461 1642 523 1672 Dei
546 1651 564 1671 a
587 1651 644 1671 sua
666 1640 785 1671 recedit
808 1641 914 1680 specie
937 1641 1013 1680 quia
1034 1641 1162 1670 incaute
1185 1640 1308 1680 prolata
1327 1646 1390 1676 est;
1414 1641 1523 1671 huius-

460 1685 552 1716 modi
582 1686 668 1716 enim
698 1685 952 1715 circumstantiae
982 1689 1134 1715 excusant
1161 1694 1180 1714 a
1201 1689 1308 1720 tanto,
1336 1684 1392 1715 sed
1414 1694 1482 1715 non
1505 1694 1523 1714 a

461 1735 542 1760 toto.
565 1747 588 1751 —
611 1729 710 1767 Quod
740 1734 847 1759 autern
877 1728 1077 1768 sacrilegium
1100 1729 1163 1758 hoc
1192 1729 1368 1768 imputetur
1397 1729 1522 1768 populo

461 1779 493 1804 et
515 1774 691 1803 rectoribus
715 1773 893 1809 Ecclesiae,
918 1782 956 1803 ex
980 1782 1019 1803 eo
1043 1778 1131 1812 patet
1154 1772 1243 1812 quod
1266 1772 1451 1803 huiusmodi
1475 1783 1523 1803 sa-

461 1818 626 1857 crilegium
649 1827 716 1847 non
739 1822 786 1847 est
808 1817 890 1847 inter
913 1826 1004 1847 casus
1019 1817 1203 1857 inopinatos
1227 1822 1281 1847 aut
1303 1827 1374 1847 raro
1398 1818 1523 1848 contin-

460 1866 581 1902 gentes,
605 1862 687 1892 sicut
708 1862 791 1892 inter
806 1870 896 1891 casus
911 1871 982 1891 raro
998 1861 1220 1901 contingentes
1241 1866 1287 1891 est
1311 1861 1400 1901 quod
1422 1871 1524 1892 sacer-

461 1905 520 1936 dos
544 1906 715 1941 celebrans,
739 1905 818 1936 dum
841 1905 982 1945 seipsum
1005 1906 1233 1941 communicat,
1258 1905 1378 1945 aliquid
1400 1911 1525 1946 spargat

458 1950 621 1990 sanguinis
646 1949 774 1980 Christi.
803 1949 1039 1990 Imprudentiae
1063 1954 1171 1980 autem
1193 1950 1324 1979 rectoris
1347 1950 1524 1990 imputatur

461 1993 604 2025 defectus
626 2003 695 2024 non
717 2003 824 2030 rarus,
849 1994 874 2024 si
897 1998 1003 2034 potest
1026 1993 1194 2033 providere
1221 1998 1252 2024 et
1275 2003 1342 2024 non
1366 1994 1522 2034 providet.

460 2039 502 2069 Et
525 2038 667 2068 similiter
689 2037 814 2078 populo
831 2038 887 2078 qui
902 2037 1024 2068 mavult
1040 2047 1149 2068 casum
1164 2037 1318 2077 sacrilegii
1333 2047 1401 2068 non
1417 2047 1523 2068 rarum

460 2082 604 2112 accidere
626 2091 724 2122 quam
747 2082 902 2112 abstinere
925 2091 944 2112 a
963 2082 1194 2112 communione
1216 2082 1275 2112 sub
1299 2087 1434 2122 utraque
1453 2092 1524 2123 spe-

460 2127 519 2163 cie,
544 2126 771 2156 rationabiliter
793 2127 979 2166 imputatur.

515 2170 641 2200 Deinde
664 2170 840 2201 declaratur
863 2170 1051 2200 secundum.
1083 2170 1182 2208 Quod
1206 2171 1292 2201 enim
1318 2170 1352 2200 in
1376 2180 1523 2202 commu-

459 2215 559 2245 nione
582 2215 731 2255 populari
753 2215 812 2245 sub
836 2215 942 2254 specie
965 2215 1056 2254 panis
1078 2219 1203 2245 tantum
1216 2220 1219 2221 ’
1232 2214 1360 2245 nullum
1387 2215 1523 2245 interve—

422 2260 423 2263 ’
460 2259 527 2290 niat
549 2264 727 2299 peccatum,
752 2268 790 2289 ex
814 2268 853 2288 eo
878 2259 1079 2289 convincitur
1100 2258 1199 2298 quod,
1216 2259 1242 2288 si
1258 2259 1447 2290 communio
1463 2259 1522 2289 sub

224 2528 233 2538 ·
241 2526 266 2548 In
277 2532 316 2554 qu.
325 2526 435 2558 secunda.

221 3494 233 3504 '¹
245 3493 315 3515 Num.
331 3498 347 3514 ι.

460 2304 567 2343 specie
589 2303 680 2344 panis
703 2308 828 2333 tantum
845 2308 926 2333 esset
941 2308 1122 2342 peccatum,
1145 2312 1314 2343 nunquam
1330 2308 1412 2333 esset
1427 2303 1522 2334 licita.

462 2347 598 2378 Constat
616 2352 724 2377 autem
747 2346 836 2387 quod
851 2347 884 2377 in
899 2347 1070 2377 Parasceve
1094 2346 1242 2377 sacerdos
1257 2347 1316 2377 sub
1333 2347 1439 2387 specie
1455 2353 1523 2378 tan—

460 2397 531 2422 tum
554 2391 644 2432 panis
667 2391 894 2427 communicat,
917 2400 985 2421 non
1000 2391 1107 2421 solum
1125 2390 1219 2426 licite,
1236 2390 1292 2422 sed
1307 2396 1424 2422 sancte.
1449 2391 1524 2423 Non

462 2436 622 2475 estigitur
640 2435 828 2466 communio
852 2435 910 2465 sub
927 2435 1023 2465 altera
1038 2436 1144 2475 specie
1159 2440 1284 2466 tantum
1306 2440 1486 2475 peccatum.
1501 2454 1524 2458 —

461 2479 562 2517 Quod
585 2480 680 2510 etiam
702 2488 771 2509 non
793 2479 907 2509 habeat
929 2488 1090 2509 annexum
1117 2478 1288 2515 damnum,
1314 2489 1352 2510 ex
1378 2481 1523 2520 superius

462 2523 554 2554 dictis
569 2524 586 2540 ⁴*
608 2524 673 2554 iarn
688 2528 790 2563 patet:
808 2523 893 2563 quia,
910 2523 1021 2553 ceteris
1037 2523 1174 2563 paribus,
1190 2532 1258 2554 non
1274 2529 1322 2554 est
1335 2524 1442 2554 minus
1458 2523 1523 2554 fru-

462 2573 574 2598 ctuosa
607 2567 794 2598 communio
825 2567 884 2597 sub
914 2567 1011 2597 altera
1042 2567 1148 2607 specie
1179 2572 1304 2598 tanturn
1337 2576 1435 2607 quam
1463 2569 1522 2600 sub

462 2617 607 2651 utraque.

517 2655 565 2687 Ex
595 2655 712 2695 quibus
738 2654 904 2685 manifeste
935 2660 1065 2695 apparet
1094 2655 1194 2695 magis
1226 2654 1374 2695 expedire
1406 2655 1523 2686 Christi

460 2699 622 2730 Ecclesiae
646 2699 912 2730 communionem
935 2699 1050 2739 populi
1072 2699 1132 2729 sub
1155 2699 1262 2739 specie
1285 2700 1375 2739 panis
1398 2705 1522 2730 tantum

461 2753 559 2784 quam
581 2744 640 2774 sub
663 2749 808 2783 utraque.
828 2743 879 2778 Et,
896 2743 922 2773 si
937 2743 1150 2783 perspicacius
1166 2742 1402 2775 consideratum
1417 2743 1521 2781 fuerit,

458 2788 639 2818 invenietur
662 2797 700 2819 ex
722 2786 890 2827 praedictis
909 2786 998 2827 quod
1013 2787 1121 2818 utilior
1136 2792 1183 2817 est
1198 2787 1324 2827 populo
1341 2787 1521 2819 Christiano

461 2833 650 2862 communio
678 2832 736 2862 sub
765 2831 871 2871 specie
903 2832 994 2871 panis
1022 2836 1147 2862 tanturn
1178 2840 1275 2871 quam
1295 2832 1364 2862 *sub
1387 2838 1521 2872 utraque

460 2877 575 2916 specie.
611 2876 776 2914 Quoniam
803 2876 978 2906 reverentia
1009 2880 1096 2911 tuta,
1130 2876 1183 2906 cui
1213 2876 1358 2906 innititur
1379 2877 1521 2916 populus

460 2921 715 2951 communicatus
734 2920 793 2950 sub
809 2920 915 2960 specie
931 2920 1021 2960 panis
1037 2925 1172 2955 tantum,
1193 2929 1258 2950 non
1274 2925 1364 2951 caret
1378 2921 1522 2952 mercede

458 2972 540 2994 sua:
572 2970 603 2995 et
631 2963 804 3004 prudenter
831 2964 1069 2994 communicare
1099 2963 1295 2995 fructuosius
1326 2970 1372 2995 est
1398 2965 1520 3005 spiritui

460 3017 558 3048 quam
584 3009 691 3039 minus
713 3007 895 3048 prudenter.
930 3008 971 3038 Et
998 3007 1080 3038 forte
1109 3008 1143 3038 in
1169 3017 1309 3048 poenam
1335 3009 1521 3041 huiusmodi

458 3052 708 3092 imprudentiae,
731 3052 908 3082 incautelae
944 3061 980 3082 ac
1004 3052 1158 3092 sacrilegii
1181 3053 1386 3092 emergentis,
1411 3053 1520 3084 divino

458 3095 579 3126 iudicio
602 3096 793 3126 schismatici
816 3101 891 3126 sunt
912 3096 1026 3136 populi
1050 3097 1326 3128 communicantes
1341 3096 1438 3128 hodie
1460 3098 1519 3128 sub

459 3145 594 3179 utraque
618 3141 733 3180 specie.

515 3183 651 3224 Expedit
680 3184 775 3223 igitur
809 3183 994 3214 Christianis
1024 3184 1154 3224 populis
1189 3185 1426 3215 communicare
1460 3186 1519 3216 sub

459 3227 566 3266 specie
584 3227 675 3266 panis
690 3233 828 3258 tanturn:
854 3233 885 3258 et
900 3227 940 3258 ad
955 3227 1140 3259 evitandum
1155 3229 1308 3268 sacrilegii
1322 3229 1518 3268 periculum;

460 3275 492 3299 et
515 3269 554 3300 ad
569 3271 719 3300 meritum
741 3276 807 3301 tam
821 3270 1030 3307 obedientiae,
1047 3272 1194 3311 praelatis
1209 3271 1298 3303 Sedis
1314 3272 1519 3312 Apostolicae

461 3314 727 3344 communionem
741 3314 930 3344 habentibus
945 3315 1102 3354 parendo;
1119 3324 1216 3355 quam
1232 3316 1436 3352 reverentiae,
1452 3325 1520 3347 ma-

460 3356 641 3398 gnificando
660 3358 733 3398 plus
748 3363 980 3388 sacramentum
995 3358 1059 3389 hoc
1075 3368 1173 3398 quam
1188 3358 1337 3390 affectum
1351 3361 1519 3400 proprium

460 3400 501 3432 ad
522 3406 692 3442 utramque
716 3402 866 3442 speciem.

516 3445 567 3475 111.
590 3445 642 3475 Ad
663 3446 804 3485 primum
827 3454 902 3485 ergo
925 3445 958 3475 in
982 3446 1178 3485 oppositum,
1203 3445 1242 3476 de
1261 3446 1409 3485 exemplo
1426 3446 1519 3477 Chri-

461 3489 499 3519 sti
515 3490 541 3525 *‚
566 3488 680 3520 dicitur
703 3489 793 3529 quod
816 3489 950 3529 Spiritus
966 3488 1100 3520 Sanctus
1123 3489 1233 3520 docuit
1251 3494 1282 3520 et
1298 3489 1392 3520 docet
1407 3490 1518 3520 Eccle-

461 3533 540 3563 siam
570 3542 639 3564 non
669 3532 816 3574 expedire
844 3533 889 3563 illi
920 3533 1036 3563 imitari
1063 3542 1176 3564 ornnes
1206 3532 1406 3564 conditiones
1435 3543 1518 3573 quae

1118 202 1381 249 QUAESTIO
1410 200 1572 248 LXXX,
1602 201 1895 238 ARTICULUS
1923 202 1990 238 XII

1578 277 1817 308 intervenerunt
1839 279 1873 308 in
1896 278 2075 308 actionibus
2094 277 2221 309 Christi.
2245 278 2313 310 Nec
2329 279 2408 310 haec
2424 289 2484 320 ego
2501 281 2639 311 somnio.

1579 321 1642 351 Sed
1664 322 1831 352 manifeste
1853 327 1940 362 patet
1964 321 2127 352 Christum
2155 323 2190 352 in
2211 324 2314 362 prima
2335 324 2430 354 huius
2453 325 2641 355 sacramenti

1579 366 1819 396 consecratione
1844 371 1875 396 et
1894 365 2062 396 traditione
2079 365 2144 396 duo
2161 375 2308 403 servasse,
2325 367 2444 398 scilicet
2459 368 2549 408 quod
2566 374 2640 408 post

1579 418 1692 439 cenam
1707 410 1724 426 ⁴*
1748 410 1944 440 consecratio
1968 415 1999 440 et
2022 411 2210 441 communio
2233 410 2315 441 facta
2337 416 2393 447 est,
2415 417 2446 442 et
2468 411 2558 452 quod
2580 413 2639 443 sub

1578 458 1713 493 utraque
1729 454 1834 493 specie
1850 454 1866 470 ⁴*
1883 454 2200 484 communicaverunt
2222 464 2344 485 omnes.
2367 455 2510 486 Ecclesia
2533 461 2640 487 autem

1578 507 1646 527 non
1661 503 1736 537 post
1751 507 1873 533 cenam,
1890 497 1946 528 sed
1963 498 2080 534 ieiuna,
2100 499 2374 529 consecrationem
2390 505 2421 530 et
2437 501 2640 531 communio-

1578 550 1655 571 nem
1669 540 1803 581 perficit,
1819 551 1887 572 non
1902 541 2056 572 imitando
2074 541 2237 572 Christum
2254 543 2289 573 in
2303 543 2385 573 hoc:
2410 549 2441 574 et
2456 544 2570 584 procul
2581 543 2640 575 du—

1579 585 1633 615 bio
1649 586 1772 615 ratione
1787 586 1979 616 reverentiae
1994 586 2101 616 ieiuna
2117 587 2344 617 communicat.
2364 586 2398 618 Si
2412 587 2508 627 igitur
2523 587 2641 619 Christi

1579 630 1661 659 actio
1674 653 1681 666 ,
1711 629 1819 670 quoad
1848 630 1930 660 hanc
1958 629 2196 666 conditionem,
2229 640 2298 661 non
2324 631 2431 661 solum
2456 631 2557 668 licite,
2585 632 2641 662 sed

1578 674 1740 704 meritorie
1763 674 1920 704 omittitur
1952 674 1994 704 ob
2017 674 2226 704 reverentiam
2248 675 2326 705 tanti
2350 676 2554 712 sacramenti;
2584 685 2641 716 par

1579 723 1642 753 est,
1674 718 1716 748 ob
1739 719 1948 748 reverentiam
1971 717 2114 748 eiusdem
2137 719 2340 755 sacramenti,
2371 720 2518 750 omittere
2545 720 2641 750 etiam

1580 762 1709 792 alteram
1733 762 1963 798 conditionem,
1987 762 2121 798 scilicet,
2146 763 2204 792 sub
2227 768 2363 803 utraque
2385 764 2502 803 specie.
2537 764 2640 794 Immo

1579 806 1679 846 magis
1703 807 1891 837 communio
1914 806 2079 846 popularis
2111 807 2206 846 exigit
2238 808 2448 838 omissionem
2475 808 2642 848 utriusque

1579 851 1712 890 speciei,
1746 859 1844 890 quam
1872 851 2060 881 communio
2084 850 2256 882 sacerdotis
2279 851 2486 883 omissionem
2517 853 2642 882 sobriae

1578 894 1851 925 manducationis:
1877 895 2032 934 quoniam
2054 895 2106 925 hic
2129 895 2256 926 nullum
2273 901 2320 926 est
2341 896 2402 926 nisi
2426 905 2464 926 ex
2479 896 2642 927 Ecclesiae

1579 944 1696 969 statuto
1713 940 1729 955 ⁴
1745 939 1868 979 peccati
1890 939 2085 979 periculum;
2108 939 2152 969 ibi
2175 945 2283 970 autem
2298 940 2467 971 intervenit
2489 940 2642 980 sacrilegii

1578 983 1758 1022 periculum
1781 992 1819 1013 ex
1835 982 2022 1013 conditione
2045 984 2251 1014 sumentium.
2276 983 2381 1020 Unde,
2397 985 2479 1015 sicut
2497 984 2641 1015 Ecclesia

1578 1026 1711 1066 provide
1734 1027 1842 1057 statuit
1864 1033 1900 1057 ut
1922 1027 2022 1057 ieiuni
2037 1028 2326 1064 communicemus,
2350 1029 2393 1058 ita
2407 1028 2542 1068 provide
2558 1038 2641 1069 quo-

1579 1079 1643 1109 que
1667 1076 1768 1100 servat
1800 1076 1835 1100 ut
1857 1071 1916 1100 sub
1940 1072 2046 1111 specie
2068 1072 2160 1111 panis
2182 1077 2307 1102 tantum
2328 1073 2471 1112 populus
2493 1082 2641 1103 commu·

1578 1114 1673 1143 nicet.
1697 1114 1738 1143 Et
1760 1115 1794 1143 in
1817 1119 1956 1154 utroque
1979 1114 2088 1145 obedit
2107 1115 2245 1152 Christo,
2268 1126 2337 1146 non
2352 1116 2531 1147 secundum
2553 1117 2641 1147 simi-

1578 1157 1747 1187 litudinem
1769 1158 1912 1194 actionis,
1936 1157 1992 1188 sed
2015 1158 2194 1189 secundum
2208 1160 2421 1190 intentionem
2436 1161 2576 1201 agentis:
2601 1161 2641 1192 de

1578 1201 1757 1230 intentione
1789 1200 1948 1240 siquidem
1979 1200 2098 1232 Christi
2130 1208 2176 1232 est
2205 1205 2380 1234 reverentia
2412 1205 2512 1244 magis
2543 1214 2640 1245 quam

1579 1244 1716 1274 exterior
1738 1244 1912 1274 similitudo
1937 1246 2053 1284 operis.

1633 1288 1686 1318 IV.
1710 1287 1762 1318 Ad
1784 1287 1973 1325 secundum,
1998 1288 2038 1319 de
2062 1290 2210 1330 exemplo
2234 1291 2412 1330 primitivae
2435 1291 2597 1323 Ecclesiae
2612 1294 2640 1330 *‚

1578 1331 1693 1362 dicitur
1708 1332 1808 1372 quod,
1824 1332 1947 1362 ratione
1969 1333 2137 1373 paucitatis
2161 1333 2426 1371 Christianorum,
2445 1334 2542 1366 fiebat
2563 1341 2642 1368 tunc

2667 419 2677 429 ·
2692 417 2748 439 Luc.
2763 423 2814 445 etp.
2824 423 2871 440 xxii

2667 450 2726 466 vers.
2747 450 2791 470 zo;
2816 444 2827 466 1
2847 434 2882 466 ad

2668 470 2739 498 Cor„
2765 475 2816 498 cap.
2839 476 2880 498 xi,

2667 502 2879 551 Yffiztissapm„

2667 549 2879 577 vers.26‚27;Marc.
2897 573 2904 578 ,

2668 581 2718 603 cap.
2725 581 2772 602 xiv,
2779 581 2839 598 vers.
2845 581 2879 603 22,

2667 607 2700 629 23;
2707 602 2762 624 Luc.
2769 607 2818 630 etp.
2825 607 2880 630 xxa,

2667 634 2726 650 vers.
2741 634 2774 657 ις,
2788 634 2826 651 20.

2668 942 2882 996 ἓὲἓοῗὸὲὲίῗῗέῗέέτ

2666 995 2696 1018 11.

2667 1298 2754 1347 ἓῗιιιιι.
2767 1303 2782 1324 ι,
2793 1297 2886 1320 Secun-

1578 1377 1699 1416 absque
1722 1376 1866 1416 periculo
1891 1377 2045 1417 sacrilegii
2068 1378 2257 1408 communio
2283 1379 2342 1409 sub
2365 1384 2502 1419 utraque
2524 1381 2640 1420 specie.
2670 1375 2689 1380 '⁴

1577 1420 1673 1450 Nunc
1697 1426 1821 1456 autem,
1852 1421 1928 1460 quia
1950 1429 2019 1451 non
2041 1426 2148 1461 potest
2175 1422 2297 1462 absque
2319 1423 2474 1463 sacrilegii
2495 1424 2640 1464 periculo

1577 1470 1663 1495 tanta
1685 1464 1859 1495 multitudo
1882 1465 1997 1505 populi
2021 1466 2261 1496 communicare
2283 1467 2343 1497 sub
2366 1472 2502 1508 utraque
2524 1469 2641 1508 specie,

1577 1518 1645 1539 non
1661 1508 1788 1548 expedit
1802 1509 1918 1539 imitari
1932 1509 1966 1539 in
1981 1509 2045 1540 hoc
2060 1510 2254 1549 primitivam
2269 1511 2455 1542 Ecclesiam.
2471 1529 2495 1534 -
2509 1512 2552 1542 Et
2565 1522 2642 1545 cum
2670 1536 2673 1538 -
2704 1535 2705 1539 ,
2722 1532 2724 1535 v
2740 1515 2753 1533 s
2771 1531 2774 1541 ,
2787 1532 2790 1534 v
2804 1512 2818 1541 ζ’
2832 1526 2835 1528 -

1577 1553 1637 1583 hac
1660 1553 1871 1593 responsione
1886 1553 1960 1583 satis
1975 1552 2011 1583 fit
2027 1555 2220 1593 argumentis
2243 1555 2394 1586 omnibus
2409 1564 2448 1586 ex
2462 1549 2642 1588 imitatione

1577 1597 1767 1637 priscorum,
1791 1602 1823 1627 et
1845 1602 1911 1627 tam
1934 1596 2102 1628 diuturnae
2125 1599 2367 1630 consuetudinis
2390 1600 2540 1640 antiquae
2556 1601 2583 1631 “’.

1632 1641 1744 1671 Posset
1758 1646 1867 1672 tamen
1882 1641 1980 1678 aliter,
1997 1647 2028 1672 et
2043 1641 2125 1672 forte
2139 1643 2255 1679 verius,
2270 1643 2393 1674 utendo
2409 1644 2504 1674 etiam
2518 1645 2642 1676 intime

1578 1685 1680 1715 dictae
1703 1685 1939 1725 responsionis,
1971 1685 2033 1716 dici
2060 1685 2151 1726 quod
2180 1696 2349 1727 nunquam
2370 1686 2431 1718 fuit
2457 1689 2642 1720 universalis

1578 1729 1780 1760 consuetudo
1803 1731 1837 1760 in
1859 1734 1927 1759 tota
1949 1729 2092 1760 Ecclesia
2116 1731 2376 1762 communicandi
2398 1732 2560 1772 populum
2581 1733 2642 1764 sub

1578 1779 1713 1813 utraque
1736 1774 1862 1814 specie:
1886 1773 1942 1804 sed
1965 1773 2082 1804 alicubi
2104 1773 2165 1805 fuit
2179 1775 2243 1806 hoc
2259 1781 2461 1812 consuetum,
2478 1782 2510 1807 et
2524 1777 2642 1813 alicubi

1577 1827 1655 1848 non.
1679 1818 1715 1848 In
1731 1818 1823 1848 cuius
1838 1817 1975 1848 veritatis
1998 1818 2136 1858 signum,
2158 1819 2194 1849 in
2212 1820 2373 1859 primitiva
2387 1820 2531 1851 Ecclesia
2553 1821 2642 1852 aliter

1576 1862 1712 1902 legimus
1735 1861 1852 1892 factam
1874 1863 2142 1893 communionem
2165 1863 2417 1904 Hierosolymis,
2441 1869 2475 1895 et
2495 1865 2589 1896 aliter
2605 1866 2640 1897 in

1578 1906 1711 1936 ecclesia
1735 1905 1994 1936 Corinthiorum:
2026 1906 2112 1947 apud
2135 1906 2323 1938 Corinthios
2346 1908 2434 1938 enim
2459 1909 2641 1940 communi·

1577 1950 1692 1981 cabant
1713 1950 1772 1981 sub
1796 1955 1932 1991 utraque
1955 1951 2072 1990 specie,
2095 1955 2132 1981 ut
2154 1955 2242 1991 patet
2265 1951 2276 1982 Ι
2301 1951 2344 1982 ad
2361 1951 2439 1983 Cor.
2455 1961 2487 1983 x1
2501 1953 2536 1989 ‘3
2563 1953 2640 1984 Hie-

1576 1993 1746 2035 ros'olymis
1769 2003 1845 2024 vero
1876 1994 1945 2024 sola
1967 1995 2025 2024 sub
2050 1995 2156 2034 specie
2180 1995 2271 2035 panis
2294 1997 2486 2028 communio
2507 1997 2640 2038 lfflimrf,

1576 2043 1613 2069 ut
1634 2043 1722 2078 patet
1743 2039 1813 2069 Act.
1830 2048 1853 2068 11
1867 2039 1894 2074 *,
1918 2038 1974 2068 ubi
1998 2037 2131 2069 dicitur:
2154 2038 2263 2070 Erant
2276 2044 2383 2070 autem
2394 2046 2641 2080 perseverantes

1577 2083 1610 2113 in
1638 2083 1788 2113 doctrina
1810 2082 2056 2122 Apostolorum,
2087 2088 2119 2113 ee
2149 2084 2440 2115 communicatione
2459 2085 2641 2127 fractionis

1570 2127 1680 2167 panis,
1704 2131 1736 2157 et
1757 2126 1970 2158 orationibus.
1993 2126 2071 2158 Post
2085 2135 2270 2159 successum
2292 2132 2639 2170 quoque'tempomm,

1577 2176 1751 2211 utrumque
1775 2180 1909 2211 quoque
1922 2170 2059 2210 legimus
2075 2171 2108 2202 in
2120 2171 2218 2202 sacris
2233 2172 2412 2204 canonibus
2418 2183 2430 2204 ·:
2454 2183 2531 2204 nam
2551 2174 2640 2206 invt-

1576 2216 1663 2246 nitur
1685 2215 1869 2246 communio
1894 2215 1979 2246 laica
1994 2216 2021 2251 ⁹,
2046 2224 2131 2255 quae
2146 2217 2336 2247 communio
2352 2217 2413 2248 sub
2427 2218 2535 2258 specie
2548 2218 2640 2258 punis
2667 2223 2678 2233 ·

1577 2265 1703 2290 tantum
1725 2260 1964 2299 interpretatum
1997 2265 2028 2290 et
2050 2260 2211 2291 invenitur
2233 2260 2324 2300 quod
2345 2261 2640 2300 pomimfibm‹-m

1577 2309 1720 2335 extremo
1735 2303 1945 2334 Eucharistia
1961 2303 2158 2345 infundatur
2171 2305 2205 2340 *‚'
2215 2304 2305 2344 quod
2319 2304 2359 2335 ad
2374 2306 2639 2337 communionem

1578 2348 1683 2379 calicis
1712 2353 1855 2388 spectare
1884 2353 2025 2383 constat,
2055 2348 2211 2387 quoniam
2240 2347 2367 2379 infundi
2393 2349 2558 2389 liquorum
2580 2355 2638 2381 est.

1578 2391 1672 2423 Unde
1694 2391 1819 2423 videtur
1851 2391 1942 2431 quod
1963 2397 2188 2431 argumentum
2214 2401 2253 2423 ex
2268 2393 2444 2424 'universali
2467 2400 2639 2429 consuetu·

1578 2436 1652 2467 dine
1674 2437 1829 2476 supponit
1851 2434 1976 2466 falsum.
2001 2435 2104 2466 Immo
2129 2445 2168 2467 ex
2183 2436 2314 2468 exordio
2330 2437 2509 2477 primitivae
2527 2438 2639 2470 Eccle-

1576 2481 1658 2516 siae,
1689 2479 1820 2520 quando
1851 2488 1964 2510 omnes
1986 2480 2082 2510 simul
2112 2486 2200 2511 erant
2222 2481 2390 2521 Apostoli,
2414 2486 2639 2522 argumentum

1577 2525 1713 2555 sumitur
1736 2523 1776 2555 ad
1799 2524 2004 2564 oppositum,
2033 2533 2071 2554 ex
2093 2525 2156 2555 hoc
2179 2525 2251 2564 ipso
2281 2524 2371 2565 quod
2393 2525 2637 2567 Hierosolymis.

1577 2569 1632 2598 ubi
1656 2573 1722 2598 erat
1744 2577 1859 2608 magna
1882 2568 2055 2598 multitudo
2079 2567 2224 2599 fidelium
2239 2570 2266 2605 ³,
2282 2569 2352 2600 sola
2373 2570 2563 2601 communio
2576 2571 2638 2602 sub

1577 2613 1683 2652 specie
1706 2613 1797 2652 panis
1819 2611 1932 2642 tradita
1953 2612 2078 2652 populo
2101 2612 2225 2652 legitur.
2250 2613 2335 2644 Hinc
2350 2614 2447 2650 enim,
2462 2619 2528 2645 tam
2542 2615 2639 2646 vehe-

1577 2662 1700 2687 menter
1731 2661 1823 2687 aucta
1853 2656 2060 2687 multitudine
2090 2655 2251 2693 fidelium,
2271 2657 2434 2688 imitamur
2459 2657 2639 2690 doctrinam

1577 2701 1725 2732 omnium
1736 2700 1980 2741 Apostolorum,
1993 2701 2264 2732 communicando
2279 2702 2441 2742 populum
2456 2703 2521 2733 sub
2531 2703 2639 2743 spen‘e

1576 2746 1667 2786 panis
1690 2750 1825 2775 tantum.
2605 2762 2618 2776 a

1630 2789 1672 2819 Et
1693 2789 1769 2820 licet
1791 2789 1870 2819 ratio
1887 2794 2016 2828 sumpta
2030 2798 2069 2819 ex
2084 2794 2171 2820 tanta
2185 2789 2452 2830 multiplicatione
2468 2789 2638 2822 Chrisunni

1575 2833 1691 2873 populi
1713 2834 1753 2864 sit
1775 2832 1916 2863 solidum
1937 2842 1975 2864 ac
1996 2833 2208 2873 praecipuum
2229 2833 2477 2865 fundamentum
2500 2839 2636 2865 consu&

1575 2877 1694 2909 tudinis
1717 2876 1978 2908 communicandi
1999 2877 2159 2917 populum
2182 2878 2242 2908 sub
2260 2878 2366 2918 specie
2388 2878 2479 2918 panis
2500 2881 2636 2915 tantum,

1575 2926 1685 2962 posset
1705 2921 1915 2959 nihilominus
1938 2921 2124 2952 secundaria
2138 2922 2218 2952 ratio
2241 2922 2390 2962 assignari
2413 2930 2512 2962 quare
2534 2921 2635 2953 eccle—

1570 2966 1639 2996 siae
1669 2974 1751 3006 quae
1776 2965 1854 2996 olim
1883 2966 1943 2996 sub
1966 2970 2101 3006 utraque
2123 2966 2230 3005 specie
2253 2966 2518 2997 communionem
2539 2964 2636 2997 facie-

1575 3010 1661 3045 bant,
1685 3009 1872 3040 destiterunt
1894 3010 1933 3040 ab
1956 3009 2009 3040 illa
2028 3009 2279 3041 consuetudine:
2303 3018 2342 3040 ex
2365 3008 2493 3040 defectu
2515 3009 2636 3041 scilieet

1575 3053 1707 3085 fervoris
1730 3059 1761 3084 et
1784 3053 1964 3085 devotionis
1986 3054 2020 3084 in
2037 3053 2177 3093 populis.
2202 3053 2246 3084 Ut
2267 3053 2354 3084 enim
2376 3053 2410 3083 in
2432 3053 2636 3093 praecedenti

1574 3098 1762 3138 quaestione
1777 3098 1794 3115 *
1817 3097 1938 3128 dictum
1962 3102 2018 3133 est,
2042 3097 2231 3128 communio
2254 3097 2313 3127 sub
2336 3101 2472 3137 utraque
2486 3098 2593 3138 specie
2608 3099 2635 3129 si

1573 3141 1768 3172 fructuosior
1791 3151 1859 3172 esse
1882 3141 1976 3171 debet
1999 3150 2096 3180 quam
2120 3141 2307 3171 communio
2331 3141 2390 3171 sub
2414 3142 2521 3182 speeie
2542 3143 2634 3182 panis

1573 3190 1714 3221 tantum,
1739 3185 1899 3225 duplicata
1921 3184 2039 3216 debent
2061 3189 2129 3215 esse
2150 3184 2346 3215 incrementa
2368 3185 2505 3225 spiritus.
2540 3185 2634 3224 Quae

1574 3239 1650 3260 curn
1672 3228 1855 3265 defecerint,
1873 3227 2007 3268 provide
2024 3233 2090 3263 tam
2105 3233 2213 3268 pastor
2228 3228 2390 3259 Ecclesiae
2406 3239 2503 3269 quam
2526 3239 2633 3270 popu-

1573 3273 1622 3305 lus
1645 3272 1870 3304 abstinendum
1891 3281 1910 3302 a
1933 3272 2163 3303 communione
2186 3272 2405 3313 sub-utraque
2427 3274 2534 3314 specie
2558 3283 2632 3305 cen-

1572 3317 1646 3352 suit,
1668 3315 1930 3356 recognoscendo
1953 3315 2263 3347 communicantium
2285 3316 2572 3356 imperfectionem.

1627 3360 1668 3390 Et
1691 3359 1780 3400 quod
1802 3359 1987 3391 huiusmodi
2005 3358 2282 3399 imperfectionem
2306 3360 2504 3392 Christianae
2525 3362 2632 3394 incuc-

1571 3405 1668 3434 rerint
1690 3403 1852 3439 ecclesiae,
1876 3413 1915 3434 ex
1930 3403 1994 3434 hoc
2009 3408 2139 3443 apparet
2162 3403 2252 3444 quod
2275 3405 2327 3435 vix
2349 3405 2491 3446 populus
2510 3406 2632 3447 simpli-

1571 3456 1642 3478 cem
1660 3447 1935 3487 praeparationem
1958 3446 2032 3478 facit
2047 3456 2106 3487 pro
2123 3449 2355 3480 communione
2371 3449 2470 3480 semel
2484 3450 2518 3480 in
2534 3459 2630 3481 anno.

1571 3490 1671 3528 Quod
1693 3500 1769 3521 vero
1793 3490 1871 3520 olim
1895 3490 2051 3521 excellens
2074 3491 2169 3522 fuerit
2191 3491 2354 3532 profectus
2377 3494 2521 3534 spiritus,
2544 3499 2632 3534 patet

1571 3539 1602 3564 et
1626 3544 1663 3564 ex
1688 3543 1727 3564 eo
1751 3534 1840 3574 quod
1863 3534 2017 3575 quotidie,
2042 3541 2096 3566 aut
2119 3536 2210 3576 quasi
2233 3536 2387 3576 quotidie,
2412 3539 2631 3570 communica-

2669 1605 2679 1616 '
2692 1604 2761 1632 leid..
2777 1604 2870 1628 Tertio.
2911 1598 2918 1661 j

2911 1666 2918 1728 1

2668 1960 2678 1971 ·
2693 1958 2759 1982 Vm.
2771 1960 2800 1982 ²6
2813 1965 2868 1988 sqq.

2667 2049 2810 2078 'Ver-04¹4*
2847 2047 2877 2055 ''

2685 2221 2884 2271 camsrqmw-

2663 2253 2762 2324 ”Q
2738 2248 2880 2303 m

2667 2304 2719 2323 mo
2763 2327 2768 2332 ¹

2666 2327 2895 2384 &affimat-V

2665 2383 2707 2402 un.
2715 2396 2722 2408 ‚
2735 2380 2765 2403 ιι.
2779 2380 2878 2404 misai-

2665 2409 2712 2429 nu.
2735 2412 2787 2430 eun.
2800 2412 2880 2436 mm

2665 2422 2796 2481 Ιδιὶἆίοουι.
2805 2449 2812 2461 ,
2827 2437 2892 2457 ean.¹

2665 2474 2760 2509 ''Gdna
2769 2485 2879 2515 Carth-2.
2890 2479 2892 2482 ’

2665 2511 2706 2539 1v,
2721 2517 2771 2541 cap.
2787 2519 2864 2536 um.

2665 2575 2676 2586 ·
2697 2574 2749 2596 Act.
2772 2579 2823 2603 etp.
2843 2580 2877 2603 u,

2665 2606 2724 2623 ven.
2731 2607 2774 2628 4²3
2787 2606 2879 2629 σιμπ,

2664 2632 2724 2649 vm.
2737 2633 2760 2654 4.

2661 3103 2672 3114 *
2685 3101 2756 3125 Num.
2772 3109 2819 3126 xvi.
