2878 4088
1387 156 1552 193 INDEX

571 229 766 263 QUAESTIO
793 230 1237 266 QUINQUAGESIMASEXTA

516 278 564 308 De
585 279 828 315 impedimento
849 281 1067 316 cognationis
1089 282 1290 318 spiritualis.

367 349 438 372 ΛΒΤ.
458 351 470 371 1
541 344 643 372 Utrum
659 344 813 380 spiritualis
827 345 963 382 cognatio
979 346 1196 375 matrimonium
1211 347 1264 375 im·
1318 377 1321 379 ,

578 384 684 420 pediat.
716 405 1262 416 ...................
1289 396 1363 427 pag.
1379 396 1433 416 112

411 434 425 449 ι
457 431 488 451 11.
541 424 643 451 Utrum
659 433 709 460 per
725 425 818 452 solum
839 425 1015 461 baptismum
1029 426 1184 462 spiritualis
1197 437 1266 464 pro-

578 464 723 500 pinquitas
738 465 924 493 contrahatur
926 486 1261 495 ............
1316 479 1330 493 ι
1379 468 1430 496 113

409 513 425 528 v
455 511 496 531 111.
539 504 641 531 Utrum
663 504 798 541 cognatio
812 505 965 541 spiritualis
987 507 1174 534 contrahatur
1190 507 1264 535 inter

576 543 779 580 suscipientem
794 552 1007 573 sacramentum
1026 546 1160 582 baptismi
1175 553 1203 575 et
1223 547 1263 575 le-

576 591 692 612 vantem
713 585 750 612 de
771 594 853 613 sacro
869 585 947 613 fonte
950 606 1261 615 ...........
1316 598 1330 613 »
1378 596 1432 622 ¹14

407 632 423 648 ι
456 631 495 651 rv.
537 624 639 651 Utrum
669 625 803 661 cognatio
824 624 978 661 spiritualis
1005 632 1132 654 transeat
1155 635 1173 654 a
1199 626 1261 654 viro

578 663 607 691 in
633 673 763 692 uxorem.
796 685 1258 695 ................
1311 676 1327 692 »
1391 666 1430 694 ib.

409 712 424 728 ›
456 710 485 730 v.
537 703 640 731 Utrum
655 704 791 741 cognatio
812 705 966 741 spiritualis
980 712 1106 734 transeat
1127 707 1165 734 ad
1185 705 1260 734 filios

575 744 704 772 carnales
724 744 812 781 patris
826 744 980 781 spiritualis
982 766 1260 774 ..........
1313 756 1328 771 ²
1392 745 1431 773 ib.

546 807 740 841 QUAESTIO
768 809 1252 844 QUlNQUAGESlMASEPTIMA

435 855 484 886 De
506 857 712 892 cognatione
733 858 847 894 iegati,
861 866 950 894 quae
971 859 1029 888 est
1048 865 1109 894 per
1130 858 1361 896 adoptionem.

363 920 433 942 ART-
455 922 475 942 1.
537 915 640 942 Utrum
654 915 859 942 convenienter
873 915 993 951 adoptio
1008 915 1169 944 definiatur.
1193 938 1200 945 .
1222 938 1229 945 .
1251 938 1258 945 .
1312 927 1328 943 ι
1375 918 1427 946 115

406 963 422 979 ι
454 961 484 982 11.
535 954 639 982 Utrum
671 963 705 982 ex
732 954 891 990 adoptione
923 956 1109 984 contrahatur
1139 956 1260 994 aliquod

572 993 718 1021 vinculum
750 993 912 1030 impediens
940 995 1168 1024 matrimonium.
1192 1019 1198 1025 .
1222 1018 1229 1026 .
1252 1018 1259 1026 .
1313 1007 1328 1023 ›
1375 999 1429 1026 116

404 1042 420 1057 »
451 1040 493 1060 111.
535 1034 636 1061 Utrum
663 1033 727 1061 talis
748 1033 884 1072 cognatio
907 1044 966 1063 non
994 1037 1180 1064 contrahatur
1204 1036 1259 1065 nisi

571 1073 645 1101 inter
666 1080 777 1110 patrem
804 1075 992 1111 adoptantem
1014 1082 1042 1103 et
1068 1075 1158 1104 filium
1186 1077 1258 1105 ado-

571 1119 683 1149 ptatum
686 1135 1258 1145 ....................
1312 1128 1327 1143 ›
1390 1117 1428 1146 ib.

543 1183 738 1217 QUAESTIO
769 1184 1248 1218 QUINQUAGESIMAOCTAVA

521 1232 571 1261 De
589 1232 842 1269 impedimentis
863 1233 1074 1270 frigiditatis,
1094 1235 1269 1271 maleficii,

413 1270 525 1302 furiae
546 1273 603 1301 vel
623 1273 807 1307 amentiae,
820 1274 986 1308 incestus.
1001 1276 1038 1304 et
1059 1275 1214 1306 defectus
1235 1278 1378 1307 aetatis.

359 1347 428 1368 ART.
449 1348 470 1368 1.
531 1340 635 1368 Utrum
656 1339 794 1376 frigiditas
810 1340 1028 1369 matrimonium
1050 1342 1196 1379 impediat.
1219 1365 1225 1371 .
1249 1365 1256 1371 .
1310 1355 1325 1370 ι
1387 1344 1425 1373 ib.

400 1388 416 1406 a
448 1387 479 1407 11.
531 1380 634 1408 Utrum
657 1379 831 1411 maleficium
852 1380 944 1417 possit
965 1382 1182 1410 matrimonium
1204 1383 1257 1411 im-

568 1419 667 1456 pedire
669 1441 1254 1451 ....................
1309 1435 1323 1450 »
1371 1433 1424 1461 117

400 1469 415 1485 »
447 1467 489 1487 111.
531 1460 634 1488 Utrum
655 1459 728 1488 furia
749 1459 888 1496 impediat
905 1461 1124 1490 matrimonium
1131 1484 1253 1492 .....
1308 1474 1323 1489 ι
1370 1473 1379 1491 1
1391 1464 1423 1492 18

398 1509 415 1525 ι
447 1507 486 1527 xv.
528 1500 630 1528 Utrum
652 1499 778 1528 incestus
793 1510 852 1537 quo
874 1501 938 1538 quis
953 1502 1102 1538 cognoscit
1122 1511 1255 1531 sororem

566 1538 664 1567 uxoris
678 1549 757 1575 suae,
772 1540 990 1570 matrimonium
1008 1541 1124 1570 dirimat
1126 1563 1253 1571 .....
1306 1553 1322 1569 »
1385 1543 1423 1572 ib.

397 1589 413 1605 ι
446 1587 474 1607 v.
526 1580 628 1608 Utrum
661 1580 788 1608 defectus
812 1581 913 1609 aetatis
934 1581 1074 1618 impediat
1104 1582 1253 1610 matrimo-

566 1629 648 1647 mum
651 1640 1255 1651 .....................
1307 1633 1322 1649 ›
1370 1632 1424 1660 119

567 1691 762 1726 QUAESTio
784 1692 1211 1727 QUINQUAGESIMANONA

395 1740 446 1770 De
467 1739 673 1778 disparitate
694 1741 808 1771 cultus
828 1749 916 1778 quae
938 1742 1189 1772 matrimonium
1209 1744 1384 1781 impediat.

527 1806 630 1833 Utrum
652 1805 744 1833 fidelis
765 1805 856 1841 possit
880 1806 1100 1835 matrimonium
1122 1817 1188 1836 cum
1209 1808 1252 1836 in-

564 1844 640 1872 fideli
656 1845 826 1873 contrahere
829 1867 1249 1876 ...............
1303 1860 1318 1876 »
1382 1850 1422 1879 ib.

525 1885 629 1913 Utrum
650 1884 725 1913 inter
748 1884 879 1913 infideles
906 1885 999 1922 possit
1019 1895 1083 1915 esse
1102 1887 1251 1916 matrimo-

564 1924 646 1952 nium
648 1946 1247 1957 .....................
1301 1939 1317 1956 a

527 1965 629 1993 Utrum
661 1963 767 1993 coniux
793 1974 949 1993 conversus
978 1966 1015 1993 ad
1044 1965 1129 1994 fidem
1159 1967 1251 2003 possit

564 2013 749 2033 commanere
776 2013 842 2032 cum
874 2014 963 2033 uxore
992 2004 1100 2034 infideli
1131 2007 1248 2036 nolente

563 2043 706 2079 converti,'
722 2053 788 2072 cum
810 2053 869 2082 qua
889 2045 919 2072 in
940 2045 1108 2074 infidelitate
1135 2054 1250 2076 contra-

563 2091 643 2113 xerat
645 2105 1248 2116 .....................
1301 2099 1316 2115 »
1380 2088 1419 2118 ib.

523 2124 626 2152 Utrum
647 2123 740 2152 fidelis
761 2133 917 2152 conversus
931 2125 1023 2161 possit
1042 2135 1163 2154 uxorem
1174 2127 1248 2162 jnfi-

562 2164 656 2192 delem
677 2163 820 2192 dimittere
833 2164 978 2193 volentem
1000 2166 1170 2195 cohabitare*
1188 2167 1250 2196 sine

565 2204 742 2232 contumelia
763 2204 909 2233 Creatoris
913 2227 1244 2236 ............
1300 2220 1314 2235 »

522 2244 626 2272 Utrum
655 2244 746 2272 fidelis
773 2245 924 2274 discedens
956 2246 992 2274 ab
1019 2255 1109 2275 uxore
1140 2247 1249 2276 infideli

560 2284 652 2321 possit
672 2285 758 2313 aliam
786 2285 891 2314 ducere
912 2285 942 2313 in
963 2295 1084 2314 uxorem
1087 2308 1246 2316 ......
1301 2300 1316 2315 z

521 2325 625 2352 Utrum
639 2324 695 2353 alia
715 2324 781 2352 vitia
805 2325 918 2354 solvant
935 2325 1152 2355 matrimonium
1175 2327 1248 2356 sicut

560 2371 588 2393 et
615 2365 778 2393 infidelitas.
809 2387 1245 2396 ...............
1301 2380 1316 2395 ²
1378 2369 1417 2398 ib.

655 2437 848 2472 QUAESTIO
874 2437 1117 2467 SEXAGESIMA

745 2488 795 2516 De
815 2487 1022 2518 uxor-icidio.

354 1815 424 1836 ART.
445 1815 465 1834 1.

1366 1938 1421 1958 izo

1363 2217 1413 2238 121

1364 2297 1417 2317 122

519 2559 622 2586 Utrum
637 2559 722 2587 liceat
735 2558 798 2587 viro
819 2568 940 2587 uxorem
959 2559 1119 2590 interficere
1136 2563 1166 2590 in
1180 2569 1246 2591 actu

557 2598 689 2627 adulterii
721 2599 930 2636 deprehensam
933 2621 1244 2631 ...........
1299 2615 1314 2629 2

520 2639 624 2666 Utrum
646 2638 837 2668 uxoricidium
858 2639 998 2676 impediat
1014 2641 1243 2671 matrimonium.
1297 2654 1312 2670 ι

347 2566 416 2587 ART.
437 2566 457 2587 1.

1361 2605 1413 2632 123

391 2649 406 2664 ι
438 2646 469 2666 11.
1360 2651 1415 2680 124

356 2722 374 2740 ο
587 2710 782 2745 QUAESTIO
811 2711 1172 2741 SEXAGESIMAPRIMA

345 2759 396 2790 ne
416 2759 660 2797 impedimento
688 2760 895 2790 matrimonii
916 2760 1007 2797 quod
1028 2763 1085 2792 est
1104 2765 1225 2792 votum
1250 2764 1414 2795 solemne.

517 2819 621 2847 Utrum
635 2818 706 2847 alter
727 2818 893 2856 coniugum,
909 2819 995 2847 etiam
1011 2826 1077 2856 post
1098 2821 1243 2849 carnalem

555 2859 700 2896 copulam,
715 2858 815 2895 possit,
837 2859 927 2887 altero
948 2859 1048 2895 invito,
1069 2861 1107 2889 ad
1127 2861 1242 2898 religio-

555 2906 622 2927 nem
657 2899 779 2927 transire
782 2920 1241 2930 ................
1296 2914 1310 2929 »
1373 2903 1412 2932 ib.

518 2938 622 2968 Utrum
636 2939 708 2967 alter
729 2938 896 2976 coniugum,
911 2946 978 2968 ante
993 2941 1136 2969 carnalem
1152 2950 1242 2978 copu-

556 2978 627 3012 lam,
649 2979 754 3015 possit,
776 2979 867 3008 altero
889 2978 992 3015 invito,
1015 2981 1052 3008 ad
1073 2980 1241 3018 religionem

557 3017 678 3047 transire
681 3040 1239 3051 ...................
1294 3033 1310 3048 ²
1373 3022 1412 3051 ib.

388 3068 404 3083 ι
435 3065 477 3086 111.
519 3058 623 3086 Utrum
638 3058 741 3087 mulier
758 3059 851 3096 possit
869 3061 979 3089 nubere
994 3060 1083 3095 alteri,
1098 3061 1162 3089 viro
1176 3068 1242 3090 ante

556 3098 700 3126 carnalem
722 3099 857 3136 copulam
879 3099 1047 3137 religionem
1070 3100 1209 3138 ingresso.
1233 3124 1239 3129 .

346 2826 415 2849 ΛΒΤ.
436 2827 456 2847 1.

389 2946 467 2966 ²11.

1295 3113 1309 3127 »
1357 3102 1408 3129 125

560 3175 754 3209 QUAESTIO
776 3176 1198 3206 SEXAGESIMASECUNDA

554 3224 604 3254 De
623 3225 866 3260 impedimento
888 3227 979 3262 quod
999 3228 1204 3264 supervenit

426 3262 644 3293 matrimonio
664 3267 920 3300 consummato,
946 3267 1037 3302 quod
1058 3269 1116 3298 eat
1137 3268 1330 3298 fornicatio.

343 3335 412 3357 ART.
434 3337 453 3357 1.
514 3329 617 3357 Utrum
631 3337 749 3367 propter
763 3331 983 3361 fornicationem
997 3332 1079 3362 liceat
1093 3334 1154 3363 viro
1169 3344 1240 3363 uxo-

555 3378 615 3396 rem
637 3369 779 3400 dimittere
782 3393 1237 3402 ................
1292 3386 1307 3401 »
1370 3375 1407 3403 ib.

387 3418 402 3434 »
434 3417 465 3437 11.
517 3409 620 3437 Utrum
648 3409 691 3437 vir
715 3417 847 3440 teneatur
878 3421 911 3440 ex
940 3420 1094 3450 praecepto
1119 3423 1239 3442 uxorem

555 3449 743 3478 fornicantem
775 3451 927 3480 dimittere.
958 3475 1236 3482 ..........
1291 3466 1306 3480 »
1355 3455 1407 3482 126

386 3499 401 3514 ι
433 3496 474 3516 111.
515 3489 619 3517 Utrum
647 3489 766 3526 proprio
794 3491 902 3520 iudicio
932 3493 1024 3529 possit
1051 3493 1093 3521 vir
1118 3503 1238 3522 uxorem

553 3529 742 3558 fornicantem
773 3530 925 3560 dimittere.
956 3554 1235 3562 ..........
1291 3545 1305 3560 »
1369 3534 1406 3562 ib.

1489 242 1558 262 ART.
1579 243 1618 262 1v.

1532 322 1605 342 »V-

1531 362 1618 382 ›VL

1517 1948 1593 1968 »v-

1553 2096 1602 2126 De
1623 2096 1773 2132 bigamia
1795 2097 1830 2126 et
1853 2097 2109 2133 irregularitate
2131 2107 2175 2128 ex
2197 2107 2239 2129 ea
2267 2102 2458 2131 contracta.

1473 2163 1541 2184 ΛΒΤ.
1563 2164 1582 2184 1.

1514 2285 1592 2305 ²11.

1463 3383 1531 3403 ΛΒΤ.
1553 3383 1572 3403 1.

2476 170 2546 206 261

1661 236 1763 263 Utrum
1785 237 1827 265 vir
1848 245 1875 266 et
1890 248 1962 267 uxor
1982 241 2106 269 debeant
2126 241 2155 269 in
2170 252 2257 271 causa
2270 244 2384 273 divortii

1699 275 1736 303 ad
1756 277 1836 312 paria
1858 278 1976 308 iudicari
1979 302 2380 313 ..............
2408 295 2481 326 pag.
2498 294 2551 324 127

1658 315 1760 343 Utrum
1772 324 1837 353 post
1848 318 2003 348 divortium
2015 321 2057 349 vir
2068 321 2149 349 alteri
2161 323 2269 351 nubere
2281 324 2380 360 possit.
2435 337 2450 352 »
2512 327 2550 355 ib.

1660 355 1762 384 Utrum
1785 364 1850 392 post
1878 359 2031 388 divortium
2054 361 2096 389 vir
2123 368 2151 389 et
2171 372 2244 390 uxor
2271 364 2384 399 possint

1699 397 1886 425 reconciliari.
1921 421 2380 432 ................
2435 416 2450 431 »
2497 407 2549 434 128

1722 470 1914 504 QUAESTIO
1937 472 2318 504 SEXAGESIMATERTIA

1827 520 1876 550 De
1897 521 2059 550 secundis
2080 525 2219 559 nuptiis.

1659 585 1762 613 Utrum
1788 587 1932 614 secundae
1959 587 2076 623 nuptiae
2103 589 2159 616 sint
2186 589 2287 618 licitae.
2312 613 2318 619 .
2342 613 2348 619 .
2372 614 2379 620 .
2434 604 2448 618 »
2511 593 2548 622 ib.

1658 625 1761 653 Utrum
1790 627 1949 654 secundum
1981 627 2198 656 matrimonium
2226 630 2261 657 sit
2287 640 2381 659 saera-

1698 672 1827 693 mentum
1831 687 2378 699 ...................
2432 683 2447 698 »
2495 680 2548 709 129

1709 734 1902 768 QUAESTIO
1929 735 2331 771 SEXAGESIMAQUARTA

1686 782 1736 810 De
1757 783 1905 812 annexis
1926 784 2154 814 matrimonio.
2173 786 2217 815 Et
2230 787 2350 822 primo,

1827 822 1869 851 de
1885 822 1990 853 debiti
2010 824 2210 855 redditione.

1657 888 1759 916 Utrum
1788 888 1859 916 alter
1887 889 2044 926 coniugum
2076 897 2206 919 teneatur
2233 892 2314 920 alteri
2342 894 2379 921 ad

1695 927 1887 973 redditionem
1919 929 2007 958 debiti
2047 939 2080 958 ex
2101 931 2270 960 necessitate
2298 942 2379 969 prae·
2510 975 2516 981 .

1655 975 1985 1038 υωξί,
2000 992 2136 1038 aetiani·
2154 993 2377 1042 ,1111111111
2431 986 2446 1001 ’
2509 976 2547 1004 ¹b·

1693 1058 1754 1077 non
1775 1049 1883 1085 petenti
1886 1071 2377 1082 .................
2431 1066 2446 1081 ι
2493 1056 2547 1083 130

1655 1090 1758 1117 Utrum
1780 1089 1822 1117 vir
1843 1096 1871 1117 et
1892 1090 1994 1118 mulier
2014 1090 2070 1118 sint
2090 1091 2119 1119 in
2141 1098 2206 1120 actu
2228 1093 2376 1122 matrimo-

1692 1129 1761 1157 niali
1775 1129 1909 1166 aequales
1912 1151 2375 1162 ................
2430 1146 2445 1162 »
2507 1135 2546 1165 ib.

1653 1170 1756 1198 Utrum
1778 1169 1820 1198 vir
1841 1177 1869 1198 et
1889 1179 1962 1198 uxor
1989 1170 2101 1207 possint
2121 1178 2221 1200 votum
2249 1172 2377 1202 emittere

1691 1217 1792 1238 contra
1822 1209 1950 1238 debitum
1980 1210 2155 1239 matrimonii
2184 1212 2245 1240 sine
2272 1220 2374 1242 mutuo

1691 1259 1835 1278 consensu
1839 1271 2374 1282 ..................
2429 1266 2444 1281 ²
2506 1255 2544 1284 ib.

1651 1289 1755 1318 Utrum
1772 1289 1951 1326 temporibus
1973 1291 2059 1319 sacris
2074 1291 2177 1320 debeat
2197 1291 2300 1330 aliquis
2322 1293 2375 1322 im-

1690 1330 1779 1366 pediri
1800 1330 1870 1367 quin
1891 1330 2019 1359 debitum
2041 1338 2118 1368 petat
2121 1353 2373 1362 .........
2428 1346 2443 1362 »
2490 1336 2540 1364 131

1652 1370 1756 1398 Utrum
1784 1377 1884 1406 petens
1905 1370 1933 1397 in
1955 1377 2086 1408 tempore
2114 1381 2195 1400 sacro
2216 1373 2375 1402 mortaliter

1690 1416 1788 1446 peccet
1792 1432 2372 1443 ....................
2426 1426 2442 1442 ι
2505 1415 2543 1444 ib.

1650 1450 1753 1478 Utrum
1775 1457 1906 1479 teneatur
1932 1452 2052 1480 reddere
2077 1458 2208 1489 tempore
2233 1453 2343 1482 festivo.
2366 1477 2373 1483 .
2427 1466 2442 1481 »
2504 1455 2542 1485 ib.

1711 1514 1905 1548 QUAESTIO
1927 1515 2316 1551 SEXAGESIMAQUINTA

1898 1565 1947 1593 De
1966 1565 2124 1600 bigamis.

1650 1621 1753 1648 Utrum
1775 1622 1879 1649 habere
1901 1622 1996 1658 plures
2023 1632 2126 1651 uxores
2148 1623 2184 1651 sit
2204 1631 2306 1652 contra
2332 1625 2371 1652 le-

1687 1670 1752 1698 gem
1784 1668 1912 1690 naturae.
1940 1684 2371 1693 ...............
2425 1676 2441 1692 »
2488 1666 2541 1695 132

1650 1701 1752 1729 Utrum
1781 1702 1885 1730 habere
1914 1702 2008 1738 plures
2036 1711 2140 1731 uxores
2168 1704 2294 1740 potuerit
2321 1704 2372 1734 ali-

1688 1742 1806 1778 quando
1836 1751 1898 1770 esse
1918 1741 2027 1770 licitum
2031 1764 2371 1773 ............
2425 1757 2440 1772 »
2487 1746 2539 1774 133

1650 1782 1752 1808 Utrum
1774 1782 1880 1810 habere
1895 1782 2085 1810 concubinam
2107 1782 2142 1811 sit
2163 1791 2264 1812 contra
2278 1784 2371 1822 legem

1687 1827 1806 1848 naturae
1809 1842 2371 1853 ...................
2425 1837 2440 1852 »
2487 1826 2542 1862 134

1647 1861 1750 1888 Utrum
1772 1861 1909 1889 accedere
1930 1862 1967 1889 ad
1995 1863 2187 1891 concubinam
2209 1864 2245 1892 sit
2272 1873 2372 1901 pecca-

1686 1906 1747 1928 tum
1776 1901 1896 1929 mortale
1899 1923 2369 1934 ................
2424 1917 2439 1932 ›
2486 1907 2538 1935 135

1644 1941 1748 1968 Utrum
1769 1941 1926 1978 aliquando
1943 1942 2052 1971 licitum
2074 1944 2158 1972 fuerit
2179 1945 2370 1974 concubinam

1685 1981 1800 2009 habere.
1830 2003 1836 2009 .
1866 2003 2367 2014 .................
2422 1997 2437 2012 »
2500 1986 2538 2015 ib.

1717 2047 1910 2081 QUAESTIO
1932 2047 2299 2078 SEXAGESIMASEXTA

1644 2156 1747 2184 Utrum
1769 2155 1808 2184 illi
1831 2156 1970 2193 bigamiae
1996 2166 2072 2194 quae
2093 2164 2135 2185 est
2156 2167 2190 2186 ex
2211 2159 2267 2187 hoc
2288 2161 2368 2196 quod

1683 2195 1786 2232 aliquis
1807 2197 1880 2224 duas
1900 2206 2004 2225 uxores
2025 2197 2184 2226 successive
2205 2199 2314 2235 habuit,
2333 2200 2370 2228 sit

1682 2236 1873 2274 irregularitas
1888 2246 1999 2265 annexa
2002 2259 2366 2269 .............

1643 2277 1748 2305 Utrum
1764 2276 1955 2314 irregularitas
1970 2277 2005 2305 sit
2015 2287 2127 2306 annexa
2138 2278 2279 2315 bigamiae
2290 2289 2365 2317 quae

1683 2316 1822 2353 contingit
1843 2326 1876 2345 ex
1898 2317 1955 2346 hoc
1975 2318 2055 2354 quod
2076 2318 2167 2346 homo
2188 2319 2275 2347 habet
2295 2320 2367 2349 duas

1683 2366 1796 2390 uxoreS‚
1807 2358 1893 2385 simul
1907 2358 1951 2385 vel
1965 2358 2133 2393 successive,
2144 2368 2232 2387 unam
2245 2360 2280 2388 de
2294 2359 2365 2396 iure,

1682 2397 1767 2425 aliam
1791 2398 1827 2425 de
1853 2397 1928 2426 facto
1932 2419 2360 2429 ...............

1643 2438 1746 2465 Utrum
1762 2438 1947 2466 contrahatur
1961 2438 2151 2475 irregularitas
2165 2448 2198 2467 ex
2212 2440 2269 2468 hoc
2287 2442 2367 2478 quod

1681 2477 1783 2514 aliquis
1805 2477 1882 2506 ducit
1903 2487 2022 2506 uxorem
2044 2488 2105 2506 non
2126 2479 2273 2516 virginem.
2297 2503 2303 2509 .
2327 2503 2334 2509 .
2357 2504 2364 2510 .

1642 2518 1745 2546 Utrum
1774 2517 1898 2554 bigamia
1918 2527 1970 2554 per
1995 2518 2170 2555 baptismum
2197 2521 2332 2549 solvatur.
2356 2544 2362 2550 .

1640 2559 1743 2586 Utrum
1765 2567 1830 2586 cum
1854 2558 1969 2595 bigamo
1990 2558 2074 2587 liceat
2098 2559 2273 2596 dispensare.
2297 2583 2303 2589 .
2327 2584 2334 2589 .
2358 2584 2364 2590 .

1689 2620 1882 2655 QUAESTIO
1906 2621 2315 2652 SEXAGESIMASEPTIMA

1829 2670 1878 2700 De
1901 2670 2014 2700 libello
2034 2671 2174 2708 repudii.

1640 2730 1744 2757 Utrum
1758 2728 1986 2765 inseparabilitas
2004 2730 2102 2758 uxoris
2123 2730 2158 2758 sit
2179 2731 2214 2759 de
2236 2731 2298 2769 lege
2311 2742 2363 2761 na-

1678 2775 1758 2797 turae
1762 2791 2362 2802 .....................

1639 2809 1742 2837 Utrum
1757 2818 1877 2837 uxorem
1892 2809 2035 2837 dimittere
2052 2819 2104 2846 per
2118 2810 2363 2847 dispensationem

1678 2858 1740 2877 esse
1760 2849 1870 2877 licitum
1888 2849 2013 2886 potuerit
2017 2871 2359 2880 ............

1590 2911 1596 2917 .
1639 2889 1742 2917 Utrum
1757 2890 1810 2917 sub
1831 2890 1893 2927 lege
1914 2889 2006 2925 Moysi
2020 2889 2104 2918 fuerit
2118 2890 2226 2918 licitum
2241 2901 2361 2920 uxorem

1677 2928 1819 2956 dimittere
1822 2951 2360 2960 ...................

1639 2969 1742 2996 Utrum
1756 2969 1840 2996 fuerit
1860 2968 1968 2997 licitum
1983 2969 2065 2997 uxori
2087 2970 2252 3006 repudiatae
2273 2971 2358 2999 alium

1676 3008 1768 3036 virum
1800 3009 1914 3036 habere.

1635 3049 1738 3076 Utrum
1764 3048 1846 3076 fuerit
1871 3048 1979 3076 licitum
2001 3049 2062 3077 viro
2091 3050 2270 3086 repudiatam
2291 3060 2308 3079 a
2329 3060 2359 3079 se

1676 3088 1805 3124 accipere
1809 3110 2356 3119 ...................

1635 3128 1736 3156 Utrum
1759 3137 1845 3156 causa
1866 3128 1978 3165 repudii
1992 3129 2076 3157 fuerit
2097 3130 2196 3158 odium
2218 3131 2325 3159 uxoris.
2349 3153 2356 3159 .

1637 3168 1739 3196 Utrum
1765 3177 1868 3196 causae
1896 3169 2008 3205 repudii
2033 3170 2183 3198 debuerint
2203 3170 2233 3199 in
2261 3171 2358 3199 libello

1675 3207 1768 3236 scribi.

1685 3267 1879 3300 QUAESTIO
1901 3267 2303 3297 SEXAGESIMAOCTAVA
2316 3312 2317 3317 1

1756 3316 1806 3345 De
1827 3315 1906 3345 filiis
1929 3317 2102 3352 illegitime
2122 3318 2227 3348 natis.

1634 3376 1737 3403 Utrum
1759 3375 1808 3403 filii
1830 3374 1879 3412 qui
1900 3382 2057 3404 nascuntur
2077 3382 2155 3404 extra
2176 3385 2274 3404 verum
2296 3386 2357 3406 ma-

1671 3415 1851 3449 trimonium,
1879 3414 1936 3443 sint
1962 3415 2100 3452 illegitimi
2103 3437 2352 3445 .........

1633 3455 1737 3483 Utrum
1752 3454 1889 3492 illegitimi
1911 3455 1960 3484 filii
1975 3456 2099 3483 debeant
2112 3464 2146 3484 ex
2166 3457 2223 3484 hoc
2238 3456 2356 3493 aliquod

1671 3495 1810 3523 damnum
1835 3502 1981 3531 reportare
1985 3517 2354 3525 .............

1631 3535 1734 3563 Utrum
1756 3534 1830 3563 filius
1856 3535 2017 3572 illegitimus
2046 3535 2136 3571 possit
2164 3535 2322 3573 legitimari.
2346 3558 2353 3564 .

1954 3030 2358 3040 ..............

2420 2253 2435 2268 )

2417 2413 2432 2428 ἲ

2417 2533 2432 2548 ⁸

2483 2243 2536 2271 136

2495 2403 2533 2431 ib.

2482 2483 2534 2519 137

2480 2564 2534 2591 138

2492 2774 2530 2803 ib.

2476 2864 2485 2882 1
2494 2855 2529 2891 39

2491 2933 2529 2963 ib.

2475 3022 2529 3048 ¹40

2473 3115 2527 3167 141·

2488 3211 2526 3240 ib.

2485 3419 2524 3447 ib.

2471 3505 2523 3543 ¹54²
