2878 4088
0 388 9 411 'l

0 414 12 455 ἴ

70 321 80 330 ·
94 319 152 340 Dan.
175 323 227 346 cap.
251 324 283 344 rx,

70 351 131 367 vers.
145 351 157 367 a

71 373 81 384 ·
99 371 134 394 cr.
158 351 217 393 ὅῖιη.
237 371 283 398 ιιι,

70 404 108 427 qu.
124 404 174 419 xxx.

75 1065 167 1088 ‘Ven-
182 1072 202 1088 ι.

74 1167 87 1180 ·
98 1165 189 1189 Hor-¹1.
200 1165 241 1188 nb.
257 1164 289 1192 V,

75 1192 286 1221 awannam.

75 1425 88 1439 ·
102 1423 169 1447 Vm.
183 1429 221 1453 3⁰·

986 189 1250 237 QUAESTIO
1280 188 1435 234 LXXII,
1466 186 1760 224 ARTICULUS
1788 187 1833 222 III

368 271 397 302 3.
422 271 619 306 Psinaula,
644 269 803 306 Christus,
829 271 924 300 etiarn
948 269 1126 300 secundum
1150 268 1239 309 quod
1262 269 1380 303 homo,

312 315 427 347 dicitur
443 314 581 345 Sanctus
597 314 791 345 Sanctorum
808 315 825 330 ⁴*
834 325 840 344 :
864 320 895 345 et
912 315 950 350 ei,
968 313 1147 345 secundum
1164 312 1253 353 quod
1268 312 1381 347 thO,

314 369 404 391 orare
428 360 583 399 competit
598 360 624 389 ’ἢ
650 358 713 389 Sed
728 368 897 399 nunquam
914 357 1077 389 Christum
1094 357 1133 388 ad
1149 356 1307 388 orandum
1322 365 1382 396 pro

312 404 406 435 nobis
429 403 678 444 interpellamus.
714 403 799 443 Ergo
823 412 884 434 nec
914 402 993 433 alios
1026 407 1151 433 sanctos
1184 400 1383 441 interpellare

314 448 478 479 debemus.

368 502 399 532 4.
423 492 620 527 Putamus,
639 492 837 532 quicumque
861 496 990 531 rogatus
1014 491 1052 521 ab
1076 490 1184 530 aliquo
1209 495 1245 519 ut
1267 497 1326 529 pro
1344 498 1383 518 eo

313 536 497 572 intercedat,
514 545 625 576 preces
641 536 741 576 ipsius
758 536 788 566 ei
811 540 1024 576 repraesentat
1047 534 1134 575 apud
1150 542 1248 574 quem
1267 542 1326 573 pro
1344 542 1384 563 eo

313 580 491 612 intercedit.
515 579 579 611 Sed
594 579 794 620 superfluum
818 585 865 610 est
888 580 917 609 ei
938 583 1173 619 repraesentare
1197 576 1317 616 aliquid
1333 577 1385 607 cui

314 626 424 657 omnia
447 630 522 655 sunt
537 625 724 665 praesentia.
749 624 834 664 Ergo
858 622 1059 663 superfluum
1075 628 1122 653 est
1143 620 1236 662 quod
1259 626 1385 651 sanctos

314 671 537 700 intercessores
562 669 794 699 constituamus
818 677 878 708 pro
902 668 996 697 nobis
1019 666 1059 697 ad
1081 666 1198 696 Deum.

371 715 400 745 5.
425 713 622 748 patmus,
639 711 718 743 illud
735 717 782 742 est
797 710 997 752 superfluum
1014 710 1104 751 quod
1127 709 1163 740 fit
1182 715 1315 750 propter
1330 709 1385 739 ali-

315 757 395 799 quid
417 757 507 798 quod
530 758 598 787 sine
614 766 653 787 eo
671 756 787 787 eodem
802 755 903 786 modo
927 754 1018 785 fieret
1033 754 1084 784 vel
1106 763 1175 785 non
1198 753 1297 784 fieret.
1322 752 1385 784 Sed

315 802 458 833 similiter
474 801 574 832 sancti
598 806 725 831 orarent
740 809 800 840 pro
817 800 911 830 nobis
934 799 985 829 vel
1000 808 1068 829 non
1089 803 1225 834 orarent,
1243 798 1308 828 sive
1325 806 1385 827 nos

315 856 445 878 oremus
469 855 524 876 eos
546 845 611 875 sive
627 854 696 875 non
712 853 858 874 oremus:
883 843 969 883 quia,
987 843 1012 873 si
1035 851 1147 873 sumus
1164 841 1251 882 digni
1267 847 1303 872 ut
1325 851 1385 882 pro

315 891 408 921 nobis
425 894 527 925 orent,
545 889 651 924 etiam,
668 888 762 918 nobis
779 897 835 918 eos
851 896 918 917 non
934 887 1109 923 orantibus,
1126 896 1184 926 pro
1206 886 1299 916 nobis
1316 895 1386 916 ora-

314 939 404 971 rent;
428 935 455 964 si
470 938 578 963 autem
602 941 714 963 sumus
730 931 863 972 indigni,
881 931 976 961 etiam
1000 931 1026 961 si
1042 936 1199 971 petamus,
1217 940 1276 971 pro
1293 931 1386 960 nobis

314 988 382 1009 non
405 983 507 1008 orant.
531 977 617 1016 Ergo
641 975 842 1016 interpellare
874 985 929 1006 eos
953 974 993 1005 ad
1021 975 1179 1006 orandum
1203 984 1262 1015 pro
1293 975 1387 1005 nobis

314 1022 439 1053 videtur
462 1021 597 1052 omnino
621 1019 831 1060 superfluum.

371 1066 433 1097 San
458 1075 582 1096 coum
605 1074 660 1095 κεί·
679 1064 769 1105 quod
793 1064 908 1095 dicitur
925 1064 982 1094 Iob
1006 1074 1026 1093 v
1042 1064 1077 1093 *1
1108 1064 1203 1099 Voca,
1220 1063 1248 1093 si
1271 1068 1318 1093 est
1333 1063 1388 1104 qui

315 1110 371 1141 tibi
394 1109 594 1150 respondeat,
612 1114 644 1139 et
666 1109 709 1140 ad
731 1109 871 1150 aliquem
890 1113 1078 1139 sanctorum
1102 1113 1297 1139 convertere.
1328 1108 1387 1138 Vo-

314 1164 391 1186 care
406 1159 513 1185 autem
530 1158 687 1189 nostrum,
704 1159 740 1184 ut
756 1152 931 1193 Gregorius
947 1152 1023 1183 dicit
1038 1152 1157 1183 ibidem
1169 1154 1196 1188 *,
1213 1157 1260 1182 est
1274 1152 1389 1183 humili

314 1199 420 1230 Deum
437 1208 537 1240 prece
560 1198 740 1238 deposcere.
765 1197 862 1238 Ergo,
881 1207 956 1228 cum
979 1197 1130 1227 volumus
1154 1197 1261 1227 Deum
1286 1206 1386 1233 orare,

315 1243 471 1275 debemus
494 1242 534 1274 ad
557 1247 684 1274 sanctos
708 1243 868 1278 converti,
893 1247 929 1272 ut
952 1251 1011 1282 pro
1035 1241 1129 1272 nobis
1153 1241 1260 1271 Deum
1284 1246 1387 1272 orent.

344 1308 349 1311 >
372 1297 418 1319 2:
426 1284 624 1323 Parmam»,
641 1287 741 1317 sancti
758 1287 815 1326 qui
831 1291 905 1317 sunt
920 1287 954 1316 in
970 1286 1070 1326 patn'a
1085 1286 1185 1325 magis
1201 1291 1275 1316 sunt
1299 1295 1388 1316 acce-

316 1333 363 1373 pti
386 1332 459 1363 Deo
483 1341 581 1372 quam
604 1332 637 1361 in
661 1336 744 1362 statu
767 1331 846 1361 viae.
872 1330 936 1362 Sed
953 1334 1080 1360 sanctos
1105 1330 1162 1370 qui
1185 1335 1259 1360 sunt
1282 1331 1315 1360 in
1338 1330 1389 1360 via

317 1377 513 1408 constituere
544 1375 698 1406 debemus
731 1376 956 1406 intercessores
987 1384 1047 1415 pro
1077 1374 1171 1404 nobis
1199 1373 1239 1404 ad
1262 1374 1387 1404 Deum:

317 1420 466 1461 exemplo
490 1420 652 1460 Apostoli,
677 1420 734 1460 qui
757 1419 892 1455 dicebat,
915 1419 1008 1449 Rom.
1031 1429 1071 1448 xv
1087 1419 1121 1448 ἐ
1150 1417 1289 1449 Obsecro
1315 1428 1397 1455 vos,-

264 1509 266 1511 .
307 1466 457 1508 fratres,
475 1474 541 1505 per
562 1464 739 1495 Dominum
771 1469 917 1494 nostrum
941 1463 1047 1494 Iesum
1080 1463 1243 1493 Christum
1274 1468 1305 1493 et
1327 1472 1391 1503 per

85 2753 97 2766 ·
109 2752 136 2774 In
150 2758 256 2781 corpore.

90 3227 304 3283 semesa

92 3282 122 3304 us
131 3281 231 3304 Morbus
245 3284 267 3302 et
281 3280 304 3302 1-

201 3307 306 3333 eruatis,-

90 3308 172 3358 ssll'nn
191 3333 304 3361 .Act.SS.‚

94 3361 142 3393 Vjt.
158 3367 179 3383 ι.
197 3361 305 3391 Αιιῐοιιω

92 3388 169 3437 2¹⁶¹.
198 3387 304 3445 mass.-

94 3440 229 3496 amat·
238 3440 306 3515 ¹33:

92 3493 250 3548 Paffiza.
259 3493 307 3547 ..¹25

95 3550 138 3569 ιη.
154 3554 174 3573 ι,
188 3552 235 3575 arg.
250 3552 270 3575 3.

317 1509 486 1540 caritatem
509 1508 650 1549 Spiritus
673 1508 793 1544 Sancti,
817 1513 852 1538 ut
874 1507 1032 1538 adiuvetis
1058 1517 1108 1537 me
1131 1507 1164 1537 in
1189 1507 1391 1537 orationibus

317 1554 431 1585 uestris
451 1563 517 1593 pro
541 1562 591 1583 me
613 1553 656 1584 ad
678 1552 794 1583 Deum.
818 1552 904 1592 Ergo
928 1561 988 1582 nos
1015 1551 1118 1582 multo
1142 1550 1255 1582 fortius
1282 1557 1390 1591 petere

318 1597 473 1629 debemus
497 1607 515 1627 a
537 1598 653 1627 sanctis
677 1597 732 1636 qui
756 1602 831 1627 sunt
853 1597 887 1626 in
909 1596 1019 1636 patria,
1043 1601 1080 1626 ut
1102 1605 1163 1625 nos
1187 1596 1297 1626 iuvent
1321 1605 1391 1625 ora-

317 1642 460 1674 tionibus
483 1642 548 1672 suis
572 1641 611 1672 ad
634 1641 751 1672 Deum.

375 1686 405 1717 3.
428 1685 626 1721 ΡιιΑιτιιιιιιΑ,
643 1684 684 1716 ad
706 1685 770 1715 hoc
787 1689 834 1715 est
857 1684 1041 1714 communis
1058 1682 1262 1714 consuetudo
1279 1683 1391 1714 Eccle-

319 1730 394 1766 siae,
410 1739 494 1770 quae
517 1730 550 1760 in
573 1729 689 1760 litaniis
712 1734 897 1759 sanctorum
921 1729 1100 1759 orationem
1123 1728 1212 1767 petit.

2432 188 2497 224 161

1436 266 1617 297 videremur
1640 265 1703 295 hoc
1720 264 1760 294 ad
1782 274 1954 304 personam
1978 265 2094 295 Christi
2115 265 2239 296 referre.
2265 266 2304 296 Et
2327 266 2368 296 ita
2384 266 2505 296 videre-

1438 316 1489 341 tur
1506 319 1573 340 esse
1590 318 1773 340 consonum
1789 308 1840 339 vel
1857 309 1955 338 errori
1970 309 2119 345 Nestorii,
2137 311 2193 349 qui
2209 309 2349 340 distinxit
2364 311 2397 340 in
2415 310 2505 341 Chri-

1439 360 1488 386 sto
1514 363 1686 395 personam
1709 352 1781 383 Filii
1797 353 1937 382 hominis
1961 363 1979 382 a
2002 362 2138 392 persona
2157 354 2228 384 Filii
2251 354 2311 384 Dei
2327 355 2360 390 *;
2384 355 2435 385 vel
2460 364 2506 384 er-

1438 399 1502 430 rori
1518 399 1596 434 Arii,
1610 398 1666 438 qui
1682 398 1791 438 posuit
1807 406 1978 436 personam
1995 397 2067 427 Filii
2081 398 2241 428 minorem
2257 398 2346 428 Patre
2358 399 2384 428 ⁴⁶.
2402 398 2505 435 Unde,

1433 497 1498 528 pro
1524 486 1635 517 nobis:
1658 485 1723 522 sed,
1743 485 1878 520 Christe,
1894 484 1972 515 audi
1996 494 2064 520 nos,
2082 486 2142 522 vel,
2167 486 2317 516 miserere
2340 487 2440 517 nobis.

1495 532 1545 561 An
1571 540 1719 561 ouan‘ruu
1742 539 1903 560 Dxcmnum
1928 528 2027 569 quod,
2051 530 2133 560 sicut
2156 529 2236 559 infra
2253 531 2268 546 *
2293 530 2416 566 dicitur,
2440 540 2507 561 non

1440 575 1590 606 dicuntur
1613 575 1714 605 sancti
1736 583 1847 614 preces
1870 579 1994 604 nostras
2018 573 2089 603 Deo
2113 579 2346 613 repraesentare
2367 575 2456 614 quasi
2480 575 2508 604 ei

1439 620 1603 659 incognita
1618 618 1839 649 manifestent:
1864 617 1920 648 sed
1936 618 2012 658 quia
2031 627 2082 647 eas
2100 617 2239 648 exaudiri
2255 628 2273 647 a
2294 618 2364 648 Deo
2381 624 2507 658 petunt3

1401 677 1426 692 m
1439 664 1490 694 vel
1514 663 1654 694 divinam
1678 662 1852 693 consulunt
1883 663 2048 692 veritatem
2072 661 2111 692 de
2136 663 2197 698 eis,
2219 661 2296 701 quid
2320 663 2438 692 scilicet
2461 672 2508 692 se-

1441 707 1586 738 cundum
1610 708 1677 737 eius
1700 706 1936 747 providentiam
1959 705 2028 736 fieri
2052 705 2175 736 debeat.

1495 751 1546 782 An
1572 760 1712 781 auruum
1735 760 1896 780 mcssunuu
1920 749 2009 790 quod
2033 759 2071 780 ex
2094 751 2157 780 hoc
2180 751 2251 790 ipso
2276 750 2390 790 aliquis
2414 750 2509 780 effici-

1440 802 1491 826 tur
1514 795 1629 835 dignus
1653 801 1689 825 ut
1712 800 1840 825 sanctus
1857 794 1971 835 aliquis
1994 804 2053 835 pro
2070 804 2110 825 eo
2135 800 2214 830 oret,
2231 794 2321 834 quod
2341 794 2381 825 ad
2404 795 2510 835 ipsum

1440 841 1474 871 in
1490 850 1547 870 sua
1566 840 1754 870 necessitate
1779 848 1854 870 cum
1870 848 1951 879 pura
1974 838 2147 869 devotione
2163 839 2305 869 recurrit.
2329 839 2370 870 Et
2386 839 2428 869 ita
2443 849 2510 869 non

1402 897 1424 917 ις
1441 890 1488 915 est
1511 883 1711 924 superfluum
1735 883 1825 924 quod
1847 888 1975 914 sanctos
1998 892 2136 914 oremus.

1440 972 1539 1003 ART.
1558 972 1610 1003 111.
1630 982 1734 1002 unum
1758 981 1933 1002 ORAnouns
1957 981 2141 1002 smeroaum
2165 981 2205 1001 AD
2230 981 2314 1001 Deum
2337 981 2396 1002 pao
2421 981 2510 1002 N0131s

1738 1026 1833 1047 rusae
1857 1026 1972 1046 semper<
1996 1025 2214 1046 axauuuurun

1402 1118 1429 1132 ιο
1443 1115 1528 1179 Ab
1547 1115 1683 1136 reanum
1699 1115 1745 1135 src
1765 1114 1970 1135 PROCEDxTUR.
1995 1103 2129 1134 Videtur
2149 1103 2238 1144 quod
2260 1104 2420 1134 orationes
2440 1113 2510 1134 san-

1508 1155 1635 1180 ctorum
1663 1159 1723 1190 pro
1751 1149 1846 1179 nobis
1870 1147 1909 1179 ad
1932 1149 2040 1179 Deum
2063 1148 2152 1179 fusae
2172 1158 2240 1179 non
2263 1157 2389 1188 semper
2417 1158 2511 1179 exau-

1443 1194 1579 1225 diantur.
1605 1193 1638 1224 Si
1661 1194 1748 1224 enim
1765 1192 1998 1229 exaudirentur,
2014 1193 2153 1223 maxime
2175 1191 2397 1223 exaudirentur
2412 1193 2511 1223 sancti

1443 1238 1482 1269 de
1505 1239 1554 1268 his
1578 1248 1661 1278 quae
1685 1237 1723 1268 ad
1747 1247 1803 1268 eos
1826 1238 1996 1278 pertinent.
2022 1236 2084 1268 Sed
2108 1236 2147 1267 de
2175 1237 2223 1267 his
2247 1246 2314 1267 non
2338 1237 2512 1267 exaudiun-

1443 1289 1509 1313 tur:
1534 1282 1621 1313 unde
1645 1281 1759 1312 dicitur
1782 1283 1880 1322 Apoc.
1898 1292 1930 1311 vr
1946 1283 1972 1317 ἢ
1998 1281 2088 1321 quod
2109 1282 2300 1322 martyribus
2331 1282 2512 1322 petentibus

1404 1339 1426 1359 ις
1443 1326 1616 1358 vindictam
1640 1326 1680 1357 de
1703 1326 1751 1356 his
1775 1326 1831 1366 qui
1850 1331 1924 1356 sunt
1948 1335 2043 1366 super
2065 1331 2191 1361 terram,
2209 1325 2327 1356 dictum
2343 1331 2389 1356 est
2412 1330 2448 1355 ut
2463 1335 2512 1356 re-

1443 1371 1643 1412 quiescerent
1664 1370 1826 1401 modicum
1850 1375 1972 1410 tempus
1987 1370 2102 1405 adhuc,
2119 1370 2221 1400 donec
2243 1370 2431 1410 impleretur
2454 1380 2512 1400 nu-

1444 1425 1552 1447 merus
1566 1415 1718 1457 fratrum
1741 1424 1886 1445 suorum.
1922 1414 2007 1454 Ergo
2037 1414 2141 1444 multo
2165 1415 2272 1445 minus
2301 1414 2513 1445 exaudiuntur

1445 1459 1484 1491 de
1507 1460 1556 1490 his
1581 1468 1664 1500 quae
1687 1458 1727 1490 ad
1750 1459 1829 1489 alios
1851 1459 2022 1499 pertinent.

1501 1514 1531 1534 2.
1556 1504 1761 1539 Pennana,
1786 1503 1896 1534 Ierem.
1924 1513 1963 1533 xv
1979 1504 1996 1520 θ*
2020 1502 2150 1533 dicitur:
2175 1503 2211 1533 Si
2233 1503 2356 1533 steterit
2379 1503 2514 1544 Moyses

1406 1559 1432 1580 ιο
1445 1553 1476 1579 et
1505 1548 1637 1579 Samuel
1666 1557 1777 1578 coram
1801 1557 1869 1584 me,
1894 1557 1959 1577 non
1984 1552 2031 1578 est
2060 1547 2168 1577 anima
2193 1557 2262 1577 mea
2291 1547 2334 1577 ad
2355 1547 2513 1587 populum

1446 1593 1551 1624 istum.
1575 1592 1661 1632 Ergo
1685 1593 1786 1622 sancti
1809 1601 1876 1622 non
1901 1601 2027 1632 semper
2051 1591 2263 1622 exaudiuntur
2280 1601 2355 1622 cum
2378 1601 2438 1631 pro
2454 1601 2513 1622 no-

1445 1637 1493 1668 bis
1516 1642 1608 1667 orant
1631 1635 1671 1667 ad
1694 1636 1811 1666 Deum.

1502 1681 1531 1711 3.
1556 1681 1762 1716 Pluinma,
1794 1681 1894 1710 sancti
1924 1681 1958 1710 in
1989 1680 2088 1719 patria
2121 1680 2271 1720 aequales
2298 1680 2426 1720 angelis
2452 1680 2515 1709 Dei

1446 1730 1761 1760 commemorantur,
1786 1730 1821 1754 ut
1844 1729 1932 1764 patet
1955 1724 2067 1754 Matth.
2092 1734 2155 1754 xxn
2176 1724 2202 1753 *.
2234 1723 2296 1754 Sed
2320 1724 2425 1763 angeli
2446 1733 2514 1754 non

373 1775 563 1805 Rasmnnno
588 1783 749 1804 mmmmm
765 1772 856 1813 quod
880 1773 939 1803 iste
962 1772 1044 1802 ordo
1068 1777 1116 1802 est
1130 1771 1284 1802 divinitus
1301 1771 1391 1802 insti-
1407 1780 1429 1800 ις
1445 1778 1572 1809 semper
1596 1768 1809 1799 exaudiuntur
1831 1769 1865 1798 in
1889 1769 1954 1798 suis
1978 1768 2176 1798 orationibus
2210 1777 2289 1808 quas
2313 1767 2453 1798 fundunt
2476 1767 2516 1798 ad

319 1823 407 1850 tutus
430 1818 462 1848 in
487 1818 591 1854 rebus,
608 1817 788 1848 secundum
811 1816 1005 1858 Dionysium
1022 1818 1049 1853 ³²,
1074 1821 1110 1847 ut
1126 1826 1190 1856 per
1211 1815 1318 1846 media
1342 1816 1391 1846 ul-

319 1863 397 1894 tima
422 1862 622 1893 reducantur
645 1862 677 1892 in
701 1862 816 1892 Deum.
842 1861 946 1897 Unde,
963 1871 1039 1892 cum
1063 1861 1164 1891 sancti
1187 1861 1244 1901 qui
1267 1861 1390 1891 suntin

319 1908 420 1949 patria
442 1907 505 1938 sint
528 1907 600 1938 Deo
623 1906 898 1946 propinquissimi,
915 1906 979 1936 hoc
996 1905 1121 1936 divinae
1144 1905 1223 1945 legis
1247 1905 1327 1935 ordo
1344 1914 1392 1935 re-

320 1952 427 1993 quirit.
447 1956 484 1982 ut
506 1961 584 1987 nos,
610 1951 666 1991 qui
689 1955 854 1981 manentes
878 1951 910 1981 in
935 1960 1073 1991 corpore
1090 1950 1348 1991 peregrinamur
1370 1959 1390 1980 a

1446 1814 1569 1844 Deum:
1600 1812 1690 1853 quod
1719 1818 1806 1853 patet
1839 1822 1876 1842 ex
1900 1813 1962 1842 hoc
1994 1811 2084 1852 quod
2107 1812 2241 1842 habetur
2269 1812 2350 1842 Dan.
2375 1822 2393 1842 x
2409 1813 2436 1849 θ,
2461 1813 2516 1842 ubi

1446 1857 1576 1888 dicitur:
1601 1857 1676 1899 Ego
1698 1857 1772 1888 veni
1788 1861 1927 1897 propter
1945 1866 2109 1886 sermones
2125 1861 2217 1887 tuos:
2234 1856 2387 1897 princeps
2410 1862 2516 1887 autem

1446 1903 1542 1944 regni
1563 1902 1738 1933 Persarum
1763 1901 1879 1932 restitit
1906 1901 1984 1931 mihi
2006 1900 2123 1942 uiginti
2146 1906 2177 1931 et
2200 1910 2264 1931 uno
2288 1900 2406 1931 diebus.
2442 1901 2517 1932 Non

1447 1952 1555 1978 autern
1579 1952 1709 1977 venerat
1732 1947 1766 1977 in
1790 1945 1984 1976 adiutorium
2009 1945 2149 1976 Danielis
2173 1945 2304 1985 angelus
2325 1946 2381 1986 qui
2404 1945 2517 1986 loque-

225 2015 234 2027 ,
284 2014 292 2022 ·
319 1996 462 2028 Domino
479 1997 506 2032 *‚
523 1996 556 2028 in
580 2005 656 2026 eum
679 2004 736 2036 per
759 2001 886 2026 sanctos
909 1994 1034 2025 medios
1056 1994 1257 2025 reducamur.
1293 1993 1393 2032 Quod
1407 2002 1434 2022 4ο
1447 1993 1539 2022 batur
1561 1992 1623 2022 nisi
1646 2001 1664 2021 a
1686 1991 1758 2022 Deo
1777 1990 2000 2021 liberationem
2022 1989 2174 2030 petendo.
2200 1990 2241 2020 Et
2256 1994 2363 2020 tamen
2388 1995 2434 2020 est
2457 1991 2517 2020 im-

321 2040 453 2082 quidem
469 2040 627 2080 contingit
650 2039 728 2071 dum
744 2049 801 2080 per
826 2049 881 2070 eos
898 2039 1004 2070 divina
1019 2039 1145 2070 bonitas
1164 2039 1197 2069 in
1213 2048 1273 2077 nos
1297 2048 1393 2069 suum
1446 2036 1555 2077 pedita
1578 2036 1732 2066 orationis
1756 2035 1825 2066 eius
1848 2035 2005 2076 impletiO.
2029 2035 2115 2074 Ergo
2139 2044 2199 2064 nec
2223 2035 2319 2064 etiam
2342 2034 2394 2064 alii
2417 2036 2518 2066 sancti

321 2085 471 2117 effectum
486 2083 637 2115 infundit.
661 2084 703 2114 Et
725 2085 802 2124 quia
817 2083 936 2114 reditus
956 2089 1065 2114 noster
1081 2083 1113 2113 in
1130 2083 1237 2113 Deum
1260 2092 1393 2123 respon-
1447 2091 1507 2121 pro
1531 2080 1626 2111 nobis
1650 2085 1776 2111 orantes
1800 2078 1887 2120 apud
1910 2079 2017 2110 Deum
2042 2088 2168 2119 semper
2191 2078 2413 2109 exaudiuntur.

321 2130 395 2161 dere
426 2129 521 2160 debet
544 2129 709 2169 processui
732 2129 914 2159 bonitatum
944 2129 1043 2168 ipsius
1067 2127 1107 2158 ad
1133 2137 1204 2164 nos,
1221 2128 1304 2158 sicut
1326 2137 1394 2158 me·
1502 2134 1534 2164 4.
1563 2125 1767 2160 Primnum,
1798 2125 1998 2164 quicumque
2032 2124 2176 2154 oratione
2206 2124 2354 2163 impetrat
2386 2123 2516 2163 aliquid,

321 2174 480 2206 diantibus
503 2178 689 2204 sanctorum
712 2171 867 2213 suffragiis
891 2172 952 2203 Dei
979 2171 1135 2203 beneficia
1158 2172 1192 2202 in
1214 2181 1276 2202 nos
1299 2171 1394 2202 deve·
1449 2169 1694 2210 quodammodo
1717 2174 1859 2200 meretur
1874 2168 1963 2199 illud.
1988 2167 2051 2199 Sed
2074 2168 2173 2198 sancti
2190 2168 2246 2207 qui
2269 2173 2343 2198 sunt
2361 2168 2394 2198 in
2418 2169 2517 2208 patria

320 2219 424 2255 niunt,
441 2219 486 2249 ita
502 2222 631 2257 oportet
654 2226 714 2247 nos
737 2217 770 2247 in
788 2217 895 2247 Deum
914 2216 1035 2253 reduci,
1052 2222 1088 2247 ut
1103 2217 1215 2247 iterato
1239 2215 1394 2247 beneficia
1408 2224 1432 2244 45
1448 2224 1517 2245 non
1540 2219 1615 2245 sunt
1637 2214 1672 2244 in
1695 2219 1779 2244 statu
1801 2212 1955 2244 merendi.
1990 2213 2076 2252 Ergo
2100 2222 2168 2243 non
2194 2218 2331 2252 possunt
2359 2213 2424 2242 suis
2447 2222 2518 2243 ora-

322 2264 391 2294 eius
409 2271 584 2297 sumamus,
601 2260 814 2292 mediantibus
837 2261 963 2292 sanctis.
992 2261 1034 2291 Et
1055 2260 1131 2291 inde
1154 2265 1202 2292 est
1225 2260 1315 2301 quod
1338 2270 1395 2292 eos
1448 2259 1591 2290 tionibus
1614 2258 1736 2299 aliquid
1759 2259 1928 2299 impetrare
1951 2258 2045 2288 nobis
2069 2256 2155 2297 apud
2178 2257 2295 2287 Deum.

321 2308 546 2338 intercessores
570 2315 629 2346 pro
654 2306 748 2336 nobis
778 2305 818 2336 ad
845 2305 952 2336 Deum
982 2305 1223 2341 constituimus,
1249 2311 1279 2335 et
1303 2306 1395 2346 quasi
1507 2304 1535 2334 5.
1560 2303 1758 2339 pannum,
1775 2303 1875 2333 sancti
1891 2312 1948 2342 per
1965 2302 2074 2332 omnia
2096 2300 2299 2331 conformant
2317 2301 2517 2331 voluntatem

323 2348 525 2386 mediatores,
542 2349 620 2381 dum
645 2349 683 2380 ab
708 2350 752 2380 eis
775 2350 914 2390 petimus
938 2349 1028 2393 quod
1047 2359 1107 2390 pro
1130 2350 1224 2380 nobis
1248 2355 1349 2380 orent.
1449 2357 1540 2378 suam
1563 2348 1722 2378 voluntati
1745 2347 1806 2377 Dei
1821 2348 1848 2377 *.
1879 2347 1966 2387 Ergo
1990 2356 2057 2376 non
2080 2345 2195 2376 volunt
2217 2346 2277 2375 nisi
2301 2345 2391 2385 quod
2414 2346 2518 2376 sciunt

378 2395 429 2426 Ar>
453 2404 570 2425 paurum
594 2403 678 2424 ssRoo
694 2404 855 2424 mmmmm
885 2393 985 2434 quod,
1002 2394 1084 2425 sicut
1100 2403 1168 2424 non
1192 2399 1239 2424 est
1261 2400 1394 2435 propter
1450 2392 1557 2423 Deum
1581 2392 1672 2432 velle.
1709 2391 1771 2423 Sed
1795 2391 1903 2422 nullus
1931 2396 2000 2421 orat
2027 2391 2088 2421 nisi
2115 2389 2205 2430 quod
2227 2389 2305 2420 vult.
2341 2390 2426 2430 Ergo
2450 2399 2518 2420 non

324 2439 487 2471 defectum
505 2438 631 2470 divinae
643 2439 806 2479 potentiae
823 2438 913 2479 quod
926 2438 1140 2469 mediantibus
1156 2438 1304 2469 secundis
1320 2448 1395 2470 cau·
1411 2447 1436 2467 5⁰
1451 2442 1544 2467 orant
1566 2437 1627 2467 nisi
1649 2446 1709 2477 pro
1726 2445 1766 2466 eo
1784 2435 1873 2476 quod
1897 2436 2002 2466 sciunt
2024 2435 2131 2465 Deum
2154 2434 2246 2464 velle.
2271 2433 2334 2465 Sed
2350 2434 2412 2464 hoc
2429 2433 2518 2474 quod

323 2485 366 2515 sis
389 2483 556 2524 agentibus
580 2488 740 2523 operatur,
757 2482 813 2514 sed
837 2488 884 2514 est
907 2482 947 2514 ad
971 2483 1247 2523 complementum
1275 2483 1396 2514 ordinis
1451 2481 1540 2512 Deus
1569 2481 1654 2517 vult,
1679 2480 1769 2511 fieret
1799 2480 1895 2510 etiam
1919 2480 1964 2510 eis
1986 2489 2055 2510 non
2079 2479 2252 2509 orantibus.
2288 2478 2373 2518 Ergo
2405 2488 2518 2509 eorum

323 2529 474 2564 universi,
491 2533 523 2558 et
539 2532 575 2558 ut
599 2528 667 2558 eius
683 2527 810 2565 bonitas
832 2527 1042 2568 multiplicius
1059 2527 1255 2558 diffundatur
1278 2528 1311 2558 in
1334 2537 1395 2564 res,
1451 2526 1613 2557 orationes
1635 2535 1704 2556 non
1727 2530 1801 2555 sunt
1824 2523 1967 2555 efficaces
1991 2523 2031 2554 ad
2054 2522 2175 2563 aliquid
2197 2522 2444 2563 impetrandum.

325 2572 404 2604 dum
426 2582 475 2602 res
499 2573 538 2602 ab
563 2581 602 2603 eo
626 2581 694 2602 non
717 2572 825 2602 solum
853 2572 1031 2612 suscipiunt
1053 2572 1212 2602 bonitates
1234 2573 1395 2612 proprias,
1509 2571 1538 2600 6.
1558 2570 1755 2606 Panamara,
1773 2569 1933 2599 orationes
1949 2569 2048 2599 totius
2065 2568 2207 2599 caelestis
2224 2569 2339 2603 curiae,
2357 2568 2383 2597 si
2398 2566 2519 2607 aliquid

324 2616 381 2648 sed
403 2618 536 2658 insuper
559 2615 649 2657 quod
672 2616 739 2646 aliis
764 2626 859 2647 causa
882 2617 1032 2647 bonitatis
1061 2617 1211 2653 existant;
1235 2617 1279 2647 ita
1301 2617 1398 2647 etiam
1451 2616 1622 2656 impetrare
1648 2619 1800 2655 possunt,
1826 2612 2019 2644 efficaciores
2047 2618 2151 2643 essent
2175 2621 2273 2652 quam
2297 2612 2406 2642 omnia
2427 2621 2518 2651 prae-

324 2671 393 2692 non
417 2666 464 2691 est
486 2666 618 2702 propter
635 2659 797 2691 defectum
819 2660 1054 2691 misericordiae
1070 2661 1170 2701 ipsius
1186 2660 1276 2701 quod
1300 2670 1398 2701 opor·
1413 2673 1435 2693 55
1452 2660 1549 2690 sentis
1583 2659 1744 2690 Ecclesiae
1779 2657 1936 2698 suffragia.
1976 2656 2057 2693 Sed,
2093 2656 2310 2696 multiplicatis
2345 2656 2519 2696 praesentis

325 2711 390 2736 teat
413 2706 482 2736 eius
499 2705 702 2736 clementiam
725 2714 783 2745 per
799 2705 960 2736 orationes
983 2711 1167 2736 sanctorum
1188 2705 1325 2746 pulsare,
1342 2705 1399 2736 sed
1452 2704 1614 2735 Ecclesiae
1630 2702 1784 2743 suffragiis
1801 2702 1890 2732 factis
1905 2711 1965 2742 pro
1982 2701 2090 2741 aliquo
2106 2702 2140 2732 in
2153 2701 2339 2741 purgatorio
2356 2701 2518 2736 existente,

327 2756 374 2781 est
396 2749 437 2780 ad
459 2750 524 2780 hoc
546 2755 582 2780 ut
606 2748 686 2779 ordo
710 2748 890 2790 praedictus
906 2750 922 2766 θ
946 2754 1152 2780 conservetur
1175 2750 1209 2780 in
1232 2750 1336 2781 rebus.
1452 2749 1591 2779 totaliter
1614 2747 1830 2778 absolveretur
1853 2756 1870 2776 a
1892 2756 2008 2787 poena.
2034 2745 2121 2776 Cum
2145 2754 2221 2785 ergo
2245 2745 2344 2776 sancti
2366 2745 2423 2784 qui
2445 2750 2519 2774 sunt

381 2795 432 2826 AD
457 2803 620 2825 secuuntur
636 2803 797 2824 mmmmm
818 2793 918 2834 quod,
936 2794 1082 2834 quamvis
1097 2795 1198 2825 sancti
1218 2795 1399 2835 superiores
1452 2794 1487 2824 in
1501 2794 1602 2833 patria
1626 2791 1739 2823 eadem
1762 2791 1908 2822 oratione
1931 2796 2024 2821 orent
2039 2799 2099 2830 pro
2116 2789 2176 2820 illis
2193 2790 2249 2830 qui
2265 2794 2339 2819 sunt
2354 2789 2387 2819 in
2403 2798 2519 2829 purga-

326 2839 390 2870 sint
411 2839 512 2879 magis
536 2838 607 2869 Deo
632 2838 755 2878 accepti
786 2847 884 2878 quam
907 2837 1094 2875 inferiores,
1118 2838 1196 2869 utile
1219 2844 1329 2869 tamen
1352 2844 1399 2869 est
1453 2838 1537 2868 torio
1561 2838 1644 2868 sicut
1667 2842 1697 2867 et
1720 2845 1779 2876 pro
1802 2836 1907 2871 nobis,
1932 2836 1958 2865 si
1980 2834 2074 2865 nobis
2097 2833 2219 2874 aliquid
2241 2834 2422 2873 impetrant,
2446 2833 2519 2863 illos

327 2883 424 2914 etiam
454 2883 596 2914 minores
626 2887 753 2912 sanctos
785 2881 946 2913 interdum
970 2892 1070 2913 orare.
1105 2882 1147 2914 Et
1174 2883 1238 2914 hoc
1267 2889 1400 2924 propter
1413 2889 1440 2909 6ο
1454 2883 1511 2922 qui
1534 2887 1609 2912 sunt
1630 2882 1665 2912 in
1687 2880 1872 2921 purgatorio
1896 2879 2034 2910 totaliter
2057 2878 2218 2909 orationes
2242 2887 2356 2908 eorum
2379 2887 2398 2907 a
2412 2886 2519 2917 poena

328 2928 472 2968 quinque
496 2927 645 2958 rationes.
669 2926 789 2963 Primo,
806 2936 844 2957 ex
867 2927 932 2957 hoc
955 2926 1046 2967 quod
1062 2926 1260 2967 quandoque
1283 2928 1399 2968 aliquis
1454 2927 1664 2957 absolverent.
1689 2924 1788 2963 Quod
1811 2923 1926 2954 falsum
1950 2929 2012 2954 est:
2037 2923 2113 2963 quia
2128 2923 2173 2953 sic
2188 2921 2335 2962 suffragia
2358 2921 2519 2952 Ecclesiae

327 2972 423 3003 habet
445 2972 602 3002 maiorem
629 2969 838 3002 devotionem
865 2970 905 3002 ad
930 2971 1091 3002 minorem
1123 2977 1270 3003 sanctum
1301 2981 1400 3012 quam
1454 2981 1514 3012 pro
1539 2970 1697 3001 defunctis
1720 2968 1802 3000 facta
1825 2967 1986 3009 superflua
2009 2973 2122 2998 essent.

328 3015 368 3048 ad
390 3017 556 3047 maiorem.
581 3010 628 3046 Ex
652 3014 826 3046 devotione
849 3020 957 3046 autem
980 3016 1119 3047 maxime
1146 3015 1306 3056 dependet
1329 3026 1400 3047 ora·
1511 3015 1573 3046 Sar>
1598 3024 1721 3045 conum
1744 3023 1798 3044 as‘r
1822 3012 1911 3053 quod
1934 3013 2068 3043 habetur
2097 3011 2124 3042 Π
2148 3011 2296 3042 Machab.
2322 3010 2378 3040 ult.
2395 3011 2428 3039 *z
2453 3009 2520 3040 Hic

327 3061 425 3092 tionis
448 3059 590 3091 effectus.
611 3078 634 3082 —
668 3059 836 3095 Secundo,
861 3065 993 3100 propter
1014 3059 1177 3091 fastidium
1208 3060 1399 3092 tollendum.
1455 3065 1502 3091 est
1524 3060 1579 3100 qui
1602 3059 1737 3089 multum
1761 3062 1836 3088 orat
1851 3067 1917 3098 pro
1935 3057 2060 3097 populo
2084 3061 2115 3086 et
2135 3065 2201 3097 pro
2227 3055 2378 3086 universa
2406 3059 2520 3085 sancta

329 3104 415 3142 Quia
438 3103 602 3135 assiduitas
626 3105 721 3135 unius
746 3104 791 3134 rei
814 3103 976 3135 fasu'dium
999 3105 1090 3144 parit.
1123 3104 1182 3135 Per
1204 3105 1269 3135 hoc
1291 3110 1401 3136 autem
1414 3111 1438 3137 ες
1455 3104 1592 3140 civitate,
1618 3102 1783 3138 Ieremias,
1801 3102 1962 3143 propheta
1985 3101 2057 3131 Dei.
2086 3100 2127 3131 Et
2151 3099 2240 3140 quod
2264 3101 2331 3130 eius
2355 3099 2457 3129 oratio
2481 3099 2520 3129 sit

331 3147 421 3188 quod
436 3148 578 3180 diversos
601 3153 728 3179 sanctos
745 3158 884 3185 oramus,
902 3149 993 3188 quasi
1015 3149 1049 3180 in
1065 3149 1197 3189 singulis
1218 3158 1324 3180 novus
1339 3149 1401 3180 fer·
1456 3148 1616 3184 exaudita,
1648 3152 1736 3188 patet
1761 3156 1818 3187 per
1840 3146 1904 3177 hoc
1931 3145 2021 3186 quod
2050 3145 2193 3185 sequitur
2208 3145 2235 3180 *‚
2259 3143 2349 3184 quod
2379 3143 2522 3174 extendit

331 3201 389 3222 vor
412 3191 593 3224 devotionis
616 3193 779 3223 excitatur.
796 3211 818 3215 —
835 3193 957 3229 Tertio,
974 3193 1050 3233 quia
1070 3192 1263 3233 quibusdam
1286 3194 1401 3225 sanctis
1456 3193 1612 3224 Ieremias
1634 3191 1800 3222 dexteram
1816 3196 1847 3221 et
1861 3190 1948 3221 dedit
1962 3189 2066 3220 Iudae
2079 3189 2237 3231 gladium,
2253 3188 2383 3219 dicens:
2405 3188 2521 3228 Accipe

332 3235 443 3267 datum
458 3241 506 3267 est
520 3237 555 3268 in
569 3236 730 3277 aliquibus
745 3237 936 3278 specialibus
958 3238 1060 3268 causis
1075 3238 1247 3278 praecipue
1262 3239 1401 3278 patroci-
1455 3243 1602 3268 sanctum
1624 3236 1782 3278 gladium,
1807 3245 1924 3266 munus
1947 3244 1967 3264 a
1990 3234 2073 3269 Deo,
2098 3239 2157 3264 etc.

332 3280 416 3310 nari:
434 3281 516 3311 sicut
526 3285 637 3312 sancto
649 3281 794 3312 Antonio
812 3282 852 3312 ad
863 3282 971 3323 ignem
984 3282 1180 3324 infernalem
1191 3282 1218 3312 ἦ
1230 3299 1254 3304 -
1265 3281 1400 3320 Quarto,
1513 3291 1542 3312 2.
1567 3282 1763 3316 Panum,
1779 3279 2009 3320 Hieronymus,
2025 3279 2059 3308 in
2074 3277 2218 3318 Epistola
2241 3282 2356 3308 contra
2377 3275 2521 3317 Vigilan-

333 3329 369 3354 ut
392 3324 543 3355 omnibus
565 3325 671 3356 honor
694 3324 819 3357 debitus
842 3326 1028 3357 exhibeatur
1051 3336 1068 3356 a
1091 3326 1194 3357 nobis.
1210 3344 1234 3348 —
1256 3326 1401 3364 Quinto,
1416 3338 1443 3358 70
1457 3326 1536 3357 tium
1551 3327 1585 3356 *z
1609 3325 1701 3356 Dicis
1729 3324 1761 3355 in
1794 3324 1900 3355 libello
1925 3329 1980 3354 tuo
2004 3322 2106 3363 quod,
2130 3322 2206 3352 dum
2233 3321 2384 3355 vivimus,
2409 3325 2520 3350 mutuo

334 3369 410 3409 quia
422 3368 564 3409 plurium
576 3369 774 3401 orationibus
785 3370 984 3411 quandoque
1000 3371 1188 3411 impetratur
1204 3370 1294 3411 quod
1305 3371 1401 3402 unius
1450 3380 1516 3411 pro
1533 3370 1624 3401 nobis
1640 3378 1739 3400 orare
1750 3377 1933 3409 possumus·
1957 3367 1999 3398 Et
2013 3367 2077 3398 hoc
2092 3372 2204 3407 postea
2226 3366 2396 3406 improbat,
2413 3364 2522 3395 dicens

334 3413 480 3443 oratione
502 3421 571 3444 non
593 3413 789 3453 impetratur.
1457 3415 1518 3446 sic:
1543 3415 1579 3445 Si
1601 3413 1749 3454 Apostoli
1771 3418 1803 3444 et
1823 3417 1988 3453 martyres
2013 3411 2118 3442 adhuc
2140 3411 2173 3441 in
2197 3419 2335 3451 corpore
2357 3409 2522 3440 constituti

389 3457 441 3487 An
465 3466 600 3487 marum
627 3466 786 3488 mensum(
821 3458 911 3499 quod
938 3460 1041 3490 oratio
1072 3465 1120 3490 est
1142 3464 1230 3490 actus
1259 3458 1401 3500 quidam.
1450 3464 1591 3500 possunt
1618 3467 1716 3489 orare
1739 3467 1804 3498 pro
1829 3457 1958 3493 ceteris,
1982 3456 2112 3497 quando
2138 3465 2203 3496 pro
2227 3465 2261 3486 se
2283 3454 2388 3485 adhuc
2410 3453 2523 3484 debent

335 3501 436 3532 Actus
460 3506 567 3531 autem
590 3505 665 3532 sunt
686 3502 925 3541 particularium
940 3504 1184 3544 suppositorum
1200 3504 1226 3534 ’ἱ
1252 3504 1294 3535 Et
1315 3503 1402 3540 ideo,
1457 3513 1525 3535 esse
1558 3503 1705 3539 solliciti,
1730 3507 1851 3542 quanto
1876 3501 1982 3543 magis
2009 3506 2087 3541 post
2121 3509 2276 3536 coronas,
2309 3497 2462 3530 uictorias
2491 3503 2522 3527 et

335 3546 361 3575 si
378 3544 566 3581 diceremus,
586 3545 722 3581 Christe,
739 3555 799 3577 ora
808 3556 874 3586 pro
892 3547 993 3583 nobis,
1009 3548 1069 3579 nisi
1086 3547 1207 3588 aliquid
1223 3547 1402 3584 adderetur,
1417 3558 1441 3581 75
1458 3546 1661 3588 triumphos!

479 3608 590 3632 Smnue
609 3607 712 3633 Tnox..
732 3608 762 3632 D.
777 3607 893 3634 Tuon:
911 3608 944 3634 T.
957 3609 998 3635 IX.
2326 3604 2374 3628 αι*

2534 361 2544 370 “”
2563 359 2598 381 Cf.
2619 360 2678 381 Part.
2703 359 2747 386 111,

2534 391 2573 413 qu.
2589 391 2604 407 ιι
2627 390 2670 407 art.
2686 386 2708 408 6.

2534 414 2543 423 ·
2559 412 2594 434 Cf.
2605 402 2666 434 l>am
2677 413 2694 439 1,
2706 419 2744 439 qu.

1407 452 1415 472 x
1439 442 1479 474 ad
1501 444 1563 473 hos
1586 451 1707 472 errores
1731 440 1906 477 evitandos,
1923 441 2066 471 Ecclesia
2087 451 2154 471 non
2177 442 2262 477 dicit,
2287 442 2421 478 Christe,
2447 453 2506 473 ora
2534 445 2606 465 ¹¹V¹¹›
2621 443 2662 460 ω·
2680 446 2697 461 ¹·

2534 539 2542 547 ·
2559 538 2608 558 Art.
2624 542 2672 563 seq.

2539 1285 2550 1296 ·
2564 1284 2630 1306 νει-ε.
2648 1291 2687 1310 ιο,
2705 1292 2735 1307 ιι.

2541 1508 2550 1517 ·
2566 1506 2634 1527 Vers.
2651 1514 2669 1528 ι.

2542 1727 2552 1737 ·
2562 1725 2628 1747 νει-ι.
2639 1731 2681 1754 3ο;
2698 1725 2754 1747 Luc.

2544 1758 2594 1779 cap.
2602 1757 2641 1778 xx,
2647 1758 2708 1774 vers.
2718 1752 2754 1780 36.

2543 1817 2554 1828 ·
2568 1815 2635 1838 Vers.
2654 1822 2686 1843 ια,
2703 1822 2734 1845 ¹3-

2546 2347 2555 2357 ·
2569 2345 2606 2367 Cf·
2627 2345 2671 2366 1¹⁰²
2693 2345 2739 2367 nu
2750 2362 2756 2373 ,

2544 2378 2648 2421 gg’ffu’
2661 2375 2706 2394 art.
2720 2378 2756 2399 ιο,

2546 3010 2557 3021 ·
2571 3009 2638 3031 Vers.
2657 3016 2691 3036 ¹4-

2548 3143 2558 3153 ·
2572 3141 2637 3163 Vera.
2654 3147 2686 3169 ¹5,
2705 3141 2738 3162 ιδ.

2549 3320 2558 3330 ·
2572 3317 2645 3339 Num.
2660 3317 2681 3338 6.
