2918 4088
242 845 254 855 ‘
268 843 303 865 cf.
319 849 358 870 qu.
368 842 454 870 Lx‚1n-

244 870 304 892 trod.

245 1525 254 1534 ·
275 1523 312 1548 Cf,
335 1529 374 1550 qu.
397 1528 454 1549 an,

244 1553 286 1571 nrt.
301 1555 325 1577 5;
341 1555 379 1577 qu.
394 1555 454 1576 mxiv,

244 1579 285 1597 nrt.
300 1582 320 1597 2.

243 1630 254 1640 ·
268 1628 335 1650 νει-ε.
352 1634 385 1655 ¹4.

247 1844 257 1853 ·
263 1842 298 1864 Cf.
307 1841 350 1863 pm
358 1842 411 1868 11⁸⁸,
418 1848 456 1870 qu.

245 1874 338 1896 uuw,
346 1872 409 1894 amn
418 1875 456 1896 qu.

245 1901 348 1923 nxxvn,
359 1899 400 1917 art.
412 1903 430 1917 ι.

247 2054 257 2065 ·
271 2053 333 2075 Eccl.
348 2053 430 2080 Hier„

247 2107 268 2117 ··
276 2086 352 2131 pl'bi‘d„
367 2108 425 2133 part.
441 2112 456 2127 ι.

247 2269 258 2279 ·
273 2268 330 2295 Cap.
345 2273 394 2289 xm.

251 2683 261 2693 ·
283 2682 306 2703 1⁵
334 2681 391 2709 11²⁸,
421 2688 460 2729 qu.

249 2711 411 2736 ux:v,art.5;
438 2708 461 2729 1⁸

304 2750 310 2761 ,
338 2741 376 2762 qu.
401 2740 459 2762 cmv,

250 2764 291 2782 an.
306 2767 325 2789 3·

252 3001 301 3023 'Cfi
310 3007 390 3038 quffix,
397 3006 459 3024 arta.

252 3210 303 3231 'De
309 3210 415 3232 Sacram.
422 3210 461 3231 lib.

251 3236 270 3262 Ι,
279 3240 335 3263 part.
343 3242 373 3263 n,
383 3242 432 3264 cup.
442 3242 462 3262 ις

252 3267 309 3290 part.
320 3269 361 3289 ιιι,
377 3268 426 3290 cap.
438 3270 462 3289 4.

479 202 526 238 56
1172 197 1435 247 QUAESTIO
1463 196 1587 238 LXV,
1616 192 1907 231 ARTICULUS
1935 192 1950 228 Ι

917 443 1328 523 QUAESTIO
1367 435 2220 513 SEXAGESIMAQUINTA

1088 563 1171 603 DE
1203 557 1460 601 NUMERo
1495 555 2050 598 SACRAMENTORUM

1270 675 1305 699 IN
1334 672 1504 704 QUATUOR
1531 670 1731 696 ARTICULOS
1757 670 1871 695 DIVISA

566 795 670 821 EINDE
705 780 1027 819 considerandum
1062 785 1116 814 est
1143 777 1191 813 de
1221 785 1385 812 numero
1414 784 1535 810 sacra·
1562 777 1566 816 1

566 843 787 873 mentorum
805 834 836 870 ²⁸.

483 891 531 928 Et
558 889 656 926 circa
683 889 758 925 hoc
785 892 1020 936 quaeruntur
1047 889 1223 931 quatuor.

535 941 686 979 Primo:
715 947 846 977 utrum
874 937 947 975 sint
974 943 1120 985 septem
1148 939 1396 970 sacramenta.

1645 772 1847 810 Secundo:
1878 772 1926 809 de
1955 771 2089 809 ordine
2118 784 2255 810 eorum
2283 773 2332 810 ad
2360 772 2538 811 invicem.

1644 824 1797 862 Tertio:
1827 825 1875 862 de
1904 825 2193 875 comparatione
2221 837 2370 863 eorum.

1646 877 1816 967 Qqarto:
1846 885 1976 916 utrum
2013 878 2146 916 omnia
2173 878 2246 916 sint
2274 879 2322 917 de
2349 879 2571 918 necessitate
2599 892 2658 918 sa-

1712 938 1798 968 uns.

1289 1039 1609 1083 ARTICULUS
1639 1039 1846 1082 PRIMUS

1053 1136 1211 1169 UTRUM
1234 1134 1442 1167 DEBEANT
1463 1133 1567 1166 ESSE
1589 1133 1761 1166 SEPTEM
1784 1133 2081 1166 SACRAMENTA

947 1217 981 1241 1v
1001 1216 1085 1246 Sene„
1103 1215 1162 1241 dist.
1180 1222 1208 1246 n,
1227 1222 1272 1247 qu.
1289 1221 1307 1244 1,
1327 1218 1373 1238 art.
1394 1219 1424 1244 25
1443 1212 1478 1238 1v
1499 1212 1577 1238 Cont.
1598 1213 1686 1244 Gent„
1706 1220 1764 1246 cap.
1782 1220 1860 1245 imm
1879 1213 1922 1239 De
1941 1214 2040 1241 Eccles-
2060 1214 2184 1241 Sacram.

690 1320 712 1345 D
735 1318 870 1344 PRIMUM
893 1317 945 1343 SIC
971 1316 1206 1342 PROCEDITUR.
1240 1302 1402 1340 Videtur
1433 1300 1542 1350 quod

616 1333 653 1353 ὥς

533 1356 557 1406 'J
612 1328 668 1405 §.J
691 1372 772 1397 non
799 1359 964 1397 debeant
998 1370 1080 1395 esse
1108 1364 1257 1407 septem
1291 1361 1540 1393 sacramenta.

607 1433 609 1435 ¹
631 1397 662 1453 ’ᾗ
692 1414 937 1451 Sacramenta
964 1411 1069 1448 enim
1097 1409 1308 1448 efficaciam
1333 1408 1477 1445 habent
1495 1419 1542 1444 ex

561 1458 609 1476 ’
651 1456 829 1503 virtute
865 1464 1012 1512 divina,
1041 1471 1078 1501 et
1105 1476 1152 1500 ex
1183 1462 1320 1500 virtute
1354 1460 1542 1511 passionis

483 1520 622 1558 Christi
639 1519 670 1556 ²¹⁸.
701 1519 777 1557 Sed
805 1530 884 1556 una
912 1525 967 1555 est
992 1516 1113 1554 virtus
1140 1515 1288 1563 divina,
1318 1522 1354 1551 et
1380 1526 1460 1552 una
1488 1521 1543 1550 est

483 1573 621 1611 Christi
647 1572 794 1622 passio:
824 1584 900 1608 una
928 1570 1029 1607 enim
1060 1570 1244 1607 oblatione
1276 1568 1544 1605 consummavit

481 1628 726 1675 sanctificatos
753 1627 790 1661 in
818 1625 1092 1673 sempiternum,
1116 1629 1158 1659 ut
1185 1620 1322 1658 dicitur
1348 1621 1447 1657 Heh.
1468 1632 1491 1656 x
1509 1619 1540 1656 *.

483 1681 585 1728 Ergo
613 1690 693 1716 non
721 1677 852 1715 debuit
880 1689 962 1713 esse
989 1675 1061 1713 nisi
1089 1686 1214 1712 unum
1246 1681 1541 1711 sacramentum.

539 1744 573 1769 2.
602 1733 843 1776 PRAETEREA,
872 1736 1154 1766 sacramentum
1183 1727 1381 1764 ordinatur
1412 1734 1543 1763 contra

485 1785 675 1822 defectum
693 1782 848 1834 peccati.
878 1782 952 1819 Hic
979 1789 1109 1819 autem
1135 1788 1190 1817 est
1217 1781 1375 1829 duplex:
1406 1779 1544 1816 Scilicet

485 1850 612 1888 poena
639 1845 675 1874 et
702 1838 815 1886 culpa
833 1836 864 1872 ²¹⁵.
903 1836 1004 1883 Ergo
1033 1834 1222 1871 sufficeret
1259 1844 1340 1870 esse
1378 1832 1457 1869 duo
1486 1844 1543 1869 sa-

485 1898 688 1928 eramenta.

541 1944 574 1980 3.
603 1944 840 1989 PRAETEREA,
870 1947 1105 1978 sacramenta
1132 1938 1321 1988 pertinent
1348 1938 1397 1975 ad
1430 1937 1543 1975 actio-

485 2009 553 2033 nes
581 1994 850 2033 ecclesiasticae
877 1993 1129 2030 hierarchiae:
1159 1999 1201 2028 ut
1228 1999 1330 2041 patet
1357 2003 1426 2040 per
1452 1990 1544 2028 Dio-

485 2049 640 2099 nysium
657 2048 688 2085 ²⁸.
719 2048 807 2093 Sed,
828 2047 923 2083 sicut
941 2046 1022 2095 ipse
1050 2045 1138 2082 dicit
1156 2044 1207 2092 *²¹3
1227 2052 1302 2081 tres
1323 2052 1411 2081 sunt
1430 2043 1543 2080 actio-

484 2114 553 2139 nes
580 2100 835 2138 hierarchicae
858 2105 894 2135 0‘:
909 2100 1100 2148 purgatio,
1121 2098 1339 2134 illuminatio
1361 2105 1397 2134 et
1418 2097 1543 2146 perfe-

485 2156 566 2192 ctio.
601 2155 701 2201 Ergo
726 2164 806 2189 non
833 2151 974 2188 debent
992 2163 1073 2188 esse
1102 2150 1173 2187 nisi
1196 2149 1265 2186 tria
1293 2156 1541 2187 sacramenta.

537 2219 573 2254 4.
594 2207 826 2253 PRAETEREA,
837 2203 1072 2252 Augustinus
1087 2202 1186 2250 dicit,
1198 2203 1285 2239 XIX
1299 2209 1430 2240 contra
1443 2204 1543 2240 Fau-

484 2266 578 2297 stum
592 2259 628 2296 *t
655 2260 900 2296 Sacramenta
919 2269 1044 2294 novae
1063 2255 1153 2305 legis
1173 2263 1261 2292 sunt
1280 2268 1436 2292 numero
1449 2269 1543 2305 pau-

485 2315 589 2350 ciora
617 2324 736 2362 quam
764 2318 1000 2348 sacramenta
1027 2308 1164 2346 veteris
1192 2309 1293 2357 legis.
1324 2309 1402 2346 Sed
1420 2308 1460 2345 in
1478 2321 1543 2346 ve-

485 2365 555 2403 teri
582 2366 662 2413 lege
695 2376 775 2401 non
809 2371 888 2400 erat
924 2363 1080 2412 aliquod
1117 2370 1400 2399 sacramentum
1436 2362 1544 2411 quod

487 2418 734 2467 responderet
761 2415 1043 2454 confirmationi
1071 2423 1106 2452 et
1134 2422 1325 2452 extremae
1359 2414 1543 2452 unctioni.

487 2472 588 2518 Ergo
617 2482 743 2519 neque
771 2469 910 2506 debent
929 2467 944 2498 β
972 2467 1166 2505 numerari
1194 2467 1291 2505 inter
1309 2474 1545 2505 sacramenta

488 2535 613 2561 novae
640 2523 741 2570 legis.
1061 2527 1063 2529 ·

544 2577 577 2612 5.
604 2577 844 2622 PRAETEREA,
874 2573 1023 2611 luxuria
1054 2586 1134 2610 non
1169 2580 1224 2610 est
1259 2573 1412 2621 gravius
1448 2573 1546 2610 inter

488 2636 611 2666 cetera
638 2635 811 2677 peccata:
841 2634 883 2664 ut
901 2635 1003 2676 patet
1022 2639 1068 2663 ex
1087 2626 1146 2663 his
1174 2638 1274 2675 quae
1299 2626 1340 2663 in
1367 2627 1546 2664 Secunda

488 2682 598 2718 Parte
616 2681 636 2702 ’¹‘
663 2680 761 2717 dicta
789 2687 886 2717 sunt.
921 2680 998 2719 Sed
1025 2687 1157 2716 contra
1184 2679 1256 2716 alia
1283 2687 1438 2728 peccata
1465 2692 1545 2717 non

488 2733 693 2785 instituitur
706 2733 863 2782 aliquod
881 2740 1175 2770 sacramentum.
1195 2732 1297 2780 Ergo
1313 2745 1439 2782 neque
1454 2745 1545 2770 con-

487 2794 544 2824 tra
571 2786 761 2823 luxuriam
788 2785 920 2822 debuit
938 2784 1079 2822 institui
1108 2793 1390 2822 sacramentum
1418 2786 1545 2823 matri-

488 2839 620 2876 monii.

541 2892 615 2929 SED
648 2904 808 2938 CONTRA,
842 2890 993 2928 videtur
1023 2891 1130 2940 quod
1167 2890 1241 2927 sint
1276 2892 1387 2940 plura
1423 2904 1545 2929 sacra-

487 2952 627 2982 menta.
667 2945 912 2982 Sacramenta
949 2943 1052 2980 enim
1089 2943 1269 2981 dicuntur
1305 2945 1499 2993 quaedam
1529 2950 1544 2974 Υ

487 3009 596 3035 ,ςαενα
613 2999 723 3047 signa
740 2997 771 3033 ²¹⁶.
803 2997 879 3034 Sed
906 2998 1048 3034 multae
1074 2995 1168 3033 aliae
1197 2996 1512 3035 sanctificationes
1531 2996 1544 3020 ὃ

487 3049 585 3087 fiunt
605 3049 644 3086 in
663 3049 831 3087 Ecclesia
850 3050 1066 3086 secundum
1085 3049 1274 3086 sensibilia
1294 3050 1418 3098 signa:
1450 3051 1545 3088 sicut

489 3114 589 3151 aqua
616 3102 825 3148 benedicta,
846 3102 1078 3139 consecratio
1107 3102 1241 3150 altaris,
1262 3110 1298 3139 et
1317 3103 1389 3140 alia
1411 3103 1544 3141 huius-

489 3154 607 3191 modi.
636 3155 736 3202 Ergo
756 3162 844 3191 sunt
862 3156 972 3203 plura
990 3162 1227 3192 sacramenta
1245 3167 1365 3204 quam
1384 3164 1542 3205 septem.

544 3217 578 3242 2.
608 3207 837 3253 PRAETEREA,
858 3208 973 3254 Hugo
1002 3207 1050 3244 de
1079 3208 1218 3244 Sancto
1238 3207 1390 3245 Victore
1418 3208 1507 3245 dicit
1525 3209 1545 3231 '¹‘

490 3258 596 3307 quod
624 3266 859 3296 sacramenta
876 3259 1013 3295 veteris
1033 3259 1122 3307 legis
1148 3260 1301 3296 fuerunt
1321 3260 1543 3310 oblationes,

543 3387 571 3422 α)
589 3389 776 3414 hierarchicae.
790 3403 809 3408 -
821 3389 855 3420 1³3
868 3389 1041 3415 hierarchiae.
1054 3391 1121 3414 Ante
1128 3391 1260 3423 purgatio
1273 3391 1345 3416 tertia
1358 3392 1427 3416 addit
1438 3392 1546 3418 scilicet.

543 3423 568 3456 β)
587 3424 689 3449 debent.
706 3438 725 3443 —
743 3424 807 3449 haec
825 3424 919 3449 debent
936 3425 1021 3450 PFGI.

542 3459 569 3493 γ)
587 3460 726 3491 quaedam.
743 3474 762 3478 —
780 3460 856 3491 quasi
874 3460 1004 3492 quaedam
1023 3461 1046 3484 H
1067 3465 1091 3484 et
1110 3460 1244 3485 editiones.

542 3493 566 3529 δ)
586 3495 818 3527 sanctificationes.
835 3509 854 3514 -
873 3495 903 3519 ΡΙ
910 3503 917 3526 ;
937 3495 1154 3528 significationes.

1596 1299 1769 1337 decimae
1797 1309 1834 1338 et
1861 1301 2055 1339 sacrificia.
2095 1303 2173 1341 Sed
2200 1303 2432 1344 sacrificium
2466 1306 2659 1346 Ecclesiae

1596 1360 1651 1390 est
1678 1365 1805 1391 unum
1832 1363 2136 1404 sacramentum,
2166 1357 2273 1406 quod
2302 1357 2439 1396 dicitur
2473 1359 2659 1398 Euchari-

1596 1405 1676 1444 stia.
1712 1407 1815 1456 Ergo
1843 1407 1959 1445 etiam
1996 1408 2208 1447 oblationes
2241 1417 2277 1447 et
2311 1411 2484 1450 decimae
2519 1412 2660 1450 debent

1596 1459 1670 1496 dici
1699 1468 1946 1498 sacramenta.

1652 1512 1686 1549 3.
1716 1513 1953 1562 PRAETEREA,
1988 1514 2058 1552 tria
2094 1523 2183 1553 sunt
2213 1527 2353 1566 genera
2388 1525 2659 1568 peccatorum:

1597 1565 1797 1613 originale,
1826 1568 1987 1605 mortale
2015 1575 2052 1605 et
2078 1568 2238 1606 veniale.
2275 1569 2354 1607 Sed
2381 1578 2513 1608 contra
2548 1571 2659 1621 origi-

1596 1619 1682 1655 nale
1701 1627 1903 1668 peccatum
1923 1620 2122 1658 ordinatur
2139 1622 2369 1671 baptismus;
2399 1632 2532 1662 contra
2555 1637 2659 1663 mor-

1596 1672 1668 1708 tale
1685 1679 1818 1709 autem
1837 1673 2081 1722 poenitentia.
2109 1674 2211 1723 Ergo
2230 1675 2386 1713 deberet
2404 1682 2416 1698 ⁸
2440 1689 2522 1714 esse
2542 1678 2658 1725 aliud,

1596 1732 1746 1774 praeter
1773 1733 1938 1775 septem,
1967 1727 2076 1775 quod
2103 1727 2301 1765 ordinetur
2335 1737 2467 1767 contra
2497 1730 2658 1769 veniale.

1651 1778 1875 1815 RESPONDEO
1894 1791 2075 1817 DICENDUM
2095 1781 2214 1829 quod,
2230 1781 2327 1818 sicut
2345 1794 2462 1832 supra
2475 1783 2495 1805 ’¹‘
2514 1783 2660 1822 dictum

1598 1838 1673 1877 est,
1703 1830 1958 1868 ordinantur<
1993 1841 2229 1871 sacramenta
2257 1835 2448 1872 Ecclesiae
2476 1836 2525 1873 ad
2558 1837 2658 1874 duo:

1598 1883 1755 1930 scilicet,
1785 1884 1834 1921 ad
1862 1884 2140 1933 perficiendum
2171 1886 2373 1924 hominem
2401 1888 2440 1925 in
2473 1889 2532 1926 his
2559 1896 2660 1939 quae

1597 1936 1787 1986 pertinent
1824 1938 1873 1974 ad
1901 1939 2047 1975 cultum
2083 1939 2156 1976 Dei
2184 1940 2400 1978 secundum
2437 1941 2661 1991 religionem

1600 1989 1834 2027 Christianae
1863 1990 1982 2038 vitae3
2013 1999 2049 2028 et
2076 1991 2191 2029 etiam
2218 1992 2258 2029 in
2286 1993 2503 2031 remedium
2529 2002 2662 2033 contra

1598 2042 1789 2080 defectum
1816 2043 1972 2092 peccati.
2011 2045 2184 2094 Utroque
2212 2053 2342 2083 autem
2370 2047 2492 2085 modo
2520 2060 2660 2086 conve-

1597 2094 1746 2132 nienter
1771 2104 1971 2144 ponuntur
1998 2105 2145 2147 septem
2173 2107 2422 2137 sacramenta.

1649 2148 1735 2186 Vita
1772 2148 1876 2186 enim
1909 2149 2110 2198 spiritualis
2147 2151 2455 2190 conformitatem
2491 2153 2661 2204 aliquam

1597 2201 1713 2238 habet
1740 2202 1789 2238 ad
1816 2202 1937 2239 vitam
1965 2204 2223 2253 corporalem:
2253 2204 2350 2242 sieut
2373 2213 2409 2243 et
2427 2213 2551 2245 cetera
2577 2219 2661 2245 cor-

1597 2254 1743 2304 poralia
1758 2254 2046 2293 similitudinem
2066 2262 2084 2284 η
2103 2257 2301 2306 quandam
2321 2257 2575 2308 spiritualium
2593 2261 2660 2298 ha-

1597 2308 1699 2344 bent.
1728 2309 1771 2345 In
1798 2307 1875 2345 vita
1903 2316 2033 2346 autem
2067 2310 2256 2359 corporali
2291 2310 2490 2361 dupliciter
2524 2311 2661 2363 aliquis

1597 2360 1810 2410 perficitur:
1850 2373 1931 2398 uno
1968 2362 2110 2410 modo,
2140 2371 2331 2412 quantum
2367 2365 2416 2401 ad
2452 2377 2661 2414 personam

1597 2413 1815 2463 propriam;
1854 2414 1928 2451 alio
1956 2414 2089 2461 modo,
2117 2427 2187 2464 per
2214 2424 2432 2466 respectum
2464 2418 2513 2455 ad
2539 2426 2662 2457 totam

1599 2466 1917 2504 communitatem
1936 2466 2122 2505 societatis
2141 2468 2180 2505 in
2199 2481 2277 2518 qua
2294 2469 2399 2517 vivit,
2420 2470 2511 2520 quia
2538 2472 2662 2510 homo

1599 2519 1818 2557 naturaliter
1849 2527 1904 2556 est
1939 2520 2080 2558 animal
2115 2521 2263 2559 sociale.
2303 2523 2496 2572 Respectu
2531 2532 2662 2562 autern

1599 2572 1658 2609 sui
1686 2572 1806 2622 ipsius
1833 2572 2028 2622 perficitur
2055 2574 2176 2612 homo
2205 2574 2243 2612 in
2269 2574 2359 2612 vita>
2374 2577 2564 2626 corporali
2591 2577 2662 2615 du-

1598 2625 1763 2675 pliciter:
1794 2638 1874 2663 uno
1902 2626 2043 2673 modo,
2072 2639 2142 2676 per
2169 2640 2225 2674 se,
2255 2628 2491 2677 acquirendo
2523 2629 2663 2668 scilicet

1599 2678 1769 2728 aliquam
1796 2678 1895 2716 vitae
1923 2679 2217 2728 perfectionem3
2247 2680 2322 2718 alio
2350 2682 2484 2730 modo,
2504 2695 2574 2733 per
2600 2695 2661 2721 ac-

1599 2731 1747 2779 cidens,
1784 2731 1922 2769 scilicet
1954 2733 2193 2770 removendo
2230 2733 2507 2783 impedimenta
2539 2735 2660 2784 vitae,

1599 2793 1692 2834 puta
1720 2784 1984 2833 aegritudines,
2005 2787 2067 2822 vel
2094 2785 2238 2836 aliquid
2257 2786 2494 2826 huiusmodi.
2523 2789 2597 2826 Per
2619 2801 2660 2826 se

1599 2846 1729 2875 autem
1757 2837 1952 2887 perficitur
1970 2839 2178 2888 corporalis
2197 2839 2275 2877 vita
2298 2839 2499 2890 tripliciter.
2529 2841 2660 2879 Primo

1599 2891 1769 2940 quidem,
1798 2903 1868 2940 per
1894 2891 2192 2939 generationem,
2212 2904 2283 2942 per
2309 2905 2429 2942 quarn
2454 2894 2576 2931 homo
2604 2893 2660 2932 in-

1598 2944 1687 2993 cipit
1714 2956 1796 2981 esse
1825 2951 1861 2981 et
1888 2943 2030 2982 vivere.
2069 2945 2117 2982 Et
2143 2947 2230 2982 loco
2259 2945 2375 2983 huius
2409 2945 2449 2983 in
2477 2945 2660 2996 spirituali

1597 2997 1675 3034 vita
1702 3005 1757 3034 est
1775 2996 2074 3047 baptismus„qui
2102 3005 2157 3035 est
2184 2997 2386 3047 spiritualis
2405 2999 2658 3047 regeneratio:

1598 3051 1815 3088 secundum
1842 3050 1935 3087 illud
1963 3050 2014 3087 ad
2043 3051 2111 3087 Tit.
2132 3062 2164 3088 111
2182 3049 2217 3087 *ε
2246 3052 2321 3088 Per
2338 3051 2533 3090 lavacrum
2553 3065 2660 3103 rege·
2687 3060 2698 3070 ·

1599 3105 1811 3150 nerationis,
1831 3110 1899 3140 etc.
1927 3124 1951 3131 —
1980 3103 2173 3150 Secundo,
2199 3115 2270 3152 per
2296 3112 2560 3153 augmentum,
2579 3118 2660 3156 quo

1598 3155 1734 3205 aliquis
1767 3155 1990 3205 perducitur
2021 3155 2071 3192 ad
2101 3156 2310 3208 perfectam
2337 3157 2588 3206 quantitatem
2624 3167 2661 3196 et

1597 3209 1789 3246 virtutem.
1819 3209 1867 3245 Et
1893 3210 1980 3246 loco
1999 3207 2115 3245 huius
2134 3208 2173 3245 in
2193 3208 2376 3258 spirituali
2394 3209 2473 3248 vita
2498 3218 2554 3248 est
2572 3223 2660 3249 con-

1585 3263 1771 3309 firmatio,
1792 3261 1831 3298 in
1858 3274 1937 3310 qua
1964 3261 2076 3298 datur
2095 3260 2257 3310 Spiritus
2277 3262 2439 3300 Sanctus
2459 3264 2508 3301 ad
2527 3264 2658 3302 robur.

1653 3392 1675 3425 ε)
1695 3393 1809 3418 deberet.
1826 3407 1845 3411 -
1864 3393 1970 3418 deberet
1987 3392 2068 3417 ettam
2086 3392 2161 3424 BCE,
2179 3393 2260 3418 etiam
2280 3393 2386 3419 deberet
2404 3394 2444 3420 ed.
2463 3402 2489 3420 a.

1651 3428 1868 3488 <)d⁰rd{’¹a’¹t¹¹r·
1880 3442 1899 3446 -
1917 3428 1979 3452 Post
1992 3431 2160 3453 sacramenta
2179 3434 2279 3461 ponunt
2291 3429 2338 3459 Gb,
2352 3435 2412 3462 post
2426 3430 2560 3456 Ecclesiae
2574 3431 2661 3460 PHac,

1599 3468 1660 3495 post
1698 3471 1732 3488 uo
1763 3480 1770 3488 .

1652 3498 1679 3532 η)
1698 3498 1908 3523 similitudinem.
1925 3512 1944 3517 —
1961 3499 2175 3532 conformitatem
2195 3499 2269 3525 tertia
2286 3505 2387 3532 praeter
2406 3500 2423 3526 I.

2687 1787 2697 1798 '¹
2705 1785 2753 1814 Qu.
2761 1791 2818 1813 uu,
2825 1789 2884 1815 nrt.5
2892 1793 2904 1813 ς

2686 1818 2726 1841 qu.
2739 1817 2806 1839 um,
2821 1816 2862 1835 m.
2879 1820 2903 1835 ι.

2712 3058 2818 3088 vern-5„
