2918 4088
2 49 16 102 *a*
0 18 13 35 ‘fv
4 0 9 10 2

313 293 427 330 detur
454 291 561 341 quod
589 297 827 328 sacramenta
863 290 1056 339 indigeant
1091 301 1172 327 esse
1201 301 1246 325 ex
1275 288 1378 325 insti-

313 345 461 383 tutione
489 344 631 381 divina.

369 397 404 435 3.
434 398 673 444 PRAETEREA,
709 396 884 446 Apostoli
910 395 1038 433 vicem
1075 394 1148 432 Dei
1182 400 1379 442 gesserunt

313 451 353 488 in
377 450 504 488 terris:
533 450 638 487 unde
657 451 867 499 Apostolus
888 448 988 495 dicit,
1008 449 1039 485 II
1062 449 1148 484 Cor.
1170 459 1191 484 11
1209 446 1244 483 *ε
1273 447 1378 483 Nam

314 510 348 541 et
375 515 447 554 ego
476 503 575 553 quod
600 503 754 549 donavi,
782 504 816 540 si
842 502 930 552 quid
955 502 1109 546 donavi,
1133 505 1290 549 propter
1314 511 1379 537 vos

315 559 352 594 in
376 568 543 607 persona
565 557 711 602 Christi,
731 555 839 602 idest,
868 566 914 591 ac
941 554 972 590 si
999 553 1081 603 ipse
1110 552 1284 589 Christus
1312 552 1379 589 do·

315 617 452 647 nasset.
483 609 547 647 Sic
565 621 656 657 ergo
674 608 828 646 videtur
845 607 954 656 quod
973 605 1158 655 Apostoli,
1180 613 1216 642 et
1241 617 1380 642 eorum

315 674 566 708 successores,
595 661 743 711 possint
769 673 875 698 nova
905 666 1144 696 sacramenta
1171 658 1377 696 instituere.

370 715 445 753 SED
473 726 619 752 coum
646 726 712 752 ns‘r
739 713 848 763 quod
875 712 936 749 ille
964 711 1122 749 instituit
1149 711 1294 761 aliquid
1313 710 1380 760 qui

315 769 380 806 dat
407 767 443 806 ei
469 767 590 805 robur
617 775 654 804 et
680 766 878 804 virtutem:
909 765 1007 802 sicut
1032 772 1135 814 patet
1162 765 1210 802 de
1234 763 1380 801 institu-

314 821 463 859 toribus
489 820 632 868 legum}
662 819 740 857 Sed
757 818 879 856 virtus
897 818 1135 855 sacramenti
1163 825 1219 854 est
1247 830 1270 854 a
1297 818 1379 854 solo

281 880 287 886 '
314 875 413 920 Deo,
434 880 477 910 ut
504 885 551 910 ex
579 872 687 910 dictis
705 871 726 894 '¹³
743 879 857 921 patet.
885 871 987 919 Ergo
1008 872 1112 908 solus
1131 871 1238 907 Deus
1256 877 1381 920 potest

314 926 511 966 instituere
540 926 837 963 sacramentum.

7 989 25 1029 ζ
368 980 594 1017 ΒΕεΡοΝῠεο
613 990 797 1016 monimum
816 977 936 1027 quod,
961 976 1059 1014 sicut
1077 989 1124 1013 ex
1143 988 1260 1025 supra
1278 976 1298 998 *
1326 975 1381 1012 di-

3 1030 34 1119 J}
315 1031 383 1071 ctis
410 1039 524 1081 patet,
546 1038 786 1068 sacramenta
810 1029 1146 1068 instrumentaliter
1173 1037 1383 1078 operantur

14 1151 27 1180 t

23 1183 29 1204 b

73 457 86 470 ¹¹
100 454 164 477 Vm.
181 460 215 476 ιο.

7 616 10 624 >
6 587 21 604 «j
0 381 24 578 ‘js-e-'ss'ffmqffiss
23 367 26 373 -
5 347 7 352 ᾖ
4 298 27 312 ’-

316 1085 366 1123 ad
393 1084 607 1135 spirituales
635 1084 804 1121 effectus.
833 1085 1137 1121 Instrumentum
1165 1090 1295 1119 autem
1314 1083 1381 1119 ha-

315 1138 380 1176 bet
406 1137 588 1175 virtutem
615 1149 639 1174 a
665 1136 865 1186 principali
902 1143 1047 1184 agente.
1086 1137 1214 1184 Agens
1250 1143 1381 1172 autem

317 1198 494 1240 respectu
513 1189 742 1227 sacramenti
761 1197 816 1227 est
834 1189 995 1238 duplex:
1025 1188 1165 1226 scilicet
1183 1188 1382 1225 instituens

317 1251 623 1288 sacramentum;
651 1250 689 1280 et
706 1250 818 1280 utens
846 1249 1086 1279 sacramento
1113 1241 1294 1288 instituto,
1315 1253 1381 1290 ap-

174 1301 193 1318 ⁰
317 1296 497 1347 plicando
534 1295 675 1334 scilicet
699 1301 716 1317 ²
743 1295 875 1345 ipsum
909 1295 957 1332 ad
991 1295 1258 1331 inducendum
1291 1294 1381 1331 effe-

318 1357 441 1400 ctum,
465 1349 595 1390 Virtus
623 1355 754 1386 autem
782 1347 1008 1385 sacramenti
1035 1359 1116 1384 non
1143 1354 1268 1396 potest
1300 1359 1381 1384 esse

278 1401 531 1452 ‘Abeo‘qui
550 1401 669 1439 utitur
686 1409 947 1439 sacramento:
977 1400 1069 1450 quia
1093 1412 1174 1437 non
1202 1407 1384 1449 operatur

177 1449 192 1483 β
319 1454 392 1493 nisi
427 1467 510 1505 per¹
533 1454 699 1492 modum
733 1453 931 1491 ministerii
954 1452 980 1490 β.
1010 1453 1122 1491 Unde
1157 1453 1384 1502 relinquitur

319 1508 427 1557 quod
463 1507 584 1544 virtus
621 1506 848 1544 sacramenti
885 1506 930 1543 sit
966 1506 1015 1543 ab
1050 1518 1097 1542 eo
1126 1505 1193 1554 qui
1226 1505 1389 1542 instituit.

319 1567 617 1598 sacramentum.
656 1559 760 1596 Cum
786 1558 899 1606 igitur
924 1558 1046 1595 virtus
1083 1558 1310 1595 sacramenti
1338 1558 1384 1594 sit

260 1616 262 1618 '
319 1625 342 1650 a
370 1613 453 1649 solo
481 1613 579 1658 Deo,
600 1623 842 1660 consequens
861 1618 917 1647 est
944 1611 1052 1659 quod
1080 1611 1185 1647 solus
1212 1610 1319 1646 Deus
1338 1610 1384 1646 sit

318 1672 651 1702 sacramentorum
678 1663 880 1700 institutor.

370 1718 429 1755 An
449 1729 586 1754 PRIMUM
605 1728 704 1753 ERGO
723 1727 906 1753 DICENDUM
934 1715 1042 1764 quod
1061 1714 1123 1752 illa
1142 1727 1242 1764 quae
1266 1726 1384 1763 agun-

317 1777 381 1809 tur
411 1769 452 1807 in
489 1768 736 1807 sacramentis
770 1780 841 1818 per
873 1768 1053 1805 homines
1086 1767 1275 1815 instituta,
1304 1780 1385 1805 non

367 1899 400 1934 ἀ)
417 1900 526 1926 scincet.
543 1913 563 1918 —
580 1899 703 1924 videlicet
721 1899 790 1924 BCa.

372 1935 398 1970 β)
418 1935 569 1961 ministerii.
587 1949 606 1954 —
625 1935 744 1960 ministri
761 1935 808 1960 Fa.
828 1934 867 1960 ef.
887 1940 934 1961 art.
955 1942 979 1961 1.
998 1934 1022 1963 ζ.

370 1971 397 2006 γ)
418 1971 491 1997 dicit.
508 1985 528 1990 —
546 1970 648 1996 DFsGa
667 1975 693 1995 et
711 1970 851 2001 editiones3
871 1978 924 1996 om.

379 2159 489 2180 nunus
513 2149 616 2180 clarus
639 2154 696 2179 est.
719 2166 740 2171 -
771 2148 807 2178 In
834 2157 970 2188 corpore
993 2157 1058 2178 una
1081 2148 1264 2178 conclusio:
1289 2147 1386 2178 Solus

379 2194 471 2225 Deus
500 2198 547 2224 est
575 2197 854 2224 sacramentorum
878 2192 1052 2223 institutor.
1084 2192 1250 2222 Probatur.
1277 2192 1385 2222 Virtus

319 2238 509 2269 sacramenti
533 2243 580 2268 est
603 2238 641 2268 ab
664 2237 845 2267 institutore
868 2237 1066 2267 sacramenti.
1090 2235 1153 2267 Sed
1171 2237 1269 2266 virtus
1285 2245 1385 2266 sacra-

318 2283 421 2314 menn'
444 2287 492 2312 est
510 2292 528 2313 a
547 2282 618 2312 solo
635 2281 717 2312 Deo.
741 2281 827 2321 Ergo
844 2280 932 2311 solus
947 2281 1036 2311 Deus
1053 2286 1099 2311 est
1114 2285 1386 2310 sacramentorum

318 2327 492 2358 institutor.

320 2383 323 2384 ⁷
375 2371 479 2402 Maior
501 2371 665 2411 probatur.
697 2370 948 2400 Instrumeutum
970 2369 1066 2399 habet
1087 2370 1238 2399 virtutem
1260 2379 1278 2399 a
1300 2369 1386 2409 prin-

320 2416 416 2456 cipali
431 2421 555 2456 agente.
575 2415 817 2445 Sacramentum
833 2419 880 2444 est
894 2415 1142 2444 instrumentum
1159 2413 1198 2444 ad
1210 2413 1387 2454 spirituales

320 2459 470 2491 effectus:
495 2465 526 2490 et
548 2458 725 2500 principale
748 2468 845 2498 agens
867 2463 1015 2498 respectu
1039 2458 1227 2488 sacramenti
1249 2467 1317 2488 non
1341 2463 1388 2488 est

319 2509 414 2534 utens
429 2509 555 2534 tantum
570 2508 779 2539 sacramento,
796 2502 851 2533 sed
867 2503 1034 2533 instituens
1050 2503 1167 2542 ipsum.
1187 2502 1272 2542 Ergo
1288 2502 1387 2532 virtus

320 2549 509 2579 sacramenti
532 2553 579 2578 est
601 2548 640 2578 ab
663 2548 848 2578 instituente
864 2547 946 2587 ipso.
970 2547 1140 2577 Processus
1159 2552 1246 2577 totus
1262 2551 1309 2577 est
1325 2546 1387 2576 cla-

320 2602 384 2623 rus.
407 2610 431 2615 -
452 2593 494 2623 Et
515 2592 656 2623 secunda
677 2601 750 2632 pars
765 2592 899 2622 minoris
920 2592 1011 2622 istius
1027 2591 1264 2632 prosyllogismi
1283 2590 1387 2621 decla-

320 2642 407 2668 ratur
428 2637 463 2667 in
485 2637 597 2672 littera,
621 2635 847 2676 distinguendo
871 2635 990 2676 duplex
1005 2645 1102 2676 agens
1124 2641 1272 2676 respectu
1287 2645 1388 2666 sacra-

321 2681 441 2718 menti3
467 2686 498 2711 et
521 2690 559 2711 ex
582 2680 768 2711 exclusione
786 2681 882 2710 unius
897 2681 1043 2716 membri,
1060 2680 1180 2710 scilicet
1195 2680 1316 2719 agentis
1331 2689 1388 2720 per

321 2725 458 2756 modum
487 2725 620 2761 utentis,
651 2723 786 2755 infertur
814 2724 992 2764 reliquum,
1023 2724 1143 2754 scilicet
1173 2733 1269 2764 agens
1299 2724 1388 2754 insti-

354 3208 418 3247 ᾗ»
446 3212 513 3253 43<
537 3200 560 3226 D
588 3175 748 3225 TEanJM
767 3199 819 3224 sm
838 3198 1074 3224 PROCEDrrUR.
1104 3185 1266 3223 Videtur
1285 3186 1391 3235 quod

384 3241 733 3303 '‘½'Ch1·istus,
771 3240 988 3277 secundum
1025 3239 1132 3289 quod
1161 3239 1295 3286 homo,
1324 3239 1391 3275 ha-

480 3301 506 3336 '6
538 3294 622 3332 buit
640 3301 870 3344 potestatem
889 3292 1075 3342 operandi
1094 3291 1314 3330 interiorem
1342 3292 1391 3329 ef-

45 3376 49 3382 i
86 3398 99 3411 .
111 3397 134 3420 v
495 3341 527 3383 k
538 3348 681 3385 fectum
694 3354 1036 3384 sacramentorum.
1053 3345 1152 3382 Dicit
1167 3345 1271 3382 enim
1285 3346 1391 3382 Ioan-

36 3403 47 3423 1
134 3403 179 3420 er·-
193 3403 236 3428 ss.

382 3530 410 3565 α)
430 3531 548 3563 Spiritus
565 3534 655 3556 autem
676 3531 800 3556 Sanctus.
813 3545 832 3550 -
851 3530 971 3563 Spiritus
990 3530 1105 3556 Sanctus
1123 3533 1212 3555 autem
1233 3530 1365 3555 editiones.

983 211 1246 259 QUAESTIO
1275 211 1414 257 LXIV,
1444 209 1736 247 ARTICULUS
1764 212 1810 248 III

2435 212 2485 260 43

1432 296 1520 325 sunt
1548 289 1596 325 de
1624 288 1845 325 necessitate
1864 290 2107 326 sacramenti:
2138 291 2204 327 sed
2224 292 2272 328 ad
2291 292 2487 340 quandam

1432 341 1724 388 solemnitatem,
1746 353 1845 390 quae
1864 341 2067 378 adhibetur
2094 344 2337 380 sacramentis
2361 345 2409 382 ad
2428 357 2487 382 ex-

1432 393 1624 431 citandam
1653 394 1899 431 devotionern
1930 402 1966 431 et
1994 395 2245 432 reverentiam
2273 396 2313 432 in
2340 397 2399 433 his
2421 397 2488 446 qui

1432 454 1670 484 sacramenta
1704 446 1926 496 suscipiunt.
1962 448 2020 484 Ea
2053 460 2146 484 vero
2184 461 2283 497 quae
2317 458 2405 486 sunt
2441 451 2488 486 de

1432 499 1652 537 necessitate
1681 499 1918 545 sacramenti,
1948 508 2036 536 sunt
2063 501 2112 537 ab
2142 500 2225 549 ipso
2255 501 2406 538 Christo
2434 502 2489 539 in-

1433 553 1570 600 stituta,
1591 552 1658 602 qui
1677 560 1733 589 est
1751 553 1858 589 Deus
1877 561 1913 589 et
1931 554 2064 590 homo.
2092 554 2140 590 Et
2158 553 2243 590 licet
2261 565 2340 590 non
2360 554 2490 591 omnia

1433 606 1507 642 sint
1533 605 1668 643 tradita
1696 605 1735 642 in
1765 605 1978 655 Scripturis‚
1999 606 2114 643 habet
2140 614 2269 643 tamen
2298 619 2342 644 ea
2365 608 2490 644 Eccle-

1433 658 1488 696 sia
1529 671 1575 695 ex
1610 658 1786 695 familiari
1827 660 2103 708 Apostolorum
2143 659 2362 696 traditione:
2396 660 2491 697 sicut

1433 713 1643 761 Apostolus
1671 711 1760 748 dicit
1778 716 1806 758 Υ,
1826 712 1841 748 Ι
1865 713 1951 749 Cor.
1971 724 2007 748 xi
2025 712 2064 748 *z
2089 713 2220 749 Cetera
2253 724 2338 749 cum
2356 725 2492 750 venero

1434 765 1639 814 disponam.

1487 819 1544 854 AD
1564 829 1754 855 SECUNDUM
1773 829 1954 854 monimum
1974 818 2080 866 quod
2100 829 2159 854 res
2187 817 2381 855 sensibiles
2400 818 2493 868 apti-

1433 870 1610 907 tudinem
1637 870 1832 919 quandam
1863 870 2006 907 habent
2024 871 2073 907 ad
2097 870 2390 918 significandum
2418 871 2492 921 spi-

1434 923 1589 960 rituales
1615 923 1773 960 effectus
1797 935 1843 960 ex
1862 923 1921 959 sui
1945 924 2100 960 natura:
2130 924 2197 960 sed
2225 923 2294 960 ista
2321 924 2492 973 aptitudo

1434 975 1712 1013 determinatur
1729 976 1778 1013 ad
1797 975 2002 1025 specialem
2030 976 2346 1025 significationem
2373 989 2419 1014 ex
2437 977 2492 1014 in·

1435 1029 1627 1066 stitutione
1647 1029 1788 1066 divina.
1818 1030 1866 1066 Et
1884 1030 1960 1066 hoc
1988 1037 2044 1066 est
2070 1029 2178 1078 quod
2197 1030 2312 1077 Hugo
2332 1030 2379 1066 de
2400 1030 2493 1067 San-

1435 1090 1496 1119 cto
1524 1082 1676 1119 Victore
1705 1082 1794 1118 dicit
1811 1082 1848 1129 *,
1878 1082 1985 1131 quod
2019 1088 2292 1119 sacramentum
2320 1095 2370 1120 ex
2396 1084 2494 1120 insti-

1434 1137 1572 1172 tutione
1589 1137 1785 1185 significat.
1808 1135 2014 1183 Praeelegit
2032 1143 2162 1172 tamen
2180 1136 2287 1172 Deus
2306 1136 2494 1185 quasdam

1435 1200 1495 1225 res
1514 1188 1595 1225 aliis
1610 1188 1658 1225 ad
1679 1187 1973 1236 significationes
1992 1190 2293 1236 sacramentales,
2309 1201 2390 1225 non
2404 1188 2495 1238 quia

1435 1241 1485 1278 ad
1511 1253 1575 1278 eas
1594 1242 1842 1278 contrahatur
1860 1241 1942 1278 eius
1961 1241 2119 1278 affectus
2138 1240 2163 1288 ὅ,
2193 1242 2260 1278 sed
2279 1249 2322 1279 ut
2340 1241 2386 1278 sit
2403 1253 2494 1278 con-

1434 1293 1651 1331 venientior
1678 1293 1914 1342 significatio.

1489 1348 1546 1384 AD
1573 1359 1732 1384 TERTIUM
1759 1359 1941 1384 mcsNDUM
1960 1347 2067 1396 quod
2090 1347 2276 1396 Apostoli,
2297 1355 2333 1384 et
2358 1359 2495 1384 eorum

1436 1411 1696 1446 successores,
1726 1407 1815 1437 sunt
1841 1399 1971 1436 vicarii
2003 1399 2075 1436 Dei
2108 1407 2298 1449 quantum
2325 1400 2374 1437 ad
2402 1399 2495 1447 regi-

1436 1465 1528 1490 men
1556 1452 1748 1490 Ecclesiae
1776 1452 1965 1489 institutae
1985 1458 1996 1474 ⁸
2024 1465 2094 1502 per
2112 1452 2231 1490 fidem
2260 1460 2296 1489 et
2319 1452 2411 1489 fidei
2438 1464 2496 1488 sa-

1437 1512 1642 1542 cramenta.
1680 1505 1812 1551 Unde,
1842 1505 1939 1542 sicut
1966 1517 2046 1542 non
2074 1505 2158 1542 licet
2186 1505 2239 1542 eis
2267 1505 2495 1542 constituere

1437 1557 1552 1594 aliam
1580 1557 1800 1604 ecclesiam,
1829 1557 1880 1594 ita
1907 1570 1987 1594 non
2014 1558 2100 1594 licet
2127 1558 2180 1594 eis
2207 1558 2354 1595 tradere
2383 1557 2496 1595 aliam

1437 1609 1570 1656 fidem,
1590 1621 1718 1658 neque
1737 1609 1930 1646 instituere
1958 1610 2030 1647 alia
2057 1618 2313 1647 sacramenta:
2344 1611 2410 1647 sed
2429 1622 2498 1659 per

1436 1668 1672 1698 sacramenta
1709 1674 1804 1711 quae
1840 1663 1885 1699 de
1920 1663 2035 1699 latere
2066 1664 2202 1700 Christi
2230 1664 2424 1712 pendentis
2460 1664 2496 1699 in

1438 1727 1549 1805 (ἔτισε
1576 1716 1796 1789 jgeuxerunt,
1829 1714 1966 1752 dicitur
2002 1727 2084 1752 esse
2120 1715 2299 1752 fabricata
2330 1715 2498 1752 Ecclesia

1473 1767 1580 1804 hristi
1621 1797 1629 1804 .

1493 1898 1518 1932 ὃ)
1535 1899 1655 1933 affectus.
1672 1914 1691 1918 —-
1709 1900 1816 1933 effectus
1835 1901 1922 1929 PE1a;
1939 1901 2014 1925 Alias
2032 1901 2143 1934 affectus
2161 1909 2251 1934 margo
2270 1902 2298 1927 Ρ.

1494 1934 1516 1968 ε)
1536 1935 1682 1961 institutae.
1699 1950 1719 1954 -
1737 1937 1778 1961 vel
1794 1937 1955 1961 constitutae
1974 1937 1994 1961 C
2013 1942 2038 1961 et
2056 1945 2147 1969 margo
2165 1937 2194 1968 B,
2206 1938 2367 1963 constitutae
2384 1938 2466 1964 tertia.

995 2059 1330 2092 Commentario»
1352 2059 1608 2092 Cardinalis
1629 2059 1831 2092 Caietam

1440 2147 1573 2183 tuendo,
1598 2157 1665 2178 esse
1685 2157 1781 2188 agens
1796 2149 1987 2189 principale;
2011 2159 2048 2180 ac
2063 2159 2121 2190 per
2135 2150 2208 2186 hoc,
2226 2161 2243 2180 a
2259 2160 2325 2191 quo
2342 2157 2389 2182 est
2403 2153 2501 2183 virtus

1440 2193 1638 2222 sacramenti.

1496 2236 1532 2266 11.
1557 2236 1642 2266 Nota
1665 2236 1716 2266 hic
1740 2236 1830 2276 quod
1845 2237 1923 2267 haec
1939 2237 2018 2267 ratio
2042 2237 2159 2268 directe
2175 2244 2207 2269 et
2222 2238 2404 2276 formaliter,
2427 2241 2502 2271 licet

1439 2290 1508 2310 non
1531 2281 1714 2310 aestimetur
1729 2290 1747 2310 a
1762 2282 1951 2320 negantibus
1966 2282 2097 2312 virtutes
2112 2283 2146 2312 in
2161 2284 2381 2314 sacramentis:
2403 2303 2427 2306 —
2450 2295 2501 2315 ae-

1441 2325 1639 2365 quivalenter
1661 2330 1769 2354 tamen
1792 2325 1870 2355 haec
1894 2326 1973 2355 ratio
1997 2335 2110 2356 omnes
2130 2327 2290 2357 convincit
2314 2328 2502 2359 confitentes

1441 2374 1636 2399 sacramenta
1659 2367 1804 2399 conferre
1828 2370 1970 2409 gratiam,
1994 2370 2060 2400 sive
2078 2380 2135 2410 per
2149 2371 2300 2402 virtutem
2315 2372 2349 2402 in
2366 2373 2419 2408 eis,
2436 2374 2501 2403 sive

1441 2423 1498 2453 per
1521 2412 1660 2443 divinam
1683 2414 1891 2444 assistentiam
1915 2414 2026 2444 solam.
2051 2414 2215 2452 Quoniam
2234 2425 2290 2455 par
2306 2421 2352 2446 est
2366 2417 2446 2447 ratio
2463 2416 2502 2447 de

1441 2458 1556 2488 virtute
1579 2457 1791 2493 instrumenti,
1814 2458 1840 2488 si
1862 2464 2001 2497 ponatur
2023 2459 2070 2488 vis
2089 2459 2195 2499 aliqua
2217 2460 2251 2489 in
2267 2469 2317 2496 eo,
2341 2466 2373 2490 et
2395 2461 2421 2491 si
2444 2471 2503 2501 po-

1441 2507 1535 2532 natur
1558 2502 1678 2541 absque
1701 2502 1887 2532 huiusmodi
1910 2503 1942 2532 vi
1965 2502 2092 2533 efficax:
2125 2504 2199 2543 quia
2223 2503 2362 2534 efficacia
2389 2505 2502 2535 instru-

1441 2546 1542 2576 menti
1566 2545 1605 2576 ad
1628 2545 1814 2576 huiusmodi
1837 2547 2033 2586 spiritualem
2050 2546 2198 2578 effectum
2221 2558 2288 2578 non
2303 2549 2363 2578 nisi
2388 2559 2405 2579 a
2421 2550 2502 2585 Deo,

1442 2600 1510 2620 non
1532 2590 1594 2620 nisi
1617 2591 1656 2620 ab
1679 2591 1863 2620 instituente
1886 2591 2013 2630 signum
2035 2591 2129 2627 illud,
2154 2601 2221 2622 esse
2244 2598 2359 2632 potest.
2393 2593 2503 2631 Quan-

1443 2633 1619 2675 doquidem
1635 2644 1653 2664 a
1668 2635 1812 2664 ministro
1828 2640 1938 2665 utente
1954 2635 2070 2671 solum,
2087 2641 2211 2666 constat
2226 2645 2294 2666 esse
2308 2646 2376 2667 non
2391 2647 2502 2677 posse:

1443 2680 1518 2719 quia
1541 2679 1684 2709 minister
1706 2684 1830 2709 tanturn
1855 2684 1910 2715 est,
1934 2685 1970 2709 ut
1992 2680 2025 2710 in
2048 2679 2150 2710 littera
2173 2680 2296 2711 dicitur.

1126 2886 1446 2930 ARTICULUS
1475 2886 1705 2928 TERTIUS

922 2981 1079 3012 UTRUM
1104 2980 1332 3017 CHRISTUS,
1356 2976 1596 3011 SECUNDUM
1620 2979 1743 3018 QUOD
1767 2979 1909 3015 HOMO,

534 3025 759 3057 HABUERIT
783 3025 1080 3056 POTESTATEM
1104 3025 1323 3055 OPERANDI
1347 3024 1618 3055 INTERIOREM
1642 3023 1879 3054 EFFECTUM
1903 3023 2297 3056 SACRAMENTORUM

764 3107 798 3131 1v
818 3107 901 3137 Sent.y
921 3106 980 3131 dist.
999 3114 1022 3134 ν,
1042 3113 1087 3138 qu.
1104 3113 1122 3136 1,
1142 3111 1188 3131 art.
1210 3112 1239 3137 1;
1259 3105 1289 3130 In
1311 3105 1395 3134 Ioum,
1415 3113 1470 3138 cap.
1489 3113 1506 3136 1,
1526 3105 1583 3129 lect.
1602 3112 1658 3135 xlv5
1678 3105 1687 3129 1
1706 3105 1744 3129 ad
1766 3105 1835 3134 Cor„
1855 3112 1909 3136 cap.
1929 3112 1946 3135 1,
1967 3105 2025 3129 lect.
2044 3112 2071 3130 11.

1445 3187 1632 3235 baptizare
1650 3186 1687 3221 in
1716 3197 1826 3234 aqua,
1847 3185 1907 3221 ille
1925 3186 2017 3221 mihi
2033 3185 2144 3221 dixit:
2171 3186 2291 3233 Super
2318 3197 2425 3233 quem
2453 3186 2506 3222 vi-

1445 3239 1543 3275 deris
1568 3239 1743 3287 Spiritum
1779 3237 2054 3274 descendentem
2087 3243 2119 3273 et
2151 3243 2361 3274 manentem
2396 3249 2507 3287 super

1446 3303 1548 3337 eum,
1577 3293 1636 3328 hic
1664 3296 1714 3328 est
1742 3292 1805 3340 qui
1830 3292 1986 3340 baptizat
2013 3292 2051 3327 in
2080 3292 2215 3340 Spiritu
2244 3292 2390 3327 Sancto.
2429 3290 2505 3327 Sed

1446 3344 1638 3393 baptizare
1666 3343 1706 3380 in
1735 3343 1878 3393 Spiritu
1907 3344 2047 3381 Sancto
2076 3351 2131 3380 est
2158 3343 2314 3380 interius
2348 3342 2505 3391 gratiam

327 3412 396 3438 nes
423 3399 603 3449 Baptista,
624 3408 666 3438 ut
694 3400 857 3437 habetur
884 3401 987 3437 Ioan.
1009 3411 1018 3436 1
1037 3399 1074 3435 *ε
1111 3400 1185 3441 Qui
1210 3411 1270 3435 me
1297 3399 1393 3435 misit
1449 3397 1610 3447 Spiritus
1631 3396 1758 3434 Sancti
1777 3397 1959 3434 conferre.
1988 3395 2149 3446 Spiritus
2169 3404 2297 3433 autem
2318 3396 2506 3433 Sanctus²

2519 753 2528 762 ·
2542 750 2610 772 Vers.
2623 756 2659 778 34.

2521 1084 2531 1094 ¹
2537 1081 2684 1103 DeSacram.
2692 1081 2731 1103 lib.

2521 1109 2539 1136 Ι,
2548 1113 2606 1136 part.
2613 1114 2644 1135 ix,
2653 1114 2702 1136 cap.
2711 1114 2731 1130 z.

2618 1243 2632 1268 ὃ

2525 1724 2534 1733 ·
2553 1722 2630 1743 Gloss.
2652 1721 2736 1742 Lomb.

2526 1754 2595 1776 super
2608 1748 2671 1769 Rom.
2686 1753 2736 1775 cap.

2526 1782 2547 1802 v,
2562 1781 2622 1796 vers.
2639 1781 2672 1800 ¹4·
