2878 4088
398 162 474 198 240

453 229 516 260 San
541 238 680 266 CONTRA,
705 229 835 259 aureola
857 229 1086 269 superponitur
1115 238 1239 260 aureae.
1274 227 1337 259 Sed
1367 236 1463 258 aurea

398 278 445 304 est
467 274 622 304 intensior
644 274 678 304 in
701 283 769 304 uno
794 282 892 313 quam
915 274 949 304 in
972 273 1046 304 alio.
1070 273 1156 314 Ergo
1180 279 1211 304 et
1235 272 1373 303 aureola.

452 318 644 348 Ruspommo
668 327 829 348 nrcxmnun
852 317 952 358 quod,
977 327 1053 349 cum
1075 318 1227 348 meritum
1249 318 1288 347 sit
1305 315 1462 356 quodam-

397 362 497 393 modo
520 362 654 403 praemii
677 371 782 399 causa,
807 367 936 403 oportet
959 362 1162 393 diversificari
1184 362 1325 402 praemia
1348 369 1462 391 secun-

398 407 476 437 dum
501 406 591 447 quod
613 407 726 437 merita
749 406 1017 438 diversificantur:
1042 406 1163 447 aliquid
1186 407 1272 436 enim
1287 404 1463 435 intenditur

399 457 430 482 et
452 451 622 482 remittitur
644 460 702 491 per
724 451 941 482 intensionem
958 457 989 482 et
1004 452 1227 482 remissionem
1245 459 1321 480 suae
1337 458 1461 479 causae.

398 496 550 526 Meritum
570 500 678 526 autem
693 496 843 527 aureolae
858 502 965 537 potest
981 505 1049 526 esse
1067 496 1171 526 maius
1188 500 1219 525 et
1233 495 1351 525 minus.
1369 492 1463 525 Unde

399 545 430 570 et
453 540 583 570 aureola
605 545 713 580 potest
736 549 804 571 esse
827 541 930 571 maior
954 546 984 570 et
1007 540 1123 570 minor.

453 584 628 615 Sciendum
650 590 759 615 tamen
783 584 873 625 quod
888 586 1039 615 meritum
1055 583 1203 614 aureolae
1219 588 1326 624 potest
1340 580 1464 612 intendi

399 627 583 669 dupliciter:
608 639 676 660 uno
707 629 828 666 modo,
854 639 891 660 ex
915 634 1004 670 parte
1034 628 1164 665 radicis;
1189 628 1252 658 alio
1282 626 1400 663 modo,
1425 635 1464 656 ex

398 678 487 713 parte
511 674 627 714 operis.
661 673 829 714 Contingit
852 675 937 704 enim
963 683 1030 704 esse
1061 673 1185 713 aliquos
1216 671 1299 703 duos
1323 680 1464 711 quorum

398 727 484 748 unus
507 727 545 748 ex
567 718 686 748 minori
709 718 837 749 caritate
860 718 963 748 maius
985 723 1184 748 tormentum
1207 716 1348 757 martyrii
1371 715 1464 746 susti-

397 767 472 799 net;
495 762 546 792 vel
569 763 670 802 magis
693 761 922 802 praedicationi
945 763 1055 799 instat3
1080 767 1135 793 aut
1158 762 1254 792 etiam
1277 761 1378 800 magis
1397 769 1430 790 se
1446 769 1464 790 a

399 805 638 837 delectabilibus
662 807 764 837 carnis
787 807 924 846 elongat.
949 806 1126 837 Intensioni
1149 815 1225 846 ergo
1249 806 1354 836 meriti
1381 813 1464 845 quae

399 850 571 883 attenditur
585 859 684 890 penes
701 850 851 886 radicem,
867 860 935 881 non
951 850 1124 890 respondet
1142 850 1280 880 intensio
1305 848 1463 883 aureolae,

398 894 455 925 sed
476 895 615 925 intensio
640 904 763 925 aureae.
789 894 852 925 Sed
874 895 1047 925 intensioni
1070 895 1175 924 meriti
1194 903 1277 934 quae
1294 899 1341 924 est
1357 902 1396 923 ex
1409 902 1464 933 ge-

398 948 474 969 nere
498 943 596 974 actus,
621 937 795 978 respondet
817 939 955 968 intensio
980 938 1138 968 aureolae.
1163 937 1258 968 Unde
1273 942 1380 978 potest
1396 945 1465 967 esse

399 982 489 1023 quod
512 982 626 1022 aliquis
651 983 707 1022 qui
730 983 837 1013 minus
860 983 894 1012 in
916 983 1069 1022 martyrio
1092 987 1233 1012 meretur
1251 986 1409 1021 quantum
1425 980 1465 1011 ad

399 1026 564 1057 essentiale
586 1027 784 1066 praemium,
808 1027 937 1057 habebit
959 1036 1019 1066 pro
1043 1026 1196 1067 martyrio
1219 1026 1376 1056 maiorem
1409 1035 1464 1055 au—

398 1071 530 1102 reolam.

453 1116 504 1146 An
528 1124 645 1145 mmm
661 1124 744 1145 eaeo
761 1125 922 1145 men-»mun
938 1114 1028 1155 quod
1042 1115 1155 1145 merita
1171 1114 1289 1154 quibus
1308 1112 1465 1144 debentur

398 1160 556 1196 aureolae,
580 1169 649 1190 non
672 1160 832 1199 attingunt
855 1158 895 1189 ad
918 1160 1091 1190 terminum
1115 1158 1321 1200 perfectionis
1344 1158 1466 1198 simpli-

399 1205 485 1240 citer,
510 1203 566 1234 sed
589 1203 769 1234 secundum
788 1205 945 1244 speciem:
971 1205 1053 1234 sicut
1076 1204 1157 1244 ignis
1181 1209 1228 1234 est
1251 1204 1358 1243 specie
1390 1202 1465 1233 sub-

397 1248 580 1279 tilissimum
603 1258 789 1289 corporum.
823 1248 917 1279 Unde
946 1249 1027 1279 nihil
1056 1248 1207 1289 prohibet
1229 1257 1329 1279 unam
1352 1257 1466 1278 aureo-

397 1293 462 1324 lam
495 1293 554 1324 alia
586 1302 653 1324 esse
684 1293 958 1324 excellentiorem:
993 1294 1076 1324 sicut
1104 1303 1190 1324 unus
1221 1293 1303 1333 ignis
1332 1297 1379 1323 est
1402 1292 1465 1322 alio

398 1338 554 1369 subtilior.

453 1383 504 1413 An
521 1392 683 1413 snctmntm
702 1392 863 1412 mcmznum
883 1381 973 1422 quod
995 1391 1060 1413 una
1083 1383 1244 1423 virginitas
1267 1386 1375 1422 potest
1398 1390 1466 1412 esse

399 1427 459 1458 alia
481 1427 585 1458 maior
607 1432 740 1467 propter
762 1427 919 1457 maiorem
942 1436 1104 1458 recessum
1128 1436 1146 1457 a
1168 1427 1355 1467 virginitatis
1387 1435 1465 1457 con-

398 1471 510 1502 tran'o:
536 1477 572 1502 ut
595 1471 718 1502 dicatur
740 1472 775 1502 in
798 1471 851 1502 illa
875 1481 943 1502 esse
966 1472 1069 1502 maior
1083 1471 1246 1511 virginitas
1262 1480 1346 1511 quae
1365 1471 1466 1511 magis

399 1517 585 1547 occasiones
609 1516 823 1556 corruptionis
842 1516 928 1546 vitat.
953 1515 1005 1547 Sic
1021 1517 1108 1546 enim
1130 1516 1325 1557 privationes
1343 1515 1467 1546 intendi

399 1566 549 1601 possunt:
573 1566 609 1591 ut
632 1570 708 1591 cum
731 1560 846 1591 dicitur
868 1561 970 1591 homo
993 1561 1094 1602 magis
1117 1570 1232 1592 caecus
1261 1561 1336 1601 quia
1365 1561 1466 1601 magis

400 1606 567 1646 elongatur
590 1615 608 1636 a
629 1606 710 1636 visu.

520 1692 774 1736 QUAESTIO
798 1691 1345 1727 NONAGESIMASEPTIMA

709 1746 754 1770 DE
774 1746 890 1771 POENA
910 1746 1158 1771 DAMNATORUM

469 1836 694 1857 onsnounnrna
722 1825 992 1857 considerandum
1020 1831 1067 1856 est
1095 1825 1135 1856 de
1165 1826 1398 1866 pertinentibus
1428 1826 1468 1858 ad

405 1837 637 1902 Cdamnatos
660 1876 734 1911 post
761 1870 918 1901 iudicium
938 1871 965 1901 *.
990 1871 1032 1901 Et
1054 1871 1178 1911 primo,
1203 1871 1243 1901 de
1270 1872 1385 1911 poenis
1413 1871 1468 1902 da-

401 1921 596 1951 mnatorum,
622 1920 653 1945 et
675 1916 749 1955 igne
773 1925 840 1955 quo
865 1924 979 1945 eorum
995 1924 1132 1955 corpora
1151 1916 1396 1952 cruciabuntur;
1420 1925 1469 1946 se-

161 1873 219 1922 ἔτὲἑ.
231 1879 270 1901 qu.
281 1872 374 1899 xc=,1n-

402 1960 521 1996 cundo,
546 1959 585 1990 de
608 1959 656 1989 his
681 1968 763 1999 quae
786 1960 947 1999 pertinent
971 1959 1011 1989 ad
1034 1969 1148 1990 eorum
1177 1959 1327 1990 affectum
1360 1965 1391 1990 et
1420 1961 1468 1990 in-
1483 1968 1509 1989 4⁰

161 2008 172 2018 ·
189 2006 236 2034 Qu.
252 2011 328 2028 xcvxn.

159 2053 171 2063 ·
189 2051 235 2079 Qu.
251 2056 312 2073 xcix.

400 2005 565 2035 tellectum
581 2004 614 2040 ἢ
638 2004 743 2040 tertio,
768 2003 807 2034 de
831 2004 949 2034 iustitia
973 2009 1005 2034 et
1027 2004 1245 2035 misericordia
1273 2004 1334 2035 Dei
1362 2013 1468 2045 respe-

401 2055 455 2080 ctu
479 2048 704 2079 damnatorum
720 2049 747 2078 ’ἦ

401 2093 495 2125 Circa
517 2094 660 2134 primum
684 2098 882 2132 quaeruntur
906 2097 1041 2133 septem.

455 2138 583 2168 Primo:
613 2142 722 2168 utrum
755 2136 896 2168 damnati
928 2137 961 2167 in
994 2136 1121 2168 inferno
1153 2137 1221 2168 sola
1250 2147 1358 2178 poena
1386 2138 1468 2179 ignis

490 2182 677 2222 affligantur.

456 2226 624 2258 Secundo:
650 2232 758 2257 utrum
782 2226 898 2256 vermis
922 2235 989 2266 quo
1014 2226 1197 2266 affliguntur
1220 2227 1260 2256 sit
1283 2228 1467 2267 corporalis.

456 2271 584 2302 Tertio:
610 2277 719 2302 utrum
742 2269 836 2301 fletus
859 2271 893 2301 in
918 2271 962 2301 eis
987 2271 1123 2301 existens
1146 2271 1186 2301 sit
1209 2272 1392 2312 corporalis.

457 2316 598 2354 Quarto:
623 2321 732 2346 utrum
755 2315 905 2346 tenebrae
929 2324 1044 2346 eorum
1068 2316 1130 2346 sint
1153 2316 1345 2356 corporales.

457 2361 598 2399 Quinto:
625 2366 733 2391 utrum
756 2361 839 2400 ignis
863 2369 930 2400 quo
955 2359 1138 2400 affliguntur
1161 2360 1200 2390 sit
1223 2361 1408 2401 corporalis.

457 2405 571 2436 Sexto:
596 2410 706 2435 utrum
729 2405 769 2435 sit
792 2404 936 2435 eiusdem
959 2405 1078 2445 speciei
1102 2414 1177 2435 cum
1200 2406 1274 2445 igne
1302 2411 1422 2437 nostro.

457 2449 621 2490 Septimo:
646 2455 755 2480 utrum
779 2450 860 2489 ignis
883 2449 937 2480 ille
960 2450 999 2480 sit
1022 2450 1081 2480 sub
1105 2455 1196 2480 terra.

498 2533 598 2565 ART.
615 2533 638 2564 1.
663 2543 769 2564 uuum
792 2543 932 2563 DAMNATI
955 2543 987 2563 m
1011 2542 1146 2564 turmo
1171 2542 1249 2564 som
1272 2543 1375 2564 Pomm

774 2587 856 2608 1oN1s
879 2587 1097 2608 annom-run

622 2628 655 2650 lv
670 2628 744 2655 Sent„
760 2628 815 2650 dist.
829 2634 878 2655 xxi,
894 2634 932 2656 qu.
949 2634 965 2654 ι,
981 2631 1024 2651 ιη.
1043 2636 1062 2655 ι,
1094 2628 1122 2650 ιι·
1136 2634 1157 2653 2.
1173 2628 1201 2649 ad
1216 2633 1244 2654 ις

494 2656 537 2684 Qq.
553 2655 646 2683 Dispp„
661 2661 701 2683 qu.
717 2654 746 2676 de
759 2655 855 2682 Anima,
870 2659 914 2677 art.
928 2661 961 2682 2¹,
977 2654 1006 2676 ad
1023 2655 1061 2677 18:
1099 2654 1162 2678 uodl.
1178 2655 1244 2683 VIII,
1260 2661 1300 2683 qu.
1315 2661 1364 2677 vui.

466 2725 487 2746 n
502 2725 620 2746 prunum
641 2725 686 2746 stc
706 2724 911 2745 pnoeanrrun.
931 2714 1066 2746 Videtur
1087 2714 1177 2755 quod
1203 2714 1342 2746 damnati
1366 2717 1400 2747 in
1419 2716 1468 2746 in-

403 2726 558 2791 Aferno
587 2760 655 2790 sola
683 2769 790 2800 poena
813 2760 895 2800 ignis
923 2759 1112 2800 affligantur.
1143 2759 1230 2798 Quia
1254 2760 1366 2790 Matth.
1392 2770 1466 2797 xxv,

401 2805 457 2835 ubi
482 2814 596 2835 eorum
619 2803 783 2835 damnatio
800 2805 997 2845 exprimitur,
1013 2803 1050 2835 fit
1064 2805 1187 2835 mentio
1202 2804 1310 2835 solum
1326 2804 1366 2836 de
1381 2806 1473 2846 igne,-

402 2858 477 2880 cum
501 2848 616 2880 dicitur
630 2849 664 2879 ἰ
689 2848 747 2885 Ite,
767 2848 939 2885 maledicti,
964 2849 997 2879 in
1023 2849 1131 2890 ignem
1155 2854 1332 2880 aeternum.

458 2903 488 2924 2.
512 2893 715 2930 Pium-nana,
740 2893 822 2924 sicut
844 2902 951 2933 poena
974 2893 1150 2934 purgatorii
1173 2893 1307 2924 debetur
1333 2899 1467 2934 peccato

401 2938 526 2974 veniali,
550 2938 593 2968 ita
616 2947 723 2978 poena
745 2937 861 2968 inferni
884 2937 1018 2968 debetur
1040 2938 1177 2968 mortali.
1210 2937 1273 2969 Sed
1295 2939 1329 2968 in
1352 2948 1468 2979 purga-

401 2983 484 3013 torio
508 2992 576 3012 non
600 2981 715 3013 dicitur
739 2992 807 3013 esse
829 2983 890 3013 nisi
914 2992 1021 3023 poena
1044 2983 1144 3023 ignis:
1170 2988 1206 3014 ut
1229 2988 1316 3024 patet
1331 2992 1389 3023 per
1404 2984 1467 3014 hoc

402 3026 492 3067 quod
521 3026 636 3057 dicitur
659 3026 671 3056 Ι
695 3026 771 3057 Cor.
788 3037 823 3057 111
838 3027 873 3056 *t
902 3027 1162 3068 Unius-cuiusque
1185 3037 1266 3068 opus
1289 3028 1386 3068 quale
1414 3028 1466 3064 sit,

402 3071 489 3112 ignis
506 3070 668 3111 probabit.
693 3069 779 3111 Ergo
803 3080 864 3101 nec
888 3072 921 3101 in
945 3071 1071 3102 inferno
1096 3072 1155 3102 erit
1177 3072 1238 3102 nisi
1252 3081 1359 3112 poena
1374 3072 1466 3112 ignis.

458 3115 488 3146 3.
512 3115 708 3151 Pmn'rmuza,
732 3125 912 3156 poenarum
935 3117 1069 3146 varietas
1091 3115 1290 3157 refrigerium
1313 3122 1465 3157 praestat:

401 3159 484 3189 sicut
507 3159 610 3190 calido
634 3169 709 3190 cum
732 3159 918 3191 transfertur
941 3159 980 3191 ad
1003 3159 1165 3200 frigidum.
1190 3160 1253 3192 Sed
1275 3161 1403 3192 nullum
1418 3170 1467 3192 re-

402 3203 565 3243 frigerium
589 3209 635 3234 est
653 3213 776 3244 ponere
791 3204 825 3235 in
841 3204 1007 3235 damnatis.
1031 3205 1117 3245 Ergo
1133 3214 1201 3236 non
1217 3211 1311 3236 erunt
1325 3205 1468 3236 diversae

402 3257 537 3288 poenae,
562 3247 618 3278 sed
641 3248 709 3278 sola
732 3257 839 3288 poena
862 3249 953 3289 ignis.

458 3291 520 3322 San
545 3301 669 3322 coi-mm
691 3302 745 3322 nsi·
778 3292 868 3333 quod
898 3293 1013 3324 dicitur
1043 3293 1077 3323 in
1108 3293 1236 3324 Psalmo
1252 3295 1287 3325 ‘2
1313 3293 1406 3336 Ignis
1438 3299 1469 3325 et

403 3336 538 3376 sulphur
561 3341 591 3366 et
613 3336 746 3376 spiritus
762 3337 987 3377 procellarum
1004 3346 1087 3377 pars
1110 3338 1220 3369 calicis
1243 3347 1367 3369 eorum.

460 3389 489 3410 2.
513 3380 714 3417 Pium-mum,
739 3380 797 3411 Iob
829 3390 902 3411 xxrv
925 3382 960 3411 *t
996 3381 1194 3412 Transibunt
1224 3382 1264 3413 ab
1295 3383 1387 3424 aquis
1419 3382 1467 3412 ni-

165 3433 377 3456 ·Homrtinmat.
405 3423 491 3453 vium
514 3424 556 3454 ad
579 3425 723 3455 calorem
747 3425 890 3455 nimium.

164 3466 216 3482 ”¹⁰⁸
230 3461 369 3483 ¹⁰⁹⁵·”V'fl
459 3467 648 3498 Rasponmzo
682 3477 841 3498 mmmmm
871 3468 980 3509 quod,
1005 3468 1184 3500 secundum
1214 3470 1368 3501 Basilium
1383 3471 1410 3507 “,
1434 3470 1468 3501 in

164 3476 378 3542 ῗῆἕςῖκὲἓῆἵῗὶ-ζί-
405 3511 517 3542 ultima
539 3511 652 3542 mundi
682 3513 873 3552 purgatione
902 3511 958 3543 fiet
981 3514 1137 3553 separatio
1167 3514 1201 3544 in
1225 3514 1407 3550 elementis,
1432 3519 1468 3544 ut

162 2850 173 2860 ·
188 2848 255 2871 Vera.
269 2855 307 2876 41.

163 3028 172 3038 ·
187 3027 253 3049 Vers.
270 3034 302 3057 ¹3.

163 3294 174 3304 ·
189 3293 226 3315 Pa.
236 3299 259 3320 x.
270 3299 330 3316 vers.
340 3300 361 3321 7.

165 3380 173 3389 ·
189 3377 256 3400 Vere.
269 3383 304 3406 ¹9-

1485 413 1494 434 5

1479 638 1505 653 1⁰

1481 859 1503 880 15

1479 1079 1506 1094 20

1481 1304 1504 1324 25

1481 1526 1507 1547 30

1483 1747 1505 1769 35

1482 2194 1506 2215 45

1484 2415 1510 2436 50

1484 2637 1507 2658 55

1482 2853 1509 2874 6ο

1481 3085 1506 3111 6ς

1481 3311 1509 3332 70

1482 3529 1507 3550 75

1054 149 1318 197 QUAESTIO
1348 146 1811 195 XCV11,ART10ULUS
1839 148 1866 195 1,
1886 149 1916 185 11

1518 225 1677 266 quidquid
1701 232 1748 257 est
1769 236 1889 277 purum
1913 232 1944 257 et
1966 227 2087 264 nobile,
2110 234 2272 259 remaneat
2295 230 2441 270 superius
2456 229 2496 260 ad
2515 229 2584 269 glo-

1517 271 1597 301 riam
1620 271 1805 308 beatorum;
1831 271 1990 314 quidquid
2013 281 2089 303 vero
2114 278 2161 303 est
2192 273 2333 313 ignobile
2363 278 2395 304 et
2423 272 2584 304 faeculen—

1517 320 1598 350 tum,
1622 316 1656 345 in
1679 315 1842 346 infernum
1864 316 2050 356 proiiciatur
2073 316 2113 347 ad
2128 326 2270 357 poenam
2286 315 2527 355 damnatorum;
2548 323 2585 348 ut

1518 359 1600 389 sicut
1624 360 1729 390 omnis
1753 365 1896 390 creatura
1918 360 1980 391 Dei
2003 366 2050 391 est
2072 361 2172 391 beatis
2187 361 2319 391 materia
2333 360 2451 401 gaudii,
2467 362 2510 392 ita
2531 361 2584 392 da-

1517 404 1634 433 mnatis
1658 413 1696 434 ex
1719 404 1878 435 omnibus.
1892 406 2042 435 creaturis
2064 410 2264 436 tormentum
2287 410 2454 442 accrescat,
2470 415 2584 437 secun-

1518 447 1596 478 dum
1612 447 1692 479 illud
1707 448 1782 489 Sap.
1799 458 1819 478 v
1834 450 1878 487 ’ς’
1891 449 2056 491 Pugnabit
2070 459 2142 480 cum
2159 450 2216 480 illo
2234 450 2320 480 orbis
2339 454 2447 481 terrae
2469 454 2584 480 contra

1519 492 1709 523 insensatos.
1853 495 1876 526 ’.ζ

1573 537 1648 567 Hoc
1672 537 1768 568 etiam
1792 537 1918 568 divinae
1941 538 2079 569 iustitiae
2103 539 2277 579 competit:
2301 544 2338 569 ut
2353 539 2445 575 sicut,
2462 538 2501 568 ab
2517 547 2585 569 uno

1518 581 1703 612 recedentes
1726 591 1784 622 per
1805 587 1987 623 peccatum,
2003 582 2038 613 in
2061 583 2156 613 rebus
2171 583 2396 620 materialibus,
2413 592 2496 624 quae
2511 587 2586 614 sunt

1518 626 1620 656 multa
1643 631 1675 656 et
1697 626 1792 663 varia,
1816 626 1916 657 finem
1939 636 2036 658 suum
2060 628 2304 664 constituerunt,
2324 628 2367 658 ita
2391 628 2487 658 etiam
2501 626 2586 658 mul-

1519 670 1669 710 tipliciter
1692 676 1723 701 et
1747 680 1785 701 ex
1807 671 1916 702 multis
1939 671 2129 712 affligantur.
2147 684 2150 686 ·

1574 714 1625 745 An
1649 724 1766 745 ramim
1789 725 1872 746 aneo
1897 726 2057 746 memmi
2072 715 2172 756 quod,
2190 716 2266 756 quia
2288 716 2370 756 ignis
2386 721 2433 746 est
2447 715 2586 746 maxime

1520 758 1703 796 afflicfivus,
1727 765 1859 800 propter
1882 761 1945 791 hoc
1978 760 2069 801 quod
2098 760 2239 791 abundat
2265 761 2299 791 in
2330 761 2447 791 virtute
2474 760 2585 796 activa,

1519 802 1593 834 ideo
1617 804 1751 835 nomine
1782 805 1869 846 ignis
1898 805 2004 836 omnis
2036 804 2165 836 afflictio
2196 804 2378 846 designatur
2407 806 2434 835 si
2462 805 2501 835 sit
2531 813 2587 835 ve-

1519 847 1663 879 hemens.

1575 892 1626 922 An
1650 902 1814 923 sactmmm
1844 903 2004 925 mmmmm
2028 893 2119 935 quod
2141 903 2249 935 poena
2263 894 2440 935 purgatorii
2455 902 2524 924 non
2540 898 2587 924 est

1519 936 1736 977 principaliter
1759 937 1799 968 ad
1822 937 2039 978 affligendum,
2055 938 2112 969 sed
2127 939 2166 970 ad
2181 938 2395 979 purgandum.
2420 937 2515 969 Unde
2529 947 2588 978 per

1520 979 1627 1010 solum
1650 981 1759 1020 ignem
1782 981 1852 1012 fieri
1875 982 1979 1019 debet,
2004 983 2061 1023 qui
2083 983 2179 1014 habet
2201 984 2374 1014 maximam
2389 980 2456 1014 vim
2470 992 2587 1024 purga-

1520 1023 1628 1054 tivam.
1653 1024 1716 1055 Sed
1739 1025 1964 1057 damnatorum
1986 1036 2094 1067 poena
2115 1037 2184 1059 non
2208 1028 2373 1059 ordinatur
2388 1027 2428 1059 ad
2447 1037 2587 1069 purgan-

1520 1066 1608 1098 dum.
1633 1068 1728 1100 Unde
1750 1079 1819 1100 non
1842 1075 1890 1100 est
1912 1071 2025 1101 simile.

1575 1112 1626 1142 An
1651 1123 1786 1144 Tam-mn
1808 1124 1969 1145 nicanum(
1992 1115 2082 1155 quod
2105 1115 2246 1146 damnati
2268 1117 2448 1147 transibunt
2471 1125 2510 1147 ex
2531 1125 2587 1147 ve-

1520 1156 1762 1188 hementissimo
1787 1159 1893 1189 calore
1916 1159 1956 1190 ad
1978 1160 2298 1191 vehementissimum
2321 1159 2420 1200 frigus
2435 1161 2504 1191 sine
2523 1161 2588 1191 hoc

1522 1201 1612 1240 quod
1635 1202 1669 1232 in
1693 1202 1738 1232 eis
1761 1203 1800 1233 sit
1823 1203 1956 1243 aliquod
1978 1203 2190 1244 refrigerium.
2215 1204 2302 1242 Quia
2323 1205 2430 1245 passio
2446 1205 2486 1235 ab
2502 1210 2588 1236 exte-

1521 1245 1658 1276 rioribus
1681 1255 1750 1276 non
1773 1247 1912 1289 erityper
1934 1249 2234 1279 transmutationem
2258 1249 2403 1289 corporis
2418 1258 2437 1279 a
2452 1258 2509 1280 sua
2523 1250 2589 1291 pri-

1521 1290 1603 1320 sfina
1625 1291 1760 1321 naturali
1785 1291 2007 1332 dispositione,
2031 1298 2068 1323 ut
2092 1293 2249 1324 contraria
2270 1294 2378 1334 passio
2401 1292 2441 1324 ad
2471 1302 2590 1335 aequa-

1521 1335 1642 1366 litatem
1665 1336 1716 1366 vel
1739 1337 1929 1377 temperiem
1953 1336 2138 1368 reducendo
2153 1337 2353 1378 refrigerium
2373 1343 2492 1376 causet,
2507 1339 2591 1370 sicut

1521 1389 1609 1410 nunc
1632 1380 1762 1411 accidit:
1788 1381 1843 1412 sed
1860 1381 1918 1412 erit
1932 1391 1990 1422 per
2005 1383 2167 1413 actionem
2187 1383 2394 1423 spiritualem,
2410 1382 2590 1414 secundum

1522 1423 1613 1464 quod
1635 1425 1796 1456 sensibilia
1818 1431 1918 1466 agunt
1940 1427 1974 1456 in
1997 1436 2128 1458 sensum
2151 1432 2250 1467 prout
2273 1428 2463 1464 sentiuntur,
2479 1428 2590 1469 impri-

1521 1468 1642 1500 mendo
1666 1468 1785 1500 formas
1808 1470 1877 1501 illas
1900 1470 2081 1502 secundum
2105 1481 2174 1502 esse
2194 1472 2356 1513 spirituale
2371 1472 2406 1503 in
2421 1480 2589 1513 organum,

1522 1519 1553 1544 et
1575 1523 1644 1544 non
1668 1514 1848 1546 secundum
1873 1524 1941 1546 esse
1964 1516 2128 1547 materiale
2143 1517 2170 1547 *-

1565 1598 1665 1629 ART.
1683 1598 1720 1629 II.
1745 1609 1850 1630 tri-mm
1872 1609 1984 1630 vanans
2009 1609 2074 1631 auo
2098 1610 2316 1634 usnemu-tm
2331 1611 2482 1638 namur,
2501 1611 2548 1633 sn·

1892 1654 2004 1675 VBRms
2028 1654 2220 1676 conportans

1522 1693 1554 1716 1v
1571 1694 1638 1716 cont.
1655 1693 1735 1721 Ger-t„
1746 1700 1797 1722 cap.
1808 1699 1850 1719 xc:
1865 1695 1902 1716 De
1914 1694 1965 1717 Pet.

1823 1721 1900 1750 Respp
1923 1722 1957 1743 ad
2011 1701 2033 1717 u.
2046 1701 2067 1722 v,
2077 1699 2120 1717 nrt.
2132 1701 2155 1724 9,
2165 1695 2195 1717 ad
2211 1701 2247 1723 13:
2263 1696 2347 1724 Quodl.
2357 1696 2413 1724 vn,
2430 1703 2469 1725 qu.
2479 1700 2556 1724 ’,ιη
2566 1702 2591 1725 3;

2019 1722 2031 1743 1
2043 1722 2127 1749 artic„
2142 1722 2171 1744 ad
2185 1727 2228 1745 art.
2243 1729 2289 1745 zu.

1525 1792 1610 1855 An
1634 1791 1797 1812 sncmmuu
1820 1791 1865 1812 SIC
1889 1791 2095 1812 Pkocnmrtm.
2120 1781 2256 1813 Videtur
2275 1783 2366 1823 quod
2386 1784 2502 1815 vermis
2522 1793 2590 1825 quo

1589 1826 1772 1867 affliguntur
1795 1825 1950 1862 damnati,
1976 1827 2016 1856 sit
2038 1827 2156 1857 vermis
2183 1828 2367 1867 corporalis.
2401 1827 2487 1867 Quia
2515 1838 2590 1860 caro

1523 1880 1591 1901 non
1615 1876 1722 1911 potest
1746 1870 1841 1910 affligi
1864 1880 1922 1911 per
1944 1879 2088 1901 vermem
2111 1871 2318 1911 spiritualem.
2349 1872 2413 1904 Sed
2436 1882 2511 1904 caro
2535 1873 2590 1904 da-

1523 1921 1709 1946 mnatorum
1721 1914 1877 1955 affligetur
1892 1924 1950 1954 per
1965 1924 2125 1946 vermem:
2142 1915 2251 1947 Iudith
2262 1926 2316 1947 xv1
2327 1918 2354 1954 *,
2366 1917 2467 1948 Dabit
2481 1918 2590 1959 ignem
2617 1923 2628 1935 ⁶

1524 1965 1555 1990 et
1570 1969 1693 1990 vermes
1709 1959 1741 1989 in
1759 1968 1874 1989 carnes
1890 1968 2003 1989 eorum
2011 1966 2024 1996 ‚·
2047 1965 2078 1990 et
2093 1960 2194 1991 Eccli.
2210 1970 2254 1991 vn
2270 1962 2296 1998 “,
2319 1961 2465 1993 Vindicta
2481 1963 2591 1994 carnis
2617 1968 2628 1979 ·

1524 2004 1614 2044 impii
1638 2003 1725 2045 ignis
1748 2008 1779 2034 et
1801 2004 1927 2034 vermis.
1953 2004 2039 2044 Ergo
2062 2005 2180 2035 vermis
2202 2005 2256 2036 ille
2279 2006 2338 2036 erit
2360 2007 2544 2047 corporalis.

1581 2058 1610 2078 2.
1634 2048 1840 2084 Pmarann,
1864 2047 2065 2088 Augustinus
2098 2048 2191 2085 dicit,
2214 2049 2289 2080 XXI
2317 2050 2356 2081 de
2381 2051 2450 2083 Cin.
2473 2052 2538 2083 Dei
2552 2053 2589 2083 ἐ
2617 2057 2628 2068 ·

1527 2093 1714 2133 Utrumque,
1739 2092 1820 2123 idest
1843 2092 1931 2134 ignis
1953 2097 1985 2123 et
2007 2093 2134 2129 ver-mis,
2152 2102 2264 2134 poena
2287 2100 2384 2126 erunt
2405 2096 2524 2128 carnis.
2549 2096 2592 2128 Et

1523 2138 1568 2168 sic
1591 2137 1677 2168 idem
1703 2136 1792 2177 quod
1815 2137 1913 2177 prius.

1579 2181 1641 2212 Seu
1673 2191 1797 2212 CONTRA
1828 2191 1882 2212 nst·
1914 2181 2004 2222 quod
2033 2181 2234 2222 Augustinus
2257 2182 2350 2220 dicit,
2374 2184 2434 2214 XX
2457 2184 2497 2216 de
2521 2185 2590 2217 Ciu.

1522 2226 1586 2257 Dei
1601 2227 1634 2256 *:
1660 2226 1700 2256 In
1718 2226 1836 2267 poenis
1858 2226 2022 2257 malorum
2050 2226 2310 2268 inextinguibilis
2332 2228 2420 2270 ignis
2449 2234 2481 2260 et
2502 2224 2591 2262 viva-

2612 453 2622 463 ·
2636 451 2705 474 Vera.
2717 457 2754 474 αι.

2617 1423 2672 1474 :Igu
2677 1413 2742 1473 ιιιῖν,
2748 1430 2787 1472 qq.
2795 1403 2833 1479 ¹31}

2749 1477 2835 1506 ἠ’-δε

2637 1504 2702 1532 erit„
2708 1509 2757 1553 aa.
2765 1509 2833 1531 xxvi,

2617 1534 2659 1554 m.
2673 1536 2694 1560 3,
2753 1537 2786 1553 u.

2641 1922 2711 1946 Vere.
2725 1928 2762 1946 21.

2642 1967 2709 1990 νει-ι.
2726 1973 2762 1996 ¹9-

2618 2230 2629 2242 ·
2642 2229 2702 2258 Cap.
2714 2235 2774 2252 nn.

1523 2271 1670 2302 cissimus
1693 2271 1811 2302 vermis
1832 2270 1872 2301 ab
1893 2271 1967 2301 aliis
1982 2276 2079 2312 atque
2101 2270 2178 2302 aliis
2200 2271 2298 2303 aliter
2318 2278 2415 2314 atque
2429 2274 2528 2305 aliter
2545 2279 2593 2306 est
2629 2287 2632 2291 ’

1523 2315 1698 2356 expositus.
1730 2316 1796 2346 Alii
1828 2320 1999 2356 utrumque
2028 2315 2071 2346 ad
2097 2323 2237 2357 corpu&
2259 2317 2319 2348 atii
2349 2323 2521 2360 utrumque
2549 2318 2593 2350 ad

1523 2361 1667 2391 animam
1687 2360 1869 2391 retulerunt
1875 2366 1887 2397 ;
1910 2360 1969 2390 alii
1982 2360 2121 2401 proprie
2135 2360 2180 2391 ad
2197 2370 2316 2402 corpus
2332 2362 2451 2404 ignem,
2469 2363 2592 2405 tropice

1523 2405 1567 2436 ad
1590 2405 1733 2435 animam
1757 2414 1912 2440 vermem,
1937 2404 2024 2445 quod
2047 2405 2233 2436 credibilius
2255 2415 2324 2437 esse
2345 2407 2482 2439 ridetur.

1578 2449 1768 2480 stpounno
1786 2459 1946 2479 mmmmm
1962 2448 2052 2490 quod
2074 2455 2150 2490 post
2173 2449 2258 2481 diem
2280 2450 2391 2482 iudicii
2412 2452 2446 2483 in
2465 2452 2591 2484 mundo

1523 2494 1678 2524 innovato
1702 2503 1771 2524 non
1794 2494 1970 2525 remanebit
1993 2493 2126 2534 aliquod
2149 2495 2277 2532 animal,
2297 2495 2348 2527 vel
2371 2496 2504 2537 aliquod
2519 2506 2591 2528 cor-

1523 2548 1585 2579 pus
1607 2539 1744 2569 mixtum
1768 2538 1842 2579 (nisi
1866 2547 1983 2579 corpus
2006 2539 2147 2569 hominis
2169 2539 2323 2580 tantum):
2349 2550 2388 2571 eo
2413 2541 2504 2582 quod
2522 2550 2592 2573 non

1523 2583 1638 2613 habeat
1654 2583 1795 2623 aliquem
1816 2582 1963 2614 ordinem
1983 2582 2023 2614 ad
2038 2584 2326 2624 incorruptionem,
2342 2594 2404 2616 nec
2418 2591 2494 2626 post
2509 2585 2590 2618 illud

1523 2632 1652 2668 tempus
1675 2628 1715 2658 sit
1738 2627 1844 2658 futura
1867 2628 2030 2668 generatio
2053 2633 2085 2659 et
2109 2629 2274 2669 corruptio
2290 2630 2317 2660 *.
2350 2629 2445 2661 Unde
2474 2631 2591 2662 vermis

1472 2684 1475 2687 ’
1524 2673 1581 2713 qui
1603 2673 1636 2702 in
1660 2671 1816 2703 damnatis
1839 2673 1988 2712 ponitur,
2012 2681 2081 2703 non
2105 2672 2200 2704 debet
2226 2673 2360 2714 intelligi
2390 2684 2459 2706 esse
2490 2681 2591 2707 mate-

1523 2717 1623 2753 dalis,
1647 2716 1703 2747 sed
1726 2716 1912 2757 spiritualis,
1938 2717 1994 2757 qui
2018 2722 2065 2748 est
2088 2718 2303 2749 conscientiae
2332 2728 2509 2750 remorsus:
2534 2721 2591 2762 qui

1524 2761 1638 2792 dicitur
1662 2762 1796 2797 vermis,
1820 2762 2013 2802 inquantum
2037 2762 2138 2792 oritur
2162 2771 2200 2793 ex
2222 2762 2392 2803 putredine
2415 2765 2539 2804 peccati
2559 2770 2592 2796 et

1523 2807 1663 2836 animam
1687 2805 1806 2846 affligit,
1830 2806 1913 2837 sicut
1936 2806 2112 2848 corporalis
2129 2807 2246 2838 vermis
2262 2816 2300 2838 ex
2315 2807 2486 2848 putredine
2501 2813 2591 2840 ortus

1523 2850 1632 2891 affligit
1655 2850 1842 2891 pungendo.

1578 2895 1629 2925 An
1645 2905 1763 2925 Paruum
1778 2904 1862 2925 naoo
1878 2904 2039 2926 monimum
2055 2894 2146 2935 quod
2168 2895 2256 2936 ipsae
2279 2896 2404 2927 animae
2423 2896 2589 2929 damnato·

1522 2949 1595 2970 rum
1619 2938 1769 2970 dicuntur
1792 2949 1902 2970 carnes
1926 2949 2051 2976 eorum,
2067 2949 2127 2980 pro
2145 2949 2185 2970 eo
2209 2940 2300 2981 quod
2319 2941 2406 2972 carni
2428 2941 2590 2972 subiectae

1522 2983 1662 3014 fuerunt.
1972 3003 1974 3005 ·

1578 3028 1638 3059 Vel
1661 3033 1768 3068 potest
1798 3028 1861 3059 dici
1891 3028 1982 3069 quod
2012 3029 2108 3059 etiam
2138 3037 2197 3068 per
2218 3037 2361 3059 vermem
2392 3029 2588 3069 spiritualem

1523 3082 1597 3103 caro
1622 3072 1794 3113 affligetur:
1819 3072 1999 3104 secundum
2023 3072 2113 3113 quod
2135 3071 2300 3113 passiones
2322 3072 2448 3103 animae
2471 3073 2589 3105 redun-

1523 3117 1599 3148 dant
1621 3118 1655 3148 in
1678 3126 1796 3157 corpus
1820 3123 1851 3148 et
1873 3118 1926 3148 hic
1950 3122 1982 3148 et
2003 3117 2038 3148 in
2061 3115 2216 3147 futurum.

1577 3162 1628 3192 An
1653 3171 1816 3192 SECUNDUH
1839 3171 2000 3192 nicenum:
2023 3160 2114 3201 quod
2135 3160 2335 3200 Augustinus
2358 3160 2501 3202 loquitur
2528 3163 2588 3194 sub

1523 3206 1663 3246 quadam
1687 3206 1937 3246 comparatione.
1962 3205 2038 3236 Non
2062 3205 2149 3235 enim
2164 3204 2233 3235 vult
2247 3204 2433 3245 simpliciter
2451 3215 2590 3239 asserere

1523 3250 1614 3291 quod
1635 3250 1690 3281 ille
1712 3250 1828 3281 vermis
1851 3250 1891 3280 sit
1913 3249 2101 3280 materialis:
2126 3248 2182 3279 sed
2206 3248 2295 3289 quod
2317 3250 2427 3290 potius
2443 3257 2526 3282 esset
2540 3261 2589 3283 as·

1522 3294 1694 3325 serendum
1721 3294 1830 3334 ignem
1862 3298 1894 3324 et
1925 3301 2068 3324 vermem
2097 3293 2299 3325 materialiter
2327 3294 2461 3335 intelligi
2491 3305 2589 3337 quam

1523 3338 1614 3380 quod
1636 3344 1812 3378 utrumque
1834 3337 2038 3377 spiritualiter
2060 3337 2263 3377 intelligatur,
2289 3339 2364 3379 quia
2386 3340 2431 3370 sic
2447 3339 2588 3371 damnati

1521 3383 1645 3413 nullam
1667 3391 1809 3422 poenam
1833 3381 2035 3421 corporalem
2058 3382 2267 3420 sustinerent;
2291 3389 2328 3414 ut
2354 3389 2442 3424 patet
2474 3385 2588 3416 seriem

1522 3427 1696 3457 verborum
1720 3426 1788 3456 eius
1811 3424 1930 3455 ibidem
1954 3426 2145 3466 inspicienti.
