2918 4088
190 929 200 939 ·
221 929 272 950 Art.
287 934 307 956 3,
330 927 401 950 Com-

191 958 261 976 ment.
284 960 349 976 num.
370 961 393 976 ix

190 981 405 1002 Adsecundumau-

195 2834 284 2856 ·.Part
299 2834 316 2860 1,
335 2840 374 2861 qu.
389 2840 405 2861 1,

194 2864 236 2882 art.
247 2861 269 2887 6,
285 2850 348 2885 ad':2
364 2864 405 2883 art.

239 2877 304 2909 -Cf.
325 2877 405 2915 S'ent„

195 2913 356 2962 {5⁰¹u‘1'1‘3·¹‘¹
379 2920 405 2943 ³

438 107 507 142 172

486 175 544 204 Vel
568 179 659 213 potes
683 173 886 214 distinguere,
911 175 1066 204 maiorem
1090 173 1258 214 dupliciter
1281 184 1374 215 posse
1398 175 1490 204 intel-

430 218 499 258 ligi:
525 219 652 254 scilicet‚
679 227 753 248 cum
777 218 982 258 praecisione,
1008 219 1057 248 vel
1081 219 1148 249 sine
1172 219 1377 258 praecisione.
1403 219 1443 248 Et
1465 219 1491 248 si

431 262 561 303 quidem
585 262 776 303 intelligatur
800 272 875 293 cum
898 263 1106 302 praecisione,
1122 263 1185 293 hoc
1202 268 1257 299 est,
1277 262 1490 303 praecidendo

430 317 448 337 a
471 316 679 347 quocumque
703 307 765 337 alio
789 316 856 337 non
879 306 1055 347 significato
1079 316 1136 347 per
1160 316 1240 343 eam,
1265 307 1379 337 dicitur
1402 306 1491 347 quod

429 352 609 392 propositio
634 357 680 382 est
702 361 788 386 vera,
815 356 846 381 et
868 356 954 401 patet
978 361 1015 382 ex
1038 352 1160 381 ratione
1183 352 1410 381 terminorum:
1435 350 1491 381 sed

429 406 497 426 non
521 401 602 426 esset
625 395 817 426 admittenda
833 396 938 426 minor
955 405 1029 425 curn
1045 395 1230 425 huiusmodi
1249 396 1456 435 praecisione.
1472 413 1491 417 -

430 440 463 471 Si
475 450 550 471 vero
567 440 758 480 intelligatur
773 440 893 490 absque
909 439 1106 480 praecisione
1124 439 1399 479 compossibilium
1416 448 1491 469 cum

430 485 528 535 ipsius
550 485 694 520 veritate,
719 484 863 534 quamvis
887 493 954 514 non
978 483 1228 523 significatorum
1251 492 1308 523 per
1331 492 1419 513 earn:
1445 483 1491 513 di-

430 529 511 560 citur
539 528 628 569 quod
651 528 829 569 propositio
860 533 965 568 potest
989 537 1056 558 esse
1081 533 1111 557 et
1133 537 1207 557 vera
1231 533 1261 557 et
1285 527 1371 557 falsa.
1406 527 1491 564 Quia

430 583 516 610 rem,
550 578 627 613 puta
649 582 783 612 panem,
813 573 900 612 prius
933 571 1029 602 fuisse
1058 571 1178 611 aliquid
1211 577 1241 601 et
1267 577 1379 611 postea
1401 571 1490 607 nihil,

429 618 573 658 pluribus
589 616 694 647 modis
718 617 902 656 contingere
917 621 1032 656 potest.
1058 615 1141 646 Inter
1157 625 1249 655 quos,
1266 625 1350 645 unus
1366 621 1412 646 est
1435 625 1492 655 per

429 662 561 692 totalem
584 661 827 691 conversionem
850 660 948 700 ipsius
971 661 1004 690 in
1021 669 1138 700 corpus
1155 659 1280 690 Christi.
1306 659 1491 690 Secundum

431 715 529 746 quem
547 705 693 741 modum,
717 704 794 735 falsa
815 710 861 734 est
882 705 1076 744 propositio:
1103 704 1177 743 quia
1201 703 1290 744 quod
1314 709 1378 734 erat
1401 704 1492 744 panis

430 755 477 780 est
501 759 617 790 corpus
642 748 768 779 Christi.
793 749 834 778 Et
858 749 932 788 quia
955 749 988 778 in
1004 749 1129 778 minore
1147 749 1331 788 exprimitur
1346 748 1404 778 iste
1420 757 1491 778 mo-

431 794 499 830 dus,
523 794 596 824 ideo
621 793 805 833 simpliciter
827 793 929 823 maior
953 798 998 823 est
1022 792 1108 822 falsa.

486 838 537 868 Ad
562 837 750 872 secundum,
767 842 900 876 negatur
921 837 1164 876 consequentia:
1189 837 1354 876 quoniam,
1371 841 1407 866 ut
1428 837 1492 866 iam

429 887 526 923 patet,
542 882 615 922 plus
630 882 800 921 requiritur
816 880 855 911 ad
871 881 1133 911 annihilationem
1150 890 1247 920 quam
1264 880 1407 910 desinere
1424 890 1503 911 esse.

430 927 594 957 materiam
618 931 649 956 et
671 925 808 955 formam
825 926 841 941 ’·4

485 971 526 1000 Et
548 975 640 1010 potes
665 969 704 999 ad
726 974 900 1009 utrumque
924 973 1164 1008 argumentum,
1190 974 1221 998 et
1244 969 1374 1004 similia,
1399 968 1491 998 altius

429 1013 631 1064 respondere,
657 1013 793 1043 dicendo
818 1012 907 1052 quod
930 1022 997 1042 esse
1013 1012 1102 1048 nihil,
1120 1022 1184 1042 non
1202 1021 1269 1042 esse
1284 1012 1417 1052 aliquid,
1438 1012 1491 1042 de-

429 1059 535 1089 sinere
558 1067 641 1092 esse,
673 1062 704 1087 et
727 1057 752 1086 si
776 1056 854 1096 quid
881 1055 1067 1088 huiusmodi
1098 1055 1308 1095 significatur,
1336 1057 1493 1096 contingit

430 1102 607 1142 dupliciter.
642 1101 717 1131 Uno
741 1099 859 1136 modo,
883 1110 940 1140 per
963 1110 1010 1130 se:
1036 1105 1067 1130 et
1090 1101 1135 1130 sic
1157 1099 1360 1130 verificantur
1383 1100 1494 1130 omnia

429 1151 599 1185 assumpta.
623 1145 698 1175 Alio
721 1144 831 1179 modo,
856 1144 1109 1174 concomitanter
1132 1143 1171 1174 ad
1191 1144 1435 1174 conversionem
1458 1144 1492 1173 in

430 1189 534 1220 aliud:
561 1195 591 1219 et
614 1189 658 1219 sic
682 1189 791 1218 omnia
814 1193 888 1218 sunt
904 1187 990 1217 falsa.
1015 1188 1056 1217 Et
1072 1188 1147 1227 quia
1167 1188 1201 1217 in
1217 1188 1385 1228 proposito
1402 1188 1492 1227 panis

429 1234 682 1264 concomitanter
706 1232 745 1262 ad
769 1233 1013 1262 conversionem
1034 1232 1084 1262 sui
1098 1232 1132 1262 in
1148 1241 1265 1272 corpus
1286 1231 1403 1262 Christi
1425 1241 1492 1262 non

430 1283 476 1308 est
507 1277 647 1318 aliquid,
680 1282 726 1307 est
753 1276 847 1312 nihil,
879 1275 993 1306 desinit
1021 1285 1109 1312 esse;
1141 1281 1172 1306 et
1198 1285 1267 1306 non
1299 1285 1356 1315 per
1383 1285 1416 1306 se
1447 1281 1494 1306 est

429 1322 516 1358 nihil,
541 1331 608 1352 non
632 1326 678 1351 est
701 1320 830 1361 aliquid,
856 1320 970 1351 desinit
993 1330 1077 1351 esse:
1102 1319 1176 1350 ideo
1199 1330 1268 1350 non
1284 1320 1492 1356 annihilatur;

430 1366 614 1396 annihilatio
646 1366 732 1396 enirn
755 1375 812 1406 per
836 1375 868 1395 se
892 1370 938 1395 est
968 1364 1008 1395 ad
1034 1365 1130 1400 nihil,
1155 1364 1195 1394 ad
1217 1363 1438 1404 non-aliquid,
1463 1369 1494 1394 et

429 1410 469 1441 ad
491 1420 559 1441 non
583 1420 660 1440 esse.

1102 96 1365 142 QUAESTIO
1395 97 1553 143 LXXV,
1583 96 1875 133 ARTICULUS
1903 97 1938 132 V

1599 173 1650 204 Ad
1673 175 1811 210 tertium,
1835 179 1969 214 negatur
1993 180 2154 215 assumpta
2175 176 2281 215 primo
2305 175 2540 212 conditionalis,
2559 175 2606 206 di-

1545 218 1648 248 cendo
1674 217 1778 258 quod,
1807 218 1833 248 si
1863 217 1968 248 divina
1998 219 2232 258 omnipotentia
2261 221 2438 250 restitueret
2467 219 2606 251 eundern

1544 271 1661 302 panem
1689 271 1845 298 numero,
1879 267 1988 302 posset
2016 261 2098 293 forte
2122 262 2289 303 dupliciter
2310 264 2402 306 illum
2425 265 2605 295 restituere.

1545 307 1663 337 scilicet
1686 307 1736 337 vel
1759 316 1816 346 per
1837 305 1973 336 modurn
1997 307 2174 343 creationis,
2198 307 2247 338 vel
2271 317 2328 347 per
2342 307 2478 339 modurn
2493 317 2607 339 recon-

1544 351 1706 381 versionis.
1731 351 1772 381 Et
1795 351 1820 380 si
1843 349 1932 380 fieret
1955 359 2011 390 per
2026 350 2162 381 modum
2178 352 2356 388 creationis,
2372 352 2607 392 impertinentia

1545 400 1618 426 sunt
1646 395 1755 425 omnia
1786 404 1868 435 quae
1891 394 2112 424 adducuntur.
2145 395 2221 434 quia
2247 404 2364 436 corpus
2392 395 2509 426 Christi
2539 405 2607 427 non

1546 445 1626 469 esset
1649 440 1802 469 terminus
1826 449 1843 469 a
1860 448 1926 478 quo
1944 439 2121 474 creationis,
2147 438 2236 478 quod
2252 444 2359 470 tamen
2374 439 2435 470 fuit
2452 441 2607 470 terminus

1544 483 1584 513 ad
1607 492 1706 523 quem
1729 483 1955 513 conversionis.
1980 483 2022 513 Et
2044 483 2130 513 sisic
2145 482 2244 519 fieret,
2269 488 2374 514 essent
2387 493 2480 514 verae
2496 485 2607 514 ambae

1544 528 1620 558 istae
1644 528 1891 567 propositiones,
1914 526 1982 557 Hic
1997 527 2097 567 panis
2120 531 2184 564 est;
2205 533 2247 563 et,
2274 527 2401 568 Corpus
2426 528 2547 558 Christi
2562 532 2609 559 est

1544 571 1630 612 quod
1643 572 1718 613 fuit
1741 572 1798 602 iste
1810 571 1919 612 panis.
1942 589 1964 593 -
1988 570 2021 602 Si
2036 581 2112 601 vero
2132 570 2222 601 fieret
2244 579 2302 611 per
2316 572 2607 608 reconversionem,

1544 616 1586 646 ita
1610 615 1699 655 quod
1723 625 1840 655 corpus
1865 615 1992 652 Christi,
2019 616 2212 655 inquantum
2236 621 2282 646 est
2306 615 2396 655 quod
2419 620 2484 646 erat
2505 615 2607 656 panis,

1545 665 1782 690 converteretur
1803 660 1837 690 in
1856 669 1989 699 panem:
2014 665 2092 690 tunc
2106 669 2219 702 verum
2236 665 2317 690 esset
2341 659 2430 700 quod
2440 660 2539 700 panis
2553 660 2609 700 qui

1535 704 1664 745 suerat,
1689 704 1807 734 iterum
1827 709 1893 740 est;
1923 703 1978 734 sed
1996 713 2064 734 non
2087 709 2169 734 esset
2190 713 2264 734 vera
2287 705 2464 734 enuntiatio
2483 703 2607 740 dicens,

1547 748 1674 788 Corpus
1702 748 1822 779 Christi
1851 753 1898 779 est
1926 748 2013 789 quod
2038 753 2111 778 erat
2137 748 2195 779 iste
2215 748 2324 789 panis.
2347 766 2371 771 -
2392 748 2512 779 Factus
2537 757 2608 779 sum

1546 792 1717 833 insipiens:
1739 792 1796 823 sed
1817 792 1998 823 Durandus
2020 802 2070 823 me
2092 792 2208 834 coegit.

1600 836 1762 874 Quocirca
1784 836 1868 867 illata
1891 846 1909 866 a
1931 836 2086 867 Durando
2110 836 2150 867 de
2169 837 2392 877 probabilitate
2415 846 2491 867 suae
2507 837 2608 877 phan-

1544 881 1640 911 tasiae
1656 882 1683 916 *,
1706 879 1873 911 manifeste
1897 881 2132 911 convincuntur
2155 880 2232 911 falsa
2256 891 2293 911 ex
2309 880 2458 911 decretali
2481 881 2608 912 Latera-

1544 925 1644 960 nensi,
1658 924 1697 954 de
1713 924 1844 954 Summa
1864 925 1953 955 Trin.
1970 929 2001 955 et
2015 924 2094 955 Fide
2112 925 2249 961 Cathol„
2262 925 2417 956 Firmiter
2438 925 2608 962 credimus,

1545 978 1620 999 cum
1643 968 1773 999 dicitur:
1799 969 2095 999 transubstantiatis
2111 978 2200 1009 pane
2224 970 2256 999 in
2280 978 2399 1010 corpus
2422 974 2454 1000 et
2475 970 2550 1001 νίηο
2575 970 2608 1000 in

1543 1013 1737 1054 sanguinem
1763 1012 1892 1043 Christi.
1928 1012 2064 1043 Constat
2091 1013 2178 1043 enim
2206 1013 2296 1053 quod
2318 1014 2608 1045 transubstantiatio

1544 1057 1697 1096 importat
1723 1056 1810 1086 aliud
1841 1066 1938 1096 quam
1962 1057 2119 1087 unionem
2145 1058 2366 1094 materierum,
2397 1067 2497 1098 quam
2518 1057 2610 1089 finxit

1545 1099 1716 1130 Durandus
1727 1101 1754 1136 ⁴⁶,
1766 1099 1836 1130 fieri
1851 1100 1909 1130 sub
1926 1099 2029 1130 forma
2044 1101 2188 1140 corporis
2200 1101 2326 1132 Christi.
2343 1102 2445 1132 Sonat
2457 1111 2609 1143 namque,

1546 1143 1632 1183 apud
1655 1153 1769 1174 omnes
1785 1143 1905 1180 fideles,
1929 1145 2143 1174 mutationem
2158 1145 2321 1184 quandam
2336 1146 2428 1185 panis
2442 1146 2476 1176 in
2493 1155 2611 1187 corpus

1547 1187 1664 1218 Christi
1679 1187 1882 1223 ineffabilem,
1906 1188 1949 1218 ita
1965 1188 2064 1228 quod,
2081 1189 2259 1219 mutatione
2275 1189 2367 1225 facta,
2384 1199 2501 1230 corpus
2518 1190 2611 1220 Chri-

1546 1231 1585 1261 sti
1605 1236 1651 1261 est
1674 1231 1764 1271 quod
1788 1237 1852 1261 erat
1875 1232 1975 1271 panis,
2001 1237 2032 1262 et
2055 1232 2111 1262 ubi
2135 1237 2200 1262 erat
2221 1233 2323 1272 panis.
2347 1233 2441 1264 Unde
2463 1239 2610 1274 praestat,

1545 1284 1621 1305 cum
1643 1275 1813 1305 universali
1836 1275 1994 1312 Ecclesia,
2019 1276 2052 1306 in
2075 1276 2292 1316 captivitatem
2315 1277 2465 1318 redigere
2488 1278 2611 1309 intelle-

1546 1324 1631 1349 ctum
1652 1319 1684 1349 in
1701 1319 1886 1370 obsequium
1905 1319 2057 1350 Christi*
2059 1329 2200 1360 ,quam,
2218 1326 2328 1351 contra
2343 1322 2506 1352 Ambrosii
2520 1324 2618 1362 praef

1547 1368 1640 1403 cepta
1651 1364 1677 1399 *,
1702 1369 1832 1394 naturae
1849 1364 1940 1400 vires,
1967 1363 2114 1395 ordinem
2137 1369 2192 1395 aut
2214 1366 2393 1405 potentiam
2415 1366 2450 1396 in
2464 1366 2528 1397 hoc
2542 1369 2612 1408 my-

1547 1408 1642 1438 sterio
1667 1417 1828 1447 quaerere.

1218 1559 1538 1602 ARTICULUS
1568 1560 1826 1612 QUINTUS

724 1662 882 1693 UTRUM
906 1662 948 1692 IN
973 1661 1066 1692 Hoc
1086 1661 1386 1692 SACRAMENTO
1410 1662 1686 1693 REMANEANT
1709 1661 1980 1693 ACCIDENTIA
2002 1662 2126 1694 PANIS
2149 1662 2207 1693 ET
2230 1641 2319 1693 vim

697 1751 731 1775 1v
751 1751 834 1780 Sent„
855 1751 913 1776 dist.
930 1758 964 1780 ιιι,
984 1758 1028 1783 qu.
1047 1757 1065 1780 1,
1085 1744 1135 1775 art.v
1152 1757 1175 1779 1,
1196 1750 1245 1782 qu·
1266 1757 1293 1781 2;
1314 1750 1374 1775 dist.
1391 1758 1435 1782 xn,
1455 1758 1500 1783 qu.
1518 1758 1537 1781 ι,
1556 1755 1602 1775 art.
1623 1757 1646 1780 ι,
1666 1750 1716 1783 qu⁸
1736 1758 1766 1782 23
1786 1750 1820 1775 lV
1841 1751 1917 1776 Cont.
1938 1752 2026 1780 Gent„
2046 1759 2102 1784 cap.
2120 1758 2180 1781 an,
2198 1758 2269 1782 Lxxxx,
2288 1759 2352 1782 uv;

1029 1786 1105 1811 Cont.
1127 1787 1236 1815 Graec„
1256 1787 1366 1811 Armen.
1386 1791 1443 1817 etc„
1463 1793 1519 1818 cap.
1537 1793 1596 1816 v1n;
1616 1786 1625 1810 1
1643 1787 1681 1811 ad
1702 1787 1772 1815 Cor„
1792 1794 1848 1819 cap.
1866 1794 1899 1816 x1,
1919 1787 1976 1811 lect.
1995 1794 2019 1811 ν.

484 1919 493 1926 ,
549 1906 580 1924 „s
566 1904 591 1917 s
642 1888 664 1912 D
689 1887 849 1917 QUlNTUM
869 1887 920 1912 sm
940 1886 1176 1912 PROCEDITUR.
1205 1874 1366 1911 Videtur
1389 1875 1496 1924 quod

488 1926 507 1937 ‘
557 1925 578 1937 ³
618 1946 620 1948 ·
643 1928 682 1965 in
710 1929 786 1987 hoc
814 1935 1054 1965 sacramento
1083 1940 1164 1964 non
1193 1935 1417 1964 remaneant
1436 1939 1496 1987 ac-

431 2087 565 2124 Stantia
593 2096 648 2124 eSt
675 2087 894 2124 naturaliter
921 2088 1027 2136 prior
1054 2033 1260 2134 accidente,
1288 2094 1330 2123 Ut
1357 2087 1496 2136 proba·

376 2152 404 2189 -ζ
431 2148 493 2178 tur
519 2142 585 2178 VII
603 2142 817 2190 Metaphys.
846 2140 866 2162 '¹‘
908 2141 1011 2178 Cum
1039 2152 1148 2189 ergo,
1177 2140 1273 2177 facta
1301 2151 1496 2177 consecra-

431 2194 546 2239 tione,
567 2206 647 2231 non
676 2201 871 2231 remaneat
899 2194 1110 2231 substantia
1138 2193 1248 2243 panis
1277 2193 1316 2230 in
1344 2194 1420 2230 hoc
1440 2205 1503 2230 sa-

432 2254 650 2295 cramento,
679 2247 832 2284 videtur
869 2248 976 2297 quod
1004 2259 1085 2284 non
1113 2246 1261 2296 possint
1298 2258 1497 2284 remanere

433 2299 641 2337 accidentia
668 2300 761 2337 eius.

488 2365 522 2390 2.
562 2354 804 2401 PRAETEREA,
847 2353 886 2390 in
928 2361 1168 2390 sacramento
1209 2352 1376 2390 veritatis
1417 2364 1498 2389 non

433 2406 546 2443 debet
574 2418 656 2443 esse
689 2406 816 2455 aliqua
848 2406 1034 2455 deceptio.
1079 2406 1156 2443 Sed
1188 2418 1258 2455 per
1289 2405 1498 2443 accidentia

433 2459 649 2496 iudicamus
687 2460 735 2496 de
772 2459 992 2497 substantia.
1035 2458 1207 2496 Videtur⁴
1233 2471 1323 2507 ergo
1345 2464 1361 2480 ‘²
1390 2458 1498 2508 quod

433 2512 645 2561 decipiatur
685 2513 905 2550 humanum
946 2511 1145 2559 iudicium,
1184 2511 1226 2559 si,
1269 2511 1498 2549 remanenti-

432 2566 506 2602 bus
543 2565 819 2612 accidenfibus,
859 2565 1068 2603 substantia
1109 2565 1219 2615 panis
1256 2577 1338 2602 non
1375 2577 1497 2602 rema-

433 2625 532 2656 neat.
565 2619 659 2655 Non
687 2631 777 2668 ergo
805 2620 882 2656 hoc
909 2626 965 2656 est
993 2618 1229 2656 conveniens
1257 2618 1348 2655 huic
1376 2630 1498 2656 sacra-

433 2679 577 2708 mento.

488 2724 522 2761 3.
543 2725 776 2773 Pmmmam,
806 2725 985 2774 quamvis
1017 2724 1114 2762 fides
1147 2737 1228 2762 non
1256 2724 1302 2762 sit
1330 2724 1499 2762 subiecta

433 2777 581 2823 rationi,
606 2790 687 2815 non
714 2786 845 2816 tamen
873 2786 928 2821 est
956 2785 1089 2815 contra
1117 2777 1317 2825 rationem,
1341 2778 1408 2816 sed
1437 2790 1499 2815 su-

432 2843 503 2880 pra
521 2831 666 2880 ipsam:
695 2839 737 2868 ut
755 2831 796 2870 in
814 2830 1004 2881 principio
1024 2830 1141 2868 huius
1161 2831 1300 2881 Operis
1313 2831 1333 2854 ²⁸
1353 2831 1499 2869 dictum

434 2891 500 2921 est.
530 2884 608 2922 Sed
627 2884 722 2922 ratio
742 2892 872 2922 nostra
900 2884 1016 2922 habet
1035 2892 1165 2922 ortum
1189 2897 1212 2922 a
1240 2897 1366 2922 sensu.
1397 2886 1499 2933 Ergo

432 2937 530 2974 fides
549 2945 679 2975 nostra
697 2950 778 2975 non
797 2938 911 2975 debet
930 2950 1012 2975 esse
1032 2945 1165 2975 contra
1186 2950 1345 2976 sensum
1359 2936 1385 2985 β,
1402 2938 1498 2975 dum

433 3002 568 3027 sensus
596 2998 726 3028 noster
743 2991 886 3028 iudicat
914 3003 995 3028 esse
1014 3003 1169 3041 panem,
1190 2999 1227 3028 et
1253 2991 1350 3029 fides
1370 2998 1501 3029 nostra

434 3043 552 3081 credit
588 3056 670 3081 esse
708 3044 959 3082 substantiam
997 3044 1169 3094 corporis
1208 3044 1358 3082 Christi.
1406 3045 1500 3085 Non

434 3107 524 3144 ergo
554 3097 630 3134 hoc
657 3105 712 3134 est
737 3097 972 3134 conveniens
999 3098 1090 3135 huic
1118 3106 1370 3146 sacramento,
1392 3098 1500 3148 quod

435 3148 644 3186 accidentia
670 3150 781 3198 panis
817 3150 987 3188 subiecta
1023 3151 1200 3189 sensibus
1231 3159 1434 3199 maneant,
1464 3158 1501 3188 et

436 3201 645 3239 substantia
672 3202 782 3252 panis
810 3215 890 3240 non
918 3212 1083 3241 maneat.

489 3333 517 3368 α)
536 3341 612 3368 ergo.
628 3349 646 3353 —
665 3333 702 3365 Ρ,
721 3342 774 3360 om.
793 3335 811 3366 1,
830 3330 919 3360 au‘tem
939 3336 1024 3360 ceteri.

490 3369 516 3404 β)
534 3377 649 3395 sensum.
666 3384 685 3389 -
704 3370 753 3395 Est
769 3373 859 3395 autem
878 3374 972 3396 contra
991 3378 1096 3396 sensum
1116 3371 1213 3396 addunt
1226 3371 1246 3396 E
1262 3376 1287 3396 et
1301 3371 1389 3401 tertia;
1409 3374 1500 3396 noster

437 3411 461 3431 et
480 3409 572 3431 nostra
591 3413 644 3431 orn.
663 3406 758 3444 tertia..

1603 1886 1639 1922 4.
1669 1875 1906 1922 PRAETEREA,
1925 1874 2019 1912 illud
2047 1874 2155 1924 quod
2182 1882 2332 1922 manet,
2361 1875 2615 1915 conversione

1549 1927 1657 1975 facta,
1677 1926 1830 1964 videtur
1855 1939 1937 1964 esse
1966 1927 2183 1965 subiectum
2202 1927 2434 1965 mutationis.
2465 1927 2506 1966 Si
2525 1939 2628 1978 ergo'

1550 1980 1760 2017 accidentia
1783 1980 1894 2030 panis
1921 1988 2081 2018 manent
2105 1980 2360 2018 conversione
2382 1982 2490 2029 facta,
2509 1981 2629 2019 videar
2675 1996 2677 1998 ·

1550 2041 1612 2071 tur
1640 2033 1748 2083 quod
1775 2033 1858 2083 ipsa
1886 2033 2095 2071 accidentia
2129 2033 2203 2070 sint
2230 2034 2495 2071 conversionis
2526 2031 2616 2072 sub'·

1550 2086 1705 2124 iectum.
1749 2086 1869 2134 Quod
1904 2093 1960 2124 est
1995 2086 2251 2137 impossibile:
2290 2099 2381 2125 nam
2419 2087 2616 2126 accidentis

1552 2152 1626 2177 non
1646 2146 1707 2177 ¹est
1733 2141 1904 2178 accidens
1921 2140 1952 2178 ³¹⁸.
1982 2141 2077 2178 Non
2104 2151 2194 2188 ergo
2213 2139 2254 2178 in
2272 2141 2350 2178 hoc
2376 2148 2654 2180 sacramento·

1551 2193 1692 2230 debent
1719 2205 1919 2231 remanere
1947 2193 2158 2231 accidentia
2183 2193 2296 2243 panis
2323 2201 2360 2231 et
2385 2193 2476 2232 vini.

1605 2247 1679 2284 SED
1708 2259 1853 2284 CONTRA
1880 2259 1946 2284 EST
1974 2247 2082 2296 quod
2109 2246 2347 2295 Augustinus
2374 2246 2478 2295 dicit,
2509 2246 2548 2284 in
2575 2246 2616 2285 li-

1550 2299 1621 2336 bro
1636 2301 1907 2337 Sententiarum
1921 2301 2100 2350 Prosperi
2110 2299 2148 2336 *ε
2164 2300 2248 2337 Nos
2266 2302 2304 2337 in
2322 2302 2444 2350 specie
2452 2302 2565 2351 panis
2582 2305 2654 2339 et·

1551 2408 1787 2456 sanguinem,
1806 2407 2047 2443 honoramus.

1604 2460 1829 2496 Responono
1848 2471 2030 2497 morannum
2052 2459 2160 2509 quod
2188 2471 2304 2496 sensu
2331 2466 2500 2510 apparet,
2519 2459 2617 2497 facta

1552 2512 1851 2559 consecratione,
1871 2512 2004 2549 omnia
2022 2511 2232 2550 accidentia
2250 2511 2360 2561 panis
2388 2520 2424 2550 et
2450 2511 2531 2550 vini
2556 2522 2616 2550 re-

1552 2577 1719 2602 manere.
1748 2565 1870 2612 Quod
1889 2565 2049 2615 quidem
2068 2565 2338 2603 rationabiliter
2355 2577 2426 2626 per
2443 2564 2637 2625 diviriani·s

1551 2618 1835 2668 providentiam
1863 2618 1917 2655 fit.
1953 2618 2084 2656 Primo
2123 2618 2303 2668 quidem,
2333 2618 2426 2668 quia
2452 2630 2534 2656 non
2561 2612 2628 2656 es't'

1552 2679 1784 2709 consuetum
1812 2671 2048 2719 hominibus,
2069 2671 2137 2709 sed
2155 2671 2350 2719 horribile,
2371 2683 2527 2710 carnem
2545 2672 2626 2710 ho-'

1552 2724 1666 2762 minis
1694 2724 1899 2762 comedere
1928 2732 1964 2762 et
1991 2724 2218 2774 sanguinem
2253 2724 2404 2772 bibere,
2432 2723 2625 2777 proponi-¹

1552 2786 1615 2815 tur
1632 2784 1648 2807 Υ
1676 2777 1788 2815 nobis
1811 2790 1901 2815 caro
1929 2786 1966 2815 et
1994 2778 2147 2827 sanguis
2167 2777 2308 2816 Christi
2334 2777 2525 2816 sumenda
2542 2777 2617 2815 sub

1553 2830 1754 2881 speciebus
1780 2831 1935 2869 illorum
1962 2843 2063 2882 quae
2082 2831 2318 2881 frequentius
2345 2830 2385 2868 in
2410 2842 2527 2869 usum
2545 2831 2622 2880 hoq

1554 2884 1668 2922 minis
1695 2884 1867 2932 veniunt,
1888 2884 2028 2922 scilicet
2053 2883 2165 2934 panis
2193 2890 2230 2922 et
2256 2883 2348 2922 vini.
2627 2884 2631 2888 '

1608 2938 1802 2986 Secundo,
1822 2949 1871 2975 ne
1899 2938 1977 2975 hoc
2003 2944 2288 2975 sacramentum
2315 2936 2364 2974 ab
2396 2935 2616 2975 infidelibus

1554 2990 1784 3038 irrideretur,
1806 2990 1837 3028 si
1864 2991 1937 3029 sub
1965 2990 2091 3041 specie
2119 2989 2276 3046 propria
2302 2989 2519 3058 Dominum
2545 2997 2616 3061 no—

1554 3052 1690 3082 strum
1704 3044 1999 3082 manducemus.

1606 3097 1739 3135 Tertio
1767 3105 1821 3144 ut,
1846 3097 1953 3134 dum
1960 3095 2206 3134 invisibiliter
2232 3107 2373 3146 corpus
2401 3102 2438 3132 et
2465 3095 2615 3149 sangui·
2616 3135 2631 3151 Ι,

1554 3162 1646 3188 nem
1673 3149 1834 3188 Domini
1862 3149 1981 3188 nostri
2015 3148 2230 3197 sumimus,
2259 3149 2336 3186 hoc
2362 3148 2539 3199 proficiat
2566 3142 2619 3187 ad

1554 3203 1737 3241 meritum
1764 3203 1867 3253 fidei.

1605 3335 1635 3370 γ)
1649 3335 1853 3368 promultam·
1853 3338 1898 3361 et
1909 3334 2075 3368 proponitur
2088 3334 2117 3365 Ε,
2128 3337 2155 3360 et
2169 3334 2228 3360 ideo
2240 3335 2406 3367 proponitur
2419 3335 2447 3367 F,
2458 3333 2496 3370 (et
2510 3335 2570 3361 ideo
2584 3333 2644 3374 Ρ)

1550 3374 1742 3404 proponuntur
1759 3371 1840 3397 tertia.
2213 3396 2216 3399 ,

2635 889 2647 899 ·
2653 887 2724 910 Num.
2730 892 2776 915 xm,
2785 886 2850 909 Unde

2635 914 2718 943 Infert.

2637 1113 2648 1123 ·
2653 1110 2689 1133 Cf.
2694 1111 2740 1133 loe.
2746 1110 2785 1132 cit.
2792 1109 2849 1132 ibid.
2879 1106 2882 1107 ⁷

2667 2149 2767 2173 Ari-tot.
2776 2149 2855 2172 Meta-

2670 2177 2797 2252 μζ.
2781 2176 2856 2252 ti:

2678 2257 2751 2284 ‚leem
2765 2262 2807 2278 vu.

2644 2333 2664 2355 c
2675 2306 2798 2356 2⁵:¹⁶3}-
2819 2306 2856 2328 ⁰²

1551 2354 1638 2399 vini,
1659 2365 1771 2402 quam
1790 2353 1967 2399 videmus,
1989 2365 2047 2390 res
2068 2353 2277 2400 invisibiles,
2298 2353 2387 2390 idest
2409 2351 2564 2391 carnem
2583 2359 2618 2392 et
2624 2339 2774 2409 gerg-„⁸
2797 2339 2855 2382 ¹⁸⁸:

2643 2415 2697 2463 geisa,
2699 2412 2855 2463 dficomecr,

2581 2208 2596 2211 ..
2641 2177 2725 2205 playn„

2773 2392 2802 2409 0³
2809 2392 2855 2408 68·
