2918 4088
463 193 538 228 216
1102 191 1365 238 QUAESTIO
1394 191 1600 234 LXXVIH,
1635 189 1928 227 ARTICULUS
1956 190 2006 226 Vl

222 285 232 294 ·
248 282 273 303 1n
289 287 393 308 corpore.
463 270 646 307 videntur
670 269 785 307 fuisse
813 270 962 320 decepti
990 270 1040 307 illi
1069 270 1135 319 qui
1163 270 1431 320 praedictam*
1459 281 1528 318 po-
1583 276 1638 305 est
1665 279 1791 305 unum
1819 266 2062 316 perfectione,
2090 267 2187 304 sicut
2214 279 2330 317 supra
2348 267 2368 289 *
2395 267 2544 305 dictum
2570 274 2643 303 est:
2673 270 2827 293 wamma
2837 276 2886 299 *rs-

464 323 642 360 sitionem
661 331 886 373 posuerunt.
909 323 1020 361 Unde
1036 322 1323 372 intelligendum
1339 330 1394 359 est
1408 322 1526 371 quod,
1582 321 1814 370 inquantum
1833 319 1972 357 seilicet
1991 320 2232 357 constituitur
2250 332 2296 357 ex
2320 320 2486 367 duobus,
2507 319 2647 357 scilicet

463 376 559 414 facta
574 376 860 414 consecratione
879 376 1000 426 panis,
1017 384 1072 413 est
1091 376 1250 425 quidem
1265 387 1405 425 corpus
1422 374 1527 412 Chri·
1583 386 1630 410 ex
1648 373 1735 411 cibo
1765 380 1801 409 et
1819 380 1927 421 potu,
1947 384 2119 421 quorum
2146 380 2356 422 utrumque
2374 385 2445 422 per
2463 385 2503 410 se
2531 372 2647 409 habet

435 447 438 452 =
465 429 510 467 sti
538 429 590 467 ibi
619 442 665 467 ex
689 430 728 467 vi
756 429 994 477 sacramenti,
1025 437 1060 466 et
1088 428 1241 477 sanguis
1262 441 1308 465 ex
1328 428 1419 465 reali
1438 439 1528 464 con·
1583 438 1695 463 suam
1713 424 1998 475 perfectionem.
2029 425 2107 462 Sed
2134 433 2209 462 tres
2231 424 2503 464 immersiones
2525 424 2647 474 bapti-

321 490 335 519 ζ
465 482 705 530 comitantia;
735 483 805 520 sed·
831 483 1101 533 postmodum,
1130 481 1248 531 post<
1276 479 1528 518 consecratio·
1583 479 1656 516 smi
1693 477 1921 515 ordinantur
1957 478 2006 515 ad
2040 490 2166 515 unum
2201 477 2417 527 simplicem
2453 478 2647 516 effectum„

465 547 557 573 nem
584 535 682 584 vini,
715 535 759 573 fit
786 535 838 573 ibi
867 549 887 573 e
915 547 1104 573 converso
1134 533 1286 582 sanguis
1315 532 1454 570 Christi
1483 544 1528 569 ex
1583 533 1632 568 Et
1659 531 1747 568 ideo
1776 543 1857 568 non
1885 538 1940 568 est
1969 530 2102 568 simile.

465 588 504 626 vi
523 589 763 637 sacramenti,
793 601 935 639 corpus
954 596 1084 626 autem
1105 586 1243 624 Christi
1263 598 1309 623 ex
1329 585 1419 622 reali
1438 597 1529 622 con-
1636 586 1693 621 An
1712 595 1871 621 TERTIUM
1896 595 2078 621 DICENDUM
2105 583 2212 633 quod
2232 582 2383 621 diversa
2401 583 2520 621 verba
2547 595 2648 632 quae

465 642 705 689 comitantia3
734 642 786 679 ita
804 642 911 691 quod
929 649 1031 678 totus
1052 640 1226 677 Christus
1254 646 1309 676 est
1337 638 1409 675 sub
1428 645 1529 675 utra·
1584 644 1672 674 sunt
1699 636 1739 673 in
1766 637 1892 674 forma
1923 636 2220 675 consecrationis
2254 636 2383 686 panis,
2413 635 2650 674 constituunt

225 705 438 752 gQu-uxvnart-
466 707 543 744 que
571 695 714 745 specie,
739 694 834 732 sicut
862 707 979 744 supra
996 693 1016 716 ’¹‘
1044 693 1190 730 dictum
1218 699 1283 728 est.
1583 689 1784 727 veritatem
1802 689 1918 727 unius
1946 689 2168 727 locutionis:
2198 701 2279 727 non
2298 697 2430 727 autem
2455 689 2578 726 verba
2594 687 2649 725 di-

519 749 577 785 An
603 760 796 786 SECUNDUM.
818 759 999 785 mensuum
1026 746 1133 796 quod
1152 746 1227 782 hoc
1247 751 1531 781 sacramentum
1582 754 1788 780 versatum
1811 743 2042 780 formarum„
2067 743 2115 780 Et
2142 742 2235 780 ideo·
2259 754 2341 780 non
2368 750 2424 780 est
2453 741 2587 779 simile.

518 879 545 914 ζ)
561 883 637 913 post.
650 893 669 898 —
683 887 736 912 per
753 879 828 904 tertia
846 884 949 912 praeter
968 878 985 903 1.
