2878 4088
154 233 234 282 ὲῗῗὶἰῐ.

157 289 177 298 ··
192 286 260 308 Vers.
276 292 296 314 5.

155 637 165 647 ⁸
172 635 207 657 Cf.
216 635 314 657 Aristot.
324 635 368 656 To-

150 663 197 690 pic.
213 662 252 684 lib.
269 661 300 688 V,
315 667 365 689 cap.

153 695 202 715 vin,
214 695 236 710 n.
247 695 267 716 3,
277 694 301 715 4.

400 154 475 190 226

395 277 469 306 time
492 276 672 306 certaverit.
698 275 761 307 Sed
784 275 947 306 beatitudo
964 281 1011 306 est
1026 277 1214 316 praemium.
1240 276 1325 316 Ergo
1347 274 1461 305 diversi

393 320 509 360 gradus
533 319 736 351 beatitudinis
760 325 853 350 erunt
876 320 1055 351 secundum
1079 320 1220 351 diversos
1243 319 1357 360 gradus
1382 327 1459 358 ope-

393 374 476 400 rum,
500 374 568 395 non
592 364 772 395 secundum
795 364 937 395 diversos
959 364 1075 405 gradus
1099 365 1244 395 caritatis.

450 408 512 439 San
537 418 660 439 CONTRA
683 419 738 439 asr
761 408 870 449 quod,
895 414 1017 449 quanto
1041 409 1155 449 aliquis
1179 409 1237 439 erit
1260 408 1331 438 Deo
1359 407 1460 446 magis

394 454 596 489 coniunctus,
621 458 710 483 tanto
735 453 793 483 erit
816 453 948 484 beatior.
973 452 1035 484 Sed
1058 453 1237 483 secundum
1256 451 1393 482 modum
1409 460 1459 481 ca-

393 498 491 528 ritatis
515 502 563 528 est
585 496 703 528 modus
727 498 965 528 coniunctionis
982 497 1021 528 ad
1037 498 1153 528 Deum.
1179 497 1264 536 Ergo
1281 494 1460 526 secundum

395 541 605 572 differentiam
629 542 765 572 caritatis
789 542 847 572 erit
871 547 902 572 et
926 541 1088 572 diversitas
1111 540 1324 572 beatitudinis.

451 596 480 616 2.
497 586 694 623 Pau-raam,
717 586 802 617 sicut
822 586 1010 627 simpliciter
1032 586 1178 626 sequitur
1197 584 1240 616 ad
1261 584 1458 625 simpliciter,

394 631 440 661 ita
463 630 569 672 magis
592 630 635 661 ad
658 630 764 672 magis
779 631 805 661 *.
831 630 895 661 Sed
917 631 1034 661 habere
1057 629 1289 660 beatitudinem
1316 629 1460 669 sequitur

393 674 434 705 ad
456 675 573 705 habere
596 675 768 705 caritatem.
802 675 888 715 Ergo
913 680 944 705 et
967 675 1084 705 habere
1106 675 1262 704 maiorem
1291 672 1460 704 beatitudi-

393 728 470 750 nem
492 719 637 759 sequitur
660 719 700 749 ad
722 719 838 750 habere
862 719 1018 750 maiorem
1042 720 1213 750 caritatem.

447 763 637 794 Rasronnao
651 773 811 793 mcanmm
827 763 917 803 quod
928 764 1123 803 principium
1136 762 1353 793 distinctivum
1369 770 1460 792 man-

393 808 524 838 sionum
539 808 605 838 sive
623 807 782 847 graduum
797 807 1001 838 beatitudinis
1021 813 1068 838 est
1091 807 1225 847 duplex:
1249 806 1370 837 scilicet
1385 815 1460 846 pro-

393 853 564 892 pinquum,
589 857 621 882 et
643 857 814 882 remotum.
839 852 1065 891 Propinquum
1088 857 1135 882 est
1150 851 1273 881 diversa
1293 850 1460 890 dispositio

394 906 477 936 quae
501 896 559 926 erit
574 896 608 925 in
624 896 732 931 beatis,
750 905 788 926 ex
804 905 869 935 qua
891 896 1048 935 contingit
1071 895 1232 925 diversitas
1255 894 1461 934 perfectionis

394 939 480 980 apud
503 949 616 969 omnes
648 940 682 969 in
714 939 902 979 operatione
929 938 1144 969 beatitudinis.
1178 938 1242 969 Sed
1263 939 1459 978 principium

393 989 555 1014 remotum
585 988 632 1013 est
662 983 831 1019 meritum,
856 992 923 1022 quo
956 983 1053 1013 talem
1085 982 1317 1012 beatitudinem
1347 991 1461 1012 conse-

394 1028 459 1058 cuti
482 1032 566 1058 sunt.

1076 153 1340 200 QUAESTIO
1370 151 1503 198 XCIV,
1523 151 1818 189 ARTICULUS
1845 153 1872 199 1,
1893 153 1923 189 11

240 238 370 281 ’'1¹e¹¹c’t.¹¹'x⁵ii.'
397 232 409 262 Ῑ
433 232 536 262 Ethic·
554 233 587 268 *;
613 237 643 262 et
660 231 686 262 II
707 231 786 262 Tim.
808 242 830 261 11
846 229 890 267 *ἦ
907 231 983 262 Νοη
1001 232 1213 262 coronabitur
1229 232 1291 262 nisi
1306 231 1362 272 qui
1381 230 1460 271 legi-

1515 229 1630 270 pitudo
1653 230 1784 261 visibilis
1806 229 1963 261 redundat
1985 231 2019 261 in
2041 230 2320 271 imperfectionem
2342 232 2483 262 visionis.
2516 229 2579 262 Sed

1514 274 1716 314 imperfectio
1739 274 1828 305 nulla
1851 275 1909 305 erit
1932 275 1965 305 in
1987 275 2096 305 beatis.
2127 275 2213 315 Ergo
2240 285 2309 306 non
2335 275 2490 306 videbunt
2518 276 2579 306 mi-

1514 318 1609 349 serias
1633 318 1868 355 damnatorum,
1891 319 1925 349 in
1949 319 2066 359 quibus
2090 324 2137 349 est
2159 328 2286 349 summa
2303 319 2479 360 turpitudo.

1570 362 1633 394 San
1658 373 1782 393 com-m
1805 373 1859 393 iis-r
1876 363 1966 403 quod
1981 362 2096 394 dicitur
2112 363 2209 393 Isaiae
2224 363 2284 394 ult.
2300 364 2333 393 *z
2357 363 2580 404 Egredientur
2606 375 2615 385 ·

1482 417 1490 437 5
1515 411 1546 437 et
1567 407 1718 438 videbunt
1746 407 1908 438 cadavera
1938 407 2085 438 virorum
2117 407 2173 448 qui
2198 407 2422 448 praevaricati
2447 412 2524 438 sunt
2545 407 2578 438 in

1514 459 1585 481 me:
1609 451 1723 482 Glossa
1738 453 1765 488 ’ζ
1788 451 1894 482 Electi
1916 451 2134 493 egredientur,
2160 451 2375 493 intelligentia
2391 451 2441 482 vel
2456 451 2580 483 visione

1514 496 1699 537 manifesta,
1725 501 1761 526 ut
1782 495 1826 526 ad
1849 495 1977 526 laudem
2000 496 2064 526 Dei
2086 495 2193 536 magis
2216 496 2445 527 accendantur.

1569 540 1759 571 Rnsponnno
1783 550 1944 570 mmmmm
1959 539 2049 580 quod
2064 549 2082 570 a
2097 540 2196 570 beatis
2219 540 2298 571 nihil
2321 540 2462 571 subtrahi
2485 538 2580 570 debet

1515 584 1606 624 quod
1621 584 1661 615 ad
1676 584 1909 625 perfectionem
1921 583 2125 615 beatitudinis
2141 593 2253 615 eorum
2270 585 2436 625 pertineat.
2453 583 2580 615 Unum-

1475 641 1501 656 ιο
1515 628 1671 669 quodque
1694 634 1802 659 autem
1826 638 1864 659 ex
1887 629 2129 669 comparatione
2152 629 2302 660 contrarii
2323 629 2425 669 magis
2458 637 2580 668 cogno-

1514 674 1628 704 scitur:
1653 674 1730 714 quia
1745 673 1915 704 contraria
1939 673 2031 704 iuxta
2054 683 2089 704 se
2105 673 2216 714 posita
2232 673 2339 715 magis
2354 673 2539 703 elucescunt
2552 672 2579 702 ⁵.

1514 717 1556 748 Et
1577 717 1662 754 ideo,
1686 723 1723 748 ut
1746 717 1911 748 beatitudo
1934 722 2119 748 sanctorum
2143 718 2188 750 eis
2207 717 2308 758 magis
2324 716 2533 757 complaceat,
2549 721 2581 747 et

1515 761 1555 792 de
1579 772 1616 793 ea
1638 763 1802 793 uberiores
1824 762 1939 802 gratias
1961 762 2034 792 Deo
2057 767 2168 802 agant,
2192 763 2285 795 datur
2307 762 2352 792 eis
2374 766 2412 791 ut
2439 770 2581 801 poenam

1514 807 1691 847 impiorum
1714 806 1855 847 perfecte
1877 807 2071 837 intueantur.

1570 851 1621 881 An
1645 861 1762 881 ramim
1785 861 1868 881 aneo
1887 861 2047 881 meatuum
2070 850 2161 891 quod
2184 852 2300 883 Glossa
2314 850 2368 880 illa
2382 849 2526 889 loquitur
2541 847 2582 879 de

1514 896 1630 925 sanctis
1653 896 1789 926 mortuis
1821 895 2000 926 secundum
2023 896 2312 936 impossibilitatem
2334 899 2482 925 naturae:
2513 902 2582 924 non

1515 939 1603 969 enim
1636 945 1765 979 oportet
1792 945 1829 970 ut
1857 939 1992 970 naturali
2024 941 2210 980 cognitione
2242 943 2441 980 cognoscant
2473 938 2582 968 omnia

1515 991 1599 1022 quae
1623 993 1697 1023 erga
1718 984 1809 1014 vivos
1833 989 1980 1023 aguntur.
2004 983 2068 1014 Sed
2097 986 2198 1016 sancti
2228 986 2286 1026 qui
2312 988 2388 1014 sunt
2418 983 2453 1013 in
2481 982 2582 1022 patria

2630 373 2697 396 Vere.
2713 380 2750 402 ²4·

2607 460 2617 470 ·
2631 459 2687 481 oid.

2608 675 2618 686 ·
2636 673 2734 696 Aristot.
2754 673 2819 695 muer.

2607 700 2698 756 Lib-¹31}
2706 706 2760 728 cap.
2766 705 2806 722 xv·
2811 715 2818 726 ,

1515 1027 1627 1057 omnia
1650 1027 1733 1057 clare
1757 1032 1960 1067 cognoscunt
1982 1037 2066 1067 quae
2089 1035 2227 1068 aguntur
2242 1035 2274 1060 et
2289 1027 2376 1069 apud
2397 1027 2535 1057 viatores
2550 1031 2583 1057 et

449 1072 557 1102 Primo
581 1076 689 1101 autem
705 1070 806 1101 modo
823 1070 1062 1110 distinguuntur
1077 1070 1261 1100 mansiones
1281 1068 1461 1100 secundum
1476 1081 1502 1095 ²0
1515 1070 1603 1110 apud
1626 1070 1803 1101 damnatos.
1828 1071 1923 1102 Unde
1947 1071 2121 1111 Gregorius
2145 1073 2231 1110 dicit,
2247 1072 2305 1104 XII
2327 1072 2381 1103 lib.
2405 1070 2530 1102 Moral.
2546 1071 2580 1101 ⁴':
2610 1070 2747 1120 'nffffqhfflg
2759 1069 2825 1119 ffiss’

394 1116 557 1146 caritatem
580 1116 715 1155 patriae:
741 1124 824 1155 quae
848 1120 970 1155 quanto
994 1115 1028 1144 in
1052 1114 1162 1155 aliquo
1191 1114 1250 1144 erit
1278 1112 1460 1154 perfectior,
1515 1114 1566 1144 De
1581 1114 1750 1145 animabus
1760 1115 1881 1145 sanctis
1896 1115 2097 1146 sentiendum
2113 1126 2178 1147 non
2194 1123 2243 1148 est
2261 1117 2338 1158 (hoc
2353 1115 2475 1146 scilicet
2493 1114 2584 1155 quod
2653 1114 2660 1124 '
2745 1113 2752 1119 “
2803 1112 2809 1119 ’

393 1165 482 1190 tanto
507 1169 583 1190 eum
605 1159 717 1190 reddet
739 1160 941 1199 capaciorem
965 1158 1091 1189 divinae
1107 1159 1264 1194 claritatis,
1281 1156 1461 1188 secundum
1516 1158 1574 1189 Iob
1598 1157 1675 1189 dicit
1690 1159 1723 1194 *‚
1748 1159 1822 1190 Sive
1845 1159 1968 1190 nobiles
1981 1160 2118 1202 fuerint
2135 1161 2206 1201 filii
2233 1161 2303 1192 eius
2331 1160 2399 1191 sive
2426 1159 2584 1200 ignobiles
2611 1164 2689 1191 ‘Car-
2703 1170 2822 1192 matrs.

394 1205 486 1235 cuius
509 1209 720 1244 augmentum
743 1204 910 1244 augebitur
932 1202 1088 1243 perfectio
1117 1203 1247 1233 visionis
1281 1202 1416 1233 divinae.
1517 1203 1636 1233 nesciet
1658 1202 1754 1243 etc.):
1778 1203 1855 1244 quia
1874 1203 1929 1244 qui
1953 1204 2039 1234 intus
2060 1204 2179 1235 habent
2197 1205 2262 1236 Dei
2283 1203 2474 1239 claritatem,
2492 1203 2583 1234 nullo
2611 1197 2646 1214 ²¹·

450 1248 600 1279 Secundo
616 1257 693 1278 vero
709 1248 809 1278 modo
826 1247 1064 1288 distinguuntur
1079 1248 1264 1278 mansiones
1282 1245 1462 1277 secundum
1515 1247 1613 1278 modo
1637 1247 1832 1278 credendum
1847 1252 1895 1278 est
1907 1247 1995 1288 quod
2009 1248 2052 1279 sit
2064 1249 2159 1290 foris
2173 1249 2298 1290 aliquid
2315 1247 2403 1289 quod
2421 1247 2584 1288 ignorent.

395 1293 557 1323 caritatem
580 1293 659 1323 viae.
684 1293 785 1323 Actus
808 1293 895 1323 enim
910 1297 1019 1322 noster
1039 1301 1108 1322 non
1123 1292 1219 1322 habet
1235 1290 1325 1332 quod
1340 1291 1379 1321 sit
1394 1300 1462 1321 me·
1477 1301 1501 1322 25
1572 1292 1623 1322 An
1648 1301 1811 1322 sacunmm
1842 1292 2004 1323 'monimum
2027 1292 2136 1333 quod,
2161 1294 2308 1334 quamvis
2330 1290 2516 1333 pulcritudo
2538 1292 2585 1322 vi·-

394 1338 521 1368 ritorius
546 1347 583 1367 ex
606 1337 675 1377 ipsa
698 1337 873 1367 substantia
895 1341 995 1373 actus,
1018 1336 1075 1367 sed
1097 1336 1205 1367 solum
1221 1345 1259 1366 ex
1274 1335 1385 1366 habitu
1400 1335 1463 1365 vir·
1517 1336 1615 1367 sibilis
1639 1335 1680 1367 ad
1701 1336 1935 1376 perfectionem
1957 1336 2052 1368 faciat
2073 1338 2216 1374 visionis,
2239 1337 2370 1369 visibilis
2392 1341 2501 1367 tamen
2519 1340 2586 1366 tur-

394 1382 470 1412 tutis
494 1391 561 1422 quo
586 1381 785 1412 informatur.
810 1382 866 1412 Vis
890 1387 998 1412 autem
1021 1380 1167 1411 merendi
1191 1385 1238 1411 est
1260 1381 1294 1410 in
1310 1379 1463 1410 omnibus
1517 1380 1632 1421 pitudo
1657 1381 1725 1411 sine
1747 1381 1880 1411 visionis
1902 1380 2078 1412 infectione
2102 1391 2171 1413 esse
2193 1388 2318 1423 potest:
2343 1381 2466 1421 species
2498 1380 2585 1411 enim

156 1429 218 1478 Πῐιξζ
236 1429 354 1483 ξῐέἢίαυ-
394 1427 563 1457 virtutibus
579 1436 617 1456 ex
633 1426 771 1462 caritate,
784 1435 867 1466 quae
878 1426 974 1456 habet
988 1426 1096 1466 ipsum
1107 1424 1207 1456 finem
1219 1434 1278 1465 pro
1295 1425 1423 1455 obiecto
1434 1424 1461 1454 ’ἱ
1517 1434 1625 1456 rerum
1647 1425 1682 1456 in
1712 1425 1819 1456 anima
1847 1435 1905 1466 per
1938 1435 2018 1466 quas
2050 1427 2207 1457 contraria
2235 1430 2494 1467 cognoscuntur,
2516 1434 2586 1456 non

395 1471 436 1501 Et
459 1470 532 1501 ideo
557 1469 720 1501 diversitas
743 1471 776 1501 in
799 1470 954 1501 merendo
977 1475 1045 1501 tota
1068 1470 1234 1500 revertitur
1263 1469 1303 1499 ad
1333 1468 1462 1500 diversi·
1517 1475 1592 1500 sunt
1615 1470 1801 1501 contrariae.
1826 1469 1920 1501 Unde
1944 1471 2040 1501 efiam
2063 1471 2162 1508 Deus,
2179 1471 2236 1511 qui
2250 1470 2514 1511 perfectissimam
2529 1478 2585 1500 co—

394 1521 493 1545 tatem
517 1515 662 1545 caritatis.
687 1515 728 1546 Et
744 1515 788 1545 sic
804 1515 915 1546 caritas
930 1515 1001 1545 viae
1017 1514 1189 1554 distinguet
1204 1514 1388 1544 mansiones
1406 1522 1463 1554 per
1477 1524 1504 1545 ³0
1516 1515 1697 1554 gnitionem
1720 1514 1825 1551 habet,
1850 1515 1960 1545 omnia
1982 1515 2094 1555 pulcra
2117 1520 2149 1546 et
2170 1516 2277 1555 turpia
2298 1514 2396 1546 videt.

395 1559 531 1590 modum
554 1559 668 1589 meriti.

450 1604 501 1634 Ar>
526 1613 642 1634 ramum
665 1613 749 1634 tneo
769 1613 929 1633 mcannun
945 1602 1036 1644 quod
1051 1604 1150 1634 virtus
1165 1603 1210 1633 ibi
1224 1612 1293 1633 non
1309 1602 1463 1642 accipitur

396 1648 503 1678 solum
525 1657 585 1688 pro
609 1648 744 1679 naturali
768 1648 958 1688 capacitate:
983 1647 1039 1678 sed
1062 1657 1122 1688 pro
1138 1647 1273 1678 naturali
1289 1646 1463 1687 capacitate

396 1693 492 1723 simul
515 1702 591 1723 cum
614 1697 733 1723 conatu
756 1692 796 1722 ad
818 1691 998 1723 habendam
1021 1692 1164 1732 gratiam.
1188 1692 1229 1722 Et
1252 1697 1330 1722 tunc
1352 1691 1461 1727 vinus,

397 1738 460 1767 hoc
483 1736 583 1767 modo
608 1741 749 1776 accepta,
766 1737 825 1767 erit
841 1737 931 1777 quasi
946 1737 1116 1767 materialis
1133 1735 1300 1776 dispositio
1317 1734 1357 1766 ad
1371 1744 1463 1766 men·
1479 1745 1501 1768 35

398 1790 504 1812 suram
527 1781 644 1821 gratiae
668 1786 699 1811 et
721 1781 841 1821 gloriae
864 1780 1100 1821 suscipiendae:
1125 1779 1181 1811 sed
1205 1781 1315 1810 caritas
1331 1785 1379 1810 est
1398 1778 1463 1810 for-

398 1825 521 1856 maliter
545 1825 712 1865 complens
734 1826 886 1856 meritum
909 1825 949 1856 ad
971 1825 1117 1865 gloriam.
1141 1825 1183 1855 Et
1205 1823 1278 1855 ideo
1303 1823 1463 1854 distinctio

399 1869 514 1910 gradus
543 1870 577 1900 in
606 1870 707 1910 gloria
737 1870 892 1910 accipitur
915 1879 1014 1910 penes
1044 1869 1159 1910 gradus
1190 1869 1326 1900 caritatis
1356 1868 1465 1908 potius

400 1923 498 1955 quam
521 1923 620 1954 penes
643 1913 759 1954 gradus
782 1915 906 1944 virtutis
929 1913 1119 1954 praedictae.

1517 1587 1616 1618 ART.
1644 1587 1680 1618 11.
1713 1597 1817 1618 urium
1840 1597 1932 1618 amri
1954 1598 2084 1619 msanns
2107 1598 2325 1620 naum-roxum
2347 1597 2586 1620 comm-imm

1839 1638 1859 1660 11
1874 1638 1947 1666 Sent„
1963 1639 2015 1661 diat.
2032 1645 2065 1666 xx,
2080 1643 2139 1667 part.
2153 1640 2172 1667 Ι,
2186 1643 2230 1662 art.
2241 1635 2265 1668 ’5.

1582 1698 1603 1718 n
1627 1698 1790 1719 sncunnun
1813 1698 1859 1719 s1c
1886 1698 2091 1720 Paocamrua.
2116 1689 2251 1721 Videtur
2274 1689 2365 1730 quod
2385 1690 2469 1720 bean·
2490 1691 2587 1721 mise-

1519 1701 1635 1763 Ariis
1662 1732 1888 1763 damnatorum
1921 1734 2166 1774 compatiantur.
2199 1734 2392 1774 Compassio
2426 1734 2514 1765 enim
2547 1743 2587 1766 ex

1519 1778 1647 1808 caritate
1669 1777 1825 1818 procedit.
1857 1777 1920 1808 Sed
1942 1778 1976 1808 in
1998 1778 2099 1809 beatis
2123 1778 2181 1809 erit
2203 1778 2434 1819 perfectissima
2463 1779 2585 1810 caritas.

1518 1822 1606 1862 Ergo
1628 1822 1767 1852 maxime
1790 1821 1924 1852 miseriis
1947 1821 2174 1853 damnatorum
2196 1823 2446 1863 compatiuntur.

1576 1875 1605 1896 2.
1629 1866 1825 1902 Panamara,
1849 1866 1934 1899 beati
1956 1876 2125 1907 nunquam
2149 1873 2242 1898 erunt
2264 1873 2390 1898 tantum
2413 1867 2555 1907 elongati
2568 1877 2587 1898 a

1520 1911 1746 1950 compassione
1769 1915 1928 1950 quantum
1950 1910 2039 1942 Deus
2063 1916 2119 1942 est.
2144 1910 2208 1942 Sed
2229 1911 2318 1942 Deus
2342 1911 2586 1952 quodammodo

454 1959 505 1988 An
529 1968 692 1988 secunaum
715 1968 875 1988 mmmmm
905 1958 995 1998 quod
1018 1968 1117 1998 opera
1139 1967 1207 1988 non
1230 1957 1349 1987 habent
1375 1955 1466 1996 quod
1479 1965 1506 1986 40
1519 1955 1653 1985 miseriis
1682 1955 1799 1985 nostris
1829 1956 2041 1995 compatitur,
2065 1955 2152 1986 unde
2183 1961 2215 1986 et
2241 1956 2426 1987 misericors
2453 1955 2585 1987 dicitur:

400 2003 444 2033 eis
467 2002 633 2032 retributio
657 2001 777 2042 gloriae
801 2001 950 2032 reddatur
973 2003 1034 2032 nisi
1057 2003 1251 2042 inquantum
1281 2005 1356 2031 sunt
1388 2000 1466 2031 cari-

399 2052 461 2077 tate
484 2045 664 2076 informata.
695 2046 736 2076 Et
766 2045 840 2076 ideo
865 2046 1044 2077 secundum
1068 2046 1208 2077 diversos
1232 2045 1367 2076 caritatis
1397 2054 1466 2085 gra-

399 2090 459 2121 dus
483 2096 576 2121 erunt
599 2090 714 2121 diversi
732 2090 848 2131 gradus
871 2091 905 2121 in
927 2091 1038 2131 gloria.

453 2135 504 2165 An
529 2145 663 2165 marum
687 2145 847 2166 mmmmm
871 2134 971 2175 quod,
994 2135 1140 2175 quamvis
1163 2134 1289 2165 habitus
1321 2134 1466 2170 caritatis,

1521 2004 1552 2029 et
1575 1998 1718 2029 similiter
1741 1999 1856 2039 angeli.
1889 1999 1975 2039 Ergo
1999 2000 2084 2030 beati
2107 2000 2344 2041 compatientur
2369 2000 2504 2031 miseriis
2532 1999 2587 2032 da-

1519 2048 1715 2074 mnatorum.

1577 2086 1640 2118 San
1665 2097 1804 2124 CONTRA,
1830 2088 2030 2128 quicumque
2060 2088 2113 2119 alii
2143 2088 2356 2128 compatitur,
2379 2087 2416 2119 fit
2442 2089 2588 2120 miseriae

1522 2132 1591 2162 eius
1615 2131 1861 2172 quodammodo
1883 2132 2054 2174 particeps.
2078 2132 2142 2164 Sed
2163 2133 2248 2164 beati
2271 2142 2340 2164 non
2361 2138 2498 2173 possunt
2520 2143 2590 2165 esse

399 2179 449 2210 vel
474 2180 708 2220 cuiuscumque
731 2180 871 2216 virtutis,
889 2189 957 2210 non
980 2180 1020 2210 sit
1042 2179 1209 2215 meritum,
1235 2179 1287 2209 cui
1315 2178 1468 2209 debeatur
1481 2190 1505 2211 45
1521 2176 1691 2216 parficipes
1707 2176 1841 2207 alicuius
1855 2177 2012 2208 miseriae·
2028 2177 2115 2218 Ergo
2131 2177 2266 2208 miseriis
2281 2177 2506 2208 damnatorum
2520 2187 2590 2213 non

399 2224 588 2264 praemium,
606 2229 653 2257 est
675 2229 783 2254 tamen
806 2224 1002 2264 principium
1025 2230 1057 2254 et
1079 2229 1147 2254 tota
1170 2224 1250 2254 ratio
1270 2222 1416 2254 merendi
1434 2223 1468 2254 in
1523 2221 1773 2261 compau‘untur.

400 2274 483 2299 actu.
507 2268 549 2298 Et
572 2267 645 2299 ideo
670 2268 850 2299 secundum
873 2269 941 2299 eius
966 2268 1179 2299 diversitatem
1202 2269 1343 2308 praemia
1358 2267 1468 2298 distin·
1576 2265 1767 2296 Rasronnao
1791 2274 1957 2296 monimum
1970 2265 2061 2306 quod
2075 2265 2302 2302 misericordia,
2323 2266 2374 2296 vel
2397 2266 2590 2306 compassio,

401 2318 553 2353 guuntur.
570 2331 593 2335 —
616 2313 772 2351 Quamvis
788 2313 884 2343 etiam
901 2323 938 2343 ex
954 2313 1026 2353 ipso
1042 2322 1159 2353 genere
1183 2318 1272 2343 actus
1295 2313 1396 2352 possit
1413 2312 1468 2342 ali-
1523 2314 1630 2350 potest
1653 2309 1687 2340 in
1710 2309 1820 2349 aliquo
1843 2310 1980 2340 inveniri
2003 2309 2190 2351 dupliciter:
2215 2320 2283 2341 uno
2305 2309 2419 2347 modo,
2442 2319 2500 2351 per
2518 2320 2591 2343 mo-

401 2358 472 2397 quis
495 2356 610 2397 gradus
634 2358 667 2388 in
690 2357 845 2388 merendo
870 2357 1073 2394 considerari,
1090 2367 1157 2388 non
1174 2356 1307 2397 quidem
1321 2362 1470 2397 respectu
1524 2353 1603 2385 dum
1618 2354 1792 2394 passionis;
1817 2354 1879 2384 alio
1895 2353 2007 2391 modo,
2023 2364 2081 2395 per
2100 2354 2238 2386 modurn
2254 2355 2430 2386 electionis.
2457 2354 2495 2386 In
2516 2355 2590 2387 bene

401 2402 534 2442 praemii
551 2402 735 2437 essentialis.
753 2401 843 2442 quod
858 2407 906 2432 est
920 2401 1075 2442 gaudium
1091 2402 1131 2433 de
1144 2401 1226 2438 Deo,
1244 2401 1300 2432 sed
1322 2406 1470 2442 respectu
1485 2411 1511 2432 5⁰
1523 2399 1563 2428 tis
1593 2403 1702 2428 autem
1724 2408 1792 2429 non
1823 2399 1881 2428 erit
1908 2398 2014 2439 aliqua
2036 2399 2143 2439 passio
2172 2400 2207 2430 in
2238 2404 2327 2439 parte
2355 2398 2500 2430 inferiori
2529 2400 2592 2431 nisi

402 2446 535 2477 alicuius
560 2445 762 2477 accidentalis
780 2447 923 2487 praemii.
941 2445 1032 2487 quod
1048 2452 1096 2477 est
1118 2445 1274 2487 gaudium
1297 2445 1337 2477 de
1361 2446 1470 2486 aliquo
1525 2452 1728 2483 consequens
1751 2443 1944 2474 electionem
1959 2444 2100 2474 rationis.
2125 2443 2219 2475 Unde
2234 2453 2303 2474 non
2318 2444 2377 2475 erit
2390 2444 2426 2475 in
2441 2444 2486 2474 eis
2501 2453 2591 2475 com-

403 2491 492 2521 bono
517 2495 634 2521 creato.
1525 2487 1631 2527 passio
1654 2487 1705 2518 vel
1727 2486 1945 2518 misericordia
1959 2488 2021 2518 nisi
2036 2487 2216 2519 secundum
2236 2488 2428 2519 electionem
2450 2489 2592 2520 rationis.

441 2609 486 2634 „E
505 2553 1437 2638 ..3332ssinstiterant...
1526 2531 2285 2617 {3222ssssss„22233.‚e{.3l{⁰251?1{.{²3{³3¹.3{.
2303 2532 2522 2608 ΐᾶῖᾞὲἷῒὲ
2541 2533 2594 2608 ζῖέ

1488 2632 1510 2652 55
1525 2621 1624 2651 terius
1646 2620 1776 2661 repelli:
1802 2620 1888 2652 unde
1910 2621 1944 2651 in
1967 2621 2028 2651 illis
2051 2630 2135 2662 quae
2157 2621 2338 2652 secundum
2360 2621 2517 2652 iudicium
2545 2631 2594 2652 ra-

467 2677 560 2697 zmna
584 2665 854 2697 considerandum
878 2671 925 2696 est
948 2665 988 2697 de
1015 2665 1116 2697 modo
1145 2675 1212 2706 quo
1236 2675 1269 2696 se
1298 2666 1397 2696 sancti
1417 2665 1473 2696 ha·
1526 2665 1624 2696 tionis
1647 2665 1758 2705 repelli
1781 2675 1849 2696 non
1872 2665 2035 2702 volumus,
2059 2666 2320 2706 compassionem
2341 2665 2440 2696 talem
2453 2675 2523 2697 non
2537 2666 2594 2697 ha-

408 2679 589 2742 Dbebunt
613 2720 686 2750 erga
709 2710 876 2741 damnatos
891 2711 918 2740 *.

167 2722 175 2729 ·
198 2717 234 2740 ct.
258 2724 296 2745 qu.
321 2722 378 2744 xen,
1527 2710 1652 2740 bemus.
1682 2710 1870 2740 Peccatores
1900 2715 2009 2741 autem
2040 2709 2184 2750 quandiu
2211 2715 2286 2741 sunt
2308 2711 2342 2741 in
2364 2710 2428 2741 hoc
2457 2709 2593 2747 mundo,

166 2744 254 2767 ¹¹¹“⁰d‘
406 2755 500 2786 Circa
523 2755 613 2796 quod
637 2760 834 2795 quaeruntur
859 2755 927 2785 tria.
1527 2754 1562 2784 in
1584 2754 1638 2785 tali
1661 2759 1745 2784 statu
1768 2759 1843 2785 sunt
1866 2753 1956 2794 quod
1978 2755 2046 2785 sine
2076 2753 2274 2794 praeiudicio
2303 2754 2428 2785 divinae
2457 2755 2595 2786 iustitiae

460 2801 585 2831 Primo:
610 2805 720 2830 utrum
743 2800 843 2830 sancti
866 2808 989 2840 poenas
1012 2798 1238 2830 damnatorum
1261 2797 1398 2830 videant.
1527 2804 1664 2839 possunt
1687 2799 1720 2829 in
1744 2798 1974 2830 beatitudinem
1997 2798 2158 2830 transferri
2173 2809 2191 2830 a
2206 2804 2289 2830 statu
2312 2799 2458 2830 miseriae
2473 2803 2505 2830 et
2519 2808 2595 2839 pec·-

462 2843 631 2875 Secundo:
655 2849 764 2874 utrum
789 2845 833 2874 eis
858 2844 1103 2884 compatiantur.
1488 2851 1515 2871 60
1529 2843 1601 2874 cati.
1626 2843 1667 2874 Et
1690 2842 1764 2873 ideo
1788 2843 1957 2874 beatorum
1981 2844 2163 2884 compassio
2187 2842 2227 2874 ad
2254 2853 2312 2874 eos
2341 2843 2454 2874 locum
2481 2843 2594 2874 habet:

462 2889 592 2919 Tertio:
617 2893 726 2919 utrum
750 2887 790 2919 de
814 2898 929 2919 eorum
951 2889 1067 2929 poenis
1090 2888 1258 2919 laetentur.
1529 2893 1561 2918 et
1584 2887 1763 2918 secundum
1786 2887 1979 2919 electionem
2001 2887 2185 2924 voluntatis,
2209 2893 2307 2928 prout
2328 2887 2427 2923 Deus,
2443 2886 2549 2927 angeli
2563 2892 2596 2918 et

547 2953 636 2984 ΛΚΤ
665 2954 677 2983 I
1529 2932 1614 2963 beati
1638 2933 1682 2963 eis
1706 2932 1848 2973 compan'
1877 2931 2044 2968 dicuntur,
2068 2941 2184 2963 eorum
2213 2932 2350 2963 salutem
2377 2930 2539 2967 volendo;
2563 2936 2595 2962 et

640 2963 1337 3029 “νέὃὲἑεξέτῧῖζῗῃἰξοξὶζῖζοῗυζᾼηῌ’
1530 2975 1709 3008 secundum
1725 2977 1918 3017 passionem,
1935 2977 2017 3010 sicut
2032 2976 2274 3017 compatiuntur
2289 2976 2333 3006 eis
2348 2975 2497 3006 homines
2515 2975 2595 3006 boni

1530 3021 1564 3052 in
1587 3026 1671 3052 statu
1694 3021 1764 3052 viae
1788 3022 1966 3052 existentes.
1991 3019 2055 3051 Sed
2069 3021 2103 3051 in
2119 3020 2229 3052 futuro
2244 3029 2312 3051 non
2327 3024 2481 3059 poterunt
2495 3024 2595 3050 trans-

473 3074 493 3094 n
509 3074 626 3094 ramma
643 3074 688 3095 src
708 3074 913 3095 pnoeanrrun.
938 3064 1072 3095 Videtur
1097 3064 1187 3105 quod
1202 3064 1286 3095 beati
1307 3065 1363 3105 qui
1384 3069 1477 3096 erunt
1490 3071 1514 3098 ες
1530 3064 1604 3096 ferri
1627 3075 1645 3096 a
1669 3076 1726 3096 sua
1747 3066 1884 3096 miseria.
1908 3065 2002 3096 Unde
2025 3064 2066 3096 ad
2088 3073 2203 3095 eorum
2223 3063 2365 3095 miserias
2387 3072 2456 3094 non
2478 3064 2597 3104 poterit

411 3077 507 3139 Ain
539 3109 657 3149 patria,
685 3118 753 3139 non
787 3108 915 3139 videant
948 3118 1070 3149 poenas
1103 3108 1339 3140 damnatorum.
1374 3109 1477 3140 Maior
1531 3119 1600 3141 esse
1633 3110 1814 3150 compassio
1848 3109 2028 3142 secundum
2059 3108 2252 3140 electionem
2283 3112 2412 3138 rectam.
2447 3107 2489 3138 Et
2519 3107 2594 3139 ideo

410 3153 497 3183 enirn
520 3158 567 3183 est
591 3152 737 3183 distantia
761 3152 986 3184 damnatorum
1010 3163 1028 3184 a
1051 3153 1151 3184 beatis
1175 3163 1273 3194 quam
1305 3154 1475 3185 viatorum.
1531 3154 1616 3184 beati
1639 3155 1696 3195 qui
1718 3159 1813 3185 erunt
1834 3154 1868 3185 in
1889 3154 2007 3194 gloria,
2031 3153 2154 3184 nullam
2183 3152 2443 3192 compassionem
2473 3151 2514 3183 ad
2541 3151 2596 3183 da-

411 3196 474 3227 Sed
497 3197 580 3227 beati
603 3206 729 3237 semper
752 3198 912 3228 viatorum
936 3197 1019 3228 facta
1042 3207 1110 3228 non
1126 3197 1251 3228 vident:
1277 3197 1364 3228 unde
1380 3198 1478 3229 Isaiae
1531 3204 1659 3230 mnatos
1681 3198 1855 3229 habebunt.

173 3237 316 3287 :flag-‘5¹2-
410 3251 484 3271 Lxm
499 3242 533 3277 ⁴*‚
558 3241 720 3272 Abraham
745 3242 878 3272 nescivit
900 3251 978 3278 nos,
1002 3241 1078 3273 dicit
1112 3241 1227 3273 Glossa
1249 3243 1296 3273 ”z
1322 3242 1479 3273 Nesciunt
1586 3243 1643 3277 An.
1662 3252 1780 3274 rancun
1801 3251 1885 3273 aneo
1909 3250 2069 3273 mmmmm
2091 3239 2182 3281 quod
2204 3240 2316 3270 caritas
2339 3245 2417 3270 tunc
2441 3245 2488 3270 est
2506 3249 2596 3272 com-

411 3285 541 3321 mortui,
566 3286 661 3316 etiam
684 3286 798 3322 sancti,
822 3286 900 3327 quid
914 3286 1051 3328 faciunt
1070 3286 1143 3322 vivi,
1161 3287 1257 3318 etiam
1278 3296 1391 3318 eorum
1396 3287 1477 3328 filii.
1492 3302 1519 3323 7⁰
1531 3287 1689 3328 passionis
1712 3286 1906 3327 principium
1936 3284 2067 3326 quando
2090 3293 2264 3325 possumus
2292 3293 2330 3314 ex
2360 3285 2488 3316 caritate
2514 3285 2597 3316 velle

412 3329 497 3369 Ergo
521 3329 625 3360 multo
649 3330 756 3360 minus
779 3329 888 3361 vident
911 3340 1033 3370 poenas
1058 3330 1293 3362 damnatorum.
1532 3331 1748 3362 remotionem
1770 3330 1916 3363 miseriae
1939 3328 2083 3359 alicuius.
2107 3328 2171 3360 Sed
2193 3328 2294 3359 sancti
2317 3337 2356 3358 ex
2379 3329 2506 3360 caritate
2533 3329 2597 3360 hoc

470 3383 500 3403 2.
524 3373 721 3410 Pmaraaaa,
745 3373 901 3414 perfectio
925 3375 1056 3405 visionis
1072 3374 1233 3415 dependet
1248 3385 1266 3406 a
1281 3374 1479 3415 perfectione
1532 3375 1615 3406 velle
1638 3383 1706 3406 non
1728 3378 1864 3414 possunt
1887 3372 1927 3404 de
1950 3372 2122 3404 damnatis:
2147 3382 2224 3404 cum
2247 3372 2373 3403 divinae
2396 3373 2533 3404 iustitiae
2547 3382 2597 3404 re-

413 3417 560 3447 visibilis:
585 3417 671 3448 unde
694 3418 910 3458 Philosophus
934 3418 1020 3455 dicit,
1044 3419 1073 3449 X
1088 3419 1192 3450 Ethic.
1209 3420 1236 3456 *‚
1261 3418 1350 3460 quod
1367 3419 1479 3460 perfe—
1533 3423 1666 3460 pugnet.
1690 3416 1785 3450 Unde
1807 3417 1887 3448 ratio
1910 3425 1979 3449 non
2002 3418 2156 3457 sequitur.

415 3461 554 3492 ctissima
583 3471 694 3492 sensus
727 3462 872 3502 operatio
902 3467 949 3492 est
978 3472 1089 3494 sensus
1120 3463 1237 3504 optime
1264 3463 1411 3504 dispositi
1437 3462 1481 3493 ad
1588 3462 1640 3492 An
1664 3471 1826 3493 sncuxmuu
1848 3470 2008 3493 meannuu
2031 3461 2122 3501 quod
2144 3461 2232 3492 Deus
2255 3461 2371 3492 dicitur
2390 3470 2458 3492 esse
2475 3461 2597 3492 miseri-
2680 3492 2689 3496 ,,

409 3505 664 3546 pulcherrimum
686 3506 744 3536 sub
767 3515 862 3537 sensu
879 3506 1061 3537 iacentium.
1086 3507 1172 3548 Ergo
1197 3517 1214 3537 e
1238 3507 1398 3538 contrario
1414 3511 1479 3537 tur-
1494 3519 1518 3540 75
1535 3516 1605 3537 cors
1628 3506 1821 3546 inquantum
1843 3505 1991 3537 subvenit
2012 3505 2073 3536 illis
2093 3515 2176 3546 quos
2192 3505 2372 3537 secundum
2387 3504 2535 3536 ordinem
2549 3515 2597 3536 sa·
2639 3526 2653 3531 ι-
2708 3502 2711 3506 ’

174 3419 229 3468 'Sep
246 3433 252 3440 .
264 3423 384 3466 pagna.—
