2678 4126
408 339 845 392 CITATIONES
886 342 955 392 IN
995 340 1398 393 TRACTATU·
1438 341 1525 392 DE
1565 342 2060 396 SACRAMENTIS

274 465 321 504 In
351 465 644 518 praecedentis
673 467 903 507 voluminis
943 466 1208 506 Praefatione
1249 466 1454 514 diximus,
1490 466 1535 507 S.
1559 467 1794 515 Thomam,
1830 468 2002 521 quando
2038 469 2238 510 Glossam
2272 471 2314 511 in

149 525 346 566 Psalmos
380 532 422 566 et
454 526 495 566 in
530 527 746 581 Epistolas
778 527 977 568 Paulinas
1011 527 1121 575 citat,
1144 527 1257 567 Petri
1291 528 1527 568 Lombardi
1552 528 1872 569 Commentario
1897 529 1937 569 in
1971 530 2178 579 Psalmos,
2202 532 2313 572 eius-

150 599 234 640 que
268 587 553 628 Collectaneis
586 589 628 629 in
661 589 716 629 D.
740 589 860 629 Pauli
884 588 1099 642 Epistolas
1123 589 1194 629 uti.
1229 589 1300 629 Ad
1325 589 1664 630 confirmandum
1687 604 1797 644 quae
1821 591 1878 631 ibi
1902 591 2159 645 scripsimus,
2183 593 2313 647 inspi-

150 660 244 688 cere
278 648 396 689 iuvat
428 649 650 690 citationes
683 655 850 691 nostras
884 650 925 690 in
958 656 1136 690 tractatu
1170 650 1223 691 de
1257 650 1563 699 Sacramentis;
1598 651 1705 692 inter
1737 653 1852 700 alias,
1877 666 1947 706 qu.
1971 665 2086 701 LXIX,
2111 660 2184 695 art.
2208 656 2248 701 3,
2272 654 2314 694 in

150 722 265 763 corp.
290 717 332 750 et
364 710 419 750 ad
459 724 501 759 1;
535 710 648 759 ibid.‚
673 717 746 751 art.
771 722 810 762 4,
834 711 889 751 ad
925 723 972 760 2;
1007 725 1076 764 qu.
1101 723 1233 759 Lxxx,
1258 718 1332 753 art.
1358 712 1396 760 5,
1421 726 1509 767 arg.
1541 725 1574 753 1.

275 771 549 825 Quandoque
583 772 709 812 etiam
743 785 796 812 ex
830 773 1034 813 Gratiano
1068 773 1122 814 D.
1146 773 1341 814 Thomas
1376 774 1597 814 citationes
1632 775 1829 829 excerpit.
1865 776 2074 830 Exempla
2102 777 2314 830 quaedam

149 832 409 873 subiicimus.

275 894 356 945 Qu.
380 906 497 942 LXIX,
521 901 596 936 art.
622 894 661 944 5,
685 909 773 951 arg.
799 895 890 936 Sed
915 898 1090 936 contra:
1127 912 1145 933 ‹
1174 897 1446 952 Augustinus
1473 896 1583 945 dicit,
1609 897 1649 937 in
1683 897 1791 938 libro
1824 898 1876 938 de
1903 899 2125 952 Baptismo
2150 900 2314 940 Parvu-

149 953 311 995 lorum:
329 955 394 996 ad
408 957 488 996 hoc
514 956 632 997 valet
649 957 886 1011 baptismus
906 960 957 998 ut
975 957 1184 1012 baptizati
1206 958 1374 999 Christo
1391 959 1715 1012 incorporentur
1732 976 1766 999 ›.
1791 960 2061 1015 Augustinus
2083 962 2143 1001 sic
2165 961 2312 1001 habet:

147 1015 229 1056 Ad
254 1016 369 1058 hanc
401 1017 479 1071 (sc.
514 1018 669 1059 Christi
703 1019 1081 1073 dispensationem)
1106 1020 1299 1073 pertinet
1327 1020 1562 1074 baptismus
1566 1053 1626 1061 .....
1661 1024 1712 1060 ut
1742 1021 2067 1075 incorporentur
2089 1023 2157 1063 illi
2183 1036 2314 1063 mem-

149 1077 228 1118 bra
260 1078 362 1120 eius.
397 1079 550 1120 Canon
582 1080 663 1121 Ad
689 1081 768 1121 hoc
800 1081 1036 1135 baptismus
1069 1081 1202 1135 (143),
1226 1081 1278 1122 de
1314 1082 1505 1122 Consecr.
1531 1081 1624 1122 dist.
1648 1083 1703 1123 II:
1737 1082 1818 1123 Ad
1833 1084 1912 1124 hoc
1937 1084 2172 1138 baptismus
2202 1084 2320 1124 valet

146 1142 198 1180 ut
226 1138 438 1194 baptizati
471 1141 640 1183 Christo
672 1143 1006 1197 incorporentur.

278 1202 361 1255 Qu.
385 1215 517 1252 Lxxn,
540 1210 615 1245 art.
640 1206 679 1252 3,
704 1204 746 1245 in
780 1217 917 1258 corp.:
957 1221 974 1242 ‹
1004 1204 1132 1246 Unde
1166 1205 1503 1258 Chrysostomus
1537 1205 1647 1253 dicit,
1672 1205 1790 1259 quod
1823 1219 2043 1259 nunquam
2077 1220 2217 1260 aquae
2239 1207 2314 1248 ba-

138 1264 296 1319 ptismi
314 1266 515 1319 purgare
538 1268 720 1320 peccata
752 1266 1012 1316 credentium
1044 1269 1239 1320 possent,
1274 1267 1362 1307 nisi
1389 1270 1505 1307 tactu
1540 1267 1760 1308 Dominici
1798 1269 1986 1322 corporis
2025 1269 2316 1322 sanctificatae

144 1325 332 1377 ficissent
355 1343 390 1367 ›.
426 1327 622 1368 Habetur
654 1341 745 1368 can.
770 1328 860 1381 (10)
893 1328 1132 1381 Nunquam
1165 1342 1314 1381 aquae,
1343 1328 1395 1368 de
1431 1329 1622 1369 Consecr.
1653 1329 1748 1369 dist.
1779 1330 1860 1377 IV,
1893 1330 1965 1370 ubi
2001 1330 2314 1384 Chrysostomo

147 1387 411 1430 adseeibitur.
446 1390 526 1430 Est
557 1395 699 1431 autem
734 1389 968 1430 Chromatii
1001 1390 1044 1429 in
1077 1390 1235 1430 Matth.
1259 1403 1349 1444 cap.
1372 1403 1428 1438 111,
1452 1403 1562 1431 vers.
1593 1389 1657 1431 15.

277 1450 361 1503 Qu.
384 1463 517 1498 LXXX,
541 1457 615 1492 art.
640 1453 680 1498 3,
703 1465 792 1506 arg.
825 1464 864 1491 1:
905 1467 923 1488 ‹
952 1451 1067 1491 Dicit
1099 1452 1212 1492 enim
1234 1452 1518 1506 Augustinus,
1542 1452 1584 1492 in
1608 1452 1678 1493 lib.
1701 1452 1752 1492 de
1777 1453 1980 1493 Remedio
2002 1453 2316 1493 Poenitentiae:

155 1512 214 1553 Ut
241 1512 349 1566 quid
367 1515 511 1566 paras
541 1512 707 1552 dentem
740 1515 784 1552 et
800 1512 1023 1552 ventrem?
1059 1512 1199 1559 Crede,
1223 1516 1267 1552 et
1294 1513 1587 1553 manducasti:
1619 1513 1788 1554 credere
1809 1515 1920 1554 enim
1952 1515 1996 1554 in
2025 1527 2130 1561 eum,
2155 1515 2234 1555 hoc
2255 1517 2320 1554 est

139 1576 302 1627 panem
323 1574 468 1614 vivum
489 1573 752 1613 manducare
779 1590 814 1613 ».
850 1573 922 1613 Ad
946 1573 1127 1613 verbum
1151 1573 1364 1613 invenitur
1385 1574 1427 1613 in
1451 1588 1541 1614 can.
1561 1574 1651 1627 (47)
1676 1575 1733 1615 Ut
1751 1575 1857 1627 quid
1869 1578 2022 1628 paras,
2047 1576 2099 1616 de
2125 1576 2314 1617 Consecr.

147 1634 243 1676 dist.
267 1635 316 1682 ΙΙ,
341 1635 422 1675 sub
446 1634 569 1674 titulo
594 1635 870 1687 Augustinus
890 1633 942 1674 de
963 1634 1166 1675 Remedio
1187 1635 1487 1676 Poenitentz'ae.
1522 1636 1663 1675 Prima
1686 1649 1794 1689 pars,
1819 1650 1875 1676 sc.
1917 1637 1974 1676 Ut
1992 1637 2098 1689 quid
2106 1639 2250 1690 paras
2253 1670 2313 1677 .....

146 1696 431 1743 manducasti,
456 1701 522 1741 est
554 1708 606 1736 ex
638 1702 755 1736 tract.
779 1696 905 1736 XXV
938 1696 981 1735 in
1014 1696 1132 1736 loan.
1155 1697 1352 1750 Evang:
1384 1697 1514 1737 altera
1548 1710 1601 1737 ex
1634 1703 1749 1738 tract.
1773 1698 1918 1738 XXVI
1952 1698 2198 1738 desumitur.

272 1819 473 1860 Editione
506 1819 649 1868 Piana,
680 1820 847 1859 Romae
878 1818 1003 1872 1570,
1028 1819 1347 1860 Sententiarum
1376 1820 1612 1860 Lombardi
1642 1821 1684 1860 in
1717 1820 1799 1861 hoc
1833 1821 1942 1862 sicut
1973 1821 2014 1861 in
2048 1821 2317 1875 praecedenti

147 1881 366 1922 volumine
400 1882 466 1922 usi
498 1894 660 1922 sumus.
693 1881 870 1921 Decreti
905 1881 1113 1921 Gratiani
1142 1881 1373 1922 editionem
1396 1882 1646 1937 Friedberg‚
1670 1882 1843 1936 Lipsiae
1872 1884 1998 1935 1889,
2022 1883 2316 1932 adhibuimus;

146 1942 383 1984 Alexandri
415 1943 618 1983 Halensis
651 1948 793 1983 autem
827 1943 940 1983 illam
975 1956 1085 1996 quae
1120 1943 1312 1983 Venetiis
1346 1943 1514 1997 prodiit,
1538 1958 1603 1984 an.
1634 1943 1761 1997 1575.

271 2005 503 2059 Reliquum
537 2011 602 2045 est
634 2011 680 2045 ut
713 2004 977 2045 declaremus
1011 2018 1121 2058 quae
1155 2004 1208 2045 de
1232 2005 1503 2046 citationibus
1527 2005 1786 2059 quibusdam
1820 2006 1874 2047 D.
1898 2006 2093 2047 Thomae
2118 2013 2159 2047 et
2192 2006 2316 2047 Caie-

145 2067 232 2107 tani
266 2066 540 2108 observanda
573 2067 831 2107 censuimus.

273 2188 355 2241 Qu.
379 2201 480 2236 an,
503 2195 578 2229 art.
610 2202 643 2236 1,
667 2188 710 2229 in
733 2201 866 2243 corp.:
907 2205 925 2226 ‹
954 2188 1142 2240 Quidam
1164 2196 1307 2230 tamen
1331 2189 1476 2229 dicunt
1498 2189 1618 2243 quod
1641 2189 1935 2244 (sacramenta)
1960 2203 2047 2231 non
2069 2197 2168 2231 sunt
2190 2205 2317 2232 causa

145 2250 310 2306 gratiae
327 2250 488 2304 aliquid
505 2250 739 2304 operando,
762 2250 840 2290 sed
858 2250 959 2304 quia
977 2251 1109 2298 Deus,
1123 2251 1398 2309 sacramentis
1416 2251 1629 2299 adhibitis,
1646 2251 1688 2291 in
1705 2251 1846 2291 anima
1862 2252 2042 2306 gratiam
2060 2259 2258 2306 operatur
2279 2269 2314 2293 ».

270 2312 318 2352 In
357 2312 550 2367 margine
591 2312 859 2353 notavimus:
908 2312 970 2352 Cf.
1013 2312 1224 2352 Guillelm.
1262 2313 1418 2360 Paris,
1452 2312 1504 2353 de
1536 2313 1732 2353 Sacram.
1766 2313 1996 2366 Baptism„
2032 2327 2121 2367 cap.
2153 2327 2168 2355 1
2201 2314 2315 2368 (non

147 2386 237 2427 cap.
260 2386 316 2421 111,
340 2380 387 2414 ut
419 2386 596 2414 erronee
629 2374 938 2427 indicavimus),
973 2373 1046 2414 ubi
1080 2374 1140 2414 sic
1174 2374 1293 2414 dicit:
1333 2391 1351 2411 ‹
1379 2375 1432 2414 Si
1460 2375 1556 2427 quis
1594 2377 1737 2414 autem
1769 2375 2001 2427 quaesierit
2037 2378 2181 2415 utrum
2212 2389 2314 2416 san-

146 2435 345 2487 ctfficatio
356 2448 430 2475 .ex
462 2449 578 2489 aqua
594 2436 660 2487 fit
689 2435 753 2488 (in
787 2435 1043 2490 baptismo),
1076 2435 1295 2476 sciendum
1327 2435 1444 2489 quod
1470 2449 1570 2482 non,
1605 2436 1685 2476 sed
1712 2449 1768 2476 ex
1798 2436 1886 2476 solo
1917 2437 2011 2477 Deo
2043 2436 2206 2484 datore,
2243 2438 2319 2490 qui

147 2496 368 2537 invocatus
405 2497 468 2537 ad
494 2498 583 2544 hoc,
618 2497 743 2538 adest
770 2500 813 2537 et
842 2497 1012 2544 assistit,
1042 2500 1085 2537 et
1113 2499 1319 2551 operatur
1348 2498 1463 2537 intus
1495 2497 1558 2538 ad
1582 2496 1903 2538 similitudinem
1934 2501 1977 2538 et
1997 2500 2315 2552 proportionem

148 2557 239 2598 eius
259 2558 376 2611 quod
403 2572 519 2612 aqua
551 2559 683 2599 habet
712 2559 888 2613 operari
916 2559 1156 2599 exter2·us....
1189 2559 1253 2599 Et
1269 2559 1312 2599 si
1329 2572 1405 2612 ego
1427 2559 1710 2600 ministerium
1731 2559 1969 2607 adhibeam,
1993 2560 2106 2600 illud
2121 2564 2187 2600 est
2204 2559 2321 2613 quod

147 2618 286 2660 solum
304 2618 429 2672 facio
457 2637 492 2661 ».
527 2621 772 2669 Durandus,
795 2621 857 2661 IV
882 2620 1008 2667 Sent.,
1035 2620 1130 2661 dist.
1154 2633 1179 2668 1,
1204 2634 1274 2674 qu.
1298 2634 1354 2669 lv,
1380 2621 1627 2674 opinionem
1662 2636 1686 2661 a
1724 2620 1769 2661 S.
1793 2621 1964 2661 Thoma
1996 2623 2169 2662 relatam
2202 2623 2314 2663 anti—

148 2693 280 2733 quam
319 2681 521 2722 nominat.

273 2742 391 2790 Ibid.,
415 2742 469 2783 ad
510 2756 550 2783 1:
590 2759 607 2780 ‹
637 2742 758 2783 Sicut
791 2744 1074 2784 communiter
1106 2743 1268 2792 dicitur,
1293 2745 1572 2798 (sacramenta
1604 2745 1757 2785 Novae
1790 2744 1938 2799 Legis)
1978 2744 2163 2785 efficiunt
2196 2745 2314 2798 quod

150 2803 335 2858 figurant
363 2820 398 2843 ι».

273 2865 489 2920 Magister,
513 2866 574 2906 IV
608 2866 734 2913 Sent.,
762 2865 855 2906 dist.
878 2879 934 2915 IV,
959 2880 1047 2921 cap.
1071 2879 1096 2915 1,
1121 2867 1309 2921 loquitur
1342 2867 1396 2908 de
1428 2867 1501 2908 illo
1521 2867 1648 2907 verbo
1680 2867 1927 2920 Augustini,
1954 2868 2238 2908 Sacramenta
2270 2868 2314 2907 in

147 2926 251 2967 solis
272 2926 413 2968 electis
433 2926 626 2981 efficiunt
643 2927 760 2980 quod
759 2928 977 2980 figurant.
1001 2929 1048 2968 In
1072 2929 1318 2983 Augustino
1342 2934 1483 2970 tamen
1507 2930 1588 2969 hoc
1612 2942 1698 2969 non
1722 2929 1973 2969 invenimus.
2006 2930 2155 2969 Petrus
2176 2929 2314 2969 Picta-

149 2989 322 3036 viensis,
348 2989 390 3028 V
423 2989 550 3036 Sent.,
576 2989 670 3029 dist.
695 3001 786 3028 x111:
820 2989 870 3028 In
903 2989 1004 3029 solis
1037 2989 1177 3030 electis
1207 2993 1479 3030 sacramenta
1522 2990 1713 3044 efficiunt
1746 2990 1862 3042 quod
1879 2991 2103 3042 figurant,
2137 2993 2188 3030 ut
2215 2990 2319 3030 dicit

149 3050 394 3091 auctoritas.
432 3051 644 3098 Halensis,
669 3051 874 3090 Summae
906 3064 944 3104 p.
969 3051 1042 3099 IV,
1078 3064 1147 3104 qu.
1183 3062 1222 3099 V,
1258 3052 1414 3092 memb.
1450 3053 1489 3099 3,
1514 3058 1587 3092 art.
1618 3051 1656 3100 5,
1690 3054 1712 3101 ξ
1747 3052 1795 3091 3:
1830 3052 1880 3091 ln
1922 3051 2073 3092 Glossa
2105 3051 2316 3092 multoties

148 3112 365 3153 invenitur
393 3112 511 3165 quod
536 3115 810 3152 sacramenta
843 3111 955 3152 illud
982 3111 1173 3166 efficiunt
1200 3112 1317 3165 quod
1328 3113 1544 3166 figurant.

274 3173 393 3222 Ibid.,
417 3180 490 3215 art.
515 3176 556 3223 6,
580 3174 634 3214 ad
668 3175 717 3214 3:
757 3190 775 3210 ‹
805 3173 890 3214 Alii
925 3174 1136 3221 dixerunt,
1171 3174 1289 3228 quod
1330 3187 1404 3228 per
1445 3174 1810 3215 circumcisionem
1848 3174 2143 3215 conferebatur
2181 3174 2316 3229 gratia

150 3241 358 3289 quantum
391 3235 446 3276 ad
479 3235 654 3276 effectus
688 3235 923 3276 remotivos
957 3236 1117 3290 culpae,
1141 3236 1218 3276 sed
1252 3249 1339 3276 non
1378 3242 1584 3290 quantum
1623 3236 1678 3276 ad
1713 3236 1886 3277 effectus
1929 3236 2140 3290 positivos
2168 3252 2202 3276 ».
2239 3236 2317 3275 Est

150 3297 298 3351 opinio
329 3297 528 3338 Gulielmi
552 3297 956 3345 Autissiodorensis,
980 3297 1143 3338 Summ.
1174 3297 1244 3338 lib.
1263 3298 1335 3345 IV,
1353 3298 1406 3338 de
1427 3298 1760 3345 Circumcisione,
1779 3305 1852 3338 art.
1874 3311 1911 3338 2.
1933 3298 1993 3338 Cf.
2013 3304 2100 3338 not.
2117 3310 2206 3350 seq.

266 3358 394 3407 ibid.‚
434 3375 452 3396 α
481 3359 567 3399 Alii
591 3359 746 3406 dicunt,
773 3359 892 3413 quod
915 3359 1177 3399 circumcisio
1202 3359 1447 3400 conferebat
1467 3360 1647 3415 gratiam
1672 3360 1797 3400 etiam
1825 3366 2030 3413 quantum
2053 3359 2108 3399 ad
2130 3358 2315 3412 aliquem

151 3419 349 3460 effectum
382 3420 628 3474 positivum,
653 3421 725 3474 qui
760 3427 825 3461 est
856 3421 991 3460 facere
1025 3420 1203 3476 dignum
1246 3421 1334 3461 vita
1375 3427 1563 3468 aeterna,
1597 3434 1683 3461 non
1723 3427 1865 3462 tamen
1908 3427 2113 3474 quantum
2146 3419 2201 3460 ad
2234 3420 2316 3459 hoc

151 3481 271 3534 quod
304 3487 370 3522 est
401 3482 628 3536 reprimere
662 3482 1050 3536 concupiscentiam
1094 3482 1380 3536 impellentem
1420 3482 1474 3523 ad
1522 3482 1805 3536 peccandum:
1850 3482 1968 3536 quod
2003 3488 2044 3522 et
2083 3480 2314 3534 aliquando

152 3542 252 3583 mihi
285 3543 426 3583 visum
459 3550 524 3584 est
551 3560 586 3585 ›.
626 3544 725 3584 Fuit
758 3544 904 3598 opinio
928 3544 1160 3584 Alexandri
1184 3544 1395 3593 Halensis,
1420 3544 1625 3585 Summae
1646 3557 1685 3598 p.
1709 3545 1781 3591 IV,
1807 3544 1961 3585 memb.
1990 3555 2027 3596 7,
2052 3550 2124 3584 art.
2150 3555 2189 3594 4,
2219 3545 2241 3593 ἓ
2267 3554 2314 3589 2ς
