2918 4088
924 166 1294 217 QUAESTIONES
1322 165 1393 203 DE
1420 165 1521 203 USU
1547 167 1872 205 MATRIMONII

307 248 437 290 quando
462 254 550 279 actus
573 247 760 279 huiusmodi
783 249 878 280 habet
901 258 1057 279 annexam
1080 247 1219 279 scandali
1234 246 1371 286 turpitu-

306 293 425 330 dinem,
451 298 498 324 est
519 298 689 333 peccatum
711 293 865 329 mortale;
890 292 1021 333 quando
1044 302 1121 323 vero
1146 296 1231 322 caret
1249 298 1371 320 annexa

305 337 519 378 turpitudine,
549 347 618 368 non
642 343 688 368 est
711 343 880 378 peccatum
903 337 1047 367 mortale.
1082 337 1124 367 Et
1150 337 1268 366 horum
1290 334 1370 364 ratio

307 387 354 412 est
375 383 410 412 in
433 387 597 422 promptu.
621 381 707 420 Quia
730 391 768 412 ex
791 391 858 422 quo
882 382 962 412 ratio
985 381 1109 421 peccati
1131 379 1274 410 mortalis
1293 387 1371 408 con-

306 427 406 466 surgit
433 435 473 456 ex
501 434 625 457 annexa
651 425 868 466 turpitudine,
899 431 1026 457 extante
1048 425 1118 461 illa,
1142 423 1179 454 fit
1200 427 1371 463 peccatum

305 470 458 501 mortale:
485 475 517 500 et
537 470 591 500 illa
605 479 674 500 non
698 475 833 506 extante,
849 479 917 500 non
934 475 980 500 est
1001 474 1173 509 peccatum
1188 466 1332 498 mortale.
1348 483 1371 488 -

305 514 462 545 Notanter
481 519 588 545 autem
604 513 667 545 dixi
683 519 775 545 actus
789 513 983 550 huiusmodi,
1001 513 1041 544 ad
1056 512 1369 545 differentiamusus.

306 558 472 597 Quoniam
495 557 646 599 frequens
670 563 768 595 actus,
793 559 849 599 qui
863 567 959 589 usum
975 557 1149 592 constituit,
1172 554 1370 595 impossibile

306 608 363 639 est,
387 603 549 633 moraliter
572 602 748 643 loquendo,
771 602 861 644 quod
884 606 988 632 careat
1010 600 1171 632 scandalo.
1202 599 1286 629 Nam
1309 597 1370 628 fre-

306 656 410 687 quens
439 652 559 678 secreta
589 647 762 678 conventio
792 654 1004 687 personarum
1033 653 1117 685 quae
1142 648 1279 684 possunt
1302 651 1370 672 esse

306 692 471 732 coniuges,
495 700 622 731 semper
644 696 691 721 est
713 695 870 731 suspecta.
894 689 944 726 Et,
965 689 1158 729 experientia
1173 692 1262 722 teste,
1282 685 1370 716 vide-

306 745 379 766 mus
402 734 549 766 scandala
570 735 709 765 maxima
732 744 770 765 ex
793 732 979 764 huiusmodi
1001 742 1063 763 usu
1085 731 1265 772 provenire.

361 779 409 810 Ex
432 785 521 820 parte
544 784 652 810 autem
666 778 864 809 inhibitionis
880 777 1120 812 ecclesiasticae,
1144 775 1278 806 mortale
1294 783 1370 814 pec-

307 828 415 854 catum
436 822 571 854 videtur.
595 822 761 860 Quoniam
781 821 943 853 Evaristus
957 821 1053 861 Papa,
1069 825 1107 850 ut
1121 819 1255 850 habetur
1269 818 1368 854 XXX,

307 876 362 908 qu.
377 878 408 904 v,
433 876 502 908 cap.
521 866 634 902 Aliter,
659 865 788 897 damnat
809 864 998 898 huiusmodi
1021 864 1190 904 coniugia,
1213 863 1257 893 ita
1280 861 1370 903 quod

306 921 372 942 non
387 911 552 952 coniugia,
569 909 626 941 sed
639 909 802 941 adulteria
818 909 869 940 vel
882 908 1103 944 contubernia,
1121 908 1172 939 vel
1185 912 1299 948 stupra
1313 911 1372 937 aut

296 955 542 998 fornicationes
557 963 625 986 esse
640 963 705 985 non
721 953 854 985 dubitat.
874 953 974 992 Quod
989 953 1064 994 quia
1079 961 1192 983 verum
1208 961 1276 982 esse
1291 960 1370 982 con-

305 1005 366 1030 stat
387 1000 422 1030 in
443 998 584 1030 iudiciali
606 998 697 1035 foro,
723 999 758 1029 in
781 1007 848 1039 quo
872 997 1105 1029 clandestinum
1127 996 1370 1027 matrimonium

305 1053 373 1075 non
396 1048 444 1074 est
465 1043 717 1079 matrimonium,
741 1052 780 1073 ex
795 1043 983 1073 auctoritate
998 1042 1103 1083 Papae
1118 1041 1369 1082 promulgatum,

306 1087 520 1119 damnabilem
543 1087 708 1118 constituit
731 1086 919 1118 clandestini
941 1095 1038 1117 usum
1060 1085 1265 1117 matrimonii.

361 1131 554 1173 Simpliciter
570 1131 666 1172 igitur
681 1136 713 1162 et
728 1131 873 1174 absolute
888 1129 1065 1172 loquendo,
1081 1140 1159 1161 usus
1174 1129 1371 1160 matrimonii

306 1175 494 1207 clandestini
516 1180 686 1217 peccatum
705 1176 842 1207 mortale
857 1181 913 1212 est,
930 1180 1044 1216 utpote
1060 1173 1265 1206 scandalosus
1280 1183 1371 1204 scan-

307 1220 381 1252 dalo
402 1220 554 1257 notabili,
577 1219 730 1251 reddente
752 1225 927 1261 utrumque
956 1219 1129 1259 coniugem
1151 1218 1316 1255 infamem,
1340 1223 1372 1249 et

307 1274 326 1296 a
347 1265 417 1296 iure
439 1264 607 1296 damnatus
629 1269 666 1296 ut
688 1263 880 1295 adulterium
903 1273 960 1295 seu
983 1263 1163 1295 fornicatio.

362 1308 416 1340 IV.
432 1308 594 1351 Quocirca
608 1313 742 1340 caveant
756 1308 956 1340 confessores
971 1307 1140 1339 viduarum
1155 1307 1315 1338 nobilium
1329 1316 1372 1337 ne

306 1353 478 1385 consulant
499 1353 687 1384 fornicariae
708 1358 746 1384 ut
765 1353 934 1384 contrahat
957 1351 1190 1383 clandestinum
1207 1352 1372 1382 matrimo-

306 1398 409 1435 nium,
426 1398 518 1439 quasi
531 1397 618 1429 licite
633 1397 785 1438 deinceps
800 1397 1016 1428 satisfacturae
1030 1396 1190 1437 voluptati
1204 1405 1281 1426 suae
1296 1405 1372 1426 cum

308 1441 507 1474 clandestino
535 1442 684 1482 coniuge.
715 1441 804 1472 Tum
827 1441 904 1482 quia
925 1450 993 1472 non
1016 1446 1091 1472 sunt
1121 1440 1267 1471 facienda
1288 1440 1373 1470 mala

272 1503 280 1511 ·
306 1491 345 1518 ut
369 1486 501 1518 veniant
522 1487 609 1517 bona
626 1487 663 1516 't
694 1490 726 1516 et
746 1485 851 1517 multo
874 1486 982 1516 minus
1005 1490 1043 1516 ut
1065 1485 1224 1515 evitentur
1249 1485 1371 1525 peiora.

275 1566 278 1567 ⁷
357 1530 452 1562 Tum
474 1531 551 1572 quia
579 1539 637 1571 per
658 1530 723 1561 hoc
744 1539 814 1560 non
846 1529 951 1560 evadit
972 1534 1144 1570 peccatum
1174 1528 1311 1559 mortale
1338 1528 1372 1559 in

307 1583 370 1606 usu
397 1573 474 1606 dicti
501 1574 653 1615 coniugii.

374 1618 463 1650 Tum
492 1619 568 1659 quia
597 1616 780 1659 adiungitur
801 1617 984 1659 periculum
1010 1616 1177 1648 homicidii
1204 1616 1373 1657 utriusque

307 1667 364 1694 aut
396 1662 524 1694 alterius
547 1662 713 1703 coniugis,
736 1667 774 1693 ut
804 1662 924 1703 pluries
950 1660 1090 1692 vidimus
1116 1665 1226 1691 nostra
1253 1665 1371 1691 aetate:

307 1706 538 1748 consanguinei
564 1706 651 1737 enim
673 1705 778 1737 multo
800 1706 901 1747 magis
932 1704 1096 1737 vindicant
1117 1705 1192 1736 talia
1222 1705 1373 1745 coniugia

307 1758 407 1792 quam
436 1751 463 1782 si
493 1749 664 1782 fornicatio
695 1750 765 1781 sola
787 1750 908 1781 fuisset.

2411 167 2485 216 373

1476 244 1516 274 V.
1540 244 1592 275 Ad
1615 245 1740 275 obiecta
1757 255 1832 285 ergo
1856 246 1889 275 in
1906 247 2094 286 oppositum
2109 248 2125 264 ⁴*
2149 246 2264 278 dicitur
2283 247 2389 288 quod,
2412 247 2487 278 licet

1423 293 1511 319 actus
1538 298 1623 319 unus
1652 298 1709 319 seu
1737 289 1850 329 aliquis
1873 290 1973 329 possit
1996 299 2063 320 esse
2087 291 2130 321 ita
2153 292 2299 322 occultus
2323 291 2412 332 quod
2436 301 2487 322 ca-

1422 337 1489 363 reat
1511 332 1691 364 secundum
1713 342 1747 363 se
1770 334 1861 363 omni
1883 333 2080 373 turpitudine
2104 334 2304 372 scandalosa3
2336 335 2487 376 frequens

1422 382 1530 407 tamen
1546 383 1645 413 actus,
1661 382 1698 407 ut
1721 376 1843 408 dictum
1866 382 1913 407 est
1928 378 1954 414 *‚
1972 387 2039 407 esse
2062 388 2131 408 non
2146 384 2261 418 potest.
2286 380 2327 410 Et
2345 380 2398 410 ille
2416 380 2487 410 uni-

1423 430 1480 452 cus
1503 427 1592 452 actus
1615 421 1752 452 omnino
1775 421 1923 452 occultus
1949 430 2017 452 non
2049 427 2134 452 caret
2158 423 2303 463 periculo
2330 423 2486 454 scandali:

1423 466 1500 506 quia
1521 471 1631 506 posset
1653 465 1728 496 inde
1751 466 1871 496 coniux
1894 466 2085 505 concipere,
2110 472 2142 496 et
2163 467 2208 496 sic
2231 466 2416 497 scandalum
2440 476 2488 497 se-

1424 515 1585 550 queretur.

1479 554 1629 584 Inhibitio
1660 559 1768 584 autem
1798 553 1960 584 Ecclesiae
1994 563 2062 584 non
2092 554 2235 584 similiter
2262 563 2296 584 se
2325 555 2420 584 habet
2450 554 2490 584 ad

1423 607 1519 628 usum
1543 598 1686 638 coniugii
1709 603 1782 628 ante
1805 597 2083 634 benedictionem,
2113 603 2144 628 et
2167 597 2207 628 ad
2229 607 2325 628 usum
2348 599 2490 638 coniugii

1424 641 1622 672 clandestini.
1646 642 1813 680 Quoniam
1834 642 1976 682 primum
1999 641 2184 682 simpliciter
2206 642 2344 672 inhibet:
2376 651 2490 672 secun-

1424 685 1502 716 dum
1525 691 1635 716 autem
1656 695 1725 716 non
1748 686 1856 716 solum
1878 686 2017 722 inhibet,
2045 685 2102 716 sed
2125 685 2255 716 damnat
2282 691 2318 716 ut
2344 691 2491 726 stuprum

1422 739 1480 760 seu
1503 729 1761 760 fornicationem.
1786 730 1827 760 Et
1849 731 1930 760 ratio
1947 735 1994 760 est
2017 729 2205 770 disparitatis
2221 730 2296 770 quia
2312 731 2397 760 actui
2413 739 2490 760 con-

1422 774 1520 814 iugali
1543 773 1677 804 debetur
1698 779 1788 804 torus
1811 774 1977 814 publicus,
2001 774 2065 804 hoc
2088 779 2149 810 est,
2172 774 2302 815 publice
2325 783 2492 814 praepara-

1423 818 1494 848 bilis
1517 827 1575 848 seu
1597 823 1811 858 praeparatus,
1835 817 1923 849 unde
1946 823 1978 848 et
2001 819 2155 858 coniuges
2178 819 2364 849 contorales
2379 817 2492 849 dicun-

1421 867 1491 892 tur:
1523 861 1711 892 clandestini
1734 867 1843 893 autem
1867 863 2010 902 coniugii
2032 863 2118 893 actui
2140 871 2209 893 non
2231 867 2340 903 potest
2362 862 2492 902 publice

1422 911 1512 937 torus
1535 906 1725 947 praeparari,
1747 915 1822 937 cum
1845 907 2036 947 coniugium
2058 907 2166 948 ipsum
2188 907 2318 947 publice
2339 907 2493 937 habeatur

1422 956 1577 991 tanquam
1599 960 1667 981 non
1690 951 1740 986 sit,
1764 959 1840 981 cum
1863 951 1992 991 probari
2014 960 2083 981 non
2105 952 2217 991 possit.
2252 951 2338 982 Ante
2361 950 2492 981 benedi-

1423 995 1566 1026 ctionem
1576 1004 1654 1025 vero
1672 995 1809 1035 publicis
1830 995 2021 1036 coniugibus
2032 1000 2141 1036 potest
2151 995 2281 1036 publice
2296 1000 2386 1026 torus
2401 1004 2492 1036 prae-

1422 1040 1542 1080 parari:
1566 1040 1669 1070 immo
1688 1044 1720 1070 et
1735 1039 1775 1070 de
1793 1039 1878 1070 facto
1894 1040 2010 1070 millies
2025 1045 2240 1080 praeparatur.
2265 1040 2306 1070 Et
2321 1045 2492 1080 propterea

1423 1089 1512 1115 actus
1535 1084 1679 1124 coniugii
1702 1082 1890 1114 clandestini
1912 1084 2028 1115 merito
2047 1084 2237 1124 reprobatur
2252 1093 2289 1115 ac
2305 1083 2491 1115 damnatur:

1423 1134 1513 1159 actus
1535 1137 1612 1159 vero
1635 1128 1757 1169 publici
1780 1129 1923 1169 coniugii
1944 1138 2013 1159 non
2031 1128 2221 1169 reprobatur
2234 1138 2296 1159 nec
2312 1127 2492 1164 damnatur,

1424 1172 1480 1204 sed
1502 1173 1602 1203 solius
1625 1173 1846 1204 caeremoniae
1861 1172 1989 1203 defectu
2012 1178 2188 1203 accusatur.
2211 1172 2270 1203 Est
2292 1173 2379 1203 enim
2401 1182 2492 1213 prae-

1424 1223 1555 1258 ceptum
1571 1217 1804 1248 caeremoniale
1821 1216 1860 1248 de
1875 1226 1944 1248 non
1958 1216 2197 1258 praeveniendo
2213 1216 2491 1248 benedictionem:

1424 1262 1463 1293 de
1479 1271 1547 1292 non
1563 1260 1685 1292 utendo
1701 1270 1779 1292 vero
1796 1260 1994 1292 clandestino
2012 1267 2059 1292 est
2073 1266 2283 1302 praeceptum
2298 1270 2402 1302 prope
2417 1260 2494 1291 sub-

1425 1306 1579 1337 stantiale.

1482 1350 1532 1381 VI.
1557 1350 1599 1381 Et
1621 1350 1697 1381 hinc
1720 1350 1865 1390 sequitur
1885 1349 1976 1391 quod
1996 1359 2066 1380 non
2090 1349 2198 1380 solum
2219 1359 2307 1386 usus,
2324 1348 2381 1380 sed
2397 1349 2494 1380 etiam

1425 1400 1514 1426 actus
1526 1404 1611 1426 unus
1627 1395 1771 1435 coniugii
1786 1403 1844 1435 per
1859 1404 1893 1425 se
1909 1393 2106 1431 clandestini,
2120 1395 2216 1425 etiam
2232 1403 2308 1424 cum
2323 1393 2421 1424 sterili
2436 1403 2494 1424 seu

1424 1439 1542 1476 vetula,
1559 1448 1643 1479 quae
1672 1448 1741 1469 non
1763 1443 1871 1479 potest
1898 1439 2086 1479 concipere,
2111 1443 2414 1479 quantumcumque
2438 1447 2494 1468 oc-

1425 1484 1541 1520 cultus,
1566 1489 1613 1514 est
1627 1482 1763 1514 mortale
1782 1488 1963 1523 peccatum,
1980 1484 2063 1513 sicut
2078 1488 2110 1513 et
2124 1483 2193 1523 ipse
2209 1487 2392 1513 contractus
2408 1482 2494 1512 clan-

1426 1527 1583 1559 destinus:
1596 1532 1729 1568 propter
1740 1526 1980 1558 damnationem
1992 1526 2154 1557 Ecclesiae
2166 1526 2345 1557 damnantis
2362 1535 2495 1556 omnem

1425 1577 1628 1603 contractum
1650 1577 1682 1602 et
1706 1571 1917 1602 concubitum
1940 1570 2174 1602 clandesn'num
2196 1571 2231 1601 in
2250 1580 2308 1601 sua
2323 1571 2440 1610 specie,
2458 1579 2495 1601 ac

1424 1626 1482 1657 per
1496 1617 1571 1653 hoc,
1596 1625 1730 1646 omnem
1753 1615 1964 1646 concubitum
1984 1620 2016 1646 et
2031 1620 2233 1646 contractum
2249 1614 2494 1645 clandestinum.

1425 1661 1467 1691 Et
1482 1665 1728 1701 consequenter,
1744 1660 1806 1690 nisi
1828 1659 2024 1690 rationabilis
2048 1668 2143 1690 causa
2165 1659 2267 1690 subsit
2285 1657 2496 1689 contrahendi

1425 1703 1622 1735 clandestine
1649 1709 1704 1735 aut
1727 1703 1923 1735 clandestine
1946 1703 2195 1735 consummandi
2209 1703 2237 1740 '‚
2254 1701 2495 1733 damnationem
2521 1715 2591 1737 sacr.

1426 1758 1503 1780 suae
1526 1749 1647 1791 speciei
1670 1748 1813 1779 incurrit.

2515 252 2525 264 ·
2540 252 2609 274 Num.
2624 258 2641 274 ι.

2515 387 2526 396 ·
2539 385 2611 409 Num.
2622 393 2654 409 m.

2523 1689 2534 1700 '
2547 1688 2583 1710 Cf.
2603 1695 2630 1710 nu
2647 1694 2686 1715 ra,
2706 1689 2736 1710 de

2596 1741 2601 1745 1
2641 1715 2734 1742 atr-im„

2523 1745 2621 1770 quaesit.
2634 1747 2658 1763 n.
