2878 4088
111 259 121 268 ²
133 257 191 284 Arg.
204 255 253 278 Sea
266 261 322 277 con-

111 285 150 305 tra
165 289 186 311 3.

112 880 123 890 ²
168 893 175 900 .
189 883 229 906 qu.
244 883 274 905 u,
288 879 323 900 lu-

66 904 166 928 Ἰιτοιι

72 1741 83 1762 ’“
113 1741 128 1775 ’·
135 1761 197 1791 ιη.
205 1761 330 1784 emat.

66 1806 71 1837 '5
114 1787 329 1840 ffiriff'ffi‘.

60 1844 71 1849 ”
114 1846 168 1891 ²¹9.
179 1842 258 1870 xv,t}.
272 1842 328 1883 x,in

70 1910 74 1911 γ
104 1874 211 1930 anda?
223 1897 277 1924 σιμ.
293 1901 314 1924 ι,

62 1927 73 1946 .”
91 1921 230 1969 ΡΜ

132 1965 153 1982 ,ἢ
218 1967 247 1970 .,.

104 1985 155 2005 ³⁸⁵²
171 1984 190 1998 ιι
259 1982 263 1991 ·

213 2021 218 2028 .

56 2095 82 2157 {1>
113 2107 329 2170 aaa..

58 2184 71 2230 ἰ
114 2193 139 2207 ··
151 2172 330 2243 ffl'mm.

57 2251 60 2255 ’
115 2220 328 2269 '‘Denv'flssmnet.

61 2302 64 2307 ν
115 2272 157 2296 ub.
166 2272 200 2300 Π,
212 2278 264 2301 σιρ-
279 2278 328 2296 uu.

119 3039 331 3117 ffugi-‚25

1081 174 1345 221 QUAESTIO
1373 174 1450 221 LII,
1475 173 1768 210 ARTlcULus
1796 175 1809 210 1
2486 187 2535 223 99

403 251 454 282 An
478 261 587 282 NONUM
603 253 619 269 ⁴*
643 262 802 283 mmmmm
821 252 920 293 quod,
938 253 963 282 si
979 258 1052 283 ante
1073 262 1141 283 non
1165 258 1370 283 consenserat
1385 253 1419 282 in
1474 251 1547 282 dere
1570 261 1638 282 non
1662 252 1772 292 possit.
1797 252 1838 281 Et
1860 252 1944 288 ideo,
1961 254 2043 283 sicut
2065 254 2255 294 impotentia
2285 254 2423 285 coeundi
2446 256 2538 295 igno-

349 295 478 326 fratrem
502 296 580 332 eius,
597 302 704 336 potest
728 307 802 327 eum
827 306 925 337 quem
949 306 1005 337 per
1029 306 1169 327 errorem
1193 297 1316 336 accepit
1344 296 1418 326 reti·
1473 301 1539 326 rata
1554 295 1688 336 impedit
1706 296 1958 332 matrimonium,
1975 306 2042 326 non
2064 303 2171 328 autem
2190 299 2216 328 si
2232 299 2347 329 sciatur
2358 300 2385 335 ξ
2401 300 2445 329 ita
2456 308 2538 330 con-

349 349 441 370 nere:
465 349 527 370 nec
551 346 657 380 potest
679 340 719 372 ad
742 341 871 371 fratrem
896 342 963 372 eius
991 341 1111 376 redire,
1135 342 1307 381 praecipue
1331 341 1357 370 si
1380 340 1419 370 sit
1474 340 1552 370 ditio
1576 340 1734 370 servitutis
1756 341 1901 380 ignorata
1923 340 2058 380 impedit
2073 342 2325 379 matrimonium,
2341 353 2408 373 non
2432 349 2539 374 autem

350 385 479 424 cognita
503 385 668 415 carnaliter
690 386 729 415 ab
754 395 794 416 eo
818 395 915 425 quem
939 386 1072 425 accepit.
1097 385 1130 415 Si
1150 390 1258 415 autem
1282 394 1418 415 consen·
1474 385 1608 415 servitus
1631 385 1708 414 scita
1724 385 1751 414 ’ἦ

350 434 431 458 serat
446 429 480 458 in
503 429 643 468 primurn
660 439 717 469 per
739 430 834 460 verba
853 429 893 460 de
909 430 1076 469 praesenti,
1093 439 1161 459 non
1183 434 1290 469 potest
1305 438 1418 459 secun·
1441 438 1451 459 ς
1529 429 1580 458 AD
1604 438 1722 458 panum
1744 438 1827 458 ERGO
1859 438 2019 458 mensuum
2050 429 2139 468 quod
2169 431 2302 460 servitus
2333 433 2541 462 contrariatur

351 471 429 503 dum
452 473 569 503 habere
592 474 699 513 primo
723 474 866 504 vivente:
891 473 947 503 sed
969 479 1076 513 potest
1094 473 1144 503 vel
1168 472 1348 503 secundum
1370 482 1419 503 re·
1474 473 1681 503 matrimonio
1706 478 1863 512 quantum
1887 471 1927 502 ad
1943 478 2050 502 actum
2074 472 2114 502 ad
2138 482 2235 512 quem
2260 476 2331 514 quis
2355 485 2411 514 per
2433 476 2540 506 matri-

350 516 506 557 linquere,
523 517 574 547 vel
597 517 637 548 ad
660 518 801 557 primum
824 517 936 548 redire.
961 518 1002 547 Et
1024 518 1202 557 ignorantia
1226 517 1300 547 facti
1323 526 1419 547 excu-
1474 517 1624 547 monium
1647 517 1736 547 alteri
1760 516 1929 556 obligatur,
1947 526 2046 556 quem
2069 526 2137 546 non
2161 523 2267 556 potest
2290 519 2386 548 libere
2410 521 2540 559 exequi3

351 566 416 591 sat:
441 562 523 591 sicut
546 567 748 592 excusaretur
764 562 790 592 si
805 567 879 602 post
902 567 1164 592 consummatum
1178 561 1419 591 matrimonium
1475 567 1506 591 et
1531 567 1688 600 quantum
1717 560 1756 591 ad
1784 561 1909 591 bonum
1940 561 2055 600 prolis,
2087 570 2170 600 quae
2200 562 2318 601 peioris
2348 563 2542 594 conditionis

351 615 370 635 a
394 607 636 646 consanguineo
659 606 718 637 viri
741 607 790 636 sui
813 605 1030 636 fraudulenter
1053 610 1320 645 cognosceretur3
1345 606 1421 645 quia
1475 604 1611 635 efficitur
1627 615 1664 635 ex
1682 605 1832 635 servitute
1855 605 1995 645 parentis
2011 606 2038 635 ἦ
2063 604 2126 635 Sed
2143 606 2218 644 quia
2234 606 2368 645 quilibet
2383 613 2489 646 potest
2508 609 2540 637 in

351 649 436 680 fraus
461 650 588 681 alterius
610 660 679 681 non
702 650 797 681 debet
820 650 879 680 sibi
902 649 1129 690 praeiudicare.
1436 658 1462 672 ¹⁰
1475 659 1516 679 eo
1533 649 1623 689 quod
1646 650 1705 679 sibi
1729 649 1863 679 debetur
1886 654 2002 689 sponte
2027 648 2254 679 detrimentum
2278 650 2411 689 aliquod
2426 652 2543 687 subire,

1474 693 1560 729 ideo,
1577 694 1603 723 si
1627 693 1705 723 alter
1729 694 1907 733 coniugum
1930 693 1989 723 scit
2012 693 2140 723 alterius
2164 694 2358 727 servitutem.
2382 695 2544 725 nihilomi-

419 736 673 780 QUAESTIO
707 735 1354 780 QUINQUAGESIMASECUNDA
1474 747 1536 767 nus
1559 742 1647 767 tenet
1669 738 1920 767 matrimonium.

503 795 547 820 DE
566 794 804 820 fflpgmMENTo
824 794 1046 819 CONDITloNxs
1065 793 1267 819 SERVITUTlS
1531 781 1683 811 Similiter
1706 782 1818 817 etiam,
1844 782 1920 821 quia
1942 782 1976 811 in
1999 782 2206 812 matrimonio
2231 787 2277 812 est
2300 782 2441 821 aequalis
2465 784 2546 813 obli-

1475 826 1561 865 gatio
1579 835 1616 855 ex
1633 831 1768 866 utraque
1785 831 1873 866 parte
1890 825 1929 856 ad
1945 825 2088 856 debitum
2105 825 2304 856 reddendum
2314 827 2341 862 ἵ
2358 836 2425 857 non
2441 833 2547 867 potest

415 880 508 900 amna
529 869 797 900 considerandum
815 875 862 899 est
882 868 921 899 de
937 868 1170 909 impedimento
1187 868 1382 899 conditionis
1394 870 1420 899 ’ἢ
1437 877 1460 897 ¹5
1478 869 1591 909 aliquis
1620 870 1782 909 requirere
1806 871 1962 900 maiorem
1986 870 2217 910 obligationem
2241 880 2278 901 ex
2302 876 2391 911 parte
2419 871 2546 902 alterius

355 881 508 945 DCirca
532 913 622 954 quod
645 919 842 954 quaeruntur
866 918 1014 953 quatuor.
1478 923 1576 954 quam
1600 914 1669 954 ipse
1691 914 1794 954 possit
1816 914 1930 945 facere.
1965 914 2006 944 Et
2028 920 2160 955 propter
2182 915 2246 945 hoc
2269 925 2378 945 servus
2401 916 2498 946 etiam
2521 917 2546 945 si

408 958 533 988 Primo:
559 963 668 988 utrum
680 957 824 988 conditio
837 958 994 988 servitutis
1006 957 1249 987 matrimonium
1258 957 1422 998 impediat.
1478 958 1638 988 contrahit
1662 968 1737 988 cum
1761 959 1875 989 ancilla
1899 968 1996 998 quam
2025 959 2124 989 credit
2153 959 2300 995 liberam,
2325 969 2393 990 non
2415 966 2548 1000 propter

409 1001 577 1033 Secundo:
594 1007 702 1032 utrum
719 1011 827 1032 servus
843 1002 911 1032 sine
927 1011 1088 1032 consensu
1105 1001 1228 1032 domini
1240 1003 1341 1042 possit
1356 1011 1424 1032 ma-
1478 1003 1541 1033 hoc
1565 1002 1739 1043 impeditur
1761 1004 2014 1033 matrimonium.

441 1047 631 1077 trimonium
656 1047 853 1077 contrahere.
1533 1047 1575 1077 Et
1598 1047 1643 1077 sic
1666 1053 1754 1087 patet
1778 1047 1867 1087 quod
1896 1048 2028 1078 servitus
2052 1057 2120 1078 non
2143 1047 2278 1087 impedit
2305 1049 2547 1079 matrimonium

408 1090 537 1121 Tertio:
562 1096 671 1121 utrum
695 1091 819 1131 aliquis,
835 1096 1008 1131 postquam
1025 1096 1177 1121 uxoratus
1201 1096 1258 1126 est,
1274 1091 1375 1130 possit
1391 1100 1424 1121 se
1439 1103 1465 1117 ιο
1478 1091 1539 1122 nisi
1563 1091 1695 1131 quando
1720 1097 1766 1122 est
1788 1093 1933 1132 ignorata
1956 1093 1995 1122 ab
2019 1092 2082 1122 alio
2107 1093 2256 1132 coniuge,
2276 1098 2308 1122 et
2330 1093 2356 1122 si
2379 1092 2432 1123 ille
2455 1094 2494 1123 sit
2510 1093 2547 1123 li-

442 1145 570 1166 servum
593 1134 698 1165 facere
722 1136 790 1165 sine
814 1145 974 1165 consensu
998 1136 1116 1165 uxoris.
1479 1136 1573 1166 berae
1589 1135 1784 1166 conditionis
1796 1137 1822 1166 ’ἢ
1847 1136 1888 1166 Et
1903 1135 1977 1166 ideo
1998 1136 2077 1166 nihil
2092 1137 2242 1176 prohibet
2257 1137 2339 1166 inter
2354 1146 2462 1167 servos
2479 1147 2547 1168 esse

409 1179 551 1217 Quarto:
580 1185 690 1210 utrum
711 1179 770 1210 filii
797 1179 933 1210 debeant
961 1180 1053 1219 sequi
1081 1178 1302 1210 conditionem
1328 1179 1424 1219 patris
1479 1180 1640 1220 coniugia,
1665 1180 1716 1210 vel
1739 1180 1821 1210 inter
1843 1180 1979 1211 liberum
2003 1186 2034 1211 et
2056 1180 2214 1211 ancillam.

442 1224 495 1254 vel
516 1225 635 1254 matris.
1534 1225 1586 1254 An
1610 1235 1773 1254 SECUNDUM
1795 1235 1956 1254 memnon
1972 1224 2061 1265 quod
2076 1225 2156 1255 nihil
2178 1225 2327 1265 prohibet
2342 1225 2463 1265 aliquid
2480 1235 2547 1256 esse

1480 1274 1592 1299 contra
1614 1274 1761 1299 naturam
1785 1275 1943 1309 quantum
1967 1269 2005 1299 ad
2028 1270 2166 1309 primam
2193 1269 2406 1300 intentionem
2435 1271 2546 1310 ipsius,

354 1299 624 1348 AREsssmRUn
647 1308 796 1330 ⁰0N¹³¹T¹0
828 1309 1003 1330 snerruns
1032 1309 1179 1329 mmmm
1206 1309 1426 1330 mrnmommr
1440 1323 1464 1343 2ς
1481 1312 1572 1353 quod
1594 1322 1662 1343 non
1687 1319 1734 1343 est
1757 1319 1868 1343 contra
1891 1319 2038 1344 naturam
2062 1319 2219 1354 quantum
2243 1313 2283 1344 ad
2306 1313 2481 1344 secundam
2499 1315 2548 1345 in-

347 1354 358 1356 ?
698 1349 766 1376 infra,
782 1355 822 1377 ‘³¹¹’
836 1355 898 1373 ¹³¹⁰·
914 1353 956 1371 ‘'r''
974 1356 992 1374 ¹·
1008 1349 1036 1370 “d
1050 1356 1075 1375 ⁴·
1480 1358 1661 1387 tentionem
1685 1358 1763 1387 eius.
1795 1357 1885 1388 Sicut
1909 1358 2014 1388 omnis
2037 1358 2201 1398 corruptio
2226 1363 2257 1388 et
2280 1357 2423 1388 defectus
2447 1365 2478 1389 et
2501 1369 2549 1389 se-

420 1411 440 1431 n
468 1411 586 1431 numm
610 1411 656 1431 sm
683 1410 888 1431 PROCEDITUR.
919 1400 1054 1431 Videtur
1076 1400 1166 1440 quod
1194 1400 1338 1431 conditio
1362 1410 1427 1431 ser-
1480 1402 1573 1431 nium
1597 1407 1644 1432 est
1667 1406 1779 1432 contra
1801 1408 1958 1438 naturam,
1976 1408 2012 1432 ut
2035 1402 2150 1432 dicitur
2164 1403 2198 1432 in
2214 1402 2240 1432 ΙΙ
2257 1402 2296 1432 de
2313 1402 2413 1433 Coelo
2429 1404 2456 1439 ’ζ
2474 1404 2549 1443 quia

360 1415 528 1476 Avitutis
555 1455 624 1476 non
647 1444 801 1485 impediat
827 1445 1079 1478 matrimonium.
1104 1445 1191 1475 Nihil
1215 1446 1301 1475 enim
1324 1446 1427 1486 impe-
1480 1451 1594 1476 natura
1609 1445 1746 1476 intendit
1762 1455 1830 1476 esse
1847 1451 1878 1476 et
1893 1446 2145 1486 perfectionem:
2162 1456 2230 1476 non
2253 1452 2360 1477 tamen
2377 1453 2423 1478 est
2439 1453 2550 1478 contra

355 1489 402 1520 dit
424 1490 666 1520 matrimonium
689 1489 751 1519 nisi
774 1489 865 1529 quod
887 1489 983 1519 habet
1005 1489 1146 1529 aliquam
1170 1490 1427 1520 contrarietatem
1481 1489 1658 1520 secundam
1680 1490 1895 1520 intentionem
1918 1496 2067 1527 naturae3
2096 1491 2171 1530 quia
2195 1500 2232 1521 ex
2257 1500 2323 1531 quo
2347 1497 2459 1522 natura
2481 1502 2550 1522 non

355 1534 396 1565 ad
418 1535 536 1575 ipsum.
560 1533 624 1564 Sed
647 1534 780 1563 servitus
803 1543 871 1564 non
895 1534 990 1563 habet
1013 1534 1154 1573 aliquam
1171 1534 1428 1565 contrarietatem
1443 1543 1468 1563 ιο
1481 1539 1590 1574 potest
1613 1544 1803 1564 conservare
1827 1544 1895 1564 esse
1918 1535 1951 1565 in
1975 1545 2054 1570 uno,
2079 1540 2247 1565 conservat
2269 1535 2302 1565 in
2326 1535 2436 1572 altero,
2461 1536 2551 1576 quod

355 1578 396 1609 ad
418 1579 680 1609 matrimonium:
705 1577 780 1608 alias
795 1578 877 1608 inter
900 1587 1008 1608 servos
1023 1587 1092 1607 non
1115 1583 1249 1617 possent
1265 1587 1333 1608 esse
1350 1588 1428 1608 con·
1481 1584 1652 1618 generatur
1668 1579 1876 1618 corruptione
1892 1579 2019 1609 alterius
2031 1580 2058 1609 *.
2078 1579 2119 1609 Et
2135 1579 2265 1619 quando
2278 1584 2390 1609 natura
2407 1590 2476 1610 non
2490 1590 2551 1620 po-

354 1623 451 1663 iugia.
475 1623 562 1662 Ergo
585 1622 718 1652 servitus
741 1631 809 1652 non
832 1621 968 1661 impedit
989 1622 1243 1652 matrimonium.
1482 1628 1544 1653 test
1566 1622 1743 1662 perducere
1767 1622 1806 1653 ad
1829 1623 1986 1653 maiorem
2012 1622 2259 1663 perfectionem,
2283 1623 2406 1654 inducit
2429 1624 2469 1654 ad
2490 1625 2551 1654 mi·

413 1676 444 1697 2.
459 1667 657 1702 Puni-mxu,
673 1665 754 1696 illud
770 1665 859 1706 quod
875 1671 923 1696 est
938 1671 1050 1696 contra
1069 1671 1226 1702 naturam,
1238 1675 1307 1696 non
1322 1671 1429 1706 potest
1481 1676 1616 1697 norem:
1644 1667 1736 1702 sicut,
1761 1666 1892 1706 quando
1915 1677 1984 1697 non
2007 1673 2114 1707 potest
2136 1667 2240 1698 facere
2262 1668 2452 1704 masculum,
2477 1667 2552 1698 facit

353 1710 511 1751 impedire
533 1710 614 1741 illud
637 1709 728 1750 quod
751 1715 797 1740 est
819 1709 1000 1740 secundum
1023 1715 1180 1740 naturam.
1207 1709 1271 1740 Sed
1293 1711 1428 1740 servitus
1483 1710 1647 1746 feminam,
1665 1720 1749 1750 quae
1772 1716 1819 1741 est
1841 1720 1911 1741 mas
1934 1712 2169 1747 occasionatus‚
2187 1717 2223 1742 ut
2238 1711 2352 1742 dicitur
2374 1713 2408 1742 in
2422 1712 2497 1742 XVI
2513 1713 2552 1743 de

355 1760 403 1786 est
426 1759 538 1785 contra
559 1759 723 1784 naturam:
749 1754 834 1794 quia,
860 1754 943 1784 sicut
971 1753 1048 1784 dicit
1072 1753 1247 1794 Gregorius
1262 1755 1290 1790 ⁴2
1313 1759 1429 1785 contra
1444 1762 1466 1783 ³5
1483 1755 1686 1785 Animalibus
1701 1756 1728 1785 ’ἃ

355 1804 509 1830 naturam
525 1804 573 1830 est
593 1798 755 1829 hominem
770 1798 895 1828 homini
918 1798 1000 1829 velle
1014 1798 1189 1828 dominari.
1214 1798 1314 1836 Quod
1333 1799 1429 1829 etiam
1538 1799 1689 1830 Similiter
1713 1799 1808 1829 etiam
1832 1798 1905 1829 dico
1929 1799 2020 1839 quod
2049 1800 2182 1830 servitus
2207 1805 2253 1829 est
2276 1805 2387 1830 contra
2415 1801 2551 1840 primam

354 1849 443 1884 patet
466 1853 505 1874 ex
527 1843 591 1874 hoc
614 1842 705 1883 quod
728 1843 854 1873 homini
883 1842 1006 1873 dictum
1030 1848 1077 1873 est
1093 1843 1109 1859 ⁴*
1134 1847 1170 1873 ut
1186 1843 1314 1883 praesit
1328 1843 1429 1883 pisci·
1483 1844 1698 1874 intentionem
1723 1848 1865 1879 naturae,
1886 1843 1942 1874 sed
1964 1853 2031 1874 non
2057 1849 2105 1874 est
2127 1849 2238 1874 contra
2259 1843 2443 1875 secundam.
2468 1845 2553 1883 Quia

354 1888 414 1919 bus
436 1888 547 1923 maris,
565 1892 643 1918 etc.:
667 1896 735 1917 non
759 1892 868 1917 autem
891 1892 928 1917 ut
943 1888 1072 1927 praesit
1093 1887 1226 1917 homini.
1251 1887 1337 1928 Ergo
1361 1897 1429 1918 non
1483 1888 1637 1919 naturalis
1660 1888 1740 1918 ratio
1766 1887 1806 1918 ad
1830 1888 1894 1918 hoc
1916 1888 2059 1924 inclinat,
2084 1893 2115 1918 et
2138 1888 2202 1918 hoc
2228 1889 2349 1928 appetit
2371 1894 2493 1925 natura,
2517 1895 2553 1920 ut

355 1937 463 1974 potest
483 1931 641 1972 impedire
663 1932 917 1968 matrimonium,
935 1931 1025 1971 quod
1049 1937 1095 1962 est
1117 1931 1272 1962 naturale.
1485 1933 1621 1973 quilibet
1636 1932 1675 1962 sit
1691 1933 1813 1962 bonus:
1839 1931 1895 1962 sed
1911 1942 1949 1962 ex
1965 1942 2032 1972 quo
2056 1932 2170 1972 aliquis
2185 1938 2308 1972 peccat,
2324 1939 2437 1963 natura
2457 1934 2553 1964 etiam

413 1977 442 2007 3.
466 1977 664 2012 PRAETEREA,
680 1977 707 2006 si
729 1975 893 2016 impediat,
910 1981 965 2006 aut
988 1976 1052 2006 hoc
1076 1981 1123 2006 est
1141 1975 1181 2006 de
1197 1976 1266 2006 iure
1282 1977 1428 2012 naturali,
1443 1988 1470 2008 4⁰
1484 1977 1617 2007 inclinat
1639 1982 1676 2007 ut
1699 1986 1738 2007 ex
1756 1982 1891 2017 peccato
1914 1986 2056 2016 poenam
2072 1982 2222 2016 reportet.
2247 1977 2288 2007 Et
2302 1977 2348 2007 sic
2362 1978 2495 2008 servitus
2518 1979 2552 2008 in

340 2026 412 2053 mut
426 2020 466 2052 de
481 2021 551 2052 iure
566 2021 716 2061 positivo.
741 2020 816 2050 Non
833 2020 873 2050 de
888 2021 958 2051 iure
973 2020 1126 2050 naturali:
1152 2020 1228 2060 quia
1249 2020 1429 2051 secundum
1483 2031 1626 2062 poenam
1649 2021 1773 2060 peccati
1795 2020 1978 2051 introducta
2000 2026 2056 2051 est.
2081 2021 2150 2051 Nec
2173 2026 2220 2051 est
2243 2021 2473 2052 inconveniens
2496 2022 2552 2052 ali—

353 2067 406 2097 ius
427 2065 572 2096 naturale
596 2074 706 2095 omnes
728 2065 874 2095 homines
895 2069 973 2095 sunt
994 2064 1164 2105 aequales,
1192 2070 1229 2094 ut
1253 2064 1429 2105 Gregorius
1485 2065 1575 2106 quod
1590 2065 1734 2095 naturale
1749 2074 1807 2105 per
1821 2065 1885 2095 hoe
1909 2064 1999 2105 quod
2015 2070 2062 2095 est
2085 2071 2195 2095 contra
2210 2071 2356 2096 naturam
2371 2066 2434 2096 hoc
2450 2066 2551 2097 modo

355 2109 432 2141 dicit
447 2111 483 2146 *;
508 2115 539 2140 et
554 2110 588 2140 in
604 2109 763 2150 principio
780 2109 993 2150 Digestorum
1009 2109 1043 2125 *³*
1059 2108 1175 2139 dicitur
1191 2108 1430 2148 quod'servitus
1484 2109 1650 2150 impediri:
1663 2110 1709 2139 sic
1721 2110 1808 2139 enim
1819 2109 2063 2140 matrimonium
2074 2109 2248 2150 impeditur
2258 2119 2316 2150 per
2327 2111 2551 2150 impotentiam

354 2164 424 2186 non
447 2159 495 2185 est
517 2153 557 2184 de
580 2154 649 2184 iure
672 2153 817 2184 naturali.
842 2153 1021 2183 Positivum
1045 2153 1141 2183 etiam
1157 2153 1207 2182 ius
1231 2153 1397 2184 descendit
1412 2164 1430 2183 a
1485 2154 1636 2190 coeundi,
1654 2163 1736 2193 quae
1760 2158 1808 2184 est
1830 2159 1941 2184 contra
1963 2159 2109 2184 naturam
2132 2153 2233 2184 modo
2256 2153 2430 2194 praedicto.

355 2199 507 2231 naturali:
533 2203 570 2229 ut
593 2198 721 2228 Tullius
745 2196 821 2228 dicit
843 2198 870 2227 *ἦ
900 2197 986 2237 Ergo
1018 2196 1197 2228 secundum
1227 2198 1355 2228 nullum
1379 2199 1429 2228 ius
1443 2209 1467 2229 45
1540 2199 1591 2228 An
1615 2207 1750 2228 TERTIUM
1779 2207 1940 2228 memnon
1971 2198 2060 2238 quod
2089 2198 2139 2228 ius
2168 2198 2311 2228 naturale
2341 2198 2438 2229 dictat
2461 2199 2550 2239 quod

355 2243 491 2275 servitus
513 2242 758 2273 matrimonium
780 2241 936 2281 impedire
960 2246 1077 2281 potest.
1483 2252 1591 2283 poena
1614 2243 1654 2272 sit
1675 2252 1736 2282 pro
1761 2242 1856 2282 culpa
1879 2241 2061 2282 infligenda,
2078 2248 2110 2272 et
2128 2242 2218 2282 quod
2239 2242 2347 2273 nullus
2369 2243 2437 2274 sine
2456 2244 2551 2284 culpa

411 2296 444 2327 4.
466 2287 665 2322 Palmum,
681 2285 762 2316 illud
778 2285 868 2326 quod
890 2285 1026 2325 impedit
1040 2286 1294 2323 matrimonium,
1312 2296 1430 2327 aequa·
1483 2288 1592 2328 puniri
1615 2286 1746 2317 debeat:
1771 2286 1827 2316 sed
1850 2286 2060 2317 determinare
2083 2296 2224 2327 poenam
2243 2286 2422 2317 secundum
2439 2288 2551 2318 condi-

355 2332 428 2362 liter
449 2330 586 2371 impedit
607 2331 675 2361 sive
698 2330 815 2361 sciatur
829 2331 896 2360 sive
918 2330 1100 2370 ignoretur:
1124 2335 1161 2360 ut
1184 2336 1271 2370 patet
1287 2330 1326 2361 de
1350 2341 1429 2362 con-
1484 2333 1608 2362 tionem
1631 2340 1788 2371 personae
1809 2336 1841 2360 et
1856 2331 1970 2370 culpae
1987 2336 2033 2361 est
2048 2332 2125 2361 iuris
2141 2331 2279 2371 positivi.
2304 2331 2345 2361 Et
2364 2331 2438 2362 ideo
2454 2333 2550 2363 servi-

356 2376 579 2416 sanguinitate.
603 2374 667 2406 Sed
682 2375 816 2405 servitus
839 2374 935 2405 unius
951 2375 1080 2414 cognita
1103 2375 1142 2404 ab
1166 2375 1265 2405 altero
1285 2385 1353 2405 non
1369 2376 1429 2406 im-
1483 2381 1545 2411 tus,
1559 2385 1642 2415 quae
1659 2381 1705 2405 est
1719 2384 1836 2415 poena,
1850 2374 2058 2405 determinata
2073 2381 2119 2406 est
2134 2385 2152 2405 a
2167 2376 2236 2406 iure
2251 2376 2402 2415 positivo,
2415 2382 2446 2406 et
2462 2387 2480 2407 a
2494 2387 2550 2407 na-

355 2419 445 2461 pedit
459 2420 703 2450 matrimonium
713 2420 740 2449 *.
760 2419 846 2459 Ergo
862 2419 1006 2455 servitus,
1019 2424 1176 2459 quantum
1193 2420 1226 2449 in
1242 2429 1276 2450 se
1292 2425 1349 2455 est,
1361 2429 1428 2450 non
1445 2420 1578 2451 so.turali
1593 2419 1807 2460 proficiscitur
1829 2420 1911 2449 sicut
1937 2419 2183 2450 determinatum
2199 2421 2238 2450 ab
2260 2419 2506 2451 indeterminato
2522 2423 2549 2451 ἦ

324 2494 330 2500 ,
356 2465 452 2495 habet
475 2463 566 2504 quod
588 2463 743 2504 impediat
771 2464 1025 2494 matrimonium.
1057 2463 1099 2494 Et
1129 2463 1174 2493 ita
1199 2473 1268 2494 non
1299 2463 1430 2495 deberet
1484 2465 1526 2495 Et
1541 2464 1657 2495 eodem
1673 2464 1741 2494 iure
1757 2464 1896 2504 positivo
1914 2463 2122 2494 determinate
2145 2469 2191 2494 est
2213 2463 2333 2494 factum
2350 2464 2440 2504 quod
2454 2466 2550 2496 servi-

355 2509 436 2550 poni
459 2518 517 2549 per
531 2518 566 2539 se
588 2508 785 2538 matrimonii
800 2507 1070 2548 impedimentum
1085 2508 1125 2538 ab
1141 2508 1210 2538 aliis
1232 2507 1428 2543 distinctum.
1484 2514 1535 2540 tus
1551 2510 1696 2549 ignorata
1714 2508 1957 2538 matrimonium
1973 2507 2126 2548 impediat
2141 2509 2167 2544 *ξ
2184 2518 2225 2538 ne
2242 2509 2356 2548 aliquis
2372 2509 2440 2539 sine
2456 2510 2551 2550 culpa

414 2553 444 2584 5.
467 2553 665 2589 PRAETEREA,
685 2553 767 2582 sicut
790 2552 948 2592 contingit
971 2561 1039 2583 esse
1062 2561 1203 2582 errorem
1227 2553 1310 2583 circa
1332 2554 1429 2583 servi·
1483 2554 1655 2594 puniatur:
1687 2558 1734 2583 est
1757 2553 1843 2583 enim
1867 2551 2025 2592 quaedam
2055 2562 2163 2593 poena
2191 2554 2301 2583 uxoris
2325 2553 2414 2593 quod
2437 2554 2551 2584 habeat

355 2603 460 2629 tutem
476 2603 512 2628 ut
527 2602 658 2637 putetur
673 2597 754 2627 liber
776 2597 833 2636 qui
853 2601 900 2626 est
915 2605 1042 2632 servm,
1065 2597 1108 2627 ita
1130 2601 1238 2636 potest
1254 2606 1322 2627 esse
1343 2607 1430 2628 error
1483 2599 1588 2628 virum
1612 2607 1749 2633 servum,
1775 2602 1806 2627 et
1830 2606 1847 2627 e
1871 2607 2038 2627 converso.

356 2641 396 2673 de
419 2642 563 2672 libertate
586 2646 622 2671 ut
645 2646 776 2681 putetur
803 2650 912 2671 servus
941 2641 998 2680 qui
1021 2646 1068 2671 est
1090 2641 1180 2671 liber.
1216 2640 1279 2671 Sed
1302 2641 1430 2672 libertas
1445 2651 1468 2672 ςς
1538 2643 1590 2672 An
1615 2651 1764 2672 QUARTUM
1786 2651 1946 2671 memnon
1973 2640 2063 2681 quod
2089 2641 2196 2682 aliqua
2224 2641 2455 2682 impedimenta
2477 2648 2551 2672 sunt

355 2696 424 2717 non
440 2686 572 2726 ponitur
587 2686 784 2716 matrimonii
802 2684 1082 2725 impedimentum.
1106 2685 1192 2725 Ergo
1210 2695 1272 2716 nec
1295 2687 1429 2717 servitus
1484 2696 1567 2727 quae
1591 2685 1713 2716 faciunt
1735 2686 1976 2716 matrimonium
2000 2686 2156 2716 illicitum.
2181 2686 2222 2716 Et
2238 2687 2313 2726 quia
2329 2686 2475 2716 voluntas
2491 2697 2550 2717 no-

357 2730 489 2762 deberet
511 2731 601 2771 poni.
1484 2737 1546 2761 stra
1569 2740 1638 2761 non
1661 2729 1737 2760 facit
1759 2729 1881 2770 aliquid
1911 2740 1979 2760 esse
2009 2730 2155 2760 illicitum
2179 2730 2230 2760 vel
2252 2730 2387 2766 licitum,
2411 2730 2466 2761 sed
2488 2731 2549 2771 lex,

413 2775 443 2805 6.
467 2775 664 2811 Plurimum,
690 2775 790 2814 magis
809 2773 884 2804 facit
906 2783 1036 2813 gravem
1055 2774 1242 2804 societatem
1264 2775 1430 2805 matrimo-
1485 2776 1538 2806 eui
1549 2775 1697 2805 voluntas
1713 2774 1807 2805 subdi
1823 2774 1933 2811 debet;
1953 2774 2027 2804 ideo
2039 2775 2217 2814 ignorantia
2233 2775 2302 2804 talis
2318 2774 2548 2814 impedimenti,

355 2820 413 2856 nii,
430 2824 463 2850 et
485 2819 558 2859 plus
587 2818 723 2859 impedit
753 2818 852 2859 prolis
875 2819 1000 2848 bonum
1031 2818 1165 2848 morbus
1193 2818 1300 2858 leprae
1331 2828 1430 2859 quam
1482 2829 1568 2861 quae
1592 2819 1810 2850 voluntarium
1840 2819 1940 2855 tollit,
1964 2819 2015 2849 vel
2045 2819 2192 2854 scientia,
2217 2819 2296 2848 nihil
2326 2818 2401 2848 facit
2423 2819 2463 2849 ad
2485 2820 2549 2850 hoc

355 2864 502 2894 servitus.
526 2863 590 2894 Sed
613 2863 701 2903 lepra
723 2872 791 2893 non
815 2863 947 2903 ponitur
970 2862 1240 2903 impedimentum
1263 2864 1430 2894 matn'mo-
1443 2871 1471 2892 6ο
1485 2863 1575 2905 quod
1597 2864 1838 2894 matrimonium
1862 2869 1978 2893 teneat.
2002 2863 2043 2893 Et
2057 2863 2119 2893 tale
2136 2862 2404 2903 impedimentum
2421 2869 2467 2893 est
2482 2863 2549 2893 affi-

319 2924 331 2951 ζ
355 2909 402 2939 nii
417 2909 444 2938 ³.
468 2908 555 2948 Ergo
578 2917 640 2938 nec
663 2908 796 2938 servitus
819 2906 915 2937 debet
937 2907 1026 2947 poni.
1483 2909 1565 2939 nitas
1587 2908 1638 2938 vel
1661 2913 1785 2944 votum,
1811 2913 1842 2938 et
1864 2913 1969 2938 cetera
1991 2907 2187 2937 huiusmodi.

413 2952 476 2983 Sim
500 2962 624 2982 com-Ra
640 2962 694 2982 nsr
717 2951 807 2992 quod
822 2951 987 2982 decretalis
1010 2950 1096 2988 dicit,
1116 2951 1155 2981 de
1173 2951 1339 2993 Coniugio
1361 2961 1430 2982 ser·-
1539 2952 1708 2991 Quaedam
1731 2958 1840 2982 autem
1862 2951 2092 2992 impedimenta
2108 2957 2182 2982 sunt
2201 2961 2283 2991 quae
2306 2950 2427 2982 faciunt
2442 2953 2548 2982 matri-

322 3030 331 3041 ,
358 3006 475 3028 vorum
489 2997 523 3033 θ,
547 2995 637 3036 quod
667 3006 755 3027 error
785 2995 980 3026 conditionis
1010 2994 1144 3036 impedit
1174 2995 1428 3027 contrahendum
1483 2998 1633 3027 monium
1656 2996 1802 3027 inefficax
1825 2996 1866 3027 ad
1888 2997 2083 3027 solutionem
2107 2995 2214 3026 debiti.
2239 2996 2279 3025 Et
2295 2996 2370 3035 quia
2385 2996 2419 3025 in
2434 2996 2549 3026 volun-

324 3082 331 3089 ·
356 3041 600 3073 matrimonium
623 3046 655 3071 et
679 3040 798 3071 dirimit
821 3045 1032 3070 contractum.
1484 3047 1547 3072 tate
1577 3046 1685 3071 nostra
1715 3041 1860 3071 consistit
1890 3040 2034 3071 debitum
2064 3041 2157 3070 nobis
2187 3040 2341 3076 relaxare,
2372 3039 2445 3070 ideo
2475 3040 2548 3070 talia

414 3095 445 3116 2.
461 3085 658 3122 Puni-nana,
675 3085 918 3115 matrimonium
942 3090 989 3114 est
1012 3084 1052 3115 de
1079 3085 1174 3115 bonis
1197 3094 1254 3125 per
1277 3094 1310 3116 se
1334 3095 1430 3126 expe·
1442 3092 1467 3118 65
1483 3085 1731 3126 impedimenta,
1755 3086 1781 3115 si
1803 3086 1867 3115 sint
1889 3086 2034 3125 cognita,
2058 3085 2299 3115 matrimonium
2322 3093 2390 3114 non
2412 3084 2547 3120 tollunt,

357 3129 472 3166 tendis,
487 3130 682 3170 inquantum
704 3130 800 3160 habet
821 3129 1034 3159 honestatem.
1069 3129 1133 3160 Sed
1162 3129 1296 3160 servitus
1319 3135 1367 3160 est
1390 3129 1429 3160 de
1483 3129 1540 3161 sed
1570 3129 1677 3160 solum
1707 3128 1839 3170 quando
1869 3130 2050 3169 ignorantia
2079 3129 2295 3159 voluntarium
2326 3127 2474 3159 excludit.
2507 3129 2548 3159 Et

357 3183 416 3214 per
437 3183 472 3205 se
494 3173 664 3214 fugiendis.
688 3174 774 3214 Ergo
791 3174 1034 3204 matrimonium
1050 3178 1081 3203 et
1104 3174 1237 3204 servitus
1253 3179 1328 3204 sunt
1351 3183 1429 3204 con·
1483 3174 1546 3204 tale
1569 3173 1838 3214 impedimentum
1862 3179 1909 3204 est
1931 3174 2064 3204 servitus
2081 3179 2111 3204 et
2125 3173 2315 3213 impotentia
2339 3172 2487 3203 coeundi.
2507 3173 2549 3203 Et

358 3218 462 3248 traria.
485 3218 527 3249 Et
549 3219 594 3249 sic
617 3219 752 3249 servitus
774 3218 1018 3249 matrimonium
1040 3217 1184 3258 impedit.
1485 3219 1560 3258 quia
1583 3219 1679 3248 etiam
1703 3217 1742 3248 de
1765 3228 1800 3248 se
1821 3218 1940 3248 habent
1963 3218 2104 3258 aliquam
2130 3218 2287 3248 rationem
2316 3216 2547 3257 impedimenti,

414 3262 604 3293 strounno
627 3273 788 3293 memnon
818 3262 908 3303 quod
930 3263 1128 3293 matrimonii
1159 3267 1325 3293 contractu
1349 3262 1429 3293 obli·
1483 3262 1558 3293 ideo
1574 3267 1741 3302 ponuntur
1756 3262 1906 3302 specialia
1919 3262 2149 3303 impedimenta
2160 3267 2283 3302 praeter
2299 3270 2448 3292 errorem.
2472 3261 2547 3291 Non

359 3311 452 3347 gatur
473 3316 559 3337 unus
581 3308 758 3348 coniugum
779 3307 868 3338 alteri
891 3306 932 3337 ad
954 3306 1099 3338 debitum
1121 3306 1322 3337 reddendum
1337 3308 1364 3337 ⁹.
1389 3307 1430 3337 Et
1443 3319 1470 3340 7⁰
1484 3311 1593 3337 autem
1619 3316 1776 3346 personae
1798 3307 1929 3337 variatio
1957 3307 2090 3347 ponitur
2116 3306 2253 3346 speciale
2280 3304 2547 3346 impedimentum

359 3350 444 3387 ideo,
468 3350 495 3381 si
517 3350 570 3381 ille
594 3351 651 3391 qui
673 3361 707 3382 se
730 3351 867 3392 obligat,
893 3357 941 3382 est
963 3352 1126 3392 impotens
1153 3350 1194 3382 ad
1215 3350 1407 3382 solvendum
1420 3375 1428 3387 ‚
1483 3356 1608 3392 praeter
1623 3360 1779 3381 errorem:
1797 3351 1872 3391 quia
1888 3360 2026 3391 persona
2042 3351 2102 3381 alia
2116 3349 2356 3381 subintroducta
2371 3359 2438 3379 non
2453 3349 2548 3380 habet

360 3395 540 3435 ignorantia
561 3395 658 3426 huius
679 3396 890 3436 impotentiae
913 3396 946 3426 in
971 3405 1011 3426 eo
1030 3396 1083 3426 cui
1106 3395 1141 3426 fit
1165 3395 1329 3436 obligatio,
1346 3395 1430 3426 tollit
1484 3395 1642 3425 rationem
1664 3395 1887 3435 impedimenti
1909 3396 1970 3426 nisi
1994 3405 2032 3426 ex
2055 3396 2233 3426 intentione
2256 3394 2480 3425 contrahentis.

361 3444 572 3470 contractum.
597 3439 687 3470 Sicut
701 3445 809 3470 autem
825 3450 882 3481 per
895 3440 1120 3480 impotentiam
1136 3439 1276 3470 coeundi
1296 3439 1430 3470 efficitur
1539 3440 1590 3469 An
1608 3449 1748 3469 aum-rum
1767 3449 1927 3470 mmmmm
1943 3439 2032 3480 quod
2047 3440 2173 3470 libertas
2196 3449 2262 3470 non
2285 3438 2419 3478 impedit
2441 3439 2547 3468 matu·-

361 3483 476 3524 aliquis
498 3483 660 3526 impotens
683 3483 724 3515 ad
745 3484 938 3515 solvendum
968 3484 1113 3515 debitum
1135 3490 1172 3515 ut
1195 3485 1331 3515 omnino
1361 3494 1430 3514 non
1483 3484 1587 3514 monii
1610 3490 1728 3514 actum.
1759 3484 1853 3515 Unde
1876 3484 2003 3515 libertas
2028 3485 2172 3524 ignorata
2194 3493 2261 3514 non
2285 3482 2419 3523 impedit
2440 3482 2547 3512 matri-

360 3528 463 3568 possit
485 3527 626 3564 solvere,
650 3528 693 3559 ita
715 3537 773 3568 per
795 3529 979 3560 servitutem
1002 3535 1039 3560 ut
1061 3529 1158 3560 libere
1191 3528 1335 3559 debiturn
1358 3528 1429 3559 red·
1444 3541 1467 3561 75
1484 3529 1646 3559 monium.

2566 305 2575 313 ·
2592 303 2628 324 Cf.
2648 308 2688 330 qu.
2708 308 2777 327 ινιιι,

2566 334 2608 351 art.
2625 337 2643 356 ι,
2659 331 2687 350 nd
2702 336 2726 355 4.

2567 396 2575 404 ·
2595 393 2652 416 Can.
2677 394 2713 415 Ad
2736 399 2779 414 no-

2566 423 2657 446 stram,
2673 420 2702 441 de
2719 419 2781 441 Con>

2566 447 2614 475 iug.
2634 453 2697 468 cerv.
2715 458 2725 463 -
2743 446 2780 468 cf.

2567 479 2616 500 arg.
2629 480 2652 500 4.

2570 616 2580 626 ²
2595 614 2631 636 Cf.
2647 619 2689 636 art.
2704 622 2728 641 4.

2573 831 2583 840 ²
2603 829 2637 851 Cf.
2660 835 2699 857 qu.
2718 836 2783 857 mv,

2573 860 2615 877 art.
2630 862 2649 884 5.

2574 1143 2584 1152 ²
2593 1141 2628 1163 Cf.
2638 1147 2689 1169 cap.
2697 1141 2735 1162 Ad
2743 1147 2786 1162 no-

2573 1170 2649 1199 stram
2656 1185 2664 1195 ‚
2680 1168 2709 1189 de
2725 1167 2784 1189 Con-

2573 1201 2624 1222 nug.
2639 1201 2702 1216 ter-u.

2576 1406 2586 1416 ²
2601 1405 2633 1426 Ca
2652 1411 2697 1430 .vi,
2710 1411 2732 1426 n.
2746 1411 2766 1433 3.
2776 1416 2786 1420 -

2576 1431 2628 1453 S.T
2649 1432 2760 1453 .1ec1.=x.

2578 1584 2585 1590 '
2597 1581 2634 1603 Cf.
2643 1581 2717 1602 Arist.
2726 1581 2788 1609 Phy-

2576 1608 2618 1629 sic.
2630 1608 2669 1628 lib.
2681 1608 2720 1631 111.
2738 1613 2763 1628 ca
2785 1624 2789 1628 .

2577 1640 2704 1682 minant·
2712 1634 2736 1656 ³·
2744 1634 2758 1655 Ἰ
2783 1651 2788 1655 ·

2579 1758 2589 1768 ²
2599 1756 2676 1778 Didot.
2685 1756 2715 1777 de
2721 1755 2792 1777 Geni>

2579 1785 2626 1804 rae.
2638 1783 2739 1804 Animal.
2750 1783 2790 1805 lib.

2579 1810 2607 1836 11,
2624 1816 2674 1837 cap.
2689 1816 2723 1830 ιιι.

2579 2420 2588 2429 ”
2596 2418 2631 2440 cf.
2638 2419 2681 2440 1⁸¹¹*
2688 2419 2742 2446 11⁸³,
2749 2425 2787 2446 qu.

2577 2451 2637 2472 κων,
2647 2449 2690 2467 art.
2699 2451 2719 2473 5,
2730 2446 2758 2467 ad
2768 2452 2788 2474 3.

2578 2512 2587 2521 ²
2609 2510 2666 2538 Cap.
2687 2510 2726 2538 Ad
2747 2516 2790 2531 no-

2578 2539 2668 2568 stram,
2683 2537 2713 2558 de
2728 2537 2789 2559 Con—

2577 2570 2626 2591 nug.
2641 2570 2703 2585 serv.
