2918 4088
0 0 24 548 ,LWWQJ:WQ

71 716 73 718 .
104 698 116 709 ·
129 697 165 719 Cf.
183 701 249 718 num.
264 702 303 718 vu.

55 1786 69 1831 ⁴.
103 1795 120 1809 ⁶
131 1794 204 1818 Nun.
213 1794 248 1818 ἰν.

63 1915 78 1955 s
105 1931 122 1945 ·
133 1929 205 1954 Nem.
219 1936 252 1957 nv,
264 1936 302 1953 vn.

999 167 1366 214 QUAESTIONES
1395 166 1465 203 DE
1495 165 1860 203 CONTRITIONE

2439 169 2512 217 345

1104 344 1438 397 QUAESITUM
1469 343 1757 396 QUARTUM

507 457 568 488 AN
593 429 836 490 CON⁸TR1T10
859 457 1090 489 REMITTAT
1114 457 1207 488 NON
1231 456 1380 488 SOLUM
1403 456 1594 492 CULPAM,
1619 455 1699 486 SED
1722 455 1904 487 POENAM
1928 457 2125 488 DEBITAM
2149 458 2352 490 PECCATO

422 573 524 594 υΑιιτο
549 564 720 604 quaeritur,
738 565 821 594 circa
846 563 996 594 effectum
1015 563 1234 594 contritionis:
1259 563 1311 592 An
1327 572 1405 593 con-

421 608 507 639 tritio
531 608 669 639 remittat
690 617 759 638 non
780 608 887 638 solum
913 608 1051 651 culpam,
1075 607 1131 638 sed
1154 615 1295 648 poenam
1318 606 1406 637 debi-

344 657 411 682 tam
433 657 578 692 peccato.

399 695 535 726 Videtur
557 697 644 726 enim
667 695 757 736 quod
779 705 847 726 non
862 697 889 726 ⁹.
914 696 1001 726 Tum
1025 696 1100 736 quia
1123 694 1163 725 ad
1185 695 1406 725 remissionem

344 749 471 780 poenae
493 739 657 770 ordinatur
679 740 770 770 tertia
791 749 862 780 pars
885 740 1120 780 poenitentiae,
1144 739 1264 770 scilicet
1286 737 1407 768 satisfa-

345 784 421 814 ctio.
444 784 519 814 Non
544 793 619 824 ergo
638 783 683 813 ad
697 783 784 814 illam
803 783 966 814 ordinatur
982 783 1145 814 contritio:
1170 783 1230 813 nisi
1250 788 1407 823 quatenus

345 826 428 858 forte
450 828 546 858 habet
568 826 816 858 satisfactionem
841 837 1007 858 annexam.

401 871 489 902 Tum
513 872 588 911 quia
611 872 760 901 contritio
785 871 945 902 sufficiens
975 871 1139 902 ordinatur
1161 880 1218 911 per
1241 880 1274 901 se
1297 870 1337 901 ad
1360 880 1408 901 re-

345 915 532 945 missionem
555 915 685 954 culpae:
710 924 770 945 nec
786 921 916 955 apparet
931 915 1018 946 unde
1033 916 1147 946 habeat
1163 915 1252 955 quod
1267 925 1408 955 poenam

346 968 456 989 sensus
479 959 626 989 remittat.
887 987 893 997 ,

401 1002 438 1033 11.
462 1002 514 1033 Ad
535 1003 632 1033 huius
660 1002 862 1040 evidentiam,
886 1003 1054 1034 sciendum
1077 1010 1124 1035 est
1151 1003 1313 1044 duplicem
1341 1013 1408 1034 esse

344 1046 480 1077 modum
504 1046 630 1077 dicendi
653 1047 693 1078 de
715 1048 775 1078 hac
798 1057 848 1078 re:
873 1049 1018 1088 quamvis
1034 1049 1182 1079 omnium
1197 1049 1353 1079 sententia
1375 1048 1408 1078 in

344 1090 432 1121 idem
454 1090 584 1122 tandem
608 1097 786 1122 concurrat.
817 1092 943 1122 Primus
967 1098 1013 1123 est
1037 1092 1126 1133 quod
1149 1093 1209 1123 alia
1232 1098 1279 1123 est
1302 1095 1417 1132 poena·

346 1144 429 1175 quae
452 1135 586 1166 debetur
600 1136 785 1172 incontrito,
811 1141 842 1166 et
857 1136 918 1166 alia
933 1142 980 1167 est
1003 1146 1085 1177 quae
1102 1137 1235 1167 debetur
1251 1137 1406 1167 contrito:

345 1189 421 1210 nam
431 1180 605 1210 incontrito
618 1179 751 1210 debetur
766 1189 873 1220 poena
888 1180 1014 1215 inferni,
1027 1181 1166 1211 contrito
1179 1186 1286 1212 autem
1302 1190 1410 1221 poena

345 1223 539 1264 temporalis.
573 1224 614 1254 Et
643 1230 828 1264 propterea,
859 1234 934 1255 cum
968 1226 1116 1256 contritio
1149 1225 1240 1256 tollat
1269 1234 1409 1266 poenam

345 1267 476 1304 inferni,
499 1277 668 1308 nunquam
691 1269 778 1299 enim
802 1269 957 1299 contritus
980 1278 1183 1309 perseverans
1207 1269 1246 1299 ad
1269 1279 1410 1310 poenam

346 1311 535 1342 infernalem
563 1312 637 1348 ibit;
670 1312 732 1343 dici
761 1318 868 1353 potest
897 1313 986 1353 quod
1015 1314 1165 1344 contritio
1195 1313 1279 1344 tollit
1307 1319 1409 1344 totam

332 1364 487 1397 poenam
507 1361 644 1396 ‘peccato
667 1357 794 1391 mortali
816 1358 904 1397 prius
927 1357 1077 1388 debitam.

401 1400 491 1431 Alter
505 1410 582 1430 vero
606 1400 733 1431 dicendi
748 1401 865 1431 modus
881 1407 928 1431 est
951 1401 1041 1441 quod
1065 1402 1215 1432 contritio
1239 1412 1306 1432 non
1327 1402 1411 1432 tollit

345 1449 447 1484 totam
470 1453 621 1484 poenam,
646 1444 702 1475 sed
725 1450 902 1478 commutat
925 1455 1066 1486 poenam
1089 1452 1250 1476 aeternam
1272 1447 1306 1477 in
1329 1452 1410 1477 tem-

346 1488 507 1528 poralem:
530 1498 607 1518 nam
629 1489 820 1519 incontritus
842 1499 915 1520 reus
939 1495 1004 1520 erat
1019 1495 1164 1520 aeternae
1180 1499 1315 1530 poenae,
1333 1500 1410 1520 con-

345 1532 437 1562 tritus
460 1537 569 1563 autem
591 1542 664 1563 reus
687 1538 734 1563 est
756 1543 882 1573 poenae
906 1534 1101 1573 temporalis.

403 1575 455 1606 111.
479 1575 543 1607 Sed
561 1582 695 1616 uterque
712 1576 838 1607 dicendi
854 1577 971 1608 modus
995 1577 1112 1608 deficit.
1137 1578 1262 1608 Primus
1278 1577 1410 1618 quidem

345 1620 519 1660 tripliciter.
536 1620 663 1650 Scilicet
679 1626 711 1650 et
726 1620 862 1651 dicendo
878 1631 1019 1661 poenam
1035 1621 1142 1652 deberi
1159 1622 1307 1652 contrito.
1327 1622 1411 1652 Nam

345 1673 414 1694 non
436 1664 497 1693 nisi
519 1673 577 1704 per
599 1664 746 1705 accidens
768 1665 832 1694 hoc
855 1664 1051 1695 verificatur:
1080 1666 1229 1696 contritio
1254 1667 1351 1702 enim,
1375 1672 1411 1696 ut

346 1707 401 1743 sic,
425 1717 493 1737 non
515 1709 609 1748 ponit
627 1714 751 1738 reatum
773 1718 918 1748 poenae;
950 1709 1094 1749 alioquin
1119 1710 1249 1740 cuilibet
1272 1711 1410 1740 contn'to

346 1750 515 1782 deberetur
536 1761 652 1792 poena.
674 1770 699 1774 —
721 1752 763 1782 Et
785 1752 922 1783 dicendo
946 1753 1104 1783 alietatem
1132 1763 1258 1793 poenae
1287 1753 1411 1784 debitae

311 1793 314 1796 ’
347 1795 485 1826 contrito
509 1801 540 1826 et
562 1796 746 1827 incontrito.
771 1796 864 1832 Nam,
886 1802 922 1827 ut
944 1798 1064 1837 patebit
1080 1798 1106 1834 *,
1131 1807 1199 1828 non
1223 1798 1283 1828 alia
1305 1807 1412 1838 poena

347 1844 395 1870 est
417 1848 500 1880 quae
523 1840 661 1880 utrique,
685 1841 710 1870 si
734 1850 798 1881 qua
822 1842 960 1871 contrito
984 1842 1079 1872 alicui
1095 1841 1237 1872 debetur.
1261 1860 1284 1864 —
1307 1843 1348 1872 Et
1363 1843 1412 1872 in-

347 1882 480 1914 ferendo
504 1883 594 1924 quod
617 1884 680 1915 dici
702 1890 809 1924 potest
835 1891 937 1915 totam
960 1895 1101 1926 poenam
1123 1886 1297 1916 incontrito
1324 1887 1411 1927 prius

347 1927 487 1959 debitam
509 1938 567 1969 per
590 1929 817 1960 contritionem
839 1930 967 1960 remitti.
991 1930 1085 1965 Nam,
1102 1936 1139 1961 ut
1153 1931 1274 1970 patebit
1289 1932 1316 1967 ἡ
1340 1940 1412 1971 pars

348 1971 507 2012 quaedam
529 1982 654 2012 poenae
678 1974 737 2003 sibi
760 1974 848 2014 prius
871 1973 996 2004 debitae
1020 1976 1236 2005 communiter
1259 1981 1411 2012 remanet,

347 2015 468 2047 scilicet
490 2026 597 2057 poena
619 2027 746 2048 sensus:
771 2018 891 2058 absque
915 2019 1097 2049 aeternitate
1120 2024 1238 2050 tamen.

403 2060 570 2092 Secundus
594 2066 702 2092 autem
724 2062 842 2092 modus
872 2061 979 2092 deficit
1008 2063 1162 2102 ponendo
1186 2065 1412 2094 commutatio—

347 2113 433 2135 nem.
457 2104 542 2136 Nam
563 2105 650 2136 idem
673 2111 720 2136 est
743 2105 833 2146 quod
856 2106 944 2136 Deus
967 2107 1099 2137 interius
1119 2113 1269 2147 operatur
1283 2109 1317 2138 in
1333 2117 1412 2154 pqe-

347 2149 479 2186 nitente,
500 2155 533 2180 et
556 2149 646 2190 quod
669 2150 730 2180 Dei
752 2151 896 2181 minister
918 2157 1153 2182 sacramentum
1172 2151 1354 2183 adhibendo
1371 2153 1412 2183 si-

347 2192 496 2233 gnificat:
522 2194 657 2224 exterior
681 2195 767 2224 enim
790 2195 1023 2225 sacramentalis
1047 2201 1135 2226 actus
1159 2195 1314 2236 significat
1332 2197 1413 2227 inte—

347 2237 466 2268 riorem
489 2237 550 2268 Dei
573 2239 804 2278 operationem.
829 2238 892 2270 Sed
915 2240 1148 2270 sacramentalis
1164 2241 1246 2270 aetio
1262 2241 1295 2270 in
1312 2250 1413 2271 sacra-

347 2287 459 2312 mento
475 2283 692 2322 poenitentiae
714 2292 783 2313 non
799 2282 956 2323 significat
971 2285 1271 2321 commutationem,
1287 2285 1343 2315 sed
1358 2286 1413 2315 ab-

348 2325 555 2356 solutionem.
579 2326 665 2366 Ergo
680 2327 812 2357 interior
827 2327 888 2358 Dei
904 2328 1048 2368 operatio
1069 2337 1151 2368 quae
1170 2329 1203 2358 in
1220 2330 1413 2359 contritione

348 2369 527 2406 intervenit,
551 2380 619 2401 non
643 2376 690 2401 est
712 2372 934 2407 commutatio,
959 2371 1015 2402 sed
1038 2372 1208 2403 absolutio.

405 2414 459 2444 IV.
483 2411 535 2444 Ad
565 2415 656 2445 cuius
686 2415 866 2454 pleniorem
894 2416 1153 2456 intelligentiam,
1183 2416 1413 2448 advertendum

350 2463 398 2488 est
419 2458 454 2488 in
469 2467 575 2498 poena
589 2458 705 2489 inferni
719 2460 855 2490 inveniri
869 2460 945 2490 tn'a:
971 2469 1111 2500 poenam
1130 2461 1249 2497 damni,
1273 2471 1413 2502 poenam

349 2511 478 2538 sensus,
511 2508 542 2532 et
568 2503 786 2534 aeternitatem
816 2513 957 2544 poenae,
981 2505 1068 2535 iuxta
1091 2506 1149 2536 tria
1177 2515 1260 2546 quae
1283 2512 1358 2537 sunt
1380 2507 1414 2536 in

348 2552 483 2586 peccato
506 2547 644 2577 mortali.
668 2547 728 2577 Per
749 2554 919 2588 peccatum
941 2548 1100 2589 siquidem
1116 2550 1251 2580 mortale
1274 2549 1310 2580 fit
1326 2559 1414 2580 aver-

349 2591 398 2620 sio
421 2591 460 2621 ab
483 2591 739 2622 incommutabili
762 2592 868 2628 bono,
900 2593 953 2623 cui
975 2593 1149 2633 respondet
1175 2603 1282 2634 poena
1305 2593 1414 2625 damni

350 2644 498 2675 separans
521 2635 660 2665 animam
683 2645 701 2665 a
719 2636 808 2672 Deo;
833 2642 864 2666 et
887 2635 1112 2668 fit'conversio
1129 2637 1169 2668 ad
1185 2639 1413 2669 commutabile

349 2679 488 2715 bonum,
513 2679 566 2709 cui
589 2679 761 2719 respondet
783 2689 889 2720 poena
913 2690 1042 2718 sensus;
1074 2687 1106 2712 et
1129 2683 1332 2713 constituitur
1354 2683 1414 2713 ini-

349 2723 453 2753 micus
465 2723 537 2760 Dei,
554 2724 606 2754 cui
622 2724 794 2764 respondet
809 2725 976 2755 aeternitas
991 2735 1131 2766 poenae;
1150 2726 1300 2757 inimicus
1316 2728 1412 2763 enim,

350 2767 425 2807 quia
449 2773 496 2798 est
518 2767 674 2798 hostiliter
697 2768 963 2805 exterminandus,
988 2775 1035 2799 est
1058 2770 1256 2800 aeternaliter
1278 2772 1414 2810 punien-

350 2811 420 2842 dus.
455 2811 542 2842 Cum
565 2817 672 2842 autem
705 2818 855 2852 peccator
878 2814 1068 2850 conteritur,
1093 2815 1168 2854 quia
1192 2815 1319 2845 caritate
1342 2815 1413 2846 Deo

350 2856 565 2896 coniungitur,
590 2856 672 2886 tollit
696 2857 845 2887 contritio
869 2867 1010 2898 poenam
1033 2857 1158 2894 damni,
1183 2867 1266 2898 quae
1289 2868 1414 2899 separa-

349 2900 473 2931 tionem
496 2910 514 2930 a
537 2901 608 2931 Deo
635 2901 786 2940 ponebat.
821 2901 862 2931 Et
891 2902 967 2942 quia
999 2911 1056 2942 per
1086 2902 1221 2933 eandem
1252 2903 1414 2933 caritatem

351 2945 472 2975 amicus
495 2944 556 2975 Dei
580 2946 792 2982 constituitur,
816 2945 899 2976 tollit
921 2946 1071 2976 contritio
1095 2947 1312 2977 aeternitatem
1335 2957 1414 2987 poe-

350 2998 426 3019 nae:
452 2989 573 3020 amicus
597 2989 683 3019 enim
706 2999 774 3020 non
798 2995 844 3020 est
867 2990 1065 3020 aeternaliter
1087 2990 1280 3030 puniendus.
1314 2991 1364 3028 Et,
1389 2992 1415 3022 si

349 3032 430 3063 nihil
453 3032 539 3063 aliud
562 3033 658 3064 efficit
681 3034 841 3070 contritio,
866 3040 1009 3064 remanet
1028 3035 1183 3065 contritus
1199 3035 1356 3075 obligatus
1375 3035 1415 3066 ad

350 3086 491 3117 poenam
514 3087 635 3114 sensus,
660 3077 700 3108 ad
723 3087 821 3118 quam
845 3079 932 3118 prius
955 3079 1135 3109 tenebatur:
1161 3079 1216 3109 sed
1231 3089 1299 3109 non
1315 3085 1414 3110 aeter-

350 3120 463 3152 naliter
478 3121 705 3158 sustinendam,
722 3123 804 3152 sicut
818 3123 905 3162 prius
921 3123 1097 3153 tenebatur.
1121 3123 1162 3153 Et
1177 3124 1231 3159 sic,
1248 3123 1321 3154 licet
1337 3133 1415 3154 con-

351 3165 442 3195 tritus
465 3175 669 3206 perseverans
692 3176 861 3206 nunquam
877 3166 916 3197 ad
931 3166 1093 3198 infernum
1112 3168 1170 3198 iret
1193 3177 1342 3208 passurus
1365 3173 1415 3198 to-

351 3214 417 3239 tam
440 3219 579 3249 poenam
594 3209 719 3246 inferni,
743 3211 821 3241 nihil
845 3216 952 3241 tamen
976 3212 1124 3251 prohibet
1147 3212 1323 3252 obligatum
1339 3222 1415 3243 eum

351 3262 515 3284 remanere
539 3254 578 3284 ad
601 3260 723 3294 partem
746 3255 831 3285 illius
854 3264 979 3295 poenae
1011 3265 1093 3296 quae
1116 3256 1149 3286 in
1172 3255 1298 3286 inferno
1322 3258 1415 3287 susti-

351 3297 457 3328 nenda
480 3299 518 3328 ab
543 3299 614 3338 ipso
638 3304 712 3335 erat,
737 3300 856 3330 scilicet
879 3299 919 3330 ad
941 3309 1081 3340 poenam
1105 3310 1225 3331 sensus.

407 3341 471 3372 Ubi
493 3342 581 3373 vides
604 3342 694 3383 quod
717 3353 784 3374 non
801 3349 847 3374 est
870 3344 929 3374 alia
944 3353 1050 3384 poena
1073 3354 1156 3384 quae
1172 3344 1304 3375 debetur
1320 3346 1414 3375 alicui

353 3386 491 3416 contrito
515 3387 554 3416 ab
577 3386 630 3417 illa
653 3397 736 3427 quae
759 3388 885 3418 sibimet
908 3389 1080 3419 incontrito
1098 3388 1280 3425 debebatur,
1297 3389 1352 3420 sed
1369 3396 1415 3420 est

353 3429 472 3460 illamet
493 3440 600 3470 poena
623 3441 733 3462 sensus
756 3432 873 3462 relicta.
897 3432 939 3462 Et
956 3433 1024 3471 'hoc
1048 3439 1158 3463 contra
1181 3434 1321 3473 primum
1344 3444 1415 3464 mo-

353 3473 431 3504 dum
448 3473 583 3505 dicendi.
599 3493 623 3497 ——
636 3475 705 3506 Nec
720 3476 889 3506 intervenit
905 3478 1116 3507 commutatio
1132 3487 1257 3518 poenae
1270 3483 1415 3509 aeternae

494 3535 605 3560 Sinum:
623 3536 726 3562 Tmzot.
741 3537 773 3562 D.
784 3537 901 3563 Τηοκᾼε
921 3538 954 3564 Τ.
973 3538 1016 3564 IX.

1458 563 1492 592 in
1515 562 1742 603 temporalem:
1767 562 1823 592 sed
1846 563 2033 602 exspoliatio
2053 572 2177 603 poenae
2201 565 2239 593 ab
2264 566 2455 596 aeternitate.
2480 566 2521 596 Et

1459 607 1522 636 hoc
1547 612 1658 636 contra
1680 605 1859 636 secundum
1882 606 2017 637 modum
2042 607 2178 637 dicendi.

1514 650 1553 680 V.
1579 650 1622 681 Ut
1645 656 1753 680 autem
1775 656 1895 680 restans
1918 650 2084 687 dubitatio,
2109 661 2147 681 an
2173 652 2292 682 scilicet
2308 654 2456 683 contritio
2473 663 2521 683 re-

1459 694 1563 724 mittat
1589 703 1730 734 poenam
1757 704 1886 730 sensus,
1911 695 2069 731 solvatur,
2094 695 2259 726 sciendum
2284 702 2330 726 est
2360 697 2447 736 quod
2470 698 2522 727 hic

1461 744 1545 768 certa
1568 744 1643 768 sunt
1666 738 1742 768 duo.
1778 738 1921 769 Primum
1945 745 1991 769 est
2015 738 2122 780 quod,
2154 746 2276 780 quanto
2304 742 2452 771 contritio
2477 747 2523 771 est

1460 783 1579 818 maior,
1604 788 1692 812 tanto
1717 782 1789 822 plus
1812 783 1895 813 tollit
1918 783 1957 814 de
1981 793 2087 823 poena
2110 793 2220 814 sensus
2250 790 2383 824 peccato
2408 785 2522 815 debita.

1460 826 1647 857 Secundum
1671 832 1717 856 est
1740 826 1829 866 quod
1852 833 1938 857 tanta
1960 833 2150 867 potestesse
2175 829 2324 859 contritio
2349 829 2439 869 quod
2461 830 2523 859 tol-

1460 871 1539 901 leret
1561 876 1662 900 totam
1686 880 1826 910 poenam
1850 881 1970 902 sensuS.

1515 915 1714 954 Ambiguum
1737 924 1814 945 vero
1839 921 1885 945 est
1915 926 1955 946 an
1979 916 2275 956 quantulacumque
2299 918 2448 947 contritio
2473 927 2524 948 ca-

1461 960 1551 989 ritate
1574 959 1744 989 informata
1761 959 1814 999 (de
1838 960 1891 990 tali
1915 960 2001 990 enim
2025 966 2071 990 est
2094 961 2212 1000 sermo)
2229 961 2319 991 tollat
2341 961 2461 1001 aliquid
2485 962 2523 992 de

1461 1003 1514 1033 illa
1537 1013 1643 1043 poena
1667 1013 1787 1034 sensuS.
1820 1004 1914 1034 Multi
1937 1005 2023 1034 enim
2047 1005 2194 1035 videntur
2221 1005 2259 1035 de
2283 1006 2346 1036 hoc
2370 1005 2522 1036 dubitare.

1517 1048 1596 1078 Mihi
1618 1053 1725 1078 autem
1744 1053 1875 1087 apparet
1891 1048 1979 1088 quod
1995 1058 2066 1088 pars
2082 1049 2266 1080 affirmativa
2282 1055 2328 1079 est
2343 1060 2432 1086 vera;
2449 1060 2524 1090 pro-

1461 1097 1531 1132 pter
1554 1091 1632 1122 duas
1655 1092 1803 1128 rationes,
1829 1102 1966 1132 quarum
1990 1093 2159 1132 quaelibet,
2176 1093 2344 1130 verificata,
2364 1094 2524 1125 sufficiens

1462 1142 1518 1166 est.
1543 1136 1652 1166 Potest
1675 1137 1761 1166 enim
1786 1137 1934 1167 contritio
1959 1147 1996 1167 ex
2013 1137 2133 1177 duplici
2149 1139 2251 1178 capite
2267 1138 2388 1174 tollere,
2404 1140 2437 1169 in
2453 1144 2524 1169 toto

1461 1181 1512 1210 vel
1535 1181 1569 1210 in
1592 1185 1690 1220 parte,
1715 1190 1855 1220 poenam
1878 1190 1998 1211 sensus.
2034 1182 2159 1218 Primo,
2188 1192 2225 1212 ex
2249 1183 2441 1222 poenalitate
2465 1183 2524 1212 sibi

1462 1234 1594 1255 annexa.
1619 1225 1827 1264 Displicentia
1851 1226 1936 1255 enim
1960 1226 2122 1256 commissi
2146 1227 2285 1256 criminis
2308 1236 2374 1256 non
2394 1227 2453 1257 fert
2476 1236 2524 1257 se-

1462 1263 1538 1299 cum
1561 1269 1740 1299 necessario
1764 1269 2002 1309 poenalitatem,
2027 1279 2102 1300 cum
2118 1271 2157 1300 sit
2176 1271 2208 1300 in
2225 1271 2334 1310 patn'a,
2358 1271 2414 1301 ubi
2436 1271 2524 1301 nulla

1463 1318 1510 1343 est
1525 1313 1719 1352 poenalitas:
1744 1313 1799 1343 sed
1819 1314 1851 1343 in
1869 1314 2012 1344 subiecto
2029 1315 2210 1354 susceptivo
2228 1314 2357 1351 doloris,
2371 1325 2427 1345 seu
2446 1325 2524 1356 poe-

1462 1366 1532 1393 nae,
1545 1356 1606 1387 fert
1621 1366 1731 1387 secum
1747 1357 1930 1387 naturaliter
1952 1358 2150 1398 displicentia
2174 1358 2400 1398 poenalitatem
2424 1369 2525 1399 quan—

1464 1401 1554 1436 dam;
1586 1401 1734 1431 dolemus
1764 1402 1850 1431 enim
1881 1403 2095 1432 communiter
2125 1402 2164 1433 de
2187 1403 2302 1433 nostris
2326 1412 2408 1443 quae
2431 1404 2524 1433 nobis

1463 1445 1641 1484 displicent.
1665 1445 1706 1475 Et
1729 1446 1884 1485 quoniam
1907 1446 2094 1476 huiusmodi
2110 1456 2250 1486 poenam
2274 1457 2383 1487 parere
2407 1448 2525 1477 contri-

1463 1489 1544 1519 tioni
1567 1490 1753 1519 conveniret
1776 1490 1898 1519 seclusa
1917 1490 2069 1520 relatione
2094 1490 2133 1521 ad
2156 1497 2389 1522 sacramentum
2412 1493 2525 1531 poeni-

1463 1533 1597 1568 tentiae,
1621 1532 1713 1569 ideo,
1737 1533 1914 1563 secundum
1938 1535 2001 1564 hoc
2029 1540 2140 1574 caput,
2165 1535 2336 1566 dicendum
2360 1542 2406 1566 est
2437 1536 2526 1575 quod

1465 1577 1615 1607 contritio
1639 1577 1799 1616 quaelibet
1822 1578 2005 1617 simpliciter
2029 1584 2059 1608 et
2078 1579 2232 1614 absolute,
2257 1589 2294 1609 ex
2310 1589 2432 1610 annexa
2447 1590 2525 1619 poe-

1464 1621 1609 1656 nalitate,
1642 1621 1725 1650 tollit
1759 1621 1879 1661 aliquid
1913 1631 2038 1661 poenae
2072 1632 2198 1653 sensus:
2234 1624 2329 1653 habet
2363 1624 2448 1653 enim
2479 1634 2526 1654 sa-

1464 1663 1671 1694 tisfactoriam
1705 1665 1770 1694 vim
1804 1674 1911 1704 poena
1944 1666 2123 1696 voluntarie
2158 1673 2319 1707 assumpta
2352 1668 2526 1698 secundum

1464 1708 1570 1738 Deum
1582 1709 1609 1738 ἦ

1520 1752 1681 1788 Secundo,
1706 1762 1743 1782 ex
1760 1753 1874 1783 merito
1895 1754 2050 1793 passionis
2067 1754 2194 1785 Christi.
2218 1755 2275 1785 Est
2299 1756 2384 1786 enim
2407 1757 2527 1795 passio-

1465 1797 1513 1826 nis
1538 1796 1655 1826 Christi
1678 1797 1828 1827 meritum
1851 1798 2051 1828 remissivum
2067 1799 2131 1829 suis
2148 1799 2298 1829 membris
2321 1809 2445 1839 poenae
2468 1810 2527 1840 pro

1466 1841 1604 1880 peccatis
1620 1840 1754 1877 debitae,
1767 1841 1840 1881 plus
1853 1847 1883 1872 et
1895 1843 2001 1872 minus
2017 1848 2114 1882 prout
2129 1843 2189 1873 illis
2202 1844 2416 1883 coniungitur.
2430 1844 2529 1882 Quod

1465 1885 1570 1925 primo
1595 1890 1725 1924 apparet
1748 1886 1780 1915 in
1804 1886 1974 1926 baptismo,
1999 1887 2064 1922 ubi,
2089 1888 2164 1927 quia
2183 1888 2289 1927 passio
2306 1887 2423 1918 Christi
2447 1894 2528 1919 tota-

1465 1929 1536 1959 liter
1559 1930 1816 1960 communicatur
1839 1931 2009 1970 baptizato,
2027 1932 2118 1971 quasi
2134 1932 2202 1971 ipse
2218 1932 2395 1971 baptizatus
2418 1942 2528 1972 passus

1466 1978 1557 2008 esset,
1581 1979 1649 2003 tota
1671 1983 1777 2013 poena
1792 1974 1923 2005 tollitur.
1947 1975 2089 2015 Apparet
2105 1975 2219 2006 deinde
2236 1981 2266 2006 et
2282 1976 2314 2006 in
2331 1983 2528 2007 sacramento

1444 2017 1682 2057 ,poenitentiae
1713 2018 1875 2048 actualiter
1906 2024 2074 2059 suscepto,
2108 2019 2185 2050 dum
2216 2029 2253 2050 ex
2280 2020 2311 2050 vi
2341 2022 2528 2052 sacramenti

1466 2062 1724 2092 communicatur
1746 2062 1896 2092 meritum
1919 2064 2076 2102 passionis
2100 2063 2216 2094 Christi
2247 2064 2286 2094 ad
2308 2066 2528 2096 remissionem

1465 2105 1645 2145 aliquantae
1678 2106 1789 2136 saltem
1812 2115 1937 2146 poenae
1960 2117 2081 2138 sensus.
2116 2108 2157 2138 Et
2180 2108 2255 2147 quia
2278 2109 2464 2140 coniunctio
2488 2109 2528 2140 ad

1466 2150 1618 2180 meritum
1640 2150 1796 2190 passionis
1821 2150 1938 2181 Christi
1962 2152 2113 2182 convenit
2137 2153 2339 2188 contritioni,
2363 2163 2430 2183 non
2453 2154 2528 2184 sim-

1465 2193 1590 2233 pliciter
1614 2199 1645 2224 et
1667 2194 1822 2230 absolute,
1847 2194 1903 2225 sed
1925 2195 2020 2225 relate
2043 2195 2083 2226 ad
2102 2202 2335 2227 sacramentum
2358 2198 2527 2237 poeniten-

1465 2238 1537 2274 tiae,
1558 2247 1596 2268 ex
1619 2238 1682 2268 hoc
1706 2238 1795 2278 quod
1817 2239 1966 2269 contritio
1990 2239 2049 2269 fert
2072 2249 2182 2270 secum
2205 2246 2319 2271 votum
2341 2243 2528 2272 sacramenti

1466 2282 1692 2322 poenitentiae,
1717 2283 1883 2323 coniungit
1905 2284 2019 2313 merito
2035 2285 2191 2324 passionis
2208 2284 2326 2315 Christi
2348 2295 2405 2325 per
2426 2295 2528 2316 sacra—

1465 2332 1574 2356 menta
1596 2327 1690 2356 nobis
1713 2327 1963 2358 communicato.
1999 2328 2039 2358 Et
2062 2328 2240 2358 secundum
2264 2329 2326 2359 hoc
2351 2335 2456 2369 caput,
2481 2330 2527 2360 di-

1466 2370 1606 2400 cendum
1630 2376 1677 2400 est
1699 2370 1789 2410 quod
1812 2381 2037 2412 quaecumque
2060 2378 2167 2402 nostra
2191 2374 2339 2403 contritio
2366 2374 2450 2404 tollit
2473 2374 2528 2404 ali-

1467 2414 1545 2454 quid
1567 2424 1693 2454 poenae
1716 2425 1827 2445 sensus
1851 2425 1889 2445 ex
1911 2417 2026 2446 merito
2050 2417 2205 2456 passionis
2225 2417 2351 2452 Christi.
2375 2418 2457 2448 Nam
2480 2428 2528 2448 ra-

1465 2459 1618 2489 tionabile
1642 2464 1689 2489 est
1719 2459 1808 2499 quod
1830 2459 1903 2499 plus
1926 2469 2052 2500 poenae
2079 2460 2170 2491 tollat
2199 2462 2309 2491 caritas
2329 2467 2465 2492 ‘extensa
2489 2462 2528 2492 ad

1466 2508 1710 2539 sacramentum,
1735 2513 1832 2543 quam
1856 2513 1923 2534 non
1947 2510 2075 2534 extensa
2090 2504 2130 2535 ad
2145 2505 2233 2536 illud.
2258 2505 2320 2536 Sed
2337 2507 2446 2536 caritas
2462 2516 2528 2536 non

1467 2553 1595 2577 extensa
1617 2547 1658 2577 ad
1680 2553 1923 2584 sacramentum,
1941 2549 2042 2588 qualis
2059 2554 2124 2579 erat
2139 2550 2345 2589 antiquorum
2360 2551 2528 2590 poeniten-

1466 2592 1548 2621 tium
1571 2592 1701 2627 caritas,
1732 2592 1864 2622 tollebat
1891 2602 1928 2622 ex
1952 2593 1983 2622 vi
2007 2592 2138 2633 quidem
2169 2594 2304 2624 caritatis
2334 2599 2366 2624 et
2387 2603 2528 2634 poenam

1467 2635 1575 2665 damni
1598 2641 1630 2666 et
1653 2636 1871 2666 aeternitatem
1894 2646 2028 2676 poenae,
2053 2646 2091 2667 ex
2110 2647 2232 2668 annexa
2255 2643 2362 2668 autem
2385 2639 2529 2678 poenali-

1466 2685 1530 2710 tate
1553 2680 1686 2710 tollcbat
1716 2681 1749 2710 in
1772 2685 1842 2710 toto
1866 2681 1916 2710 vel
1943 2681 1976 2711 in
1999 2686 2087 2721 parte
2117 2691 2257 2721 poenam
2287 2692 2407 2714 sensus.
2443 2683 2527 2722 Ergo

1467 2724 1578 2754 caritas
1600 2725 1836 2764 poenitentium
1859 2725 1892 2754 in
1907 2734 1992 2755 nova
2006 2725 2086 2765 lege,
2112 2735 2194 2766 quae
2210 2732 2256 2756 est
2273 2727 2383 2756 caritas
2400 2732 2528 2757 extensa

1467 2767 1506 2798 ad
1529 2773 1763 2798 sacramentum
1786 2769 2013 2808 poenitentiae,
2037 2769 2109 2809 plus
2132 2779 2256 2809 poenae
2279 2770 2371 2800 tollit.

1522 2812 1629 2842 Minor
1651 2812 1747 2842 huius
1770 2813 1900 2842 rationis
1923 2813 2102 2853 propositio
2127 2813 2209 2843 clara
2229 2819 2284 2844 est.
2307 2832 2330 2836 —
2354 2814 2456 2844 Maior
2471 2824 2527 2844 au-

1466 2861 1532 2886 tem
1555 2855 1647 2886 facile
1663 2855 1813 2886 sua'detur
1829 2866 1867 2886 ex
1883 2866 1922 2886 eo
1947 2856 2036 2897 quod
2059 2858 2275 2897 poenitentiae
2294 2863 2527 2888 sacramentum

1467 2900 1630 2930 actualiter
1653 2900 1828 2930 exhibitum
1851 2906 1898 2930 est
1920 2901 2034 2940 procul
2058 2901 2156 2931 dubio
2179 2902 2379 2932 remissivum
2402 2911 2527 2942 poenae

1467 2953 1578 2974 sensus
1601 2944 1634 2974 in
1657 2949 1726 2974 toto
1750 2944 1800 2974 vel
1823 2945 1856 2974 in
1879 2950 1976 2984 parte.
2001 2945 2049 2975 Ex
2069 2945 2132 2975 hoc
2155 2946 2240 2975 enim
2265 2955 2465 2985 consequens
2482 2951 2528 2976 est

1468 2993 1503 3018 ut
1526 2987 1612 3018 idem
1627 2989 1734 3028 ipsum
1750 2994 1982 3018 sacramentum
1998 2989 2031 3018 in
2046 2994 2124 3019 voto
2141 2990 2275 3020 caritatis
2291 2990 2426 3020 existens
2442 2989 2528 3030 apud

1468 3033 1650 3068 contritum,
1668 3031 1788 3072 aliquid
1802 3032 1988 3063 huiusmodi
2003 3042 2128 3072 poenae
2145 3034 2291 3063 remittat.
2316 3033 2425 3064 Simile
2441 3034 2528 3064 enim

1468 3075 1546 3116 quid
1569 3077 1778 3116 perspicimus
1801 3077 1834 3106 in
1858 3077 2032 3116 baptismo:
2058 3077 2147 3117 quod
2162 3078 2282 3108 scilicet
2297 3077 2330 3108 id
2346 3077 2434 3118 quod
2450 3087 2528 3118 ope-

1468 3125 1554 3150 ratur
1576 3121 1752 3160 baptismus
1776 3121 1942 3156 exhibitus‚
1967 3127 2117 3160 operatur
2140 3122 2235 3152 etiam
2250 3122 2284 3152 in
2299 3127 2376 3152 voto
2393 3123 2528 3152 caritatis

1468 3164 1594 3194 habitus
1617 3174 1684 3194 non
1709 3165 1751 3194 ita
1774 3165 1916 3204 copiose.
1939 3183 1963 3186 —
1985 3165 2053 3195 Nec
2076 3165 2253 3196 excluditur
2283 3166 2410 3196 maioris
2434 3167 2528 3196 huius

1468 3209 1581 3238 veritas
1612 3209 1638 3238 si
1668 3208 1789 3239 dicatur
1819 3208 1908 3248 quod
1938 3209 2046 3239 caritas
2077 3215 2204 3240 extensa
2234 3209 2273 3240 ad
2296 3216 2528 3240 sacramentum

1468 3253 1564 3282 habet
1587 3262 1624 3282 ex
1648 3253 1833 3283 extensione
1861 3252 1900 3283 ad
1923 3259 2155 3284 sacramentum
2186 3254 2275 3294 quod
2298 3254 2387 3284 tollat
2410 3254 2529 3284 illamet

1469 3306 1552 3336 quae
1582 3297 1713 3327 tollebat
1744 3297 1854 3327 caritas
1877 3298 2083 3337 antiquorum
2107 3299 2342 3338 poenitentium
2374 3299 2528 3328 absolute.

1468 3341 1550 3371 Nam
1581 3341 1644 3371 hoc
1674 3351 1741 3371 non
1768 3346 1815 3371 est
1844 3342 2004 3372 caritatem
2035 3348 2195 3372 extensam
2227 3343 2267 3373 ad
2297 3348 2529 3373 sacramentum

1469 3385 1592 3415 efficere
1616 3385 1703 3425 plus:
1730 3384 1785 3415 sed
1808 3391 1854 3415 est
1877 3385 2001 3416 efficere
2025 3386 2168 3426 pluribus
2189 3387 2363 3417 rationibus
2379 3396 2481 3417 unum
2498 3392 2530 3417 et

1468 3429 1564 3459 idern.
1594 3430 1731 3460 Extensa
1754 3429 1912 3469 siquidem
1943 3431 2053 3460 caritas
2080 3431 2119 3461 ad
2146 3437 2378 3461 sacramentum
2409 3431 2529 3471 duplici

1467 3474 1589 3504 ratione
1613 3473 1695 3504 tollit
1718 3483 1857 3513 poenam
1881 3473 1989 3504 damni
2013 3480 2044 3504 et
2067 3475 2284 3505 aeternitatem
2303 3485 2444 3515 poenae:
2469 3475 2529 3505 sci-

2352 3551 2387 3574 44

2555 1711 2564 1720 ·
2578 1709 2613 1731 cf.
2625 1709 2646 1730 11
2656 1709 2689 1730 ad
2701 1709 2767 1735 Cor„

2555 1742 2605 1763 cap.
2620 1742 2660 1763 vn,
2677 1742 2736 1757 vers.
2752 1741 2768 1763 9

2555 1769 2606 1790 sqq.
