2918 4088
39 2330 57 2356 5
82 2314 133 2346 qn.
145 2292 240 2340 naun.

977 208 1240 255 QUAESTIO
1269 210 1439 257 LXVIII,
1468 210 1759 249 ARTICULUS
1788 213 1817 250 II

306 289 458 325 homine
484 287 661 337 quidquid
686 289 723 324 in
744 299 787 324 eo
807 292 867 324 est.
896 286 1146 324 Manifestum
1165 293 1221 322 est
1240 294 1370 323 autem

308 340 417 390 quod
444 341 567 377 homo
594 351 676 376 non
698 347 853 388 generat
879 339 1124 388 generatione
1143 339 1284 375 carnali
1313 351 1370 375 se-

307 393 483 430 cundum
498 392 685 442 spiritum,
701 392 770 429 sed
789 392 1006 429 secundum
1025 403 1192 428 carnem.
1214 392 1263 428 Et
1281 391 1369 428 ideo

307 445 375 483 filii
402 445 679 495 baptizatorum
710 457 802 482 curn
829 452 986 495 peccato
1006 443 1177 493 originali
1205 455 1369 480 nascun-

306 506 379 537 tur.
409 498 520 536 Unde
548 497 718 546 indigent
744 497 937 547 baptizari.

360 552 418 587 AD
445 562 604 588 TERTHJM
631 563 814 588 DICENDUM
835 550 944 600 quod
970 549 1022 587 illi
1040 549 1107 599 qui
1126 557 1215 586 sunt
1234 549 1369 587 sancti-

306 603 408 641 ficati
442 603 482 640 in
517 611 647 651 utero,
686 610 979 653 consequuntur
1014 602 1173 652 quidem
1209 602 1369 650 gratiam

1425 288 1702 325 emundantem
1731 302 1753 326 a
1780 299 1935 338 peccato
1965 292 2147 341 originali,
2177 307 2256 332 non
2279 303 2410 332 tamen
2437 308 2484 333 ex

1423 341 1498 377 hoc
1517 339 1600 389 ipso
1629 350 1920 390 consequuntur
1938 345 2208 393 characterem,
2229 360 2308 396 quo
2329 348 2480 385 Christo

1423 392 1722 440 configurentur.
1766 395 1814 430 Et
1850 403 2006 444 propter
2042 398 2137 444 hoc,
2173 399 2203 435 si
2232 400 2348 448 aliqui
2380 413 2484 438 nunc

1423 444 1750 482 sanctificarentur
1776 446 1816 482 in
1843 455 1973 492 utero⁷
2010 461 2163 486 necesse
2193 459 2290 488 esset
2324 464 2389 489 eos
2417 454 2482 490 ba—

1421 497 1564 546 ptizari,
1580 505 1622 534 ut
1640 510 1710 547 per
1724 499 2008 548 susceptionem
2023 502 2248 540 characteris
2267 503 2348 540 aliis
2362 517 2481 542 mem-

1423 550 1501 587 bris
1531 550 1670 588 Christi
1699 552 2040 590 conformarentur.

1065 747 1382 790 ARTICULUS
1413 748 1714 790 SECUNDUS

853 840 1008 872 UTRUM
1031 839 1126 871 SINE
1149 839 1367 871 BAPTISMO
1391 841 1564 879 ALIQU1s
1587 841 1735 873 Possrr
1758 842 1941 873 SALVAm

387 921 422 945 1v
439 921 524 952 δοιῇ,
544 921 602 946 dist.
621 927 655 951 iv,
675 928 720 953 qu.
738 927 776 951 m,
794 924 841 944 nrt.
862 919 885 951 3,
904 919 954 952 qu·
974 926 1002 951 ²3
1021 919 1055 944 lv
1076 919 1153 944 Cont.
1174 921 1262 949 Geni„
1283 927 1338 952 cap.
1356 927 1436 950 Lxx11;
1457 921 1554 951 Quodl.
1573 922 1616 952 Vl,
1635 927 1682 947 art.
1700 929 1718 953 4
1725 930 1732 953 ;
1752 922 1782 947 In
1803 923 1888 951 Ioan„
1907 930 1963 956 cap.
1981 931 2018 955 111,
2037 924 2095 950 lect.
2114 931 2135 954 1;
2155 932 2209 957 cap.
2228 933 2263 956 vs,
2281 927 2338 951 lect.
2356 935 2400 953 vn.

703 967 710 982 A

341 1003 399 1044 ψὰρ
420 1007 430 1022 ⁴
443 1015 491 1047 aa<
515 1004 538 1030 D
553 991 744 1030 secunaum
757 1003 810 1029 stc
825 1002 1060 1029 moeson-un.
1081 990 1242 1028 Videtur
1260 991 1367 1040 quod

335 1032 492 1101 ’ἱζὲᾼῖᾖ
517 1044 599 1082 sine
627 1043 820 1094 baptismo
839 1045 967 1081 nullus
985 1044 1106 1093 possit
1123 1043 1271 1080 salvari.
1301 1043 1367 1080 Di—

324 1096 444 1173 '‘Y-<2⁷³
466 1100 487 1135 ἢ
503 1092 565 1135 cit
583 1097 688 1134 enim
707 1097 911 1144 Dominus,
940 1097 1044 1134 Ioan.
1065 1109 1098 1134 111
1116 1097 1154 1133 *ε
1183 1098 1271 1134 Nisi
1288 1098 1367 1146 quis

365 1165 374 1183 ἓ
398 1144 460 1180 ”““-Τ”)
494 1156 666 1188 renatus
682 1151 805 1198 fuerit
823 1163 872 1188 ex
889 1162 988 1199 aqua
1007 1156 1040 1186 et
1059 1152 1195 1200 Spiritu
1215 1151 1364 1196 Sancto,

304 1215 379 1240 non
401 1205 704 1253 potestintroire
731 1205 768 1240 in
797 1215 958 1254 regnum
986 1204 1068 1240 Dei.
1113 1203 1190 1240 Sed
1218 1202 1268 1240 illi
1297 1202 1366 1240 soli

303 1256 501 1294 salvantur
528 1256 596 1306 qui
623 1268 787 1305 regnum
814 1255 887 1293 Dei
914 1256 1064 1293 intrant.
1107 1256 1209 1304 Ergo
1238 1257 1366 1293 nullus

303 1316 428 1359 potest
456 1309 594 1347 salvari
628 1309 710 1346 sine
738 1308 948 1358 baptismo,
982 1321 1062 1358 quo
1091 1309 1227 1358 aliquis
1263 1321 1366 1357 rege-

293 1369 459 1399 ‘n'eratur
485 1374 532 1399 ex
559 1374 661 1412 aqua
689 1369 725 1399 et
753 1362 895 1411 Spiritu
924 1362 1079 1399 Sancto.

359 1426 393 1451 2.
423 1416 656 1462 PRAETEREA,
676 1415 716 1452 in
734 1414 831 1452 libro
851 1415 896 1452 de
913 1415 1176 1452 Ecclesiasticis
1194 1416 1364 1464 Dogma-

302 1470 396 1506 tibus
417 1468 438 1490 '¹‘
471 1467 625 1505 dicitur:
659 1468 818 1505 Nullum
846 1469 1168 1514 catechumenum,
1199 1469 1365 1517 quamvis

276 1568 278 1570 Ι
302 1522 341 1558 in
369 1522 475 1558 bonis
494 1523 665 1570 operibus
692 1521 917 1569 defunctum,
947 1527 1137 1558 aeternam
1165 1523 1278 1558 vitam
1297 1522 1362 1557 ha-

297 1576 390 1612 here
416 1574 612 1619 credimus,
642 1579 794 1623 excepto
822 1575 1020 1622 martyrio,
1050 1576 1114 1611 ubi
1139 1579 1214 1610 tota
1239 1585 1363 1611 sacra-

301 1632 426 1664 menta
446 1632 463 1648 ⁸
488 1627 660 1676 baptismi
682 1627 924 1676 complentur.
955 1626 1031 1664 Sed
1060 1626 1091 1663 si
1119 1626 1254 1676 aliquis
1283 1626 1363 1663 sine

259 1725 261 1727 ι
300 1678 494 1729 baptismo
520 1678 641 1728 possit
668 1679 815 1727 salvari,
845 1679 1013 1716 maxime
1035 1679 1111 1716 hoc
1130 1679 1287 1716 haberet
1310 1680 1363 1715 lo-

295 1743 393 1770 cum
429 1731 470 1769 in
505 1732 791 1769 catechumenis
828 1732 932 1769 bona
969 1744 1087 1781 opera
1121 1732 1362 1779 habentibus,

231 1808 243 1813 -
295 1785 369 1835 *qui
395 1784 576 1822 videntur
602 1785 745 1823 habere
768 1786 891 1834 fidem
921 1798 995 1835 per
1021 1786 1251 1823 dilectionem
1279 1799 1363 1836 ope-

265 1856 274 1864 ·
295 1845 446 1878 mntem
464 1838 495 1875 *.
524 1838 686 1875 Videtur
713 1850 803 1886 ergo
831 1839 940 1888 quod
967 1838 1048 1875 sine
1067 1838 1259 1888 baptismo
1279 1841 1363 1876 nul-

292 1892 361 1930 lus
387 1891 508 1941 possit
534 1890 681 1928 salvari.

152 1943 274 1971 ''¹¹⁸⁰‘ss
296 1973 298 1976 .
356 1944 390 1981 3.
411 1945 643 1990 PRAETEREA,
673 1943 770 1981 sicut
797 1956 914 1994 supra
932 1944 953 1966 *
979 1944 1126 1982 dictum
1147 1952 1213 1992 est,
1243 1945 1363 1994 bapti-

299 1997 374 2035 smi
401 2003 686 2035 sacramentum
712 2004 768 2034 est
794 1997 843 2034 de
867 1997 1088 2035 necessitate
1116 1997 1255 2035 salutis.
1285 1999 1363 2035 Ne-

299 2050 508 2088 cessarium
536 2057 667 2086 autem
694 2057 750 2086 est
775 2052 855 2086 sine
882 2063 954 2099 quo
982 2063 1056 2088 non
1080 2056 1199 2100 potest
1225 2051 1366 2100 aliquid

265 2111 273 2154 3
299 2115 396 2149 esse,
425 2110 468 2140 ut
502 2102 640 2140 dicitur
666 2102 705 2139 in
732 2103 768 2139 V
790 2104 1004 2152 Metaphys.
1029 2103 1049 2125 ‘¹‘
1076 2104 1178 2151 Ergo
1212 2102 1364 2140 videtur

257 2161 259 2164 ’
296 2157 407 2206 quod
443 2156 525 2193 sine
552 2155 745 2205 baptismo
782 2157 909 2193 nullus
936 2155 1056 2204 possit
1092 2156 1277 2205 consequi
1305 2168 1362 2193 sa-

297 2211 429 2247 lutem.

351 2262 426 2300 SED
455 2273 600 2299 CONTRA
628 2273 693 2298 EST
721 2261 829 2310 quod
856 2261 1092 2309 Augustinus
1120 2260 1224 2308 dicit,
1252 2274 1363 2311 super

297 2317 412 2353 Levit.
428 2315 459 2362 ²¹²,
485 2315 702 2353 invisibilem
720 2316 1049 2362 sanctificationem
1069 2315 1286 2364 quibusdam
1306 2315 1362 2362 as—

286 2369 410 2417 fieisse
435 2374 470 2405 et
490 2368 679 2418 profuisse
696 2369 775 2404 sine
801 2368 999 2405 visibilibus
1020 2369 1283 2404 sacramentis:
1309 2369 1361 2405 vi-

295 2422 437 2459 sibilem
461 2417 551 2459 vero
579 2421 920 2468 sanctificationem,
942 2433 1036 2470 quae
1050 2422 1102 2469 fit
1127 2426 1361 2457 sacramento

296 2475 443 2521 visibili,
472 2475 552 2511 sine
578 2473 752 2511 invisibili
774 2485 882 2522 posse
908 2474 1052 2519 adesse,
1080 2473 1146 2510 sed
1171 2486 1245 2510 non
1269 2486 1360 2523 pro-

297 2528 408 2565 desse.
453 2527 556 2564 Cum
585 2538 675 2574 ergo
704 2533 989 2563 sacramentum
1020 2525 1200 2575 baptismi
1228 2526 1277 2563 ad
1304 2526 1359 2562 vi-

297 2579 447 2618 sibilem
475 2579 816 2617 sanctificationem
843 2578 1044 2628 pertineat,
1074 2578 1226 2615 videtur
1253 2579 1360 2627 quod

296 2633 379 2670 sine
408 2640 648 2670 sacramento
676 2631 856 2681 baptismi
888 2631 1024 2681 aliquis
1051 2631 1171 2680 possit
1197 2633 1359 2668 salutem

295 2685 484 2735 consequi
510 2697 580 2735 per
607 2684 839 2722 invisibilem
867 2684 1220 2721 sanctificationem.

349 2740 575 2776 RESPONDEO
595 2750 778 2775 mei-:NDUM
797 2738 905 2786 quod
933 2745 1218 2775 sacramentum
1239 2737 1359 2786 bapti-

292 2791 370 2829 smi
397 2791 599 2840 dupliciter
631 2798 756 2840 potest
783 2790 896 2827 alicui
924 2791 1067 2827 deesse.
1110 2791 1197 2828 Uno
1225 2790 1357 2837 modo,

295 2852 333 2881 et
359 2856 400 2882 re
433 2851 470 2881 et
496 2851 608 2881 voto:
644 2844 753 2893 quod
787 2843 971 2892 contingit
1005 2843 1045 2880 in
1081 2843 1149 2880 illis
1184 2843 1251 2892 qui
1287 2855 1359 2879 nec

294 2897 537 2947 baptizantur
564 2909 636 2933 nec
662 2895 845 2946 baptizari
872 2897 1019 2933 volunt.
1055 2896 1174 2943 Quod
1202 2896 1358 2932 manife-

293 2957 350 2987 ste
387 2950 437 2987 ad
464 2957 733 2999 contemptum
773 2949 1000 2986 sacramenti
1028 2949 1208 2998 pertinet,
1238 2961 1358 2997 quan-

293 3010 379 3040 tum
406 3003 458 3041 ad
485 3003 569 3040 illos
596 3002 665 3052 qui
692 3002 836 3040 habent
853 3015 971 3039 usum
999 3001 1106 3039 liberi
1129 3001 1280 3038 arbitrii.
1311 3002 1359 3038 Et

294 3055 384 3093 ideo
411 3055 453 3093 hi
485 3055 627 3106 quibus
655 3056 732 3093 hoc
759 3056 880 3093 modo
908 3056 1014 3092 deest
1041 3055 1270 3104 baptismus,
1301 3067 1357 3091 sa-

292 3110 416 3146 lutem
435 3108 622 3158 consequi
640 3121 721 3146 non
739 3115 919 3158 possunt:
943 3108 1034 3157 quia
1053 3120 1124 3144 nec
1143 3119 1357 3144 sacramen-

1422 991 1544 1029 taliter
1568 1004 1640 1030 nec
1668 993 1881 1031 mentaliter
1909 995 2062 1032 Christo
2090 994 2394 1046 incorporantur,
2414 1011 2484 1048 per

1422 1057 1540 1094 quem
1570 1047 1698 1083 solum
1727 1054 1782 1083 est
1809 1048 1922 1084 salus.

1474 1097 1559 1135 Alio
1579 1099 1699 1135 modo
1728 1107 1852 1148 potest
1870 1109 2153 1138 sacramentum
2173 1102 2352 1151 baptismi
2370 1104 2482 1142 alicui

1421 1151 1553 1188 deesse
1582 1164 1633 1198 re,
1663 1153 1730 1189 sed
1758 1165 1838 1189 non
1866 1161 1977 1191 voto:
2012 1154 2108 1191 sicut
2135 1167 2226 1192 cum
2253 1155 2388 1205 aliquis
2416 1157 2481 1194 ba-

1419 1203 1551 1253 ptizari
1590 1205 1797 1253 desiderat,
1836 1207 1903 1242 sed
1940 1206 2067 1256 aliquo
2105 1220 2196 1245 casu
2236 1210 2481 1258 praevenitur

1419 1265 1543 1294 morte
1571 1265 1779 1307 antequam
1807 1258 2043 1308 baptismum
2071 1261 2259 1310 suscipiat.
2290 1262 2394 1299 Talis
2413 1276 2479 1300 au-

1419 1317 1497 1347 tem
1526 1310 1607 1347 sine
1626 1311 1818 1360 baptismo
1845 1312 1980 1349 actuali
2008 1314 2169 1350 salutem
2197 1315 2382 1364 consequi
2409 1329 2478 1365 po-

1418 1369 1499 1410 test,
1528 1371 1686 1412 propter
1705 1364 1937 1402 desiderium
1961 1365 2150 1415 baptismi,
2171 1367 2279 1416 quod
2306 1370 2479 1417 procedit

1418 1428 1465 1453 ex
1471 1417 1556 1464 fide
1568 1429 1640 1466 per
1659 1417 1887 1454 dilectionem
1907 1425 2082 1467 operante
2095 1419 2125 1465 ²⁸,
2145 1431 2215 1468 per
2233 1433 2352 1469 quam
2371 1422 2477 1459 Deus

1401 1468 1574 1506 >interius
1593 1470 1791 1507 hominem
1814 1471 2030 1518 sanctificat,
2047 1472 2156 1508 cuius
2170 1473 2339 1522 potentia
2358 1487 2477 1512 sacra-

1417 1522 1555 1559 mentis
1574 1522 1784 1560 visibilibus
1804 1536 1883 1560 non
1904 1524 2084 1571 alligatur.
2115 1526 2224 1562 Unde
2249 1527 2476 1564 Ambrosius

1416 1574 1506 1612 dicit
1527 1575 1548 1597 ²¹⁸
1574 1575 1623 1612 de
1651 1576 1928 1623 Valentiniano,
1949 1577 2015 1626 qui
2043 1579 2342 1616 catechumenus
2373 1592 2475 1618 mor-

1416 1635 1506 1664 tuus
1519 1628 1604 1665 fuit:
1626 1630 1744 1671 Quem
1764 1636 2050 1679 regeneraturus
2069 1643 2184 1677 eram,
2200 1633 2327 1669 amisi:
2344 1645 2475 1670 verun-

1416 1686 1539 1718 tamen
1561 1682 1620 1718 ille
1638 1683 1801 1732 gratiam
1821 1695 1932 1731 quam
1945 1685 2124 1732 poposcit,
2145 1696 2220 1721 non
2239 1686 2371 1722 amisit.

1470 1735 1527 1771 An
1556 1746 1690 1772 PRIMUM
1718 1747 1816 1772 ERGO
1844 1747 2023 1773 DICENDUM
2052 1737 2179 1785 quod,
2215 1737 2312 1775 sicut
2339 1737 2476 1776 dicitur

1416 1787 1431 1823 Ι
1449 1788 1546 1836 Reg.
1566 1799 1625 1824 xv¹
1643 1787 1674 1835 ²¹⁸,
1704 1789 1869 1825 homines
1895 1789 2020 1826 vident
2038 1802 2082 1826 ea
2110 1802 2207 1839 quae
2220 1797 2368 1840 parent,
2396 1793 2474 1829 Do—

1416 1841 1539 1876 minus
1566 1846 1688 1883 autem
1716 1843 1874 1878 intuetur
1901 1853 1977 1878 cor.
2007 1843 2070 1878 Ille
2089 1850 2218 1880 autem
2240 1843 2307 1892 qui
2327 1844 2474 1881 deside-

1417 1900 1473 1929 rat
1498 1905 1569 1942 per
1595 1893 1831 1942 baptismum
1853 1897 2074 1943 regenerari
2099 1907 2148 1932 ex
2166 1908 2264 1945 aqua
2282 1903 2316 1933 et
2338 1899 2474 1946 Spiritu

1417 1947 1564 1991 Sancto,
1593 1946 1709 1983 corde
1737 1946 1896 1995 quidem
1924 1955 2165 1994 regeneratus
2193 1956 2259 1995 est,
2285 1949 2370 1986 licet
2394 1962 2474 1987 non

1417 2010 1598 2047 corpore:
1628 1999 1724 2036 sicut
1751 2006 1787 2036 et
1805 2001 2012 2048 Apostolus
2031 2000 2129 2048 dicit,
2149 2002 2259 2038 Rom.
2281 2002 2346 2050 11³⁶,
2367 2004 2475 2052 quod

1416 2053 1646 2088 circumcisio
1681 2053 1803 2089 cordis
1835 2058 1886 2089 est
1913 2054 1949 2089 in
1982 2055 2132 2103 spiritu,
2166 2066 2240 2091 non
2270 2057 2308 2091 in
2336 2056 2454 2093 littera
2462 2071 2475 2101 ,·

1416 2105 1519 2140 cuius
1546 2105 1626 2141 laus
1655 2117 1729 2141 non
1759 2117 1808 2141 ex
1833 2107 2053 2152 hominibus,
2082 2107 2148 2143 sed
2173 2119 2222 2144 ex
2247 2109 2330 2145 Deo
2352 2112 2419 2145 ‘est.

1469 2158 1526 2193 AD
1545 2169 1733 2194 SECUNDUM
1751 2169 1932 2195 DICENDUM
1951 2159 2058 2207 quod
2077 2161 2205 2196 nullus
2223 2160 2398 2209 pervenit
2424 2162 2474 2198 ad

1415 2208 1532 2246 vitam
1563 2217 1757 2246 aeternam
1784 2209 1856 2247 nisi
1884 2211 2081 2248 absolutus
2109 2213 2157 2249 ab
2180 2213 2287 2250 omni
2306 2215 2420 2263 culpa
2438 2222 2474 2251 et

1415 2269 1522 2299 reatu
1541 2273 1701 2311 poenae.
1732 2263 1843 2309 Quae
1863 2263 2022 2312 quidem
2040 2264 2264 2302 universalis
2283 2266 2472 2304 absolutio

1414 2314 1458 2351 fit
1476 2314 1515 2351 in
1533 2315 1777 2364 perceptione
1796 2315 1975 2365 baptismi
1991 2317 2021 2364 ³¹²,
2042 2325 2079 2354 et
2096 2317 2136 2354 in
2154 2318 2355 2368 martyrio:
2384 2331 2473 2369 pro—

1413 2375 1498 2416 pter
1524 2368 1630 2416 quod
1668 2367 1804 2404 dicitur
1839 2370 1946 2418 quod
1973 2369 2013 2406 in
2045 2371 2227 2420 martyrio
2265 2374 2391 2409 omnia
2415 2375 2472 2409 Sa-

1413 2426 1604 2457 cramenta
1639 2423 1811 2470 baptismi
1836 2423 2084 2472 complentur,
2113 2423 2252 2460 scilicet
2283 2433 2473 2473 quantum

1413 2473 1462 2510 ad
1481 2475 1636 2522 plenam
1655 2473 1920 2511 liberationem
1940 2487 1962 2512 a
1981 2476 2094 2525 culpa
2113 2483 2149 2512 et
2167 2488 2305 2525 poena.
2328 2477 2368 2515 Si
2387 2477 2473 2526 quis

1413 2538 1504 2574 ergo
1532 2527 1832 2563 catechumenus
1860 2527 1906 2564 sit
1933 2528 2080 2565 habens
2099 2528 2333 2566 desiderium
2352 2530 2472 2580 bapti—

1413 2578 1486 2615 smi
1513 2578 1620 2628 (quia
1652 2579 1757 2616 aliter
1783 2579 1823 2616 in
1850 2580 1962 2617 bonis
1990 2581 2170 2630 operibus
2198 2593 2278 2619 non
2306 2595 2473 2620 morere-

1411 2639 1484 2678 tur,
1514 2643 1613 2681 quae
1633 2643 1713 2668 non
1731 2640 1893 2683 possunt
1911 2645 1993 2670 esse
2022 2633 2102 2671 sine
2118 2635 2203 2682 fide
2223 2647 2296 2685 per
2314 2636 2472 2673 dilectio—

1413 2697 1497 2721 nem
1525 2686 1726 2734 operante),
1750 2685 1832 2722 talis
1860 2686 2049 2723 decedens
2077 2699 2158 2723 non
2186 2688 2310 2725 statim
2338 2701 2472 2737 perve-

1412 2736 1467 2773 nit
1493 2737 1543 2774 ad
1563 2736 1682 2774 vitam
1702 2745 1907 2786 aeternam,
1936 2739 2004 2776 sed
2031 2739 2194 2788 patietur
2211 2753 2381 2789 poenam
2400 2754 2470 2791 pro

1411 2789 1574 2838 peccatis
1601 2790 1829 2839 praeteritis,
1868 2793 1944 2841 ipse
1974 2798 2097 2830 tamen
2125 2794 2248 2830 salvus
2279 2796 2347 2830 erit
2373 2794 2393 2816 *
2419 2797 2472 2831 sic

1412 2844 1518 2892 quasi
1537 2855 1610 2892 per
1637 2845 1775 2892 ignem,
1804 2851 1847 2880 ut
1873 2844 2042 2881 diciturl
2065 2847 2152 2882 Cor.
2174 2858 2206 2882 111
2225 2846 2255 2882 *.

1464 2896 1521 2932 AD
1552 2906 1711 2933 TERTIUM
1744 2908 1925 2934 DICENDUM
1953 2898 2061 2946 quod
2097 2910 2168 2947 pro
2196 2905 2301 2935 tanto
2333 2899 2471 2937 dicitur

1411 2956 1694 2985 sacramentum
1722 2948 1901 2998 baptismi
1919 2961 2001 2986 esse
2021 2951 2068 2987 de
2088 2951 2309 2988 necessitate
2327 2952 2468 2998 salutis,

1411 3001 1502 3050 quia
1529 3013 1610 3038 non
1637 3008 1761 3050 potest
1788 3013 1870 3038 esse
1902 3002 2070 3040 hominis
2099 3005 2199 3040 salus
2236 3004 2309 3040 nisi
2337 3006 2470 3042 saltem

1411 3054 1450 3091 in
1469 3055 1665 3091 voluntate
1693 3054 1895 3092 habeatur:
1930 3067 2029 3104 quae
2056 3057 2158 3105 apud
2173 3058 2295 3093 Deum
2324 3064 2470 3107 reputa·
2497 3066 2708 3115 ἕηΑριεξιξπῗῦῗῖ·

2497 3125 2556 3141 vers.
2571 3125 2590 3146 3.

1410 3113 1470 3143 tur
1492 3119 1566 3156 pro
1591 3108 1693 3153 facto
1712 3107 1742 3143 ³¹³.

345 3220 374 3257 α)
393 3225 451 3248 tota
477 3226 655 3248 sacramenta.
681 3237 701 3242 —
727 3223 817 3248 omnia
843 3227 1013 3248 sacramenta
1032 3222 1078 3251 sG.
1098 3225 1155 3247 tota
1183 3222 1269 3247 virtus
1287 3221 1352 3252 (om.
1371 3220 1506 3255 baptismi)
1525 3221 1558 3251 F,
1577 3225 1661 3246 totum
1685 3225 1883 3246 sacramentum
1903 3221 2036 3246 editiones.
2053 3235 2072 3241 —-
2093 3223 2259 3255 complentur
2277 3222 2373 3248 EIsDG
2391 3229 2417 3249 et
2437 3231 2470 3254 a,-

287 3258 470 3290 compleretur
485 3257 625 3297 ACFpBi),
643 3259 841 3290 complerentur
860 3258 936 3291 ΗΡΘ,
955 3258 1103 3290 completur
1121 3258 1157 3282 sB
1175 3262 1201 3282 et
1219 3257 1354 3282 editiones.

2505 1428 2515 1438 ·
2522 1426 2559 1448 Ad
2569 1427 2656 1455 Galat„
2665 1433 2716 1456 cap.

2504 1460 2525 1480 v,
2541 1459 2600 1476 vers.
2615 1454 2636 1475 6.

2504 1586 2514 1595 ''
2533 1584 2582 1606 Lib.
2603 1584 2632 1606 de
2648 1585 2716 1606 Obitu

2508 1610 2628 1637 Valentia„
2644 1617 2666 1633 n.
2677 1617 2714 1639 29,

2502 1797 2513 1807 '¹
2526 1796 2593 1818 Vers.
2608 1802 2630 1824 7.

2502 2008 2512 2018 ·
2527 2006 2594 2028 Vers.
2608 2012 2644 2034 29.

2500 2328 2511 2338 ⁹
2525 2327 2553 2349 D.
2568 2326 2618 2354 269.

2499 2801 2509 2810 ·
2524 2799 2551 2821 D.
2568 2805 2629 2822 ¹202.

2498 2853 2508 2863 '¹
2523 2851 2589 2874 Vers.
2606 2859 2636 2880 ¹5.

966 3336 1298 3368 Commentaria
1319 3335 1571 3368 Cardjnalis
1594 3334 1795 3367 Caietani

1407 3421 1592 3455 parentum:
1616 3416 1787 3456 praecipue
1811 3425 1886 3446 cum
1909 3416 2017 3456 aliquo
2041 3417 2188 3447 exteriori
2207 3418 2309 3457 signo.
2334 3418 2469 3449 Moveor
2495 3421 2556 3469 ''¹¹1⁸'ss
2557 3421 2644 3469 ilisa*
2655 3428 2706 3449 cap.

385 3460 530 3491 nabiliter
546 3461 683 3492 occurrit
705 3460 886 3497 dicendum,
909 3459 998 3500 quod
1012 3461 1045 3490 in
1067 3469 1142 3490 casu
1160 3460 1352 3490 necessitatis
1408 3465 1515 3490 autem
1539 3459 1578 3490 ad
1601 3460 1673 3496 hoc,
1697 3460 1821 3499 primo,
1846 3469 1883 3490 ex
1913 3461 2098 3491 auctoritate
2123 3460 2302 3501 Gregorii*
2324 3461 2467 3498 dicentis,
2496 3476 2506 3485 ·
2523 3472 2583 3495 Pan.
2605 3474 2632 3499 11,
2655 3480 2706 3502 cap.

218 3455 225 3462 ·
256 3417 308 3433 ‘⁷'
323 3426 457 3490 CmCA
481 3416 563 3447 duos
589 3417 711 3458 primos
745 3417 894 3447 articulos
916 3417 980 3446 hoc
1003 3415 1109 3446 solum
1131 3425 1200 3446 non
1230 3416 1352 3446 irratio-

292 3503 332 3534 ad
354 3504 488 3535 salutem
511 3514 687 3545 puerorum
709 3503 854 3535 sufficere
877 3504 1002 3535 videtur
1021 3504 1195 3544 baptismus
1218 3504 1251 3533 in
1273 3509 1351 3534 voto
1379 3533 1381 3545 Ι
1408 3503 1493 3543 apud
1517 3504 1702 3543 Magistrum
1731 3503 1981 3540 Sententiarum,
2006 3505 2039 3534 in
2061 3515 2072 3534 1
2096 3504 2165 3535 dist.
2182 3506 2199 3522 θ’
2222 3505 2351 3543 Quarti,
2377 3511 2408 3537 et
2430 3506 2468 3537 de
2497 3500 2632 3528 Qua‘ffl'ff·
