2918 4088
183 366 194 377 ·
214 365 271 387 Petr.
287 364 394 390 Tui-anu,

185 391 290 417 IVSent.‚
297 390 350 412 dist.
357 397 394 417 vn,

185 424 223 446 qu.
239 424 254 444 ι,
270 421 311 439 art.
329 424 346 439 ι.

183 688 193 698 ·
207 686 272 708 Vers.
288 693 309 714 7.

184 957 194 967 '¹
208 955 274 978 Vei-⁸.
288 962 324 985 39.

183 1262 192 1272 ¹
207 1261 272 1282 Vers.
290 1267 322 1289 ¹9-

185 1823 195 1834 ·
210 1822 260 1843 Art.
282 1821 396 1849 praeced„
444 1817 446 1820 ’

185 1849 213 1870 sd
231 1855 249 1870 ι.

185 2008 195 2018 ·
207 2006 242 2028 Cf.
253 1981 303 2028 Αεῗ.
315 2012 364 2034 cap.
373 2012 396 2034 n,

184 2039 243 2055 vers.
258 2039 270 2054 2
286 2039 336 2061 sqq.

185 2091 195 2101 ·
209 2089 275 2110 Vers.
292 2095 324 2117 ¹7.

186 2411 195 2420 ·
216 2409 263 2436 Qu.
282 2415 335 2437 va,
355 2413 396 2431 art.

184 2441 205 2463 3,
219 2442 242 2462 4·

187 3044 199 3055 ·
207 3043 254 3071 Qu.
262 3049 322 3071 uvi,
330 3048 371 3066 art.
377 3050 397 3073 3.

427 174 496 210 126

421 255 490 292 fuit
518 255 729 292 institutum
770 267 841 292 nec
869 267 891 291 a
921 253 1071 291 Christo
1101 265 1172 290 nec
1200 252 1247 289 ab
1277 250 1480 300 Apostolis,

422 308 489 345 sed
517 316 650 357 postea
677 320 860 358 processu
887 306 1071 356 temporis
1099 305 1138 342 in
1164 305 1337 354 quodam
1356 303 1482 340 conci-

421 361 484 398 lio.
515 361 626 398 Alii*
653 373 746 398 vero
776 361 952 398 dixerunt
980 359 1086 408 quod
1114 358 1183 395 fuit
1201 357 1414 394 institutum
1434 356 1482 393 ab

422 414 625 463 Apostolis.
646 437 671 441 -
693 414 769 452 Sed
797 415 873 451 hoc
891 425 971 450 non
989 419 1113 462 potest
1141 423 1240 448 esse:
1271 409 1362 459 quia
1380 409 1482 446 insti-

421 475 528 504 tuere
557 480 706 505 novum
735 474 1017 504 sacramentum
1054 464 1215 514 pertinet
1243 464 1291 500 ad
1319 469 1483 512 potesta-

422 528 500 557 tem
529 520 780 567 excellentiae,
810 531 910 568 quae
938 517 1120 567 competit
1148 516 1218 554 soli
1247 515 1410 552 Christo.

475 574 524 610 Et
551 574 637 610 ideo
666 573 875 610 dicendum
903 571 1009 621 quod
1033 569 1206 607 Christus
1225 568 1380 605 instituit
1408 568 1483 604 hoc

423 634 717 673 sacramentum,
746 638 827 662 non
847 624 1076 670 exhibendo,
1107 623 1174 660 sed
1202 621 1480 671 promittendo:

423 679 639 716 secundum
667 679 759 716 illud
787 680 890 715 Ioan.
910 690 969 714 xw
988 677 1025 713 *z
1055 677 1143 713 Nisi
1161 687 1233 725 ego
1253 676 1391 720 abiero,
1411 675 1482 710 Pa-

422 733 573 769 raclitus
601 744 675 769 non
703 733 822 770 veniet
849 731 900 768 ad
925 743 1006 768 vos:
1031 731 1065 766 si
1090 734 1212 766 autem
1240 729 1380 774 abiero,
1402 728 1483 763 mit-

422 791 498 822 tam
526 797 610 822 eum
631 785 682 822 ad
697 797 773 823 vos.
803 785 851 821 Et
879 785 955 820 hoc
982 783 1070 820 ideo
1099 781 1190 831 quia
1208 781 1247 818 in
1267 782 1343 818 hoc
1362 792 1483 816 sacra-

422 846 554 875 mento
574 838 685 875 datur
703 837 902 887 plenitudo
930 835 1091 885 Spiritus
1118 834 1257 880 Sancti,
1278 846 1377 883 quae
1403 845 1483 869 non

422 898 501 928 erat
515 891 644 928 danda
658 898 744 927 ante
760 889 897 927 Christi
912 888 1230 926 resurrectionem
1245 894 1281 924 et
1295 886 1484 923 ascensio-

422 956 528 980 nem:
551 943 766 980 secundum
781 943 873 979 illud
892 943 984 979 Ioan
998 941 1096 979 V11*:
1118 940 1298 978 Nondum
1314 945 1393 976 erat
1407 940 1484 988 Spi-

422 999 511 1033 ritus
534 997 649 1042 datus,
672 998 756 1045 quia
775 998 878 1032 Iesus
898 995 1062 1032 nondum
1082 1000 1162 1031 erat
1179 994 1420 1043 glorificatus.

474 1050 531 1085 Ao
565 1061 754 1086 SECUNDUM
789 1060 970 1085 DICENDUM
1004 1047 1111 1096 quod
1150 1044 1393 1083 confirmatio
1430 1051 1485 1080 est

421 1109 704 1138 sacramentum
739 1099 984 1150 plenitudinis
1021 1099 1180 1147 gratiae:
1218 1106 1253 1135 et
1281 1098 1369 1135 ideo
1405 1109 1485 1134 non

420 1154 543 1203 potuit
570 1154 713 1190 habere
741 1153 885 1202 aliquid
913 1151 1151 1201 respondens
1179 1151 1218 1188 in
1245 1150 1364 1187 veteri
1392 1151 1484 1197 lege,

421 1207 510 1256 quia
546 1207 637 1243 nihil
670 1207 720 1244 ad
740 1207 948 1255 perfectum
984 1205 1139 1242 adduxit
1167 1204 1249 1250 lex,
1279 1211 1321 1240 ut
1349 1202 1486 1240 dicitur

419 1262 517 1297 Heb.
538 1271 583 1296 vn
602 1259 633 1296 ²³⁶.

1091 172 1353 220 QUAESTIO
1383 172 1539 217 LXXII,
1574 170 1867 208 ARTICULUS
1894 171 1924 207 ΙΙ

1591 252 1648 287 AD
1667 262 1826 287 TERTIUM
1845 261 2026 286 mcENDUM
2041 250 2158 298 quod,
2175 249 2271 287 sicut
2286 261 2401 299 supra
2414 250 2435 272 '¹‘
2453 249 2599 287 dictum

1538 311 1603 350 est,
1633 302 1765 340 omnia
1789 310 2026 339 sacramenta
2054 310 2142 339 sunt
2161 302 2371 351 aliqualiter
2388 303 2601 341 necessaria

1538 357 1587 393 ad
1616 357 1797 393 salutem:
1836 355 1903 391 sed
1932 355 2125 404 quaedam
2160 355 2240 392 sine
2269 355 2410 404 quibus
2437 368 2518 393 non
2546 363 2602 393 est

1538 410 1650 456 salus,
1671 409 1863 458 quaedam
1878 420 1972 444 vero
1991 407 2088 445 sicut
2106 420 2206 457 quae
2222 415 2429 457 operantur
2447 409 2496 445 ad
2515 421 2600 458 per-

1536 462 1740 499 fectionem
1769 460 1908 498 salutis.
1944 461 1992 498 Et
2019 461 2096 498 hoc
2123 460 2244 498 modo
2272 460 2516 498 confirmatio
2545 469 2602 498 est

1538 516 1586 552 de
1606 514 1825 552 necessitate
1846 513 1990 551 salutis:
2021 513 2200 563 quamvis
2219 513 2300 550 sine
2319 526 2364 551 ea
2382 514 2500 563 possit
2519 526 2601 551 esse

1539 570 1650 615 salus,
1664 567 1882 605 dummodo
1898 579 1977 604 non
1992 566 2311 616 praetermittatur
2321 579 2367 603 ex
2377 574 2601 616 contemptu

1538 620 1776 658 sacramenti.
1787 654 1789 656 .

1591 675 1648 711 Ao
1678 686 1849 716 QUARTUM
1876 685 2058 711 mCENDUM
2087 673 2195 722 quod
2223 672 2273 709 illi
2302 672 2369 721 qui
2396 672 2602 709 confirma—

1538 726 1683 764 tionem
1712 726 1919 776 accipiunt,
1954 739 2053 776 quae
2083 734 2138 763 est
2166 733 2450 763 sacramentum
2482 724 2602 774 pleni-

1538 779 1679 817 tudinis
1702 779 1852 828 gratiae,
1884 779 2035 817 Christo
2055 779 2345 816 conformantur
2372 778 2603 827 inquantum

1539 832 1619 882 ipse
1648 845 1669 869 a
1697 832 1824 881 primo
1853 833 2005 870 instanti
2033 845 2124 870 suae
2144 831 2405 882 conceptionis
2432 831 2501 868 fuit
2523 831 2602 880 ple-

1532 898 1607 923 nus
1634 887 1782 935 gratiae
1809 892 1842 922 et
1868 887 2040 932 veritatis,
2069 893 2111 922 ut
2130 885 2267 923 dicitur
2285 883 2459 922 Ioan.1*.
2490 884 2602 931 Quae

1539 939 1699 988 quidem
1740 938 1939 987 plenitudo
1981 939 2170 976 declarata
2211 946 2266 976 est
2307 938 2346 975 in
2388 937 2601 986 baptismo,

1539 992 1696 1041 quando
1726 993 1880 1041 Spiritus
1900 994 2054 1029 Sanctus
2073 992 2255 1029 descendit
2277 991 2469 1042 corporali
2483 992 2604 1040 specie

1538 1057 1650 1094 super
1681 1057 1765 1081 eum
1785 1044 1815 1081 ’¹‘.
1859 1045 1970 1082 Unde
2006 1052 2042 1081 et
2076 1046 2171 1082 Luc.
2201 1057 2236 1082 1v
2254 1045 2295 1067 ³⁸*
2322 1044 2459 1082 dicitur
2495 1043 2603 1092 quod

1538 1099 1642 1134 Iesus
1655 1098 1789 1147 plenus
1804 1099 1940 1147 Spiritu
1955 1099 2091 1135 Sancto
2111 1110 2301 1147 regressus
2319 1103 2370 1135 est
2388 1110 2412 1134 a
2425 1097 2601 1134 Iordane.

1538 1151 1632 1187 Non
1660 1158 1791 1186 autem
1818 1150 2073 1187 conveniebat
2100 1150 2269 1198 dignitati
2290 1149 2441 1197 Christi,
2461 1149 2528 1198 qui
2548 1157 2604 1186 est

1539 1210 1867 1239 sacramentorum
1898 1210 2041 1249 auctor,
2071 1211 2113 1239 ut
2132 1216 2155 1240 a
2174 1210 2413 1240 sacramento
2441 1202 2603 1251 plenitu-

1539 1255 1668 1292 dinem
1699 1255 1839 1303 gratiae
1872 1254 2070 1304 acciperet.

1187 1400 1508 1444 ARTICULUS
1538 1399 1840 1442 SECUNDUS

785 1498 942 1530 UTRUM
967 1497 1161 1528 CHRISMA
1185 1496 1252 1527 srr
1277 1494 1556 1526 CONVENIENS
1579 1494 1778 1524 MATERIA
1801 1494 1934 1525 Holus
1957 1494 2238 1530 SACRAMENTI

739 1577 813 1606 Infra,
834 1584 877 1609 qu.
897 1583 994 1607 Lxxxw,
1014 1581 1062 1601 art.
1082 1582 1105 1606 ι,
1125 1575 1156 1599 ad
1177 1581 1205 1604 ¹3
1225 1575 1259 1599 IV
1278 1574 1361 1603 Sent„
1383 1574 1440 1598 dist.
1459 1580 1504 1602 vn,
1523 1580 1568 1605 qu.
1586 1580 1603 1604 1,
1624 1578 1670 1597 art.
1691 1580 1715 1604 2,
1735 1572 1784 1606 qu*
1806 1579 1815 1597 ι
1827 1592 1834 1604 ,
1856 1580 1885 1604 25
1906 1573 1939 1598 1v
1960 1574 2038 1598 Cont.
2060 1574 2147 1602 Gent„
2167 1581 2222 1606 cap.
2242 1581 2281 1598 Lx.

632 1671 655 1695 D
673 1669 861 1695 sECUNDUM
876 1668 927 1693 Sic
942 1666 1178 1693 PROCEDrrUR.
1199 1653 1359 1691 Videtur
1378 1652 1485 1702 quod

1595 1654 1668 1690 SED
1699 1666 1842 1691 CONTRA
1870 1666 1935 1691 esT
1964 1655 2071 1704 quod
2100 1654 2308 1703 Gregorius
2335 1655 2436 1703 dicit,
2465 1655 2505 1693 in
2531 1657 2605 1694 Re-

464 1698 499 1729 ³:
635 1711 802 1748 chrisma
842 1722 923 1747 non
965 1709 1010 1746 sit
1051 1707 1287 1745 conveniens
1328 1705 1487 1743 materia
1539 1708 1656 1756 gistro
1675 1706 1713 1743 *ε
1749 1709 1964 1757 Presbyteri
1980 1713 1995 1736 Υ
2028 1709 2226 1758 baptizatos
2261 1709 2420 1756 infantes
2452 1711 2606 1760 signare

579 1770 583 1774 '
635 1764 750 1801 huius
774 1762 1011 1800 sacramenti.
1041 1762 1128 1799 Hoc
1148 1761 1249 1797 enim
1271 1771 1486 1797 sacramen-

425 1871 577 1909 Christo
605 1870 848 1920 promittente
868 1868 1062 1918 discipulis
1083 1867 1268 1917 Spiritum
1289 1867 1485 1904 Sanctum.

425 1925 501 1962 Sed
520 1924 601 1974 ipse
621 1923 723 1960 misit
742 1923 795 1960 eis
816 1922 1001 1972 Spiritum
1017 1922 1203 1959 Sanctum
1222 1920 1369 1969 absque
1389 1918 1486 1956 chri-

424 1977 554 2015 smatis
582 1977 763 2014 unctione
784 1982 801 1997 α
819 1975 849 2012 *.
879 1975 954 2024 Ipsi
982 1974 1094 2012 etiam
1125 1973 1299 2023 Apostoli
1328 1974 1404 2009 hoc
1432 1984 1486 2009 sa-

424 2038 665 2068 cramentum
693 2029 939 2066 conferebant
965 2040 1035 2078 per
1062 2028 1185 2064 solam
1204 2038 1344 2063 manus
1363 2025 1487 2074 impo-

424 2083 612 2130 sitionem,
633 2084 779 2132 absque
795 2081 1014 2119 chrismate:
1036 2080 1173 2117 dicitur
1191 2079 1296 2116 enim
1310 2078 1488 2116 Act.vi11*

423 2137 530 2186 quod
557 2136 725 2186 Apostoli
742 2137 979 2185 imponebant
997 2146 1131 2171 manus
1149 2145 1260 2182 super
1278 2133 1486 2181 baptizatos,

423 2196 456 2227 et
489 2191 718 2239 accipiebant
753 2190 930 2238 Spiritum
958 2189 1146 2225 Sanctum.
1190 2187 1292 2234 Ergo
1322 2184 1489 2222 chrisma

423 2255 503 2280 non
532 2250 586 2280 est
613 2241 772 2279 materia
800 2241 916 2278 huius
936 2240 1181 2278 sacramenti:
1211 2238 1303 2288 quia
1330 2238 1489 2275 materia

423 2304 478 2334 est
506 2296 554 2333 de
582 2295 803 2333 necessitate
832 2293 1069 2332 sacramenti.

479 2361 513 2386 2.
543 2350 774 2395 PRAETEREA,
804 2347 1047 2385 confirmatio
1076 2345 1373 2396 quodammodo
1401 2356 1486 2393 per-

423 2402 503 2439 ficit
530 2409 814 2439 sacramentum
833 2400 1023 2451 baptismi,
1045 2399 1141 2437 sicut
1160 2411 1277 2448 supra
1294 2398 1314 2420 *
1342 2397 1488 2435 dictum

425 2463 499 2493 est:
539 2463 575 2492 et
610 2455 661 2492 ita
693 2454 806 2491 debet
839 2454 873 2491 ei
907 2453 1141 2491 conformari
1178 2452 1274 2489 sicut
1307 2450 1487 2500 perfectio

423 2507 655 2558 perfectibili.
686 2507 763 2545 Sed
790 2507 830 2543 in
849 2506 1040 2556 baptismo
1071 2514 1126 2543 est
1147 2503 1307 2543 materia
1326 2504 1489 2554 simplex

425 2563 670 2607 elementum,
701 2560 839 2597 scilicet
862 2572 974 2610 aqua.
1005 2561 1106 2608 Ergo
1126 2559 1242 2596 huius
1261 2556 1488 2595 sacramenti

423 2627 504 2652 non
533 2622 588 2651 est
616 2613 849 2651 conveniens
869 2612 1027 2650 materia
1054 2612 1232 2658 chrisma,
1262 2611 1368 2660 quod
1396 2622 1487 2647 con-

424 2667 551 2705 ficitur
579 2679 625 2704 ex
653 2668 739 2704 oleo
768 2674 805 2703 et
831 2666 1018 2703 balsamo.

481 2721 514 2757 3.
544 2721 776 2766 PRAETEREA,
806 2721 937 2756 oleum
957 2718 1165 2756 assumitur
1182 2718 1221 2755 in
1241 2716 1400 2755 materia
1419 2717 1487 2753 hu-

424 2773 484 2811 ius
499 2772 725 2810 sacramenti
745 2773 794 2810 ad
812 2772 1091 2820 inungendum.
1113 2772 1189 2809 Sed
1209 2770 1381 2820 quolibet
1400 2771 1486 2807 oleo

423 2834 548 2876 potest
575 2825 659 2863 fieri
678 2825 870 2863 inunctio:
899 2833 993 2875 puta
1021 2827 1107 2862 oleo
1137 2825 1243 2874 quod
1271 2824 1314 2861 fit
1342 2836 1388 2861 ex
1417 2835 1487 2860 nu-

425 2879 544 2927 cibus,
566 2887 602 2917 et
621 2891 667 2916 ex
686 2878 999 2929 quibuscumque
1024 2878 1104 2915 aliis
1123 2878 1249 2915 rebus.
1279 2878 1373 2914 Non
1397 2888 1487 2925 ergo

425 2935 552 2970 solum
581 2933 712 2970 oleum
740 2931 932 2969 olivarum
964 2931 1077 2969 debet
1105 2930 1249 2968 assumi
1277 2930 1326 2968 ad
1355 2929 1487 2967 huius-

424 2986 532 3023 modi
561 2993 856 3023 sacramentum.

479 3052 515 3086 4.
545 3040 784 3085 PRAETEREA,
815 3050 931 3087 supra
949 3037 968 3059 '¹‘
997 3037 1143 3075 dictum
1172 3045 1227 3074 est
1254 3037 1363 3086 quod
1386 3048 1488 3086 aqua

426 3091 633 3128 assumitur
646 3099 688 3128 ut
702 3091 861 3128 materia
875 3091 923 3128 ad
942 3091 1218 3140 baptizandum
1237 3089 1328 3139 quia
1341 3089 1487 3139 ubique

426 3145 474 3181 de
498 3144 594 3181 facili
613 3143 815 3181 invenitur.
847 3144 923 3181 Sed
943 3146 1074 3182 oleum
1095 3143 1285 3181 olivarum
1304 3155 1385 3180 non
1403 3142 1488 3180 ubi-

427 3208 503 3246 que
523 3196 730 3233 invenitur:
762 3204 797 3233 et
816 3198 938 3234 multo
959 3197 1090 3234 minus
1109 3197 1327 3233 balsamum
1338 3194 1365 3232 β.
1394 3196 1487 3232 Non

428 3260 517 3297 ergo
546 3249 729 3296 chrisma,
759 3250 865 3298 quod
899 3262 944 3286 ex
972 3249 1031 3286 his
1060 3249 1278 3296 conficitur,
1313 3256 1368 3285 est
1395 3260 1487 3285 con-

426 3301 586 3338 veniens
613 3301 771 3338 materia
799 3301 914 3338 huius
943 3301 1180 3339 sacramenti.

478 3413 508 3455 J)
527 3413 678 3439 chrismatis
698 3414 828 3440 unctione.
846 3428 865 3433 ——
883 3412 968 3447 (omni
986 3413 1070 3448 tertia)
1089 3414 1240 3439 chrismatis
1260 3414 1412 3440 inunctione
1429 3415 1449 3439 F
1465 3419 1490 3439 et

427 3454 509 3475 tertia.

481 3483 507 3519 β)
526 3485 681 3510 balsamum.
698 3498 717 3503 -
736 3485 781 3509 PsI
801 3490 826 3509 et
844 3492 861 3509 a
868 3492 875 3516 ;
894 3484 1019 3510 chrIsma.

1541 1761 1578 1796 in
1588 1761 1780 1808 frontibus
1798 1773 1907 1798 sacro
1922 1762 2119 1798 chrismate
2138 1774 2212 1798 non
2227 1768 2482 1811 praesumant.
2502 1763 2604 1811 Ergo

1541 1812 1709 1850 chrisma
1737 1821 1792 1850 est
1819 1813 1978 1851 materia
2006 1814 2123 1851 huius
2152 1815 2389 1852 sacramenti.

1594 1867 1819 1904 REsponm-:o
1843 1879 2025 1910 mcENDUM
2051 1868 2158 1916 quod
2187 1867 2355 1905 chrisma
2382 1876 2438 1906 est
2465 1881 2606 1907 conve-

1542 1918 1651 1956 niens
1679 1920 1838 1957 materia
1866 1920 1981 1957 huius
2010 1920 2248 1958 sacramenti.
2284 1920 2390 1958 Sicut
2417 1921 2522 1959 enim
2550 1922 2606 1960 di-

1541 1979 1647 2009 ctum
1675 1981 1730 2009 est
1748 1973 1785 2020 ²¹⁶,
1820 1973 1859 2009 in
1887 1974 1964 2010 hoc
1991 1982 2230 2010 sacramento
2268 1974 2381 2011 datur
2406 1974 2607 2024 plenitudo

1543 2025 1705 2074 Spiritus
1735 2026 1862 2063 Sancti
1890 2027 1939 2063 ad
1967 2026 2087 2063 robur
2114 2026 2327 2076 spirituale,
2365 2028 2473 2076 quod
2501 2040 2607 2066 com·

1541 2077 1634 2127 petit
1661 2079 1849 2127 perfectae
1878 2079 1999 2116 aetati.
2030 2080 2163 2117 Homo
2183 2087 2325 2123 autem,
2346 2092 2438 2118 cum
2457 2081 2506 2118 ad
2524 2093 2608 2131 per-

1541 2132 1680 2168 fectam
1709 2139 1871 2169 aetatem
1899 2133 2132 2182 pervenerit,
2166 2132 2298 2183 incipit
2324 2133 2402 2171 iam
2430 2146 2607 2172 commu-

1542 2184 1669 2222 nicare
1698 2185 1866 2222 actiones
1894 2198 1983 2223 suas
2011 2186 2060 2223 ad
2088 2186 2202 2224 alios:
2233 2194 2345 2224 antea
2371 2199 2465 2225 vero
2494 2185 2606 2237 quasi

1543 2237 1780 2286 singulariter
1814 2238 1884 2276 sibi
1912 2238 1984 2288 ipsi
2011 2238 2116 2276 vivit.
2160 2239 2290 2277 Gratia
2317 2252 2411 2277 vero
2445 2240 2607 2290 Spiritus

1543 2291 1672 2328 Sancti
1691 2291 1731 2328 in
1750 2293 1837 2329 oleo
1857 2292 2095 2341 designatur:
2121 2293 2226 2330 unde
2247 2292 2421 2330 Christus
2440 2294 2607 2331 dicitur*

1543 2357 1625 2381 esse
1661 2351 1790 2382 unctus
1826 2346 1907 2382 oleo
1935 2346 2109 2392 laetitiae,
2143 2354 2301 2395 propter
2326 2346 2607 2396 plenitudinem

1544 2397 1705 2447 Spiritus
1721 2398 1849 2436 Sancti
1868 2410 1988 2447 quam
2008 2398 2153 2436 habuit.
2175 2400 2223 2436 Et
2241 2399 2330 2437 ideo
2350 2401 2482 2437 oleum
2501 2412 2607 2438 com·

1542 2451 1635 2500 petit
1662 2451 1843 2489 materiae
1872 2451 1988 2488 huius
2007 2451 2246 2489 sacramenti.
2277 2453 2522 2490 Admiscetur
2539 2466 2607 2491 au-

1542 2511 1620 2541 tem
1649 2504 1864 2542 balsamum
1894 2512 2052 2554 propter
2078 2505 2322 2554 fragrantiam
2344 2506 2486 2550 odoris,
2507 2519 2607 2556 quae

1542 2557 1732 2594 redundat
1766 2558 1815 2595 ad
1843 2557 1957 2595 alios:
1994 2558 2098 2595 unde
2136 2566 2172 2595 et
2200 2560 2408 2608 Apostolus
2442 2559 2548 2607 dicit,
2576 2561 2607 2597 II

1546 2612 1632 2648 Cor.
1653 2623 1674 2648 11
1693 2610 1732 2648 *2
1766 2612 1902 2648 Christi
1927 2613 2046 2648 bonus
2068 2612 2162 2649 odor
2188 2624 2326 2659 sumus,
2347 2620 2416 2650 etc.
2447 2613 2495 2650 Et
2515 2612 2608 2650 licet

1541 2665 1663 2701 multa
1690 2663 1763 2701 alia
1790 2663 1864 2701 sint
1892 2664 2091 2711 odorifera,
2121 2673 2252 2703 tamen
2278 2665 2486 2715 praecipue
2513 2664 2607 2704 acci-

1541 2717 1645 2766 pitur
1671 2717 1901 2764 balsamum,
1930 2725 2088 2767 propter
2116 2719 2192 2756 hoc
2219 2719 2327 2768 quod
2355 2719 2472 2756 habet
2497 2730 2606 2768 prae-

1542 2770 1702 2820 cipuum
1732 2771 1913 2817 odorem,
1947 2778 1984 2807 et
2011 2771 2102 2820 quia
2130 2771 2243 2809 etiarn
2277 2771 2606 2821 incorruptionem

1541 2831 1723 2873 praestat:
1753 2824 1858 2860 unde
1882 2825 1996 2861 Eccli.
2016 2836 2099 2862 xxw
2113 2824 2133 2846 ’¹‘
2152 2824 2308 2862 dicitur:
2344 2826 2462 2868 Quasi
2486 2824 2606 2862 balsa-

1541 2889 1645 2914 mum
1675 2889 1749 2914 non
1778 2878 1937 2914 mixtum
1965 2877 2060 2915 odor
2086 2890 2200 2915 meus.

1595 2931 1652 2967 AD
1672 2942 1808 2968 ptumum
1827 2942 1925 2968 ERGO
1944 2943 2126 2968 DICENDUM
2145 2930 2253 2979 quod
2273 2929 2446 2967 Christus
2471 2942 2517 2967 ex
2535 2942 2605 2979 po-

1540 2981 1695 3020 testate⁶
1715 2995 1835 3032 quarn
1854 2983 1969 3020 habet
1988 2983 2027 3022 in
2047 2982 2304 3030 sacramentis,
2325 2982 2485 3020 contulit
2503 2984 2605 3032 Apo-

1542 3036 1645 3074 stolis
1674 3048 1756 3073 rem
1785 3036 1900 3073 huius
1928 3035 2173 3082 sacramenti,
2202 3035 2298 3072 idest
2324 3035 2605 3085 plenitudinem

1543 3089 1706 3139 Spiritus
1735 3089 1878 3136 Sancti,
1912 3089 1993 3126 sine
2021 3095 2280 3135 sacrament0‚
2319 3100 2366 3125 eo
2399 3089 2507 3138 quod
2534 3088 2606 3138 ipsi

1534 3144 1721 3193 primitias
1748 3143 1903 3191 Spiritus
1930 3143 2058 3179 Sancti
2082 3147 2315 3191 acceperunt,
2345 3140 2442 3178 sicut
2469 3141 2606 3179 dicitur

1541 3197 1652 3232 Rom.
1673 3207 1730 3232 vm
1748 3195 1779 3232 ³¹⁸.
1861 3203 1865 3207 ·

1595 3247 1859 3285 Nihilominus
1886 3255 2015 3284 tamen
2043 3246 2186 3296 aliquid
2206 3247 2404 3284 conforme
2424 3247 2605 3286 materiae

1541 3300 1658 3337 huius
1686 3299 1914 3338 sacramenti
1941 3299 2154 3338 exhibitum
2177 3300 2247 3338 fuit
2266 3300 2460 3350 Apostolis
2488 3301 2606 3339 sensi-

1577 3423 1579 3425 ·
1596 3414 1623 3448 γ)
1644 3414 1805 3448 Presbyteri.
1823 3428 1842 3433 —
1861 3413 1930 3438 PIsG
1949 3418 1974 3438 et
1992 3420 2023 3443 a;
2042 3413 2209 3446 Presbyteris
2227 3413 2257 3442 E,
2277 3413 2422 3447 Presbyter
2440 3415 2478 3446 (...
2492 3421 2607 3447 praesu—

1543 3451 1610 3481 mat)
1627 3450 1657 3480 F,
1677 3450 1851 3482 Presbyter-os
1870 3449 1946 3473 ceteri
1966 3447 1999 3482 (D
2018 3456 2071 3474 om.
2089 3453 2173 3473 totum
2188 3450 2390 3483 argumentum).

1596 3484 1621 3519 δ)
1638 3487 1780 3517 potestate.
1797 3499 1817 3504 -
1834 3484 2008 3510 excellentiae
2026 3484 2123 3509 addunt
2141 3484 2161 3508 E
2181 3489 2206 3509 et
2223 3485 2304 3510 tertia.

2626 255 2687 283 ‘Qu
2702 258 2838 283 uxum-tq..

2630 889 2640 899 ·
2655 887 2722 910 vers.
2739 895 2774 916 ¹4.

2630 1049 2641 1060 ·
2654 1048 2710 1071 Luc.
2730 1053 2782 1077 cup.
2799 1053 2847 1076 m,

2630 1081 2688 1097 ven.
2702 1080 2737 1097 22.

2629 1102 2652 1113 ··
2665 1101 2732 1124 vm.
2748 1108 2767 1123 ι.

2633 1717 2644 1728 ·
2652 1716 2704 1738 Lib.
2710 1716 2752 1745 tv,
2759 1716 2779 1739 E
2797 1732 2803 1739 .
2812 1723 2851 1745 xx,

2632 1742 2747 1766 Ianuario

2633 1981 2851 2036 ..staff-{1⁰53}

2634 2295 2852 2324 'meuvflen-S.

2633 2617 2774 2646 ‘Ver-‚¹5-

2633 2836 2644 2848 ¹¹
2657 2836 2726 2859 ven.
2738 2841 2776 2859 2¹.

2631 3201 2644 3213 ·
2657 3199 2724 3223 Ven-
2738 3206 2775 3231 ³³—

2916 3819 2918 3827 .
2916 3804 2918 3810 .
2905 3510 2918 3782 .:.v.--m—u—--
2898 3482 2918 3493 ἰ
2905 3466 2918 3473 ι
