2918 4088
172 668 182 678 ·
197 666 263 689 Vers.
280 674 311 689 n.

267 869 284 963 ΦΔΝ

177 3410 187 3420 ·
202 3409 258 3437 Cap.
273 3416 320 3432 xv1.

410 245 539 274 autem
575 238 737 286 pertinet
764 239 812 275 ad
848 238 1016 287 aliquem
1054 237 1305 274 determinare
1325 235 1337 259 δ
1366 237 1473 286 quod

410 298 464 327 est
492 290 531 326 in
559 298 743 339 potestate
778 291 949 337 alterius,
980 291 1046 328 sed
1076 292 1203 327 solum
1237 290 1329 327 illud
1366 290 1473 339 quod

410 350 464 379 est
492 342 532 379 in
560 355 630 380 sua
647 351 843 393 potestate.
874 344 975 390 Quia
995 343 1107 391 igitur
1134 342 1379 380 sanctificatio
1404 343 1473 379 ho-

410 395 524 432 minis
553 403 607 433 est
626 396 665 433 in
692 404 875 445 potestate
895 397 966 434 Dei
995 395 1271 443 sanctificantis,
1292 407 1372 432 non
1391 407 1472 444 per-

409 447 501 485 tinet
520 449 569 485 ad
597 449 799 486 hominem
818 461 889 487 suo
918 449 1060 486 iudicio
1081 460 1275 485 assumere
1305 460 1363 485 res
1392 447 1472 497 qui-

410 501 483 537 bus
511 501 775 549 sanctificetur,
803 503 869 539 sed
898 503 973 539 hoc
1009 501 1122 538 debet
1150 513 1232 538 esse
1269 513 1314 538 ex
1342 501 1473 538 divina

410 553 643 591 institutione
663 554 969 592 determinatum.
999 555 1047 591 Et
1066 554 1153 591 ideo
1168 559 1179 575 ε
1199 553 1238 590 in
1258 565 1472 590 sacramen—

410 605 455 642 tis
483 618 608 644 novae
636 607 746 655 legis,
776 608 917 657 quibus
952 606 1131 644 homines
1169 605 1471 649 sanctificantur,

410 659 625 696 secundum
653 659 745 697 illud
773 662 787 697 Ι
820 662 906 698 Cor.
926 673 960 697 Vl
979 660 1010 706 ²⁸,
1039 660 1167 696 Abluti
1192 661 1284 705 estis,
1312 651 1472 707 sanctffiss
1499 684 1500 688 ,

410 713 483 748 cati
509 714 600 758 estis,
622 721 772 761 oportet
799 713 853 750 uti
882 713 996 750 rebus
1016 724 1061 749 ex
1089 711 1219 749 divina
1238 711 1472 749 institutione

410 764 679 802 determinatis.

463 818 519 854 AD
549 830 683 855 PRIMUM
712 830 809 856 ERGO
837 830 1018 856 DICENDUM
1053 818 1172 867 quod,
1197 817 1227 854 si
1255 817 1360 854 idem
1387 830 1471 866 pos-

410 869 486 906 sit<
514 881 583 918 per
610 870 760 907 diversa
788 871 894 919 signa
922 870 1140 919 significari,
1170 870 1424 907 determinare
1454 876 1472 898 η

409 930 538 959 tamen
567 935 645 972 quo
666 923 772 971 signo
793 924 837 960 sit
856 925 1045 960 utendum
1065 923 1113 960 ad
1133 922 1428 971 significandum
1447 921 1471 970 0,

408 974 571 1023 pertinet
598 976 646 1012 ad
684 975 970 1024 significantem.
1014 977 1120 1012 Deus
1156 983 1284 1012 autem
1323 984 1378 1012 est
1406 976 1473 1025 qui

409 1027 520 1064 nobis
557 1028 741 1076 significat
774 1029 981 1078 spiritualia
1018 1040 1086 1077 per
1114 1040 1173 1065 res
1210 1027 1405 1065 sensibiles
1433 1029 1473 1065 in

409 1081 663 1127 sacramentis,
684 1089 721 1117 et
738 1094 808 1130 per
834 1082 953 1118 verba
977 1080 1280 1118 similitudinaria
1307 1081 1346 1117 in
1375 1081 1472 1118 Scri-

407 1132 539 1180 pturis.
569 1134 618 1169 Et
645 1133 744 1179 ideo,
766 1134 862 1171 sicut
889 1133 1031 1171 iudicio
1061 1133 1223 1183 Spiritus
1252 1133 1380 1170 Sancti
1408 1135 1473 1171 de-

407 1185 654 1222 terminatum
692 1194 746 1222 est
774 1186 915 1235 quibus
950 1185 1261 1223 similitudinibus
1288 1186 1328 1222 in
1363 1186 1472 1223 certis

409 1237 624 1287 Scripturae
653 1238 746 1275 locis
775 1251 834 1275 res
863 1238 1074 1287 spirituales
1112 1238 1393 1286 significentur,
1422 1239 1473 1276 ita

408 1290 522 1327 etiam
560 1291 672 1327 debet
701 1303 782 1328 esse
811 1291 941 1328 divina
977 1290 1212 1328 institutione
1246 1290 1472 1328 determina-

406 1351 490 1380 tum
518 1356 618 1392 quae
655 1356 714 1380 res
743 1344 791 1381 ad
829 1344 1123 1392 significandum
1161 1351 1406 1380 assumantur
1433 1343 1473 1380 in

407 1397 483 1433 hoc
510 1398 571 1433 vel
599 1396 638 1433 in
666 1397 729 1434 illo
759 1404 1010 1434 sacramento.

459 1450 516 1485 AD
545 1461 733 1487 SECUNDUM
761 1462 942 1487 DICENDUM
963 1449 1070 1499 quod
1098 1461 1158 1486 res
1186 1448 1381 1486 sensibiles
1409 1450 1473 1486 ha-

406 1501 497 1538 bent
525 1502 744 1539 naturaliter
771 1502 841 1540 sibi
878 1502 1014 1540 inditas
1042 1501 1200 1539 virtutes
1237 1502 1474 1539 conferentes

407 1555 455 1591 ad
483 1557 725 1604 corporalem
753 1557 934 1593 salutem:
974 1563 1010 1592 et
1048 1554 1136 1592 ideo
1165 1567 1245 1592 non
1283 1555 1414 1602 refert,
1444 1555 1475 1592 si
1500 1583 1502 1591 γ

461 1668 486 1702 ὃ)
506 1669 695 1695 determinare.
712 1684 731 1688 -
750 1670 785 1701 Ρ;
805 1670 989 1695 determinate.

461 1706 483 1739 ε)
504 1705 539 1729 Ee
553 1705 620 1730 ideo.
633 1719 652 1724 -
666 1705 764 1735 ΡΕΗε,·
779 1706 854 1730 Unde
867 1706 897 1737 D,
910 1713 964 1731 orn.
978 1705 1009 1735 G,
1025 1705 1087 1730 Ideo
1100 1706 1123 1736 b,
1139 1706 1174 1731 Et
1187 1705 1279 1737 ceteri;
1299 1711 1357 1731 ante
1370 1710 1475 1738 oportet
1501 1686 1503 1750 ἰ

409 1740 447 1765 sG
466 1745 490 1764 et
508 1748 526 1764 a
545 1741 643 1765 addunt
660 1748 734 1773 ergo.

459 1774 486 1809 ζ)
504 1776 528 1800 si
546 1776 615 1801 idem
632 1777 726 1808 possit.
744 1790 764 1795 -
780 1777 832 1801 etsi
850 1777 918 1801 idem
934 1776 1022 1808 possit
1040 1777 1057 1806 Ι,
1077 1777 1127 1801 etsi
1146 1777 1214 1802 idem
1230 1779 1320 1809 potest
1340 1777 1367 1802 Ρ.

461 1811 488 1844 η)
509 1812 696 1837 determinare.
713 1826 733 1831 -
751 1812 844 1837 PEIsH
864 1818 889 1836 et
907 1819 939 1841 a,·
958 1812 1143 1838 determinate.

461 1845 486 1880 θ)
504 1847 720 1879 significandum.
742 1861 761 1866 —
785 1848 877 1876 PDac5
895 1847 1134 1879 sanctificandum,·
1159 1855 1249 1881 margo
1268 1848 1286 1872 Ρ
1304 1848 1355 1873 als’
1373 1848 1474 1873 saucti-

407 1882 549 1910 ficandum.
578 1883 628 1907 Pro
649 1883 852 1915 significantem,
874 1883 1085 1916 sanctificantem
1106 1883 1138 1913 lc,
1158 1890 1212 1915 quo
1236 1889 1365 1916 expuncto
1389 1884 1473 1916 signi-

399 1918 530 1950 ficantem
550 1918 568 1943 1.

390 159 431 194 -8
1065 158 1326 206 QUAESTIO
1356 159 1443 205 LX,
1473 156 1765 195 ARTICULUS
1793 157 1842 194 VI

1529 237 1628 273 duae
1658 247 1792 272 earum
1812 235 1976 272 eandem
2003 234 2185 272 virtutem
2204 236 2382 284 habeant,
2403 249 2481 286 qua
2506 237 2592 286 quis

1528 296 1665 326 utatur.
1697 288 1772 325 Sed
1801 288 1850 324 ad
1887 287 2226 325 sanctificationem
2253 301 2334 326 non
2369 290 2593 327 ordinantur

1528 354 1574 378 ex
1602 341 1729 390 aliqua
1756 341 1920 377 virtute¹
1949 340 2168 377 naturaliter
2202 341 2339 389 indita,
2370 343 2437 379 sed
2466 344 2593 380 solum

1528 407 1574 431 ex
1603 393 1836 431 institutione
1856 393 1996 430 divina.
2027 394 2075 430 Et
2103 392 2190 430 ideo
2215 394 2383 443 oportuit
2410 395 2593 432 divinitus

1528 446 1771 484 determinari
1800 446 1941 495 quibus
1969 446 2084 483 rebus
2119 445 2360 484 sensibilibus
2394 447 2440 484 sit
2467 448 2507 485 in
2535 460 2592 485 sa-

1527 499 1729 537 cramentis
1758 499 1958 536 utendum.

1580 554 1637 589 AD
1656 564 1814 589 TERTIUM
1833 564 2014 589 monimum
2034 552 2152 600 quod,
2169 551 2265 589 sicut
2283 552 2519 600 Augustinus
2538 554 2593 590 di-

1527 605 1586 652 cit,
1608 606 1695 642 XIX
1723 611 1854 643 contra
1881 607 2005 642 Faust.
2026 605 2064 652 ³¹²,
2095 604 2245 642 diversa
2273 613 2511 643 sacramenta
2538 606 2593 643 di-

1527 658 1646 695 versis
1665 658 1904 707 temporibus
1923 666 2159 707 congruunt:
2186 658 2282 694 sicut
2300 663 2316 679 χ
2336 658 2450 695 etiam
2469 658 2593 696 diver-

1528 710 1577 747 sis
1604 711 1732 748 verbis
1759 710 2020 759 significantur
2054 710 2205 748 diversa
2231 718 2424 760 tempora,
2455 711 2594 748 scilicet

1526 776 1719 813 praesenS,
1739 764 1986 813 praeteritum
2015 772 2051 801 et
2077 764 2262 801 futurum.
2292 765 2341 801 Et
2368 764 2467 811 ideo,
2498 763 2594 801 sicut

1526 817 1566 854 in
1594 825 1692 854 statu
1720 817 1810 865 legis
1838 825 1997 854 naturae
2025 817 2216 863 homines,
2245 818 2350 854 nulla
2386 818 2467 865 lege
2496 825 2593 854 exte-

1527 869 1605 906 rius
1641 870 1748 917 data,
1778 871 1860 906 solo
1880 868 1894 892 ²
1922 869 2091 907 interiori
2119 870 2299 907 instinctu
2336 870 2595 907 movebantur

1527 920 1576 959 ad
1604 924 1731 959 Deum
1761 923 1969 960 colendum
1988 929 2016 970 μ,
2046 923 2096 960 ita
2124 923 2238 960 etiam
2267 935 2313 960 ex
2341 923 2509 960 interiori
2538 923 2594 960 in-

1527 975 1664 1013 stinctu
1692 975 2018 1013 determinabatur
2045 976 2099 1013 eis
2127 976 2269 1025 quibus
2293 977 2408 1013 rebus
2436 976 2594 1013 sensibi-

1526 1028 1626 1065 libus
1645 1029 1693 1065 ad
1713 1028 1785 1065 Dei
1813 1030 1960 1065 cultum
1986 1036 2193 1066 uterentur.
2223 1030 2481 1066 Postmodum
2499 1041 2594 1066 vero

1526 1093 1682 1118 necesse
1710 1081 1779 1118 fuit
1798 1081 1914 1118 etiam
1941 1081 2106 1118 exterius
2130 1083 2253 1130 legem
2272 1082 2371 1119 dari:
2401 1090 2486 1119 tum
2505 1094 2594 1132 pro-

1526 1142 1610 1183 pter
1629 1133 1940 1171 obscurationem
1968 1134 2059 1182 legis
2078 1142 2238 1172 naturae
2266 1146 2313 1172 ex
2340 1135 2504 1185 peccatis
2523 1136 2594 1172 ho-

1527 1187 1700 1233 minum;
1729 1195 1814 1224 tum
1842 1187 1957 1224 etiam
1976 1187 2025 1224 ad
2054 1188 2333 1237 expressiorem
2352 1187 2594 1236 significatio-

1527 1252 1619 1276 nem
1647 1239 1786 1287 gratiae
1816 1239 1968 1285 Christi,
1988 1252 2058 1288 per
2085 1242 2205 1289 quam
2225 1242 2446 1278 humanum
2472 1253 2594 1290 genus

1528 1291 1793 1328 sanctificatur.
1824 1292 1872 1328 Et
1891 1291 1979 1328 ideo
2008 1292 2120 1329 etiarn
2141 1298 2155 1314 V
2181 1305 2337 1330 necesse
2360 1293 2429 1330 fuit
2451 1294 2595 1339 reade-

1527 1343 1722 1380 terminari
1742 1343 1883 1392 quibus
1902 1344 2081 1381 homines
2099 1352 2298 1382 uterentur
2321 1345 2360 1382 in
2380 1357 2596 1382 sacramen-

1527 1397 1584 1433 tis.
1614 1397 1698 1433 Nec
1725 1405 1883 1446 propter
1916 1398 1992 1434 hoc
2020 1405 2184 1434 arctatur
2219 1397 2282 1435 via
2317 1398 2466 1442 salutis:
2505 1398 2597 1448 quia

1528 1462 1587 1487 res
1616 1462 1781 1499 quarum
1812 1462 1906 1487 usus
1934 1457 1989 1487 est
2007 1450 2244 1488 necessarius
2272 1451 2312 1488 in
2338 1451 2596 1499 sacramentis,

1527 1504 1590 1540 vel
1617 1502 1877 1540 communiter
1904 1503 2106 1551 habentur,
2127 1505 2189 1540 vel
2215 1516 2338 1554 parvo
2377 1504 2503 1541 studio
2531 1505 2597 1542 ad-

1528 1555 1649 1593 hibito
1678 1555 1811 1593 haberi
1838 1564 2011 1605 possunt.

1583 1671 1602 1704 ι)
1622 1672 1730 1697 virtute.
1747 1685 1767 1690 -
1784 1672 1835 1697 sibi
1853 1672 1950 1697 addunt
1968 1672 2011 1697 Pe.

1582 1707 1607 1740 κ)
1626 1707 1703 1733 sicut.
1721 1722 1740 1725 —
1758 1707 1797 1733 sic
1814 1707 1867 1732 PD.
1884 1722 1903 1726 -
1922 1708 1972 1732 Pro
1991 1707 2114 1738 diversis,
2135 1708 2161 1733 in
2182 1707 2296 1733 diversis
2314 1706 2365 1733 BC.

1580 1741 1609 1776 λ)
1628 1744 1693 1768 solo.
1710 1756 1730 1762 -·
1747 1743 1795 1768 sed
1812 1743 1870 1768 solo
1888 1743 1961 1768 tertia
1981 1748 2083 1776 praeter
2101 1743 2120 1768 l.

1580 1778 1609 1812 μ)
1628 1779 1778 1804 colendum.
1793 1793 1812 1797 -
1831 1778 1896 1803 HsG
1918 1784 1944 1803 et
1962 1779 2103 1810 editiones;
2126 1779 2320 1805 consulendum
2339 1779 2487 1810 ABCDEa;
2510 1785 2598 1804 move-

1500 1823 1502 1830 2
1527 1814 1652 1839 bantur...
1672 1814 1800 1839 instinctu
1818 1821 1872 1840 om.
1891 1814 1975 1847 FIpG.

1580 1849 1604 1883 ν)
1624 1850 1715 1875 etiam.
1732 1864 1752 1869 -
1771 1850 1833 1875 Om.
1853 1850 1943 1876 Gflbc.

1081 1990 1418 2023 Commentario.
1442 1990 1694 2024 Cardinalis
1717 1993 1919 2026 Caietam

467 2088 574 2108 1TULus
599 2078 710 2108 clarus.
733 2096 755 2100 —
780 2078 815 2108 In
836 2087 970 2118 corpore
990 2088 1054 2109 una
1079 2084 1125 2109 est
1149 2078 1315 2108 conclusio
1338 2082 1472 2118 respon-

410 2090 533 2152 Tsiva
558 2123 723 2162 quaesito:
748 2122 787 2152 In
810 2123 1021 2153 sacramentis
1045 2132 1148 2153 novae
1172 2122 1253 2163 legis
1277 2127 1405 2162 oportet
1425 2123 1473 2153 uli

408 2167 502 2197 rebus
525 2176 566 2197 ex
588 2166 698 2197 divina
723 2166 922 2197 institutione
944 2166 1173 2197 determinatis.
1204 2167 1368 2197 Probatur.
1397 2167 1473 2197 Non

408 2211 546 2251 pertinet
577 2210 617 2240 ad
649 2211 789 2250 aliquem
822 2211 1031 2241 determinare
1063 2210 1153 2251 quod
1185 2211 1218 2241 in
1251 2211 1389 2247 alterius,
1417 2211 1473 2242 sed

410 2254 499 2295 quod
522 2260 568 2285 est
583 2255 616 2285 in
632 2264 689 2284 sua
705 2260 870 2294 potestate.
896 2255 958 2286 Sed
981 2254 1188 2286 sanctificatio
1205 2260 1251 2285 est
1266 2255 1300 2285 in
1316 2260 1473 2295 potestate

409 2299 480 2335 Dei,
504 2309 572 2329 non
595 2299 745 2329 hominis.
773 2299 858 2339 Ergo
882 2309 950 2329 non
973 2300 1109 2339 pertinet
1132 2299 1172 2329 ad
1195 2299 1362 2330 hominem
1385 2300 1474 2329 insti-

409 2348 498 2374 tuere
522 2342 747 2373 sanctificativa
775 2343 925 2373 hominis.
959 2343 1021 2374 Sed
1044 2349 1239 2374 sacramenta
1262 2349 1336 2374 sunt
1359 2344 1474 2374 sancti-

410 2387 535 2417 ficativa
557 2387 706 2417 hominis.
731 2387 827 2427 Ergo.

465 2437 587 2468 Ultimo
620 2437 807 2477 subsumpta
839 2438 1018 2477 propositio
1047 2443 1078 2468 et
1100 2438 1253 2478 probatur
1285 2438 1473 2468 auctoritate

410 2481 568 2521 Apostoli.
593 2481 634 2511 Et
657 2480 845 2517 declaratur,
871 2481 1095 2522 distinguendo
1119 2481 1184 2512 duo
1210 2491 1293 2522 quae
1315 2482 1349 2512 in
1372 2491 1473 2512 sacra—

410 2530 595 2556 mentorum
618 2535 680 2555 usu
702 2526 918 2562 inveniuntur,
943 2526 1063 2556 scilicet
1086 2526 1190 2556 cultus
1214 2525 1340 2556 divinus
1357 2532 1388 2556 et
1403 2535 1474 2556 san-

411 2568 561 2600 ctificatio
577 2570 738 2606 hominis;
762 2574 794 2599 et
808 2569 998 2600 declarando
1021 2571 1138 2600 horum
1162 2569 1381 2606 differentiam,
1400 2571 1474 2610 quia

410 2614 552 2654 primum
584 2619 631 2643 est
662 2614 802 2644 hominis
830 2613 870 2644 ad
897 2614 1014 2650 Deum,
1043 2614 1222 2645 secundum
1253 2620 1299 2645 est
1323 2623 1340 2645 e
1363 2620 1475 2645 contra

412 2658 473 2688 Dei
496 2657 536 2688 ad
558 2658 734 2688 hominem.

466 2701 503 2732 11.
527 2701 590 2732 Ubi
615 2701 722 2732 videre
752 2707 845 2742 potes
873 2702 962 2742 quod
985 2702 1108 2733 Auctor
1136 2702 1202 2733 duo
1226 2703 1305 2733 haec
1328 2702 1475 2734 conside-

410 2746 489 2776 ravit
512 2746 545 2776 in
569 2747 780 2782 sacramentis,
805 2752 850 2783 ut,
876 2747 951 2787 quia
974 2756 1012 2777 ex
1034 2747 1140 2787 primo
1167 2752 1293 2787 poterat
1315 2748 1395 2777 ratio
1420 2747 1474 2778 de-

410 2789 601 2820 terminandi
631 2800 680 2820 res
713 2790 752 2820 ad
779 2791 946 2821 hominem
979 2796 1136 2831 spectare,
1166 2792 1257 2821 cuius
1290 2797 1336 2822 est
1370 2791 1475 2822 colere

411 2834 517 2864 Deum
540 2835 603 2864 hoc
622 2834 673 2864 vel
696 2834 752 2865 illo
775 2835 898 2872 mod03
923 2844 961 2865 ex
977 2835 1121 2866 secundo
1144 2836 1366 2866 necessitatem
1381 2845 1476 2866 mon-

1527 2086 1637 2111 straret
1657 2081 1782 2112 divinae
1805 2082 2022 2118 institutionis,
2040 2083 2132 2113 cuius
2149 2088 2195 2113 est
2211 2082 2407 2113 sanctificare
2429 2084 2598 2115 hominem

1527 2134 1585 2165 per
1608 2126 1687 2156 haec
1709 2126 1761 2156 vel
1783 2126 1836 2156 illa
1864 2127 1962 2166 signa,
1988 2132 2019 2157 et
2042 2127 2109 2157 sine
2132 2127 2181 2157 his
2204 2132 2236 2157 et
2257 2127 2328 2164 illis,
2353 2133 2390 2158 ut
2411 2127 2526 2168 placet.
2555 2128 2597 2160 Et

1528 2170 1605 2210 quia
1627 2170 1755 2201 nullum
1777 2176 2012 2201 sacramentum
2036 2176 2082 2201 est
2105 2170 2195 2212 quod
2210 2180 2279 2202 non
2294 2171 2470 2203 sanctificet
2490 2173 2597 2203 homi-

1527 2223 1613 2251 nem,
1637 2214 1712 2245 ideo
1737 2215 1846 2245 omnia
1869 2220 1997 2255 oportet
2020 2225 2038 2246 a
2061 2215 2133 2246 Deo
2158 2215 2366 2246 determinata
2393 2225 2461 2247 esse
2488 2217 2597 2257 quoad

1528 2259 1587 2289 sibi
1611 2259 1837 2289 substantialia.

1584 2303 1636 2334 111.
1661 2303 1696 2333 In
1719 2304 1930 2343 responsione
1959 2303 1999 2334 ad
2030 2305 2182 2344 primum,
2216 2304 2343 2335 adverte
2376 2314 2474 2345 quam
2505 2314 2596 2346 prae-

1528 2353 1732 2387 sumptuosa,
1756 2348 1909 2378 iniuriosa
1933 2358 1969 2379 ac
1993 2348 2143 2389 sacrilega
2170 2349 2210 2380 sit
2238 2358 2353 2380 eorum
2383 2349 2511 2380 solertia
2538 2350 2597 2390 qui

1528 2392 1672 2432 proprias
1694 2397 1749 2422 aut
1769 2398 1939 2432 poetarum
1962 2392 2184 2424 similitudines
2207 2398 2362 2433 tanquam
2383 2393 2596 2434 spiritualium

1528 2436 1697 2467 simulacra
1716 2437 1972 2477 interpretantur,
1989 2437 2130 2468 scribunt
2146 2442 2201 2468 aut
2215 2437 2410 2478 praedicant.
2432 2437 2597 2478 Usurpant

1529 2481 1616 2511 enirn
1646 2480 1790 2511 officium
1820 2480 1955 2521 Spiritus
1985 2481 2102 2518 Sancti,
2127 2482 2219 2512 cuius
2248 2481 2370 2512 iudicio
2397 2491 2447 2512 res
2470 2482 2596 2522 aliquae

1528 2525 1690 2555 institutae
1720 2530 1795 2555 sunt
1817 2526 1851 2555 in
1874 2524 2010 2565 figuram
2042 2526 2195 2562 aliorum,
2224 2525 2350 2556 dicente
2381 2526 2543 2566 Apostolo
2559 2527 2595 2557 ἐ
2623 2529 2634 2540 ·

1533 2569 1651 2599 Omnia
1667 2569 1700 2599 in
1708 2570 1861 2611 figuram
1876 2570 2108 2612 contingebant
2127 2570 2201 2601 illis.
2226 2569 2454 2611 vilificantque
2475 2580 2597 2601 sacram
2639 2571 2647 2583 '

1529 2613 1735 2654 Scripturam‚
1753 2613 1831 2644 dum
1848 2623 1885 2644 ex
1901 2614 1955 2645 tali
1970 2613 2102 2645 fictione
2125 2615 2332 2645 occasionem
2354 2613 2432 2646 dant
2446 2614 2597 2646 credendi

1530 2658 1620 2698 quod
1647 2658 1790 2689 similiter
1817 2659 1961 2689 humano
1989 2659 2102 2699 spiritu
2129 2665 2204 2690 sunt
2226 2659 2260 2689 in
2283 2657 2419 2699 figuram
2447 2668 2485 2691 ea
2513 2667 2596 2700 quae

1530 2708 1604 2733 sunt
1626 2702 1660 2732 in
1684 2703 1778 2733 sacris
1801 2703 1937 2739 Litteris,
1955 2702 2231 2743 quemadmodum
2253 2703 2333 2734 haec
2356 2712 2440 2744 quae
2462 2702 2597 2735 audiunt

1529 2747 1663 2777 humani
1683 2746 1866 2777 dexteritate
1889 2747 2009 2788 ingenii
2032 2752 2188 2788 coaptata.
2213 2747 2254 2778 Et
2270 2747 2314 2778 sic
2329 2747 2470 2778 multum
2484 2751 2596 2778 aucto-

1529 2791 1628 2822 ritatis
1651 2790 1825 2822 detrahitur
1847 2800 1952 2822 sacrae
1977 2791 2157 2832 Scripturae
2180 2790 2301 2832 figuris.

1219 2989 1540 3032 ARTICULUS
1571 2989 1782 3032 SEXTUS

698 3082 855 3113 UTRUM
878 3083 922 3114 1N
947 3082 1299 3115 SIGNIFICATIONE
1323 3084 1721 3130 SACRAMENTORUM
1745 3083 2060 3123 REQUlRANTUP.
2082 3082 2228 3114 VERBA

701 3160 734 3184 IV
753 3160 837 3190 Sent.‚
856 3161 914 3185 dist.
933 3168 951 3192 ¹,
970 3169 1014 3194 qu.
1033 3169 1050 3192 1,
1070 3167 1118 3188 art.
1137 3162 1166 3193 35
1187 3163 1245 3188 dist.
1263 3170 1316 3192 xnr,
1337 3170 1380 3195 qu.
1399 3170 1417 3193 ι,
1436 3168 1483 3187 art.
1504 3170 1527 3194 2,
1547 3163 1597 3196 qu·
1616 3162 1642 3193 6,
1662 3163 1693 3188 ad
1714 3170 1744 3194 2;
1763 3162 1805 3188 De
1829 3162 1918 3193 Verit„
1937 3170 1982 3196 qu.
2000 3168 2076 3192 xxvu.
2096 3166 2142 3187 art.
2160 3169 2186 3194 4,
2205 3161 2237 3187 ad
2257 3163 2301 3187 1'0.

439 3254 506 3304 7325·
529 3253 599 3298 §.q
622 3252 645 3276 D
673 3251 814 3277 sexrum
841 3252 892 3277 εις
921 3252 1155 3278 Pnocnmrun.
1184 3241 1344 3278 Videtur
1369 3243 1477 3291 quod

446 3287 535 3348 53¹3.
544 3278 596 3349 {1¹⁴
623 3292 664 3329 in
682 3291 956 3340 significatione
971 3301 1300 3331 sacramentorum
1319 3306 1400 3331 non
1419 3307 1475 3332 re-

433 3345 480 3397 st,
493 3357 553 3397 ξς,
574 3347 595 3382 6
625 3344 825 3393 quirantur
842 3345 971 3382 verba.
993 3345 1092 3382 Dicit
1107 3346 1211 3382 enim
1225 3347 1473 3394 Augustinus,

419 3430 429 3436 .
472 3370 569 3426 (³²⁵¹)
585 3386 755 3434 contra
774 3400 964 3445 Faustum,
984 3397 1080 3435 libro
1096 3399 1183 3435 XIX
1201 3398 1241 3435 *ε
1269 3400 1367 3442 Quid
1391 3406 1474 3437 sunt

414 3450 517 3486 aliud
552 3462 716 3500 quaeque
752 3450 963 3499 corporalia
998 3457 1232 3488 sacramenta
1266 3453 1337 3489 nisi
1372 3455 1477 3501 quasi

1530 3244 1713 3292 quaedam
1731 3246 1846 3282 verba
1863 3243 2050 3283 visibilia?
2076 3244 2126 3281 Et
2152 3243 2206 3281 sic
2223 3243 2377 3282 videtur
2403 3245 2512 3294 quod
2529 3245 2595 3283 ad-

1529 3295 1620 3332 dere
1647 3296 1767 3334 verba
1794 3297 1910 3334 rebus
1936 3295 2178 3334 sensibilibus
2205 3296 2245 3334 in
2273 3297 2518 3335 sacramentis
2550 3298 2596 3335 sit

1529 3348 1669 3385 addere
1697 3349 1815 3386 verba
1846 3348 1984 3386 verbis.
2029 3349 2106 3387 Sed
2134 3350 2210 3387 hoc
2247 3358 2301 3387 est
2339 3350 2615 3400 superfluum.-

1528 3401 1620 3438 Non
1649 3413 1738 3450 ergo
1766 3401 2013 3451 requiruntur
2037 3402 2156 3439 verba
2184 3414 2275 3440 curn
2295 3403 2409 3441 rebus
2438 3404 2594 3441 sensibi-

1527 3453 1626 3490 libus
1654 3454 1693 3491 in
1722 3454 1978 3491 sacramentis.
