2918 4088
0 347 3 350 ψ
49 334 60 344 ’
73 331 140 353 Vers.
154 337 174 360 3.

0 368 2 370 v
49 387 59 396 ¹⁷
67 383 114 411 Qu.
122 388 177 410 uu,
186 386 227 404 art.
237 383 258 404 6.

30 1594 38 1626 ¹.
42 1608 57 1620 ⁶
61 1606 170 1631 uetares
175 1607 255 1630 Eccle-

19 1633 99 1657 'me
109 1639 204 1656 muas.

973 201 1235 247 QUAEsT1o
1263 201 1397 247 ant,
1427 201 1718 238 ARTICULUS
1746 203 1775 238 11

2409 204 2451 241 31

286 283 363 314 cter
382 283 565 326 paternae
591 279 832 324 substantiae,
861 279 1075 316 secundum
1102 280 1344 327 Apostolum,
1400 278 1574 314 ritualem
1610 279 1789 315 effectum
1822 288 2057 327 operantem.
2101 282 2148 317 Et
2184 282 2271 318 ideo
2309 282 2349 319 in
2386 283 2456 319 illis

286 331 385 366 Heb.
406 342 416 367 1
435 329 465 366 *.

1400 330 1644 366 sacramentis
1678 343 1759 367 non
1796 331 2059 380 requirebatur
2090 333 2223 381 aliquis
2255 334 2455 382 spiritualis

339 384 397 420 AD
423 394 581 420 TERTmM
608 393 789 421 memnon
822 383 948 432 quod,
979 383 1075 421 sicut
1109 394 1225 431 supra
1243 382 1263 404 '³‘
1290 382 1345 418 di·
1400 383 1604 428 character,
1641 383 1720 429 sed,
1745 383 1955 420 sufficiebat
1984 384 2034 420 ibi
2063 386 2269 433 corporalis
2297 386 2454 423 eircum-

286 442 391 472 ctum
426 443 500 482 est,
538 444 776 473 sacramenta
816 435 954 472 veteris
988 435 1078 482 legis
1115 446 1196 471 non
1231 434 1346 470 habe·
1401 434 1513 480 cisio,
1557 447 1676 483 quam
1724 437 1932 483 Apostolus
1977 438 2211 485 signaculum
2262 438 2453 485 nominat.

286 487 377 525 bant
404 487 443 524 in
471 500 511 524 se
531 488 766 537 spiritualem
794 488 975 524 virtutem
1002 488 1051 523 ad
1079 486 1247 535 aliquem
1276 486 1346 535 spi-

1401 488 1511 523 Rom.
1533 499 1567 523 iv
1586 487 1616 523 ²¹⁶.

955 584 1288 617 Commentaria
1311 583 1563 616 Gar-dinatus
1584 584 1785 616 Caietam

345 675 451 695 rwws
475 670 511 694 ut
534 669 635 699 sonat,
657 663 696 694 de
717 668 914 694 sacramento
935 662 1109 698 indefinite,
1126 671 1194 692 non
1216 662 1344 692 univer-

287 676 466 744 Tsaliter,
498 714 553 738 aut
581 707 810 748 particulariter
846 706 1003 745 explicite.
1042 706 1222 743 Quaeretur
1258 706 1344 736 enim

286 753 432 792 explicite
455 752 494 782 de
517 751 699 792 particulari
720 752 754 781 in
777 750 910 780 articulo
934 755 1033 780 sexto.

338 797 375 827 In
387 805 522 836 corpore
536 805 602 826 una
613 794 794 825 conclusio:
810 793 936 824 Fideles
945 803 1009 833 per
1019 799 1222 824 sacramenta
1234 794 1343 834 aliquo

283 840 447 880 spirituali
469 839 656 870 charactere
678 837 910 879 insigniuntur.
940 837 1104 868 Probatur.
1137 837 1344 877 Quicumque

284 884 324 914 ad
350 883 482 923 aliquod
508 888 631 913 certum
657 881 836 921 deputatur,
865 882 1032 911 consuevit
1058 882 1246 920 consignari.
1282 881 1345 912 Sed

283 928 431 958 homines
453 935 511 967 per
533 924 728 956 sacramenta
751 924 943 965 deputantur
966 925 1006 955 ad
1028 925 1190 965 spirituale
1213 925 1345 965 aliquod

283 977 429 1012 spectans
452 969 493 1000 ad
514 970 576 1000 Dei
599 969 732 1000 cultum.
756 969 841 1009 Ergo
865 969 974 999 fideles
997 978 1055 1009 per
1072 975 1268 999 sacramenta
1290 969 1345 999 ali-

284 1025 350 1056 quo
377 1014 531 1055 spirituali
558 1014 738 1044 charactere
768 1013 991 1053 insigniuntur.
1015 1031 1038 1035 —
1063 1013 1218 1043 Probatur
1243 1014 1346 1043 maior

284 1059 432 1099 exemplo
455 1058 605 1089 militum.
628 1076 652 1080 -
674 1057 781 1088 Minor
796 1067 889 1087 vero:
907 1058 983 1097 quia
998 1063 1194 1087 sacramenta
1217 1057 1256 1087 ad
1280 1057 1344 1088 duo

283 1102 480 1138 ordinantur,
510 1102 572 1132 hoc
605 1107 666 1136 est,
690 1101 730 1132 ad
756 1100 934 1132 remedium
961 1107 1072 1131 contra
1098 1106 1283 1141 peccatum,
1315 1106 1346 1131 et

284 1146 324 1178 ad
346 1145 579 1188 perficiendum
601 1145 768 1176 hominem
791 1145 825 1175 in
840 1145 888 1175 his
907 1154 990 1185 quae
1006 1145 1047 1175 ad
1062 1145 1185 1175 cultum
1201 1144 1345 1175 divinum

283 1197 368 1222 sunt.

339 1235 380 1266 Et
403 1234 609 1265 confirmatur
624 1239 692 1264 tota
707 1234 797 1270 ratio,
822 1243 897 1264 cum
916 1233 1135 1269 conclusione,
1160 1234 1346 1263 auctoritate

283 1280 466 1320 Augustini,
490 1277 577 1309 unde
600 1278 724 1308 Auctor
746 1278 892 1317 sumpsit.

339 1324 377 1354 11.
400 1322 539 1353 Adverte
561 1322 615 1352 hic
637 1321 714 1352 duo.
737 1322 891 1358 Primum,
912 1320 1002 1361 quod
1024 1327 1220 1351 sacramenta
1237 1322 1346 1361 impri-

283 1377 372 1399 mere
395 1367 608 1400 characterem
631 1375 669 1396 ex
692 1375 779 1396 sacra
802 1365 962 1405 Scriptura
980 1374 1047 1395 non
1070 1365 1213 1401 habetur,
1230 1365 1286 1395 sed
1308 1375 1346 1396 ex

283 1406 666 1446 Ecclesiae‘auctoritate,
683 1415 715 1440 et
732 1419 804 1440 -non
820 1409 959 1440 multum
978 1409 1123 1448 antiqua:
1148 1414 1184 1439 ut
1206 1415 1293 1449 patet
1309 1419 1346 1439 ex

283 1456 379 1486 sacris
402 1454 579 1486 canonibus
603 1459 634 1484 et
656 1454 766 1494 priscis
790 1453 1030 1493 quaestionibus
1045 1453 1174 1483 Patrum
1197 1452 1236 1483 de
1255 1453 1347 1483 reite-

282 1501 406 1530 ratione
429 1499 596 1539 baptismi;
621 1507 703 1538 quae
726 1498 837 1528 locum
859 1506 928 1527 non
950 1497 1134 1526 habuissent
1156 1498 1182 1526 si
1204 1497 1348 1527 Ecclesia

283 1545 348 1574 iam
371 1543 609 1574 determinasset
630 1542 771 1581 imprimi
794 1542 827 1571 in
851 1541 956 1570 anima
979 1541 1191 1570 characterem
1213 1550 1270 1579 per
1293 1541 1347 1570 ba-

282 1588 454 1628 ptismum;
479 1585 568 1626 quod
591 1585 796 1615 Innocentius
813 1584 864 1620 III,
881 1584 986 1619 Extra,
1002 1583 1042 1614 de
1063 1584 1169 1623 Bapt„
1187 1593 1256 1623 cap.
1273 1585 1346 1613 Ma-

283 1632 370 1662 iores
392 1639 507 1662 causas
522 1631 549 1665 *,
566 1628 796 1660 determinavit.

1452 662 1636 693 Secundum
1661 669 1707 694 est
1721 665 1738 681 ⁴⁶
1762 664 1851 703 quod
1874 665 1996 694 Auctor
2014 667 2252 704 persuasibilem
2275 668 2357 698 hanc
2375 669 2455 698 veri-

1397 712 1494 737 tatem
1518 707 1762 737 ecclesiasticam
1785 707 1916 738 reddere
1932 708 2052 739 studuit
2075 719 2112 739 ex
2132 711 2253 740 ratione
2276 712 2455 751 proportio—

1397 750 1475 780 nalis
1499 751 1712 781 similitudinis
1735 752 1817 781 inter
1839 752 1987 782 homines
2011 752 2179 792 deputatos
2202 755 2240 784 ab
2263 755 2394 785 homine
2417 756 2456 785 ad

1397 794 1543 824 militiam
1566 795 1775 834 corporalem,
1796 801 1827 825 et
1850 795 2018 835 deputatos
2041 807 2059 826 a
2075 797 2144 827 Deo
2169 798 2208 828 ad
2227 799 2349 828 cultum
2365 799 2456 829 Chri-

1397 838 1515 868 stianae
1537 838 1708 878 religioniS,
1734 848 1816 878 quae
1845 840 1958 879 utique
1986 840 2100 871 militia
2116 842 2132 857 *
2156 847 2202 871 est
2224 842 2308 872 illius
2332 844 2387 882 qui
2411 849 2457 872 est

1397 882 1558 912 Dominus
1571 883 1678 923 fortis
1693 888 1724 912 et
1737 888 1854 922 potens
1877 883 1909 913 in
1928 884 2057 923 praelio
2075 886 2101 920 *,
2126 884 2165 914 ad
2188 885 2388 916 debellandas
2403 896 2456 916 ae-

1397 935 1471 956 reas
1488 931 1664 966 potestates
1679 927 1705 962 θ’,
1731 927 1982 967 vincendumque
2000 928 2153 958 mundum
2170 930 2214 965 θ,
2238 935 2374 959 sectatus
2390 930 2457 960 Au-

1397 971 1516 1009 gustini
1538 971 1678 1010 vestigia.
1702 971 1902 1001 Rationabile
1925 971 2083 1011 siquidem
2099 978 2146 1002 est
2168 978 2204 1003 ut
2226 973 2384 1009 homines,
2401 974 2457 1013 qui

1399 1024 1417 1043 a
1439 1014 1641 1054 principibus
1672 1015 1784 1044 mundi
1813 1015 1909 1045 huius
1942 1022 2177 1046 consueverunt
2212 1016 2252 1046 ad
2281 1018 2457 1057 corporalia

1399 1058 1556 1097 corporali
1578 1063 1655 1088 nota
1677 1059 1829 1098 insigniri,
1854 1068 1929 1089 cum
1945 1069 1963 1089 a
1978 1059 2048 1089 Deo
2065 1059 2104 1089 ad
2123 1069 2297 1099 perennem
2313 1062 2457 1100 spiritua-

1398 1102 1462 1132 lem
1479 1102 1601 1132 cultum
1617 1101 1795 1132 secundum
1811 1103 1950 1132 animam
1973 1102 2174 1142 deputantur,
2195 1105 2348 1143 spirituali
2366 1105 2456 1144 signo

1399 1146 1562 1185 signentur
1584 1147 1618 1176 in
1641 1147 1755 1176 anima.
1789 1146 1841 1176 Sic
1866 1147 1951 1176 enim
1975 1147 2114 1177 divinam
2136 1147 2369 1187 providentiam
2395 1148 2457 1178 dis-

1399 1199 1519 1229 ponere
1534 1190 1681 1220 homines
1697 1190 1834 1220 suaviter
1849 1191 1866 1207 ³*
1888 1191 2060 1220 invenitur:
2084 1197 2121 1221 ut
2136 1191 2255 1221 scilicet
2277 1193 2457 1231 proportio-

1399 1234 1510 1264 naliter
1536 1234 1746 1273 insigniantur
1777 1234 1956 1264 secundum
1982 1235 2121 1264 animam
2149 1245 2167 1264 a
2189 1235 2276 1270 Deo,
2301 1236 2383 1265 sicut
2408 1245 2456 1266 se-

1400 1277 1543 1308 cundum
1567 1287 1684 1317 corpus
1708 1284 1943 1308 consueverunt
1966 1288 1984 1308 a
2006 1279 2149 1318 principe
2172 1279 2325 1309 humano.

1454 1321 1506 1351 111.
1531 1322 1566 1351 In
1589 1322 1798 1361 responsione
1821 1321 1860 1351 ad
1883 1322 2074 1358 secundum,
2098 1322 2180 1358 vide,
2203 1323 2341 1358 Novitie‚
2369 1322 2458 1362 quod

1399 1366 1486 1395 iuxta
1507 1365 1644 1405 primam
1667 1364 1785 1395 ibidem
1808 1365 2245 1405 responsionem,‘character
2262 1376 2330 1396 non
2345 1376 2458 1396 secun-

1400 1409 1478 1439 dum
1501 1419 1545 1445 se,
1569 1408 1624 1439 sed
1647 1409 1825 1439 secundum
1848 1419 1938 1439 suam
1963 1419 2104 1445 causam,
2128 1410 2191 1439 hoc
2214 1415 2270 1445 est,
2294 1419 2360 1440 non
2384 1410 2459 1440 soli-

1399 1454 1476 1483 tarie
1500 1458 1657 1492 sumptus,
1681 1452 1737 1482 sed
1759 1458 1795 1482 ut
1818 1462 1856 1482 ex
1876 1462 1933 1482 sua
1953 1463 2047 1483 causa
2062 1453 2211 1489 sensibili,
2236 1463 2318 1493 quae
2342 1459 2389 1483 est
2411 1463 2458 1483 sa-

1400 1502 1608 1531 cramentum,
1632 1496 1728 1525 habet
1750 1497 1907 1526 rationem
1929 1497 2019 1536 signi.
2044 1497 2085 1527 Et
2102 1497 2278 1536 quia-haec
2293 1498 2458 1537 responsio

1399 1540 1507 1570 multis
1530 1549 1598 1570 non
1621 1539 1696 1569 facit
1718 1540 1806 1575 satis,
1831 1541 1976 1579 apposita
1999 1546 2045 1570 est
2068 1541 2106 1570 ab
2129 1541 2270 1570 Auctore
2293 1541 2388 1571 altera
2410 1551 2459 1571 re-

1400 1583 1532 1623 sponsio
1557 1582 1596 1613 de
1619 1583 1690 1621 ipso
1715 1583 1893 1612 charactere
1916 1584 1950 1613 in
1973 1585 2088 1623 seipso.
2117 1584 2161 1614 Ita
2184 1584 2272 1623 quod
2295 1585 2397 1623 prima
2420 1584 2459 1614 de

1401 1627 1578 1657 charactere
1603 1625 1783 1662 causaliter;
1807 1626 1947 1656 secunda
1970 1627 2009 1656 de
2031 1627 2146 1657 eodem
2168 1627 2342 1657 formaliter
2359 1633 2416 1658 est.

2483 490 2492 498 ⁶
2508 490 2572 510 Vei-s.
2590 496 2622 510 ιι.

2483 671 2493 679 ⁶
2511 670 2580 691 duo...
2605 670 2695 691 Secun-

2483 695 2535 716 dum
2551 699 2586 716 es!
2605 703 2651 717 om.
2668 698 2691 718 P.

2484 847 2493 856 ⁶
2509 846 2527 866 ll
2540 846 2592 867 Cor.
2608 853 2657 874 cap.
2669 853 2691 872 x,

2484 878 2541 892 vers.
2556 879 2576 900 3,
2591 880 2612 898 4.

2484 899 2535 919 ⁶1¹⁵.
2543 905 2604 925 xxm,
2612 900 2692 921 veras.

2484 938 2493 947 ⁶
2502 937 2537 958 Ad
2546 937 2630 964 Ephes.
2644 944 2692 965 cap.

2485 969 2508 985 ιι.
2525 969 2582 984 vers.
2598 970 2617 984 2.

2484 990 2504 999 ⁶⁶
2516 990 2523 1010 l
2539 990 2600 1011 loan.
2613 996 2662 1016 cap.
2672 997 2693 1016 v,

2484 1022 2542 1037 vers.
2557 1022 2580 1041 4.

2484 1195 2494 1204 ⁶
2509 1194 2565 1220 Sap.
2580 1199 2629 1221 cap.
2646 1200 2695 1220 vni,

2484 1226 2543 1241 vers.
2561 1227 2578 1241 ι.

1047 1778 1367 1836 ARTICULUS
1397 1778 1698 1821 SECUNDUS

834 1872 992 1903 UTRUM
1017 1871 1288 1902 CHARACTER
1311 1871 1378 1902 srr
1402 1872 1665 1903 SPIRITUALIS
1692 1872 1917 1903 POTESTAS

1133 1949 1167 1973 1v
1186 1948 1269 1977 Sent„
1289 1947 1349 1973 dist.
1367 1956 1401 1980 tv,
1421 1956 1467 1981 qu.
1485 1957 1502 1978 ι,
1522 1955 1569 1974 art.
1590 1956 1613 1975 ι.

1453 2040 1490 2075 4.
1511 2030 1743 2076 PRAETEREA,
1772 2036 1938 2077 potestas
1966 2028 2082 2065 habet
2109 2028 2296 2064 rationem
2324 2040 2462 2065 causae

1401 2088 1438 2117 et
1463 2081 1659 2130 principii:
1689 2089 1732 2118 ut
1757 2089 1861 2130 patet
1887 2081 1926 2117 in
1954 2082 1989 2117 V
2015 2082 2229 2130 Metaphys.
2254 2080 2275 2102 '¹‘
2311 2081 2387 2117 Sed
2414 2083 2461 2117 si-

1399 2145 1532 2183 gnum,
1553 2134 1660 2182 quod
1687 2134 1845 2183 ponitur
1871 2133 1910 2170 in
1938 2133 2161 2170 definitione
2184 2132 2410 2170 characteris
2428 2133 2460 2180 ³¹²,

1401 2186 1521 2234 magis
1554 2186 1717 2235 pertinet
1750 2187 1799 2223 ad
1827 2186 2015 2223 rationem
2050 2186 2218 2222 effectus.
2257 2185 2462 2222 Character

1402 2250 1492 2286 ergo
1520 2251 1601 2275 non
1629 2247 1685 2276 est
1711 2238 1914 2288 spiritualis
1941 2246 2119 2287 potestas.

1455 2292 1529 2328 SED
1558 2304 1718 2337 CONTRA,
1747 2292 2006 2340 Philosophus
2034 2290 2133 2338 dicit,
2162 2290 2202 2327 in
2229 2291 2259 2327 II
2286 2292 2403 2327 Ethic.
2423 2290 2459 2326 *ε
2488 2293 2697 2341 ἐςῇᾓχῖἑεξςξῂ
2723 2322 2726 2325 .

1406 2346 1495 2380 Tria
1521 2350 1605 2380 sunt
1637 2346 1674 2381 in
1707 2346 1858 2381 anima.-
1885 2345 2068 2393 potentia,
2097 2345 2240 2380 habitus
2266 2349 2300 2379 et
2321 2344 2459 2392 passio.

2489 2091 2498 2101 ⁶
2507 2090 2576 2111 S.Th.
2584 2091 2634 2111 lect.
2641 2096 2699 2111 xiv.-

2489 2116 2541 2138 Did.
2551 2117 2590 2138 lib.
2600 2116 2639 2143 lV,
2648 2122 2698 2143 cap.

2488 2149 2548 2190 Ξυρῗ.
2565 2175 2611 2196 arg.
2623 2174 2698 2196 praee.

338 2212 350 2229 ⁴:
396 2218 418 2221 a·
471 2212 483 2221 »-
553 2203 643 2228 ura.-
676 2188 782 2226 unde
810 2188 861 2225 ad
886 2186 1066 2234 Heb.1*‚
1095 2185 1164 2223 ubi
1191 2185 1345 2232 dicitur,

273 2248 413 2297 figura
444 2245 667 2283 substantiae
699 2243 795 2287 eius,
824 2241 864 2278 in
895 2252 1031 2288 graeco
1066 2239 1230 2276 habetur
1260 2239 1346 2275 loco

27 2343 29 2345 ¹
273 2301 435 2350 figurae
469 2313 487 2332 «
509 2298 704 2334 character
725 2310 758 2331 ».
798 2293 874 2331 Sed
911 2293 1034 2341 figura
1063 2299 1118 2329 est
1145 2291 1185 2328 in
1213 2298 1348 2340 quarta

30 2354 162 2383 ''⁴⁶fflmt
170 2358 258 2386 ⁶⁶28·
285 2352 412 2402 specie
440 2349 629 2400 qualitatis
647 2348 687 2384 *ε
718 2355 755 2384 et
773 2346 824 2384 ita
842 2346 968 2383 differt
990 2358 1013 2382 a
1030 2351 1227 2394 potestate,
1248 2355 1347 2392 quae

22 2202 59 2221 ⁶
70 2202 172 2233 Vaz-

26 2390 98 2417 Ἴαιρ-
111 2391 144 2412 π,
159 2391 182 2408 n.
198 2392 233 2413 ¹⁴·

26 2435 29 2451 3
46 2419 60 2430 ¹
71 2415 141 2444 bid„
154 2422 179 2438 n.
192 2422 213 2444 7.

286 2412 342 2443 est
368 2404 409 2442 in
427 2402 597 2455 secunda
616 2400 741 2450 specie
761 2398 949 2449 qualitatis
967 2397 998 2434 ²¹⁵.
1029 2398 1235 2435 Character
1257 2408 1346 2444 ergo

286 2470 367 2496 non
395 2465 451 2494 est
474 2453 679 2506 Spiritualis
706 2460 884 2502 potestas.

341 2522 376 2548 2.
405 2511 643 2554 Pmurunm,
672 2505 882 2555 Dionysius
909 2503 1016 2551 dicit,
1046 2516 1067 2540 11
1095 2515 1177 2551 cap.
1206 2503 1346 2539 Eccles.

287 3146 369 3182 cha.
400 3143 562 3191 Signum
581 3148 712 3189 autem
740 3146 795 3175 est
818 3138 856 3175 in
880 3148 1016 3185 genere
1046 3133 1247 3180 relationis,
1268 3145 1347 3170 non

288 3204 418 3234 autem
446 3195 486 3233 in
513 3206 650 3243 genere
678 3191 883 3242 potestatis.
917 3190 1009 3226 Non
1038 3199 1127 3236 ergo
1156 3186 1350 3223 character

288 3258 344 3288 est
371 3247 573 3299 spiritualis
600 3253 778 3296 potestas.

341 3362 369 3397 α)
388 3360 587 3388 beatitudinem.
600 3374 620 3379 -
633 3359 815 3385 habitudinem
835 3358 874 3388 G;
889 3356 1043 3390 (accedenti,
1059 3356 1129 3380 idest
1146 3355 1182 3379 ad
1200 3354 1284 3378 vitam
1296 3353 1351 3385 spi-

289 3398 414 3425 ritualem
431 3398 530 3422 Auctor
549 3396 609 3421 dicit
628 3395 647 3421 l.
665 3403 688 3421 c.
707 3399 765 3419 ante
782 3393 948 3426 Articulum).
1193 3425 1199 3430 ‚

342 3431 368 3467 β)
383 3432 503 3466 pertinet
522 3431 616 3465 magis.
633 3445 652 3449 -
667 3430 758 3462 potius
779 3429 898 3461 pertinet
918 3427 975 3458 GH,
995 3426 1102 3452 videtur
1125 3432 1211 3458 magzs
1230 3425 1267 3455 (...
1286 3430 1352 3456 qua-

287 3469 372 3494 litatis
393 3467 541 3500 pertinere)
561 3468 578 3498 1,
597 3466 703 3491 videtur
720 3464 858 3497 pertinere
875 3467 935 3496 post
954 3461 1091 3495 qualitatis
1114 3460 1246 3485 editiones.
1264 3473 1284 3478 -
1302 3459 1352 3484 Pro

289 3504 349 3529 Non
368 3508 459 3536 ergo...
473 3501 619 3536 pertinere,
636 3502 710 3534 Ergo
730 3507 781 3525 non
800 3503 840 3524 est
857 3498 1007 3531 spititualis
1020 3499 1141 3529 potestas
1161 3495 1184 3525 b,
1198 3503 1250 3519 om.
1265 3494 1352 3527 HlpG.

1402 2397 1479 2433 Sed
1507 2397 1703 2434 character
1729 2409 1810 2433 non
1838 2404 1892 2433 est
1918 2396 2068 2446 passio:
2106 2395 2198 2444 quia
2224 2395 2351 2444 passio
2386 2395 2459 2432 cito

1400 2449 1543 2495 transit,
1573 2450 1767 2487 character
1785 2457 1912 2487 autem
1934 2447 2144 2486 indelebilis
2173 2455 2240 2494 est,
2260 2455 2302 2485 ut
2328 2447 2425 2484 infra
2441 2447 2460 2469 '³‘

1401 2501 1559 2539 dicetur.
1599 2502 1779 2539 Similiter
1809 2502 1924 2540 etiam
1961 2513 2041 2538 non
2073 2509 2128 2538 est
2155 2500 2319 2537 habitus.
2358 2499 2461 2546 Quia

1402 3132 1550 3182 nysiuS,
1580 3132 1619 3168 in
1651 3145 1673 3169 11
1705 3144 1787 3181 cap.
1817 3133 1956 3169 Eccles.
1985 3132 2094 3168 Hier.
2114 3129 2152 3176 ³¹²,
2182 3141 2272 3166 eum
2307 3127 2459 3165 dixisset

1403 3185 1508 3234 quod
1537 3186 1643 3222 Deus
1672 3185 1831 3234 quodam
1858 3187 1967 3234 signo
1994 3183 2104 3220 tradit
2129 3183 2188 3219 sui
2207 3182 2458 3231 participatio-

1404 3250 1488 3275 nem
1508 3238 1696 3275 accedenti
1703 3243 1727 3285 ⁶,
1743 3237 1950 3285 subiungit:
1971 3237 2169 3286 perficiens
2192 3246 2276 3271 eum
2295 3233 2458 3271 divinum

1455 3353 1482 3387 γ)
1503 3354 1574 3379 bene.
1591 3368 1610 3372 -
1628 3354 1714 3378 utitur
1733 3353 1796 3378 bene
1814 3352 1883 3377 BCa.

1456 3388 1482 3422 ὃ)
1501 3390 1670 3421 deputamur.
1687 3402 1706 3407 -
1724 3388 1888 3420 deputantur
1905 3387 1924 3417 1,
1944 3386 2107 3418 deputantur
2124 3384 2241 3409 homines
2260 3383 2392 3408 editiones.

1457 3424 1479 3458 ε)
1499 3424 1643 3450 accedenti.
1660 3438 1679 3443 -
1696 3424 1734 3449 ad
1751 3422 1909 3455 baptismum
1929 3422 2025 3446 addunt
2042 3420 2074 3444 El
2093 3425 2118 3445 et
2137 3419 2270 3444 editiones.

2487 2450 2497 2459 ⁶
2511 2449 2560 2470 Art.
2576 2454 2595 2476 5.

286 2565 396 2601 IIier.
412 2562 444 2609 *‚
467 2561 574 2611 quod
593 2561 718 2597 divina
736 2558 919 2596 beatitudo
938 2557 1172 2594 accedentem
1191 2555 1240 2592 ad
1259 2555 1348 2591 bea·
1400 2556 1530 2591 nullus
1556 2555 1709 2592 habitus
1734 2562 1790 2591 est
1809 2554 1875 2604 qui
1898 2567 1939 2591 se
1964 2553 2084 2604 possit
2111 2553 2161 2590 ad
2187 2553 2287 2589 bene
2306 2560 2342 2589 et
2360 2553 2460 2589 male

145 2623 163 2641 α
285 2615 487 2653 titudinem
510 2619 527 2636 ‘²
555 2615 591 2650 in
620 2614 678 2649 sui
698 2612 1021 2661 participationem
1050 2610 1188 2658 recipit,
1210 2614 1244 2644 et
1255 2620 1346 2657 pro·
1400 2607 1543 2644 habere
1562 2607 1593 2644 ²¹⁸.
1625 2608 1831 2644 Character
1858 2615 1988 2644 autem
2011 2607 2060 2643 ad
2088 2613 2297 2654 utrumque
2326 2617 2366 2641 se
2394 2606 2460 2641 ha·
2488 2610 2695 2663 {gfffffffifftssog

281 2671 370 2719 prio
395 2669 546 2712 lumine,
567 2666 673 2715 quasi
690 2664 850 2714 quodam
875 2664 996 2712 signo,
1017 2663 1087 2711 ipsi
1111 2661 1222 2698 tradit
1239 2673 1346 2697 suam
1399 2660 1480 2696 bet:
1516 2667 1678 2697 utuntur
1711 2660 1815 2697 enim
1850 2672 1896 2697 eo
1931 2659 2090 2708 quidam
2125 2659 2242 2705 bene,
2272 2657 2333 2694 alii
2366 2669 2459 2694 vero

281 2723 617 2772 participationem.
646 2718 695 2754 Et
722 2716 776 2753 sic
793 2715 945 2753 videtur
963 2715 1071 2764 quod
1090 2715 1284 2751 character
1302 2713 1348 2749 sit
1399 2714 1511 2765 male.
1541 2713 1660 2760 Quod
1675 2713 1714 2750 in
1739 2712 1932 2750 habitibus
1959 2724 2039 2749 non
2058 2710 2255 2758 contingit:
2285 2722 2377 2747 nam
2395 2710 2460 2746 ha-

147 2781 162 2815 β
287 2774 489 2824 quoddam
508 2774 652 2809 lumen.
683 2769 760 2807 Sed
779 2770 912 2805 lumen
930 2767 1092 2816 pertinet
1114 2765 1269 2814 magist
1297 2766 1346 2803 ad
1398 2765 1480 2802 bitu
1508 2765 1655 2802 virtutis
1684 2766 1804 2802 nullus
1827 2767 1938 2802 utitur
1964 2765 2062 2801 male
2079 2764 2110 2809 ²¹⁸,
2139 2763 2271 2800 habitu
2296 2762 2459 2799 malitiae
2486 2765 2696 2818 {trififhbfffi'zissz

286 2827 437 2865 tertiam
464 2824 633 2874 speciem
667 2821 867 2872 qualitatis.
905 2821 998 2856 Non
1025 2831 1115 2867 ergo
1153 2820 1348 2855 character
1399 2820 1527 2855 nullus
1561 2818 1659 2855 bene
1678 2824 1704 2855 Υ.
1741 2819 1841 2865 Ergo
1877 2817 2101 2865 relinquitur
2134 2816 2240 2865 quod
2267 2816 2461 2851 character
2486 2823 2532 2838 ¹¹¹·
2583 2853 2599 2877 γ

287 2888 343 2918 est
368 2886 545 2929 potestas,
566 2888 666 2926 quae
684 2875 836 2912 videtur
863 2873 911 2910 ad
940 2872 1148 2909 secundam
1178 2871 1346 2920 speciem
1400 2870 1446 2907 sit
1471 2870 1651 2919 potentia.

287 2931 476 2984 qualitatis
503 2929 704 2980 pertinere·
1453 2924 1678 2964 Rsssposnsso
1706 2935 1887 2960 mCENDUM
1915 2921 2033 2971 quod,
2059 2921 2154 2957 sicut
2180 2919 2325 2967 dictum
2353 2926 2408 2955 est
2426 2918 2457 2964 ²⁸,
2486 2919 2495 2927 “
2509 2918 2559 2938 Aff-
2577 2924 2594 2939 ¹·

343 2985 378 3023 3.
407 2986 646 3029 PRAETEREA,
676 2994 698 3018 a
725 2979 959 3030 quibusdam
981 2978 1174 3014 character
1201 2975 1254 3012 sic
1281 2975 1346 3012 de·
1399 2982 1637 3012 sacramenta
1665 2987 1790 3012 novae
1818 2975 1908 3022 legis
1936 2975 2195 3010 characterem
2231 2971 2459 3020 imprimunt
2581 3017 2596 3027 „

286 3038 436 3076 finitur:
469 3038 673 3074 Character
691 3040 742 3071 est
759 3035 909 3082 signum
927 3036 1095 3068 sanctum
1119 3029 1347 3066 communio·
1399 3027 1631 3076 inquantum
1665 3039 1736 3076 per
1763 3040 1808 3063 ea
1836 3027 2068 3075 deputamur
2086 3023 2100 3047 δ
2128 3025 2177 3061 ad
2205 3025 2353 3061 cultum
2384 3023 2456 3060 Dei
2581 3025 2596 3042 ⁰

287 3093 345 3129 nis
360 3091 460 3140 fidei
485 3096 519 3126 et
544 3094 695 3126 sanctae
721 3086 979 3129 ordinationis,
1000 3083 1125 3120 datum
1154 3094 1177 3118 a
1205 3082 1347 3118 hierar·
1402 3080 1618 3116 secundum
1637 3080 1753 3116 ritum
1769 3079 2004 3116 Christianae
2019 3076 2220 3125 religionis.
2240 3076 2352 3113 Unde
2366 3075 2458 3112 Dio·
2510 3130 2517 3150 Ι

2485 3132 2495 3140 ·
2520 3136 2564 3151 .oc.
2581 3130 2619 3151 cit.
