2678 4126
1088 297 1439 362 TERTIA
1487 296 1721 362 PARS

353 488 2462 633 SUMMAETHEOLOGIAE

1134 678 1380 716 ANGELICI
1408 678 1675 716 DOCTORIS

589 791 999 875 SANCTI
1058 792 1547 875 THOMAE
1606 793 2232 900 AQUINATIS

1177 971 1317 996 ORDINIS
1345 971 1644 997 PRAEDICATORUM

1036 1076 1190 1120 CUM
1235 1077 1792 1121 COMMENTARIIS

775 1188 1159 1253 THOMAE
1222 1190 1327 1252 DE
1388 1189 1554 1254 VIO
1617 1190 2041 1254 CAIETANI

1291 1327 1402 1345 EIUSDEM
1420 1327 1526 1344 onnmls

1189 1407 1220 1439 S.
1244 1408 1282 1438 R.
1306 1408 1343 1438 E.
1369 1407 1628 1439 CARDINALIS

913 1720 1327 1797 QUAESTIO
1371 1721 1911 1777 SEXAGESIMA

1023 1830 1172 1883 QUID
1206 1830 1300 1872 SIT
1334 1830 1802 1872 SACRAMENTUM

1141 1938 1175 1963 IN
1204 1938 1303 1963 OCTO
1331 1938 1533 1963 ARTICULOS
1565 1938 1678 1963 DIVISA

390 2044 460 2070 osT
495 2031 843 2070 considerationem
881 2042 1019 2068 eorum
1051 2044 1151 2081 quae
1195 2031 1386 2082 pertinent
1411 2036 1413 2064 Ι
1494 2032 1693 2070 Secundo:
1724 2041 1855 2070 utrum
1883 2045 2000 2071 omne
2036 2033 2188 2082 signum
2216 2034 2270 2071 rei
2302 2047 2429 2073 sacrae
2458 2036 2503 2073 sit

322 2043 439 2126 pad
467 2085 651 2135 mysteria
679 2084 798 2122 Verbi
825 2084 1029 2130 incarnati,
1057 2084 1383 2122 considerandum
1411 2065 1413 2102 Ι
1546 2094 1842 2123 sacramentum.

319 2146 375 2176 est
393 2139 442 2176 de
462 2138 654 2175 Ecclesiae
674 2137 931 2183 sacramentis,
952 2149 1053 2186 quae
1081 2138 1130 2174 ab
1151 2137 1235 2187 ipso
1255 2137 1384 2175 Verbo
1411 2103 1414 2179 i
1493 2138 1646 2175 Tertio:
1676 2147 1807 2176 utrum
1827 2147 2109 2177 sacramentum
2135 2139 2182 2177 sit
2206 2140 2359 2189 signum
2386 2141 2502 2179 unius

319 2191 516 2229 incarnato
537 2191 747 2228 efficaciam
767 2190 910 2227 habent
928 2189 959 2226 *.
990 2191 1038 2227 Et
1064 2190 1191 2240 prima
1212 2190 1385 2228 conside·
1547 2191 1601 2228 rei
1628 2199 1789 2239 tantum,
1810 2194 1872 2229 vel
1898 2192 2080 2241 plurium.

318 2244 414 2282 ratio
443 2244 512 2282 erit
540 2244 588 2281 de
617 2243 863 2281 sacramentis
891 2243 930 2279 in
958 2244 1180 2287 communi;
1217 2242 1386 2281 secunda
1494 2243 1661 2290 Quarto:
1691 2252 1823 2282 utrum
1843 2253 2126 2282 sacramentum
2155 2245 2200 2282 sit
2219 2245 2370 2294 signum
2393 2247 2501 2296 quod

320 2298 368 2335 de
396 2309 639 2346 unoquoque
667 2303 999 2334 sacramentorum
1027 2295 1066 2332 in
1094 2296 1247 2346 speciali
1266 2297 1296 2333 ³⁸.
1547 2305 1602 2334 est
1630 2310 1689 2334 res
1716 2297 1913 2334 sensibilis.

269 2392 271 2395 ¹
374 2350 485 2388 Circa
525 2351 697 2400 primum
738 2349 911 2399 quinque
958 2349 1236 2387 consideranda
1276 2358 1384 2387 sunt:
1494 2350 1662 2397 Quinto:
1701 2358 1832 2387 utrum
1877 2351 1925 2387 ad
1963 2358 2246 2388 sacramentum
2289 2351 2503 2401 requiratur

303 2403 463 2453 primo,
493 2403 587 2453 quid
622 2403 668 2440 sit
695 2409 997 2447 sacramentum3
1027 2403 1216 2450 secundo,
1245 2403 1293 2440 de
1322 2415 1386 2440 ne·
1548 2403 1797 2440 determinata
1825 2416 1884 2440 res
1913 2404 2110 2442 sensibilis.

319 2456 493 2494 cessitate
527 2463 854 2494 sacramentorum
875 2454 912 2501 *ς
948 2455 1076 2503 tertio,
1105 2456 1153 2493 de
1189 2455 1387 2493 effectibus
1495 2456 1628 2493 Sexto:
1663 2463 1794 2493 utrum
1823 2457 1872 2493 ad
1899 2464 2182 2494 sacramentum
2215 2457 2429 2506 requiratur
2456 2457 2502 2494 si-

321 2517 648 2547 sacramentorum
676 2509 714 2555 *3
745 2516 903 2558 quarto,
933 2508 981 2545 de
1014 2521 1130 2546 causa
1162 2521 1300 2546 eorum
1327 2509 1385 2555 *ἦ
1547 2508 1738 2557 gnificatio
1767 2521 1867 2558 quae
1896 2517 1951 2546 est
1977 2522 2047 2559 per
2073 2509 2203 2547 verba.

320 2562 468 2611 quinto,
488 2563 536 2599 de
565 2574 730 2599 numero
750 2562 780 2599 *.
1496 2561 1686 2610 Septimo:
1708 2569 1839 2598 utrum
1855 2561 2097 2611 requirantur
2110 2562 2360 2600 determinata
2372 2563 2501 2600 verba.

322 2614 433 2652 Circa
460 2614 632 2664 primurn
660 2622 900 2665 quaeruntur
927 2622 1026 2652 oct0.
1496 2615 1663 2652 Octavo:
1694 2622 1825 2651 utrum
1854 2615 1923 2652 illis
1950 2615 2078 2652 verbis
2105 2615 2225 2665 possit
2244 2615 2386 2666 aliquid
2414 2615 2503 2653 addi

374 2667 524 2705 Primo:
546 2676 678 2705 utrum
698 2675 983 2706 sacramentum
1003 2667 1048 2705 sit
1067 2667 1107 2704 in
1125 2679 1263 2716 genere
1279 2667 1386 2716 signi.
1412 2635 1415 2708 Ι
1547 2669 1609 2704 vel
1637 2667 1818 2704 subtrahi.

1131 2776 1450 2818 ARTICULUS
1481 2775 1688 2818 PRIMUS

907 2869 1065 2900 UTRUM
1088 2869 1423 2900 SACRAMENTUM
1447 2868 1513 2900 slT
1538 2869 1581 2899 1N
1605 2869 1780 2900 GENERE
1804 2868 1916 2900 SIGNI

735 2950 768 2974 lv
788 2949 870 2979 Sent„
891 2949 949 2974 dist.
968 2956 986 2980 1,
1005 2956 1050 2981 qu.
1068 2956 1085 2979 1,
1105 2954 1151 2974 art.
1173 2955 1196 2980 1,
1215 2949 1265 2981 qu*
1285 2955 1314 2978 1;
1335 2954 1381 2973 art.
1400 2956 1425 2980 4,
1445 2949 1492 2981 qu'¹
1515 2955 1537 2979 ι,
1558 2949 1589 2973 ad
1611 2955 1639 2979 1;
1659 2949 1718 2974 dist.
1737 2956 1780 2979 ιιι,
1799 2957 1843 2981 qu.
1862 2956 1880 2978 1,
1899 2954 1946 2974 art.
1967 2956 1990 2978 ι,
2009 2950 2040 2974 ad
2062 2949 2085 2974 3.

351 3047 414 3088 ,νή-ὴν(
432 3049 477 3081 „4
531 3042 554 3067 D
582 3042 718 3067 PR1M1JM
745 3042 798 3066 sm
824 3041 1059 3066 PROCEDITUR.
1088 3028 1249 3066 Videtur
1276 3028 1383 3077 quod
1492 3039 1526 3064 2.
1557 3029 1788 3074 PRAETEREA,
1815 3036 2098 3066 sacramentum
2126 3029 2278 3066 videtur
2305 3032 2499 3069 occultum

343 3077 507 3143 'QJAQJ
533 3090 818 3120 sacramentum
855 3094 935 3119 non
963 3082 1008 3118 sit
1042 3082 1081 3118 in
1108 3093 1246 3129 genere
1275 3080 1381 3128 signi.
1437 3080 1582 3129 aliquid
1603 3086 1619 3102 ‘²
1647 3080 1876 3129 significare:
1907 3082 2123 3118 secundum
2155 3082 2247 3119 illud
2279 3085 2315 3120 Τ
2312 3085 2369 3120 ob.
2396 3096 2442 3120 xn
2460 3084 2497 3121 *z

336 3137 373 3193 ἰγ’
397 3153 456 3181 ν,
474 3133 694 3173 Videtur
721 3135 826 3172 enim
862 3142 1146 3172 sacramentum
1170 3134 1248 3173 ,dici
1276 3147 1299 3171 a
1325 3146 1383 3170 sa·
1438 3135 1720 3171 Sacramentum
1763 3136 1864 3184 regis
1908 3135 2134 3172 abscondere
2170 3137 2308 3172 honum
2351 3142 2402 3173 est
2415 3150 2428 3181 ;
2464 3145 2500 3174 et

320 3242 453 3279 cando.
484 3242 562 3279 Sed
589 3243 665 3279 hoc
699 3241 820 3290 magis
847 3241 1000 3278 videtur
1032 3240 1221 3289 pertinere
1250 3240 1299 3277 ad
1327 3252 1384 3277 ra·
1439 3239 1576 3276 conditi
1601 3251 1624 3276 a
1651 3240 1807 3276 saeculis
1834 3241 1871 3276 in
1900 3241 1993 3277 Deo.
2023 3240 2100 3277 Sed
2128 3240 2166 3278 id
2195 3242 2301 3290 quod
2334 3250 2389 3278 est
2416 3242 2499 3279 abs-

320 3295 467 3332 tionem
504 3307 642 3332 causae
678 3307 798 3344 quam
833 3294 883 3332 ad
916 3293 1104 3331 rationem
1137 3293 1243 3342 signi.
1282 3293 1384 3341 Ergo
1439 3291 1658 3338 conditum,
1687 3292 1840 3330 videtur
1872 3305 1954 3329 esse
1992 3300 2124 3330 contra
2160 3294 2346 3332 rationem
2385 3294 2497 3343 signi:

322 3355 607 3385 sacramentum
634 3347 755 3396 magis
783 3355 839 3385 est
866 3347 907 3384 in
934 3359 1071 3395 genere
1101 3358 1238 3384 causae
1266 3358 1386 3396 quam
1439 3357 1529 3382 nam
1565 3347 1715 3396 signum
1753 3352 1803 3383 est
1840 3346 1954 3395 quod,
1979 3344 2165 3395 praeter?³
2197 3349 2355 3397 speciem
2389 3360 2499 3397 quam

322 3400 361 3438 iri
388 3412 527 3449 genere
555 3397 661 3450 signi.
1438 3399 1602 3435 sensibus
1629 3400 1775 3448 ingerit,
1786 3400 1885 3446 facit
1904 3399 2043 3448 aliquid
2068 3400 2170 3437 aliud
2187 3402 2223 3437 in
2252 3402 2499 3450 cognitionem

376 3531 404 3567 α)
423 3534 554 3559 occultum
572 3534 684 3567 aliquid.
701 3548 721 3553 -
738 3534 842 3567 aliquid
859 3534 989 3559 occultum
1008 3533 1037 3559 P.
1496 3530 1522 3566 β)
1537 3535 1656 3564 praeter.
1674 3546 1693 3550 -
1707 3539 1758 3564 per
1777 3532 1843 3564 HpG
1863 3537 1888 3556 et
1906 3532 1950 3562 bc‚·
1967 3532 2042 3557 Alias
2058 3538 2109 3564 per
2127 3538 2216 3564 margo
2236 3531 2264 3557 Ρ.

375 3166 472 3222 §4:535
488 3182 695 3226 crando:
730 3188 827 3225 sicut
861 3187 1190 3225 medicamentum
1217 3200 1239 3224 a
1274 3187 1384 3223 medi·
1438 3187 1570 3236 Ephes.
1591 3199 1624 3223 111
1641 3186 1678 3223 *ε
1715 3188 1820 3229 Quae
1845 3189 1890 3224 sit
1917 3187 2136 3236 dispensatio
2168 3191 2393 3226 sacramenti
2418 3192 2499 3226 abs·
2526 3198 2536 3207 ·
2586 3202 2608 3218 rs

2625 3094 2640 3109 α

2527 3121 2536 3130 ·
2552 3119 2617 3141 Vers.
2633 3125 2653 3145 7.
