2878 4088
0 0 16 46 t

1 52 16 97 ἓ

79 402 90 413 ·
103 401 160 428 Arg.
170 398 220 422 Sed
235 403 291 421 con·

87 1811 98 1823 '¹
118 1809 299 1833 mr·
326 1805 433 1838 sinum
449 1804 598 1835 Abrahae
612 1803 715 1834 ferant
730 1804 757 1834 ⁴².
781 1803 867 1844 Ergo
883 1802 1008 1833 videtur
1031 1801 1121 1842 quod
1143 1802 1231 1832 sinus
1250 1802 1397 1832 Abrahae
1452 1800 1575 1842 inferni
1598 1799 1789 1830 descendent
1820 1799 1930 1829 omnia
1963 1808 2043 1829 mea.
2069 1798 2132 1830 Sed
2154 1799 2230 1835 Iob,
2257 1808 2333 1829 cum
2365 1804 2447 1829 esset
2472 1799 2519 1828 vir

87 1836 229 1892 sss‘sss'fflt.
243 1835 300 1890 trgi,
326 1859 396 1882 non
417 1849 457 1880 sit
478 1848 566 1880 idem
589 1847 679 1888 quod
701 1847 828 1878 limbus.
1452 1850 1579 1875 sanctus
1596 1850 1627 1875 et
1642 1845 1743 1875 iustus
1759 1844 1786 1880 *‚
1803 1843 1843 1874 ad
1865 1843 2001 1874 limbum
2025 1842 2197 1874 descendit.
2222 1843 2308 1883 Ergo
2332 1843 2448 1873 limbus
2472 1848 2519 1873 est
2547 1844 2556 1853 ·
2571 1841 2725 1869 apamen.
2739 1850 2757 1864 ¹-

86 1896 150 1919 ³⁸⁹·
165 1897 184 1913 ¹·
383 1893 446 1926 San
470 1902 604 1929 coum,
620 1892 711 1924 sinus
732 1891 883 1923 Abrahae
898 1891 1013 1922 dicitur
1035 1891 1092 1922 ubi
1106 1889 1274 1921 mendicus
1298 1890 1398 1921 Laza-
1451 1888 1539 1920 idem
1562 1888 1652 1929 quod
1674 1887 1963 1929 profundissimum
1985 1887 2110 1918 inferni.

87 1948 98 1960 ·
113 1947 169 1970 ιιιο.
184 1952 236 1975 σιμ.
251 1952 300 1974 ινι,
327 1948 382 1970 rus
404 1937 520 1970 ductus
543 1942 591 1968 est
605 1938 632 1967 *-
667 1936 730 1968 Sed
753 1935 868 1967 ductus
892 1941 939 1967 est
962 1935 1002 1966 ad
1032 1935 1211 1966 infernum:
1244 1935 1336 1975 quia,
1361 1939 1398 1965 ut
1508 1933 1570 1964 San
1597 1942 1739 1969 CONTRA,
1765 1933 1798 1963 in
1823 1933 1954 1974 inferno
1979 1932 2070 1963 nulla
2094 1936 2142 1962 est
2164 1931 2337 1972 redemptio
2354 1933 2381 1962 *.
2417 1931 2479 1962 Sed
2503 1941 2520 1961 a
2548 1929 2757 1977 'Offigffefffefp-

87 1979 198 2023 13:4²²·
328 1982 405 2015 dicit
428 1982 543 2014 Glossa
557 1982 574 1998 ⁴*
598 1981 656 2011 Iob
671 1991 749 2014 xxx.
774 1990 870 2021 super
889 1979 970 2011 illud
984 1981 1018 1996 Ἠ*
1028 2003 1036 2016 ,
1064 1979 1126 2010 Ubi
1155 1979 1328 2010 constituta
1352 1983 1399 2010 est
1412 1987 1439 2008 4ο
1452 1978 1553 2008 limbo
1570 1977 1670 2008 sancti
1685 1976 1816 2008 fuerunt
1830 1976 1987 2017 redempti
2002 1977 2028 2006 ἢ
2054 1976 2139 2017 Ergo
2154 1975 2271 2006 limbus
2290 1985 2357 2006 non
2373 1981 2419 2006 est
2434 1975 2520 2006 idem
2546 1959 2756 2013 ffssrssarfnfi'ehssss

88 2028 110 2040 '⁸
124 2026 192 2050 vm.
206 2031 239 2056 ²3·
328 2027 443 2059 domus
466 2026 555 2057 omni
578 2025 714 2056 viventi:
732 2025 889 2067 Infernas
903 2024 1018 2055 domus
1042 2028 1113 2054 erat
1133 2023 1276 2054 omnium
1291 2023 1399 2055 viven-
1454 2021 1543 2063 quod
1566 2021 1718 2052 infernus.
2547 2008 2758 2058 {fq’dffl‘mffl’

329 2072 408 2103 tium
432 2075 507 2102 ante
525 2070 646 2101 Christi
666 2070 849 2101 adventum.
873 2069 960 2109 Ergo
984 2069 1072 2099 sinus
1087 2068 1234 2098 Abrahae
1250 2069 1297 2098 est
1312 2066 1398 2098 idem
1510 2076 1540 2096 2.
1556 2066 1753 2101 PRAnranA,
1766 2065 1966 2105 Augustinus
1982 2064 2068 2100 dicit,
2081 2064 2139 2094 XII
2153 2074 2251 2104 super
2264 2064 2342 2095 Gen.
2355 2064 2399 2094 ad
2414 2064 2472 2094 litt.
2486 2065 2518 2094 ἣ
2549 2064 2558 2074 ·
2573 2042 2633 2084 ¹³⁵³st-
2652 2061 2699 2089 111,
2720 2067 2758 2089 ‘³¹¹-

328 2115 419 2158 quod
441 2116 569 2146 limbus.
1456 2110 1627 2147 Quomodo
1651 2110 1741 2140 illam
1758 2109 1909 2150 requiem,
1927 2118 2024 2149 quam
2048 2109 2185 2139 Lazarus
2208 2109 2340 2148 accepit,
2365 2108 2452 2149 apud
2473 2108 2520 2138 in-
2548 2092 2647 2143 {¹¹23}ss
2663 2094 2760 2140 ⁵x'xxn1,

88 2168 98 2180 ·
113 2167 181 2190 vm.
195 2167 232 2197 38.
385 2170 415 2191 2.
439 2160 637 2194 Pmnmn,
659 2158 773 2189 Genes.
790 2167 853 2188 an
864 2158 881 2174 ⁸*
897 2156 974 2187 dicit
990 2156 1085 2186 Iacob
1101 2155 1174 2187 filiis
1190 2156 1271 2187 suis:
1288 2155 1399 2186 Dedu-
1444 2155 1546 2197 feros
1561 2163 1629 2185 esse
1644 2153 1822 2189 credamus,
1841 2163 1905 2184 non
1930 2153 2032 2184 video.
2058 2152 2120 2184 Sed
2136 2153 2242 2183 anima
2264 2152 2374 2183 Lazari
2395 2152 2435 2183 ad
2449 2152 2521 2183 lim-
2548 2148 2570 2163 ¹¹·
2588 2142 2624 2167 ⁶⁴*

329 2205 406 2236 cetis
428 2213 529 2235 canos
544 2212 631 2234 meos
654 2211 727 2233 cum
750 2201 865 2232 dolore
880 2201 924 2232 ad
947 2201 1081 2242 inferos.
1106 2200 1191 2240 Ergo
1208 2200 1303 2231 Iacob
1320 2200 1399 2230 scie·
1414 2214 1438 2234 45
1453 2199 1533 2230 bum
1557 2197 1729 2229 descendit.
1754 2198 1839 2238 Ergo
1856 2197 1974 2228 limbus
1997 2207 2065 2228 non
2089 2202 2136 2227 est
2151 2196 2237 2227 idem
2261 2197 2351 2237 quod
2366 2196 2519 2227 infernus.

329 2250 383 2280 bat
405 2249 439 2279 in
462 2253 567 2279 morte
590 2257 648 2277 sua
670 2256 704 2277 se
728 2245 768 2277 ad
790 2245 910 2276 inferos
939 2244 1204 2276 transferendum.
1240 2245 1326 2285 Ergo
1351 2249 1398 2280 et,
1509 2244 1699 2274 Rnsrormxo
1722 2252 1883 2272 mmmmm
1906 2241 1996 2282 quod
2018 2241 2219 2281 receptacula
2248 2242 2426 2272 animarum
2447 2246 2522 2281 post

330 2292 444 2324 eadem
466 2292 606 2327 ratione,
630 2291 792 2321 Abraham
824 2289 864 2321 ad
892 2289 1012 2320 inferos
1044 2289 1212 2320 translatus
1243 2288 1304 2319 fuit
1327 2294 1401 2329 post
1454 2293 1593 2318 mortem
1609 2286 1778 2327 dupliciter
1793 2285 1943 2326 distingui
1966 2291 2118 2326 possunt:
2144 2291 2198 2316 aut
2213 2285 2391 2316 secundum
2408 2286 2520 2322 situm;

330 2342 478 2368 mortem.
504 2336 549 2373 Et
580 2336 623 2366 ita
655 2335 743 2366 sinus
766 2334 912 2365 Abrahae
942 2333 1067 2364 videtur
1090 2343 1158 2364 esse
1191 2333 1297 2374 aliqua
1329 2342 1401 2373 pars
1455 2337 1510 2363 aut
1525 2331 1704 2362 secundum
1727 2331 1876 2361 locomm
1893 2330 2088 2370 qualitatem,
2104 2335 2202 2370 prout
2218 2330 2337 2360 scilicet
2359 2330 2393 2360 in
2409 2330 2522 2370 aliqui-

330 2380 455 2413 inferni.
1455 2377 1515 2407 bus
1538 2376 1618 2406 locis
1640 2385 1762 2416 poenas
1790 2375 1842 2405 vel
1865 2375 2006 2415 praemia
2035 2374 2193 2414 recipiunt
2216 2375 2350 2404 animae.
2385 2373 2418 2404 Si
2446 2383 2521 2413 ergo

385 2425 576 2456 Rusponnno
599 2433 760 2454 memnon
779 2422 869 2463 quod
884 2423 1008 2454 animae
1023 2422 1196 2452 hominum
1217 2427 1292 2462 post
1314 2431 1402 2452 mor·
1417 2435 1442 2455 ςο
1456 2419 1674 2452 consideretur
1689 2420 1807 2450 limbus
1822 2419 1952 2450 Patrum
1968 2424 1999 2449 et
2021 2418 2164 2449 infernus
2180 2418 2359 2448 secundum
2374 2418 2523 2448 locorum

330 2475 397 2501 tem
420 2468 461 2500 ad
483 2469 628 2509 quietem
649 2468 815 2508 pervenire
837 2476 907 2498 non
928 2471 1066 2507 possunt
1083 2467 1144 2497 nisi
1166 2467 1282 2497 merito
1306 2465 1400 2496 fidei:
1457 2465 1643 2506 qualitatem
1675 2463 1887 2504 praedictam,
1914 2464 1958 2494 sic
1981 2472 2049 2493 non
2073 2468 2120 2493 est
2143 2462 2278 2493 dubium
2301 2462 2391 2502 quod
2414 2462 2523 2492 distin-

91 2522 101 2533 ·
115 2520 183 2543 Vm.
198 2520 221 2543 6.
332 2515 408 2555 quia
431 2512 631 2544 accedentem
647 2512 690 2543 ad
703 2512 810 2543 Deum
833 2516 961 2552 oportet
983 2511 1123 2546 credere,
1140 2510 1223 2541 Heb.
1240 2521 1272 2541 x1
1283 2511 1310 2541 ³.
1334 2510 1401 2540 Pri-
1455 2514 1608 2550 guuntur.
1637 2508 1724 2539 Tum
1748 2509 1824 2548 quia
1846 2509 1879 2538 in
1902 2507 2028 2538 inferno
2053 2512 2099 2537 est
2122 2515 2228 2547 poena
2251 2506 2416 2542 sensibilis,
2441 2515 2523 2546 quae

331 2567 424 2589 mum
447 2562 556 2588 autem
586 2556 770 2596 exemplum
794 2555 944 2587 credendi
974 2555 1159 2586 hominibus
1182 2556 1216 2586 in
1239 2555 1402 2586 Abraham
1456 2564 1525 2584 non
1548 2558 1613 2584 erat
1635 2554 1669 2583 in
1701 2553 1802 2583 limbo
1835 2552 1974 2582 Patrum.
2009 2551 2097 2582 Tum
2121 2551 2216 2581 etiam
2239 2551 2315 2591 quia
2341 2551 2375 2581 in
2397 2550 2523 2581 inferno

90 2610 102 2621 ·
117 2608 175 2631 Gen.
191 2613 242 2637 up.
256 2613 305 2635 ιιι,
332 2602 434 2639 datur,
451 2602 508 2642 qui
522 2601 629 2642 primo
645 2610 679 2631 se
695 2610 713 2631 a
735 2605 832 2631 coetu
847 2599 1027 2631 infidelium
1043 2600 1218 2640 segregavit
1233 2600 1260 2636 ἡ
1278 2605 1309 2630 et
1331 2608 1403 2639 spe·
1457 2603 1504 2629 est
1519 2607 1626 2638 poena
1641 2603 1784 2628 aeterna:
1804 2596 1860 2627 sed
1875 2597 1909 2627 in
1925 2596 2025 2626 limbo
2040 2595 2171 2626 Patrum
2188 2594 2410 2625 detinebantur
2425 2595 2523 2624 sancti

90 2641 296 2690 fflss*mp.xm
333 2647 412 2678 ciale
443 2646 573 2688 signum
595 2644 681 2686 fidei
712 2645 835 2685 accepit
854 2645 881 2675 *.
915 2644 957 2675 Et
979 2643 1054 2675 ideo
1086 2644 1213 2684 requies
1243 2643 1297 2674 illa
1320 2652 1403 2684 quae
1418 2656 1440 2677 ςς
1457 2642 1674 2682 temporaliter
1696 2646 1832 2672 tantum.

91 2677 307 2738 ffifflgl‘lssgk
332 2691 519 2722 hominibus
541 2694 616 2730 post
638 2694 777 2720 mortem
800 2688 901 2725 datur,
923 2688 1015 2719 sinus
1037 2688 1187 2719 Abrahae
1210 2687 1343 2719 dicitur:
1367 2692 1404 2718 ut
1513 2686 1577 2718 Sed
1599 2687 1626 2717 si
1649 2685 1890 2717 considerentur
1905 2689 2063 2725 quantum
2087 2683 2127 2714 ad
2142 2684 2239 2714 situm
2258 2683 2332 2719 loci,
2349 2684 2393 2713 sic
2409 2683 2524 2723 proba-

91 2730 201 2781 gmsu.
215 2720 239 2743 β’
299 2730 305 2740 ’
333 2740 420 2776 patet
443 2744 500 2775 per
523 2734 752 2774 Augustinum‚
767 2733 824 2764 XII
843 2742 941 2774 super
965 2732 1044 2763 Gen.
1061 2732 1104 2763 ad
1127 2733 1186 2763 litt.
1202 2733 1219 2749 ⁴*
1457 2731 1521 2762 bile
1538 2736 1585 2761 est
1608 2730 1698 2771 quod
1720 2729 1807 2760 idem
1822 2729 1924 2766 locus,
1940 2729 1989 2759 vel
2015 2728 2106 2769 quasi
2120 2728 2304 2764 continuus,
2321 2727 2360 2757 sit
2382 2726 2524 2757 infernus

93 2767 297 2824 65ῗῖρρἱῖᾞέ
389 2778 454 2810 Sed
469 2779 594 2809 animae
617 2783 802 2808 sanctorum
817 2782 891 2818 post
905 2782 1045 2808 mortem
1059 2786 1128 2807 non
1151 2777 1242 2807 omni
1256 2781 1404 2816 tempore
1458 2780 1490 2806 et
1512 2775 1646 2806 limbus:
1670 2775 1714 2805 ita
1736 2780 1845 2805 tamen
1868 2772 1959 2814 quod
1974 2772 2132 2813 quaedam
2155 2772 2301 2812 superior
2316 2781 2387 2812 pars
2409 2771 2525 2801 inferni

92 2820 306 2876 fflfvffigpffif
334 2823 470 2855 eandem
494 2823 637 2863 quietem
659 2822 850 2852 habuerunt.
884 2821 971 2860 Quia
992 2826 1067 2862 post
1090 2820 1208 2851 Christi
1231 2820 1404 2851 adventum
1457 2819 1576 2850 limbus
1598 2819 1729 2849 Pau-um
1752 2817 1884 2849 dicatur.
1908 2818 2086 2848 Existentes
2102 2817 2189 2847 enim
2212 2817 2245 2846 in
2268 2815 2394 2846 inferno
2411 2824 2524 2845 secun-

964 177 1228 225 QUAESTIO
1258 173 1721 220 LXIX,·ART1CULUS
1750 174 1812 220 IV,
1832 174 1867 210 V
2434 175 2502 220 145

319 258 397 290 dum
413 263 607 299 potestatem
621 258 741 298 gloriae
764 257 930 288 animabus
950 262 1135 287 sanctorum
1154 256 1218 286 hoc
1241 254 1389 294 congruit
1444 252 1606 284 dicebatur
1629 252 1788 294 infernus.
1822 252 1863 282 Et
1885 253 1930 283 sic
1953 262 2013 282 nec
2037 254 2124 283 sinus
2157 253 2302 284 Abrahae
2325 254 2358 284 in
2386 254 2507 284 malum

319 301 410 344 quod
432 307 569 343 possunt
591 311 659 333 esse
682 302 738 332 ubi
758 301 927 332 voluerint.
951 300 993 331 Et
1015 301 1080 331 hoc
1098 305 1145 330 est
1168 298 1258 340 quod
1272 299 1388 329 Hiero-
1444 298 1607 338 accipitur,
1624 306 1684 327 nec
1708 295 1850 326 infernus
1873 297 1907 326 in
1930 296 2072 333 bonum,
2097 298 2241 337 quamvis
2266 297 2507 338 quodammodo

320 356 439 388 nymus
461 345 608 378 intendit.
1444 342 1506 372 sint
1529 350 1643 372 unum.

374 391 425 421 An
441 400 576 421 rem-mu
592 391 608 407 ⁴*
624 399 784 420 mern-mm
800 388 899 430 quod,
913 389 1059 429 quamvis
1075 387 1248 428 aliquando
1264 387 1389 418 animae
1499 385 1550 416 An
1574 394 1737 416 szctmmm
1760 393 1920 414 memmi
1950 384 2049 424 quod,
2073 385 2154 415 sicut
2176 386 2301 424 requies
2325 392 2507 416 sanctorum

319 440 504 466 sanctorum
519 435 570 465 vel
587 434 811 465 damnatorum
826 432 1075 474 praesentialiter
1098 432 1200 463 adsint
1220 431 1277 462 ubi
1292 440 1389 471 appa·
1411 438 1421 458 5
1444 430 1574 460 Patrum
1598 434 1671 460 ante
1704 428 1822 460 Christi
1853 427 2027 458 adventum
2059 427 2220 459 dicebatur
2243 430 2330 460 sinus
2352 430 2507 465 Abrahae,

319 484 400 516 rent,
416 489 485 510 non
500 485 608 510 tamen
631 477 828 510 credendum
844 482 891 508 est
913 477 976 508 hoc
997 486 1123 517 semper
1146 475 1298 506 accidere.
1322 475 1389 505 Ali-
1444 474 1487 504 ita
1504 479 1535 504 et
1548 479 1623 514 post
1646 473 1764 504 Christi
1785 472 1975 503 adventum:
2000 471 2055 502 sed
2071 471 2292 503 diversimode.
2316 474 2400 512 Quia
2423 475 2508 504 enirn

321 523 452 564 quando
477 524 564 554 enim
594 521 781 554 huiusmodi
810 522 1026 562 apparitiones
1055 520 1156 557 fiunt,
1180 519 1232 550 vel
1258 520 1292 550 in
1316 518 1389 549 dor·
1445 523 1518 549 ante
1543 517 1661 549 Christi
1693 517 1866 548 adventum
1899 521 2083 547 sanctorum
2106 518 2231 556 requies
2261 518 2395 548 habebat
2423 518 2508 548 defe—

320 567 451 599 miendo
467 568 519 598 vel
534 568 568 598 in
582 566 755 607 vigilando,
772 566 960 607 operatione
983 565 1147 596 bonorum
1162 564 1213 594 vel
1229 563 1390 594 malorum
1446 567 1534 592 ctum
1557 562 1680 602 requiei
1703 561 1900 598 adiunctum,
1917 560 2080 591 dicebatur
2102 560 2188 590 idem
2204 560 2345 592 infernus
2369 567 2400 592 et
2423 562 2510 592 sinus

320 612 492 652 spirituum
502 635 510 648 ,
535 611 575 642 ad
605 611 849 642 instructionem
871 609 923 640 vel
946 608 1171 649 deceptionem
1202 607 1389 638 viventium.
1445 606 1601 642 Abrahae,
1617 606 1810 646 inquantum
1826 606 1870 635 ibi
1885 614 1953 635 non
1967 603 2132 635 videbatur
2148 604 2245 635 Deus.
2270 605 2332 636 Sed
2348 606 2423 645 quia
2437 612 2510 645 post

321 655 411 687 Sicut
435 657 530 687 etiam
552 656 616 686 vivi
639 655 788 686 homines
817 652 990 694 aliquando
1019 653 1087 683 aliis
1110 657 1264 692 apparent
1292 656 1323 681 et
1346 651 1390 681 eis
1406 662 1432 677 ιο
1446 649 1565 680 Christi
1588 649 1761 681 adventum
1793 654 1978 680 sanctorum
2008 649 2134 688 requies
2159 654 2205 679 est
2237 649 2412 689 completa,
2437 659 2511 680 cum

321 700 422 731 multa
445 700 557 731 dicunt
571 700 605 730 in
628 699 772 735 somniis,
789 707 864 729 cum
879 703 988 728 tamen
1011 701 1136 728 constet
1160 705 1216 726 eos
1238 705 1306 726 non
1323 704 1391 726 esse
1445 694 1553 724 Deum
1568 693 1707 730 videant,
1723 694 1792 724 talis
1816 694 1942 734 requies
1963 692 2077 723 dicitur
2093 693 2180 723 sinus
2202 693 2357 729 Abrahae,
2375 699 2406 724 et
2421 694 2510 723 nullo

321 750 520 785 praesentes:
545 744 627 775 sicut
649 743 849 783 Augustinus
863 751 921 782 per
943 741 1044 772 multa
1060 740 1206 780 exempla
1228 739 1343 780 probat
1357 740 1391 770 in
1445 737 1546 768 modo
1570 737 1723 768 infernus.
1747 738 1789 768 Et
1811 737 1851 768 ad
1873 738 1960 768 hunc
1984 737 2090 767 sinum
2113 737 2259 767 Abrahae
2282 737 2425 768 Ecclesia
2444 743 2512 767 orat

321 789 403 820 libro
427 789 467 820 de
491 789 582 820 Cura
598 797 664 828 pro
687 786 825 817 mortuis
848 785 977 827 agenda
993 786 1020 815 ⁴.
1445 781 1556 812 fideles
1579 781 1722 822 perduci.

1501 825 1596 857 Unde
1618 831 1706 866 patet
1726 827 1894 866 responsio
1918 825 1962 856 ad
1985 826 2124 857 tertium.
2148 825 2189 856 Et
2211 826 2256 856 sic
2279 826 2375 856 etiam
2398 825 2512 856 intelli-

1408 881 1430 902 ις
1446 869 1550 910 genda
1574 875 1620 901 est
1644 869 1803 911 quaedam
1825 870 1930 910 glossa
1945 871 1962 887 ⁴*
1985 879 2067 910 quae
2087 870 2222 901 habetur
2243 870 2323 900 Luc.
2340 880 2402 906 xV1,
2418 878 2514 910 super

1445 914 1526 945 illud
1541 915 1567 951 *,
1583 915 1719 945 Factum
1743 920 1790 945 est
1812 919 1848 945 ut
1870 919 2053 945 moreretur
2075 914 2239 945 mendicus
2262 920 2338 950 etc.,
2364 924 2446 954 quae
2469 914 2512 943 sic

323 974 408 1037 An
425 972 573 994 aum-nm
589 972 635 993 εις
650 971 855 992 paocnmwn.
871 959 1007 991 Videtur
1029 958 1119 1000 quod
1134 960 1252 990 limbus
1274 959 1392 991 inferni
1446 958 1538 990 dicit:
1563 958 1661 990 Sinus
1675 959 1825 990 Abrahae
1840 964 1887 990 est
1909 959 2034 999 requies
2049 959 2215 990 beatorum
2225 968 2418 1000 pauperum,
2435 967 2513 999 quo-

322 1053 352 1084 A

322 859 422 891 ART.
435 859 488 890 IV.
501 867 607 889 urium
622 866 732 887 numus
748 865 874 886 mnam
891 865 937 886 srr
952 864 1029 885 mma
1045 863 1132 884 ouon
1148 863 1232 884 smus
1248 863 1392 884 naama

382 914 443 936 Part.
459 913 498 940 111,
513 919 552 940 qu.
567 918 608 938 ιιι,
623 914 664 934 ιη.
679 917 701 938 a,
716 910 744 932 nd
759 917 786 937 4:
802 909 834 931 1v
847 909 927 937 Sent.,
942 909 996 932 dist.
1011 915 1032 936 1,
1047 912 1105 937 pm.
1120 914 1145 936 ιι,
1159 908 1259 937 exposit.
1274 912 1330 931 text.

387 1017 455 1039 non
478 1008 518 1038 sit
539 1006 626 1038 idem
649 1005 740 1046 quod
763 1005 855 1036 sinus
877 1004 1027 1035 Abrahae
1042 1005 1069 1035 ’ἢ
1094 1004 1184 1036 Sicut
1204 1005 1292 1035 enim
1316 1004 1392 1035 dicit
1447 1013 1519 1034 rum
1543 1008 1591 1034 est
1613 1013 1750 1045 regnum
1774 1004 1949 1034 caelorum.

352 1052 532 1093 ugustinus,
549 1050 606 1082 XII
622 1059 720 1090 super
736 1050 815 1081 Gen.
833 1049 876 1080 ad
892 1049 951 1080 litt.
967 1050 998 1079 *t
1019 1049 1173 1079 Nondum
1190 1049 1298 1080 inveni
1310 1049 1392 1091 infe-

289 1082 295 1089 ·
323 1106 379 1128 ros
394 1095 513 1127 alicubi
529 1095 561 1126 in
578 1095 662 1126 bono
673 1095 824 1136 posuisse
838 1094 1051 1135 Scripturam.
1068 1093 1131 1125 Sed
1147 1094 1234 1124 sinus
1246 1093 1393 1124 Abrahae
1407 1102 1433 1117 ²⁰
1546 1073 1645 1104 ΛΒΤ·
1662 1074 1701 1104 V·
1725 1083 1830 1104 UTRUM
1853 1084 1962 1104 umus
1986 1084 2033 1104 ΜΤ
2056 1083 2132 1104 ῙΒΕΜ
2157 1083 2244 1104 ‘³⁰0¹'
2268 1083 2417 1104 ¹NF¹³RNU⁵

322 1142 356 1172 in
387 1141 477 1172 bono
509 1140 678 1180 accipitur:
712 1144 748 1169 ut
771 1138 891 1169 ibidem
914 1138 1077 1178 subiungit
1108 1138 1323 1178 Augustinus,
1347 1138 1393 1168 sic
1859 1128 2091 1177 ‘DAMNATORUM

323 1184 448 1216 dicens:
469 1185 545 1215 Non
563 1184 595 1214 in
612 1183 696 1215 bono
713 1183 934 1224 accipiendum
954 1182 1061 1213 sinum
1080 1182 1240 1218 Abrahae,
1257 1187 1288 1213 et
1302 1182 1392 1212 illam
1708 1172 1740 1194 ¹¹¹
1753 1172 1827 1200 ³⁰¹&
1843 1173 1897 1194 ΔΨ·
1911 1179 1968 1200 ¹¹¹¹¹
1984 1179 2025 1201 ‘¹¹¹'
2040 1179 2065 1199 '¹‘
2079 1177 2121 1194 Ψ·
2138 1180 2157 1200 ”
2173 1173 2217 1201 ‘¹¹³⁵
2231 1179 2252 1194 ²·

324 1229 465 1271 requiem
487 1238 551 1270 quo
579 1228 619 1259 ab
642 1228 770 1269 angelis
787 1228 865 1268 pius
891 1236 1022 1268 pauper
1052 1226 1174 1257 allatus
1196 1231 1260 1263 est,
1285 1227 1392 1257 nescio
1512 1234 1533 1255 1>
1565 1234 1704 1255 numum
1734 1234 1780 1255 SIC
1807 1234 2013 1255 rRocnme.
2048 1224 2183 1255 Videtur
2213 1224 2303 1264 quod
2334 1225 2451 1255 limbus
2475 1225 2514 1255 sit

324 1278 438 1306 utrum
454 1273 625 1314 quisquam
642 1272 748 1313 possit
770 1272 894 1304 audire.
925 1271 1011 1312 Ergo
1042 1271 1130 1302 sinus
1155 1271 1303 1302 Abrahae
1325 1280 1392 1302 non
1512 1268 1599 1300 idem
1624 1268 1714 1309 quod
1736 1268 1879 1299 infernus
1899 1268 2132 1299 damnatorum.
2158 1268 2303 1300 Christus
2327 1270 2413 1299 enim
2437 1268 2514 1299 dici-

325 1323 372 1350 ατ
393 1317 481 1349 idem
504 1317 594 1358 quod
616 1316 734 1348 limbus
755 1316 882 1347 inferni.
1408 1324 1432 1345 ας
1447 1319 1499 1344 tur
1521 1312 1684 1344 infernum
1707 1313 1918 1343 momordisse
1933 1314 1959 1349 ⁴⁹,
1975 1322 2043 1343 non
2064 1313 2272 1349 absorbuisse,
2290 1314 2366 1353 quia
2389 1313 2514 1353 aliquos

381 1372 411 1394 2.
435 1362 632 1397 pluam,
648 1362 682 1392 in
705 1360 831 1392 inferno
855 1362 1023 1392 existentes
1045 1369 1114 1390 non
1136 1359 1245 1390 vident
1275 1359 1392 1390 Deum.
1447 1357 1523 1388 inde
1547 1358 1687 1393 extraxit,
1713 1367 1780 1388 non
1804 1362 1912 1388 autem
1935 1366 2049 1387 omnes
2064 1358 2090 1387 ’ἃ
2121 1357 2197 1388 Non
2228 1363 2335 1388 autem
2359 1357 2515 1388 diceretur

325 1406 389 1438 Sed
411 1407 445 1437 in
468 1407 541 1438 sinu
563 1406 710 1436 Abrahae
739 1404 865 1436 videtur
894 1405 999 1436 Deus:
1029 1409 1065 1435 ut
1087 1408 1174 1444 patet
1200 1413 1259 1444 per
1280 1403 1396 1444 Augu<
1448 1401 1661 1433 momordisse
1691 1400 1852 1432 infernum
1887 1402 1912 1432 si
1935 1401 1980 1431 illi
2004 1411 2087 1442 quos
2115 1402 2259 1432 liberavit
2285 1411 2353 1432 non
2382 1401 2516 1432 fuissent

325 1451 462 1488 stinum,
487 1450 531 1482 IX
558 1450 640 1481 libro
667 1449 813 1492 Consess.
838 1450 871 1486 *,
896 1450 969 1490 qui,
994 1449 1132 1489 loquens
1160 1447 1200 1478 de
1228 1447 1393 1484 Nebridio,
1448 1456 1520 1487 pars
1535 1445 1748 1477 mulfitudinis
1763 1446 1797 1476 in
1812 1445 1938 1477 inferno
1955 1451 2134 1476 contentae.
2159 1446 2255 1486 Ergo,
2273 1455 2347 1476 cum
2363 1446 2409 1476 illi
2432 1455 2515 1485 quos

326 1495 421 1527 dicit:
447 1494 612 1536 Quidquid
634 1494 702 1525 illic
725 1499 772 1525 est
793 1493 880 1535 quod
901 1494 992 1525 sinus
1015 1493 1164 1523 Abrahae
1187 1497 1332 1528 vocatur,
1352 1492 1395 1522 ibi
1449 1491 1592 1521 liberavit
1614 1491 1647 1521 in
1671 1490 1770 1521 limbo
1787 1489 1903 1521 inferni
1926 1491 2174 1526 continerentur,
2190 1490 2288 1521 iidem
2309 1490 2515 1520 contineban-

326 1539 501 1572 Nebridius
523 1548 612 1570 meus
635 1538 713 1569 vivit
718 1545 731 1575 ,·
754 1543 785 1569 et
807 1537 904 1569 infra:
926 1538 998 1568 Iam
1017 1547 1082 1567 non
1097 1536 1194 1577 ponit
1215 1546 1328 1567 aurem
1352 1536 1396 1567 ad
1410 1539 1436 1561 ὀ
1449 1540 1501 1566 tur
1523 1535 1557 1565 in
1580 1535 1680 1565 limbo
1705 1540 1736 1565 et
1758 1534 1895 1565 inferno.
1920 1534 2006 1574 Ergo
2030 1535 2147 1565 limbus
2169 1535 2220 1565 vel
2244 1540 2290 1565 est
2317 1534 2403 1564 idem
2427 1534 2516 1574 quod

327 1594 365 1616 os
386 1594 501 1620 meum,
517 1583 574 1615 sed
591 1582 761 1623 spirituale
777 1592 813 1613 os
836 1582 880 1613 ad
885 1582 1018 1624 fontem
1041 1586 1141 1617 tuum,
1158 1585 1189 1611 et
1202 1580 1280 1611 bibit
1293 1590 1395 1622 quan·
1449 1578 1602 1615 infernus,
1618 1579 1669 1609 vel
1692 1588 1764 1619 pars
1787 1578 1912 1609 inferni.

327 1634 394 1660 tum
411 1633 520 1670 potest
541 1627 733 1668 sapientiam
750 1636 815 1667 pro
840 1626 994 1657 aviditate
1016 1634 1094 1661 sua,
1117 1625 1188 1655 sine
1203 1625 1278 1666 fine
1291 1625 1393 1666 felix.
1506 1633 1536 1654 2.
1559 1623 1756 1659 Pam-nux,
1774 1622 1919 1653 Christus
1935 1622 2050 1653 dicitur
2064 1623 2098 1653 in
2114 1622 2269 1663 Symbolo
2286 1623 2302 1639 ⁴*
2318 1622 2517 1653 descendisse

326 1673 413 1713 Ergo
447 1673 535 1703 sinus
564 1671 710 1702 Abrahae
737 1680 806 1701 non
829 1675 876 1701 est
898 1669 985 1701 idem
1015 1668 1105 1710 quod
1127 1669 1245 1700 limbus
1268 1668 1394 1699 inferni.
1450 1668 1493 1698 ad
1516 1668 1692 1709 infernum.
1716 1666 1779 1698 Sed
1802 1676 1870 1697 non
1894 1666 2057 1697 descendit
2079 1667 2140 1696 nisi
2163 1666 2203 1697 ad
2226 1666 2361 1697 limbum
2377 1666 2516 1697 Patrum.

383 1717 413 1748 3.
437 1717 634 1751 Pani-nux,
650 1715 794 1746 Ecclesia
807 1724 877 1746 non
893 1719 962 1745 orat
980 1723 1040 1754 pro
1057 1713 1166 1753 aliquo
1190 1718 1227 1744 ut
1243 1712 1283 1743 ad
1298 1712 1394 1744 infer·
1450 1712 1536 1752 Ergo
1561 1712 1678 1742 limbus
1701 1711 1832 1742 Patrum
1855 1716 1902 1741 est
1924 1710 2011 1741 idem
2035 1710 2124 1751 quod
2147 1710 2299 1741 infernus.

326 1770 407 1792 num
430 1759 615 1792 deducatur.
640 1758 719 1790 Orat
734 1764 842 1790 autem
865 1764 901 1789 ut
916 1758 1020 1798 angeli
1040 1758 1180 1788 animam
1203 1757 1346 1788 defuncti
1363 1757 1396 1787 in
1412 1766 1435 1787 ις
1508 1755 1538 1787 3.
1563 1756 1766 1790 PRAETRREA,
1790 1755 1848 1785 Iob
1871 1765 1934 1785 xvn
1959 1756 1975 1771 ³*
1999 1755 2129 1785 dicitur:
2159 1755 2198 1785 In
2224 1754 2518 1796 profundissimum

333 2868 452 2899 habent
474 2867 605 2908 plenam
628 2867 788 2906 quietem,
815 2865 922 2897 divina
950 2865 1074 2896 visione
1097 2864 1307 2905 perfruentes.
1341 2863 1406 2896 Sed
1418 2872 1446 2893 6ο
1459 2863 1538 2895 dum
1561 2863 1774 2894 diversitatem
1798 2863 1912 2903 culpae
1939 2861 2095 2892 diversam
2121 2861 2297 2891 sortiuntur
2321 2865 2351 2890 et
2373 2868 2523 2899 poenam.

335 2917 408 2943 ante
432 2911 550 2943 Christi
566 2910 740 2942 adventum
755 2910 914 2941 habebant
930 2910 1073 2950 quietem
1088 2919 1146 2950 per
1167 2909 1405 2939 immunitatem
1458 2909 1501 2939 Et
1523 2908 1598 2938 ideo
1622 2907 1801 2938 secundum
1831 2906 1921 2947 quod
1943 2905 2140 2946 gravioribus
2169 2905 2308 2945 peccau‘s
2332 2904 2427 2934 etiam
2450 2904 2525 2934 irre-

334 2966 471 2998 poenae,
488 2955 544 2987 sed
566 2965 635 2986 non
657 2955 817 2986 habebant
840 2955 983 2995 quietem
998 2952 1144 2984 desiderii
1167 2962 1225 2993 per
1248 2962 1404 2984 consecu-
1459 2953 1582 2983 fiuntur
1598 2951 1748 2988 damnati,
1765 2950 1944 2982 secundum
1959 2951 2023 2980 hoc
2042 2949 2262 2980 obscuriorem
2277 2948 2387 2978 locum
2404 2953 2435 2978 et
2450 2957 2525 2987 pro-

335 3002 459 3032 tionem
474 2999 557 3031 finis.
581 3000 623 3030 Et
644 2999 719 3030 ideo
735 3004 834 3029 status
857 3004 1043 3029 sanctorum
1066 3002 1139 3028 ante
1155 2997 1273 3028 Christi
1288 2996 1406 3028 adven·
1459 2996 1644 3027 fundiorem
1667 2996 1813 3026 obtinent
1835 2996 1869 3026 in
1891 2994 2027 3026 inferno.
2052 2993 2145 3025 Unde
2170 2999 2201 3023 et
2223 2993 2323 3023 sancti
2345 2992 2468 3027 Patres,
2492 2992 2525 3021 in

335 3051 407 3076 tum
428 3050 536 3086 potest
558 3043 752 3075 considerari
775 3049 806 3074 et
829 3042 1008 3074 secundum
1030 3041 1064 3073 id
1087 3041 1178 3082 quod
1206 3041 1343 3072 habebat
1366 3040 1406 3072 de
1460 3041 1578 3082 quibus
1592 3041 1765 3071 minimum
1781 3045 1847 3071 erat
1869 3039 1910 3070 de
1925 3039 2048 3069 ratione
2072 3038 2196 3078 culpae,
2213 3045 2400 3077 supremum
2419 3041 2450 3066 et
2465 3036 2525 3066 mi-

336 3089 458 3130 requie,
474 3094 506 3120 et
528 3089 573 3119 sic
596 3088 711 3120 dicitur
733 3087 824 3118 sinus
846 3087 1016 3118 Abrahae:
1045 3091 1152 3127 potest
1175 3086 1272 3116 etiam
1301 3086 1407 3116 consi-
1419 3093 1445 3119 ες
1459 3094 1521 3116 nus
1543 3085 1752 3116 tenebrosum
1774 3084 1885 3115 locum
1908 3084 2088 3114 habuerunt
2111 3082 2260 3113 omnibus
2282 3080 2463 3121 puniendis.

337 3133 438 3164 derari
470 3138 628 3174 quantum
659 3131 700 3163 ad
721 3131 756 3163 id
779 3131 869 3172 quod
893 3132 937 3162 eis
960 3130 1068 3162 deerat
1091 3130 1131 3161 de
1153 3130 1285 3171 requie,
1308 3134 1340 3160 et
1362 3130 1407 3160 sic
1515 3129 1566 3159 An
1590 3139 1708 3159 mmm
1729 3138 1813 3159 xaoo
1842 3138 2002 3158 mcmmrm
2025 3126 2114 3167 quod
2143 3125 2321 3157 secundum
2350 3125 2414 3155 hoc
2437 3123 2527 3164 quod

338 3176 453 3208 dicitur
476 3177 590 3208 limbus
613 3177 745 3219 inferni.
1460 3173 1604 3204 infernus
1627 3178 1660 3203 et
1681 3173 1799 3203 limbus
1821 3178 1896 3203 sunt
1919 3172 2005 3203 idem
2028 3176 2185 3211 quantum
2209 3169 2248 3200 ad
2275 3170 2388 3204 situm,
2413 3167 2527 3198 dicitur

393 3221 527 3251 Limbus
543 3230 619 3262 ergo
634 3220 751 3252 inferni
767 3225 798 3251 et
813 3221 901 3251 sinus
916 3220 1064 3251 Abrahae
1079 3218 1209 3249 fuerunt
1225 3223 1298 3249 ante
1315 3217 1407 3249 Chri-
1462 3217 1608 3248 Christus
1622 3216 1786 3248 infernum
1800 3216 2022 3253 momordisse,
2039 3221 2070 3246 et
2084 3215 2118 3246 in
2132 3214 2294 3245 infernum
2317 3212 2526 3248 descendisse,

339 3265 379 3295 sti
402 3264 576 3295 adventum
598 3275 702 3296 unum
723 3274 782 3306 per
800 3264 957 3300 accidens,
975 3269 1007 3294 et
1027 3273 1098 3294 non
1119 3272 1177 3303 per
1199 3272 1242 3293 se.
1267 3262 1309 3293 Et
1332 3261 1407 3293 ideo
1462 3261 1594 3302 quando
1617 3261 1724 3292 Patres
1747 3271 1766 3292 a
1788 3261 1889 3292 limbo
1913 3261 2029 3301 eripuit
2051 3269 2111 3290 suo
2135 3258 2300 3290 descensu.

339 3308 420 3339 nihil
441 3309 590 3349 prohibet
611 3314 686 3350 post
709 3309 827 3340 Christi
843 3308 1018 3340 adventum
1041 3317 1108 3338 esse
1132 3308 1239 3338 sinum
1261 3307 1409 3338 Abrahae
1422 3319 1449 3340 70
1518 3306 1560 3336 Et
1581 3315 1639 3346 per
1661 3306 1725 3336 hoc
1748 3310 1836 3346 patet
1858 3305 1977 3336 solutio
2001 3304 2045 3335 ad
2066 3303 2250 3335 secundum.

341 3353 476 3384 omnino
500 3352 660 3384 diversum
683 3363 702 3384 a
723 3353 842 3384 limbo:
874 3354 950 3394 quia
974 3362 1011 3383 ea
1034 3361 1117 3393 quae
1149 3357 1223 3382 sunt
1245 3360 1303 3392 per
1326 3351 1408 3382 acci-
1518 3350 1569 3380 An
1593 3359 1728 3380 ram-nm
1743 3359 1903 3380 DICENDUM
1927 3348 2017 3390 quod
2032 3348 2089 3379 Iob
2112 3357 2181 3378 non
2197 3345 2360 3377 descendit
2375 3346 2408 3375 in
2431 3343 2527 3375 infer-

341 3397 429 3433 dens,
453 3397 590 3437 separari
613 3397 778 3437 contingit.
1463 3403 1544 3425 num
1567 3393 1808 3430 damnatorum,
1833 3393 1890 3424 sed
1912 3394 1946 3424 in
1969 3393 2105 3423 limbum
2127 3392 2266 3422 Patrum.
2302 3389 2368 3428 Qui
2396 3388 2528 3430 quidem

397 3441 448 3471 An
473 3450 591 3471 ramum
612 3450 696 3471 aneo
719 3451 879 3472 nicanum
902 3441 993 3482 quod
1020 3445 1178 3481 quantum
1201 3439 1240 3471 ad
1262 3439 1296 3470 id
1320 3438 1410 3480 quod
1464 3437 1578 3469 dicitur
1595 3437 1874 3480 profundissimus
1898 3438 2002 3473 locus,
2026 3447 2093 3468 non
2117 3435 2247 3476 quidem
2269 3438 2416 3474 respectu
2438 3433 2527 3463 loco-

341 3485 478 3516 habebat
501 3483 541 3515 de
563 3484 664 3520 bono,
680 3489 778 3516 status
795 3490 980 3516 sanctorum
994 3485 1126 3516 Patrum
1147 3484 1238 3515 sinus
1260 3484 1410 3514 Abrahae
1463 3492 1536 3514 rum
1559 3482 1757 3523 poenalium,
1773 3481 1830 3512 sed
1851 3482 1885 3512 in
1909 3481 2149 3522 comparatione
2173 3479 2212 3510 ad
2235 3479 2295 3509 alia
2317 3478 2398 3514 loca,
2415 3486 2527 3507 secun-

343 3528 516 3560 dicebatur.
541 3527 604 3559 Sed
627 3534 784 3568 quantum
807 3528 847 3560 ad
868 3529 902 3560 id
925 3529 1015 3570 quod
1044 3529 1180 3560 habebat
1203 3528 1242 3559 de
1271 3528 1408 3564 defectu,
1424 3539 1448 3561 ⁷⁵
1465 3526 1543 3558 dum
1566 3525 1657 3567 quod
1679 3526 1738 3557 sub
1763 3525 1879 3556 eodem
1902 3525 2075 3556 includitur
2098 3525 2202 3555 omnis
2225 3524 2316 3554 locus
2338 3530 2526 3562 poenarum.

484 3590 595 3615 Sumus
611 3589 716 3614 'sunon-
735 3589 766 3614 D.
780 3589 895 3615 Tnoiun
908 3590 941 3614 T.
960 3590 1004 3615 IX.
2340 3583 2386 3616 ¹9⁸

2540 870 2550 880 '¹
2565 869 2622 891 Ord.

2541 915 2550 924 ·
2564 912 2630 934 Vera.
2645 918 2678 934 22.

2542 1316 2552 1326 ·
2566 1314 2628 1336 osee
2642 1320 2693 1342 cap.
2705 1320 2753 1341 xm,

2541 1347 2652 1399 iiiii-‚¹5⁴⁹
2661 1367 2752 1389 ,uomit

2542 1393 2606 1415 xxn
2617 1400 2642 1415 in
2670 1400 2753 1421 vang„

2542 1427 2606 1443 num.
2621 1421 2643 1442 6.

2543 1623 2555 1634 ·
2575 1623 2755 1650 Apostolorum.

2546 1756 2556 1766 ·
2570 1755 2636 1778 Ven.
2653 1755 2686 1777 ¹6.
