<?xml version="1.0" encoding="UTF-8"?>
<!DOCTYPE html PUBLIC "-//W3C//DTD XHTML 1.0 Transitional//EN"
    "http://www.w3.org/TR/xhtml1/DTD/xhtml1-transitional.dtd">
<html xmlns="http://www.w3.org/1999/xhtml" xml:lang="en" lang="en">
 <head>
  <title>
</title>
<meta http-equiv="Content-Type" content="text/html;charset=utf-8" />
  <meta name='ocr-system' content='tesseract 3.04.00' />
  <meta name='ocr-capabilities' content='ocr_page ocr_carea ocr_par ocr_line ocrx_word'/>
</head>
<body>
  <div class='ocr_page' id='page_1' title='image "./operaomniaiussui12thom_0306.png"; bbox 0 0 2918 4088; ppageno 0'>
   <div class='ocr_carea' id='block_1_1' title="bbox 409 138 483 174">
    <p class='ocr_par' dir='ltr' id='par_1_1' title="bbox 409 138 483 174">
     <span class='ocr_line' id='line_1_1' title="bbox 409 138 483 174; baseline -0.014 0"><span class='ocrx_word' id='word_1_1' title='bbox 409 138 483 174; x_wconf 89' lang='lat'>282</span> 
     </span>
    </p>
   </div>
   <div class='ocr_carea' id='block_1_2' title="bbox 158 214 1470 3125">
    <p class='ocr_par' dir='ltr' id='par_1_2' title="bbox 406 214 1470 306">
     <span class='ocr_line' id='line_1_2' title="bbox 407 214 1470 262; baseline -0.004 -9"><span class='ocrx_word' id='word_1_2' title='bbox 407 215 659 253; x_wconf 83' lang='lat' dir='ltr'><strong>humilitatem</strong></span> <span class='ocrx_word' id='word_1_3' title='bbox 689 223 725 252; x_wconf 90' lang='lat' dir='ltr'>et</span> <span class='ocrx_word' id='word_1_4' title='bbox 753 214 1012 252; x_wconf 82' lang='lat' dir='ltr'>obedientiam</span> <span class='ocrx_word' id='word_1_5' title='bbox 1042 214 1191 261; x_wconf 85' lang='lat' dir='ltr'>Christi,</span> <span class='ocrx_word' id='word_1_6' title='bbox 1213 227 1259 250; x_wconf 85' lang='lat' dir='ltr'>ex</span> <span class='ocrx_word' id='word_1_7' title='bbox 1283 226 1359 262; x_wconf 91' lang='lat' dir='ltr'>qua</span> <span class='ocrx_word' id='word_1_8' title='bbox 1385 224 1470 261; x_wconf 89' lang='lat' dir='ltr'>pas-</span> 
     </span>
     <span class='ocr_line' id='line_1_3' title="bbox 406 277 565 306; baseline -0.006 0"><span class='ocrx_word' id='word_1_9' title='bbox 406 282 471 306; x_wconf 88' lang='lat' dir='ltr'>sus</span> <span class='ocrx_word' id='word_1_10' title='bbox 499 277 565 305; x_wconf 91' lang='lat' dir='ltr'>est.</span> 
     </span>
    </p>

    <p class='ocr_par' dir='ltr' id='par_1_3' title="bbox 404 317 1470 570">
     <span class='ocr_line' id='line_1_4' title="bbox 459 317 1469 369; baseline -0.004 -11"><span class='ocrx_word' id='word_1_11' title='bbox 459 321 604 369; x_wconf 90' lang='lat' dir='ltr'>Digitos</span> <span class='ocrx_word' id='word_1_12' title='bbox 624 328 751 358; x_wconf 89' lang='lat' dir='ltr'>autem</span> <span class='ocrx_word' id='word_1_13' title='bbox 783 320 902 369; x_wconf 87' lang='lat' dir='ltr'>iungit</span> <span class='ocrx_word' id='word_1_14' title='bbox 930 328 1016 369; x_wconf 94' lang='lat' dir='ltr'>post</span> <span class='ocrx_word' id='word_1_15' title='bbox 1044 318 1385 364; x_wconf 90' lang='lat' dir='ltr'>consecrationem,</span> <span class='ocrx_word' id='word_1_16' title='bbox 1402 317 1469 354; x_wconf 90' lang='lat' dir='ltr'>sci-</span> 
     </span>
     <span class='ocr_line' id='line_1_5' title="bbox 405 369 1470 423; baseline -0.005 -12"><span class='ocrx_word' id='word_1_17' title='bbox 405 374 490 411; x_wconf 91' lang='lat' dir='ltr'>licet</span> <span class='ocrx_word' id='word_1_18' title='bbox 517 374 697 423; x_wconf 87' lang='lat' dir='ltr'>pollicem</span> <span class='ocrx_word' id='word_1_19' title='bbox 726 386 817 411; x_wconf 90' lang='lat' dir='ltr'>cum</span> <span class='ocrx_word' id='word_1_20' title='bbox 845 373 981 420; x_wconf 90' lang='lat' dir='ltr'>indice,</span> <span class='ocrx_word' id='word_1_21' title='bbox 1003 373 1144 422; x_wconf 92' lang='lat' dir='ltr'>quibus</span> <span class='ocrx_word' id='word_1_22' title='bbox 1168 384 1309 420; x_wconf 93' lang='lat' dir='ltr'>corpus</span> <span class='ocrx_word' id='word_1_23' title='bbox 1330 369 1470 407; x_wconf 85' lang='lat' dir='ltr'>Christi</span> 
     </span>
     <span class='ocr_line' id='line_1_6' title="bbox 405 422 1470 475; baseline -0.005 -11"><span class='ocrx_word' id='word_1_24' title='bbox 405 435 672 464; x_wconf 90' lang='lat' dir='ltr'>consecratum</span> <span class='ocrx_word' id='word_1_25' title='bbox 695 426 874 475; x_wconf 83' lang='lat' dir='ltr'>tetigerat,</span> <span class='ocrx_word' id='word_1_26' title='bbox 895 433 948 472; x_wconf 91' lang='lat' dir='ltr'>ut,</span> <span class='ocrx_word' id='word_1_27' title='bbox 974 425 1003 462; x_wconf 92' lang='lat' dir='ltr'>si</span> <span class='ocrx_word' id='word_1_28' title='bbox 1032 438 1109 474; x_wconf 90' lang='lat' dir='ltr'>qua</span> <span class='ocrx_word' id='word_1_29' title='bbox 1137 425 1320 474; x_wconf 89' lang='lat' dir='ltr'>particula</span> <span class='ocrx_word' id='word_1_30' title='bbox 1347 422 1470 471; x_wconf 82' lang='lat' dir='ltr'>digitis</span> 
     </span>
     <span class='ocr_line' id='line_1_7' title="bbox 404 476 1469 528; baseline -0.004 -11"><span class='ocrx_word' id='word_1_31' title='bbox 404 480 646 527; x_wconf 85' lang='lat' dir='ltr'>adhaeserat,</span> <span class='ocrx_word' id='word_1_32' title='bbox 676 492 757 516; x_wconf 92' lang='lat' dir='ltr'>non</span> <span class='ocrx_word' id='word_1_33' title='bbox 793 479 1039 528; x_wconf 82' lang='lat' dir='ltr'>dispergatur.</span> <span class='ocrx_word' id='word_1_34' title='bbox 1085 478 1203 525; x_wconf 90' lang='lat' dir='ltr'>Quod</span> <span class='ocrx_word' id='word_1_35' title='bbox 1230 477 1392 526; x_wconf 87' lang='lat' dir='ltr'>pertinet</span> <span class='ocrx_word' id='word_1_36' title='bbox 1420 476 1469 513; x_wconf 90' lang='lat' dir='ltr'>ad</span> 
     </span>
     <span class='ocr_line' id='line_1_8' title="bbox 404 532 925 570; baseline -0.006 0"><span class='ocrx_word' id='word_1_37' title='bbox 404 533 659 570; x_wconf 86' lang='lat' dir='ltr'>reverentiam</span> <span class='ocrx_word' id='word_1_38' title='bbox 687 532 925 570; x_wconf 87' lang='lat' dir='ltr'>sacramenti.</span> 
     </span>
    </p>

    <p class='ocr_par' dir='ltr' id='par_1_4' title="bbox 403 583 1468 739">
     <span class='ocr_line' id='line_1_9' title="bbox 456 583 1468 633; baseline -0.003 -11"><span class='ocrx_word' id='word_1_39' title='bbox 456 588 514 623; x_wconf 85' lang='lat' dir='ltr'>AD</span> <span class='ocrx_word' id='word_1_40' title='bbox 542 598 684 624; x_wconf 83' lang='lat' dir='ltr'>SEXTUM</span> <span class='ocrx_word' id='word_1_41' title='bbox 711 597 893 622; x_wconf 81' lang='lat' dir='ltr'>mCENDUM</span> <span class='ocrx_word' id='word_1_42' title='bbox 916 584 1023 633; x_wconf 91' lang='lat' dir='ltr'>quod</span> <span class='ocrx_word' id='word_1_43' title='bbox 1051 583 1257 633; x_wconf 91' lang='lat' dir='ltr'>quinquies</span> <span class='ocrx_word' id='word_1_44' title='bbox 1279 595 1318 620; x_wconf 91' lang='lat' dir='ltr'>se</span> <span class='ocrx_word' id='word_1_45' title='bbox 1347 593 1468 619; x_wconf 88' lang='lat' dir='ltr'>sacer-</span> 
     </span>
     <span class='ocr_line' id='line_1_10' title="bbox 403 635 1468 687; baseline -0.005 -10"><span class='ocrx_word' id='word_1_46' title='bbox 403 639 474 676; x_wconf 92' lang='lat' dir='ltr'>dos</span> <span class='ocrx_word' id='word_1_47' title='bbox 502 639 613 676; x_wconf 88' lang='lat' dir='ltr'>vertit</span> <span class='ocrx_word' id='word_1_48' title='bbox 645 639 693 676; x_wconf 90' lang='lat' dir='ltr'>ad</span> <span class='ocrx_word' id='word_1_49' title='bbox 730 639 938 687; x_wconf 88' lang='lat' dir='ltr'>populum,</span> <span class='ocrx_word' id='word_1_50' title='bbox 969 637 1017 674; x_wconf 91' lang='lat' dir='ltr'>ad</span> <span class='ocrx_word' id='word_1_51' title='bbox 1046 637 1327 685; x_wconf 91' lang='lat' dir='ltr'>designandum</span> <span class='ocrx_word' id='word_1_52' title='bbox 1360 635 1468 685; x_wconf 94' lang='lat' dir='ltr'>quod</span> 
     </span>
     <span class='ocr_line' id='line_1_11' title="bbox 403 688 1468 739; baseline -0.005 -9"><span class='ocrx_word' id='word_1_53' title='bbox 403 691 597 729; x_wconf 89' lang='lat' dir='ltr'>Dominus</span> <span class='ocrx_word' id='word_1_54' title='bbox 632 692 692 729; x_wconf 92' lang='lat' dir='ltr'>die</span> <span class='ocrx_word' id='word_1_55' title='bbox 721 690 1007 728; x_wconf 90' lang='lat' dir='ltr'>resurrectionis</span> <span class='ocrx_word' id='word_1_56' title='bbox 1040 690 1245 739; x_wconf 89' lang='lat' dir='ltr'>quinquies</span> <span class='ocrx_word' id='word_1_57' title='bbox 1278 702 1318 726; x_wconf 92' lang='lat' dir='ltr'>se</span> <span class='ocrx_word' id='word_1_58' title='bbox 1346 688 1468 726; x_wconf 90' lang='lat' dir='ltr'>mani-</span> 
     </span>
    </p>

    <p class='ocr_par' dir='ltr' id='par_1_5' title="bbox 162 743 1467 836">
     <span class='ocr_line' id='line_1_12' title="bbox 162 743 1467 804; baseline -0.002 -22"><span class='ocrx_word' id='word_1_59' title='bbox 162 749 375 804; x_wconf 58' lang='lat' dir='ltr'>{rss⁰3·,”⁷³&#39;¹&#39;³’</span> <span class='ocrx_word' id='word_1_60' title='bbox 401 745 561 791; x_wconf 88' lang='lat' dir='ltr'>festavit,</span> <span class='ocrx_word' id='word_1_61' title='bbox 590 753 632 782; x_wconf 92' lang='lat' dir='ltr'>ut</span> <span class='ocrx_word' id='word_1_62' title='bbox 660 757 776 794; x_wconf 90' lang='lat' dir='ltr'>supra</span> <span class='ocrx_word' id='word_1_63' title='bbox 794 744 814 765; x_wconf 71' lang='lat'>’³‘</span> <span class='ocrx_word' id='word_1_64' title='bbox 842 743 988 780; x_wconf 89' lang='lat' dir='ltr'>dictum</span> <span class='ocrx_word' id='word_1_65' title='bbox 1017 751 1071 780; x_wconf 93' lang='lat' dir='ltr'>est</span> <span class='ocrx_word' id='word_1_66' title='bbox 1090 743 1129 780; x_wconf 91' lang='lat' dir='ltr'>in</span> <span class='ocrx_word' id='word_1_67' title='bbox 1148 750 1307 780; x_wconf 89' lang='lat' dir='ltr'>tractatu</span> <span class='ocrx_word' id='word_1_68' title='bbox 1336 743 1384 780; x_wconf 92' lang='lat' dir='ltr'>de</span> <span class='ocrx_word' id='word_1_69' title='bbox 1411 754 1467 778; x_wconf 91' lang='lat' dir='ltr'>re-</span> 
     </span>
     <span class='ocr_line' id='line_1_13' title="bbox 402 797 1333 836; baseline -0.003 -1"><span class='ocrx_word' id='word_1_70' title='bbox 402 798 636 836; x_wconf 88' lang='lat' dir='ltr'>surrectione</span> <span class='ocrx_word' id='word_1_71' title='bbox 667 797 816 835; x_wconf 86' lang='lat' dir='ltr'>Christi.</span> <span class='ocrx_word' id='word_1_72' title='bbox 1330 816 1333 818; x_wconf 93' lang='lat'>·</span> 
     </span>
    </p>

    <p class='ocr_par' dir='ltr' id='par_1_6' title="bbox 399 847 1468 1267">
     <span class='ocr_line' id='line_1_14' title="bbox 457 847 1467 899; baseline -0.004 -11"><span class='ocrx_word' id='word_1_73' title='bbox 457 852 601 888; x_wconf 84' lang='lat' dir='ltr'>Salutat</span> <span class='ocrx_word' id='word_1_74' title='bbox 629 859 759 888; x_wconf 89' lang='lat' dir='ltr'>autem</span> <span class='ocrx_word' id='word_1_75' title='bbox 787 849 925 899; x_wconf 90' lang='lat' dir='ltr'>septies</span> <span class='ocrx_word' id='word_1_76' title='bbox 952 850 1160 898; x_wconf 90' lang='lat' dir='ltr'>populum,</span> <span class='ocrx_word' id='word_1_77' title='bbox 1191 848 1329 886; x_wconf 92' lang='lat' dir='ltr'>scilicet</span> <span class='ocrx_word' id='word_1_78' title='bbox 1357 847 1467 897; x_wconf 90' lang='lat' dir='ltr'>quin-</span> 
     </span>
     <span class='ocr_line' id='line_1_15' title="bbox 401 902 1466 953; baseline -0.004 -12"><span class='ocrx_word' id='word_1_79' title='bbox 401 916 478 953; x_wconf 89' lang='lat' dir='ltr'>que</span> <span class='ocrx_word' id='word_1_80' title='bbox 506 904 654 940; x_wconf 89' lang='lat' dir='ltr'>vicibus</span> <span class='ocrx_word' id='word_1_81' title='bbox 692 903 850 952; x_wconf 91' lang='lat' dir='ltr'>quando</span> <span class='ocrx_word' id='word_1_82' title='bbox 886 915 926 939; x_wconf 92' lang='lat' dir='ltr'>se</span> <span class='ocrx_word' id='word_1_83' title='bbox 960 902 1146 939; x_wconf 89' lang='lat' dir='ltr'>convertit</span> <span class='ocrx_word' id='word_1_84' title='bbox 1179 902 1227 938; x_wconf 93' lang='lat' dir='ltr'>ad</span> <span class='ocrx_word' id='word_1_85' title='bbox 1256 903 1466 951; x_wconf 90' lang='lat' dir='ltr'>populum,</span> 
     </span>
     <span class='ocr_line' id='line_1_16' title="bbox 401 954 1467 1006; baseline -0.004 -12"><span class='ocrx_word' id='word_1_86' title='bbox 401 965 437 994; x_wconf 91' lang='lat' dir='ltr'>et</span> <span class='ocrx_word' id='word_1_87' title='bbox 456 957 514 993; x_wconf 91' lang='lat' dir='ltr'>bis</span> <span class='ocrx_word' id='word_1_88' title='bbox 533 957 690 1006; x_wconf 91' lang='lat' dir='ltr'>quando</span> <span class='ocrx_word' id='word_1_89' title='bbox 711 968 750 992; x_wconf 90' lang='lat' dir='ltr'>se</span> <span class='ocrx_word' id='word_1_90' title='bbox 770 968 850 992; x_wconf 92' lang='lat' dir='ltr'>non</span> <span class='ocrx_word' id='word_1_91' title='bbox 869 955 1066 1000; x_wconf 86' lang='lat' dir='ltr'>convertit,</span> <span class='ocrx_word' id='word_1_92' title='bbox 1087 954 1226 991; x_wconf 91' lang='lat' dir='ltr'>scilicet</span> <span class='ocrx_word' id='word_1_93' title='bbox 1249 962 1335 991; x_wconf 91' lang='lat' dir='ltr'>ante</span> <span class='ocrx_word' id='word_1_94' title='bbox 1359 966 1467 1003; x_wconf 93' lang='lat' dir='ltr'>prae-</span> 
     </span>
     <span class='ocr_line' id='line_1_17' title="bbox 399 1008 1467 1054; baseline -0.003 -8"><span class='ocrx_word' id='word_1_95' title='bbox 399 1009 582 1047; x_wconf 84' lang='lat' dir='ltr'>fationem</span> <span class='ocrx_word' id='word_1_96' title='bbox 608 1021 699 1045; x_wconf 87' lang='lat' dir='ltr'>cum</span> <span class='ocrx_word' id='word_1_97' title='bbox 730 1008 834 1054; x_wconf 90' lang='lat' dir='ltr'>dicit,</span> <span class='ocrx_word' id='word_1_98' title='bbox 863 1009 1048 1044; x_wconf 86' lang='lat' dir='ltr'>Dominus</span> <span class='ocrx_word' id='word_1_99' title='bbox 1074 1009 1281 1053; x_wconf 80' lang='lat' dir='ltr'>vobiscum,</span> <span class='ocrx_word' id='word_1_100' title='bbox 1312 1015 1348 1043; x_wconf 92' lang='lat' dir='ltr'>et</span> <span class='ocrx_word' id='word_1_101' title='bbox 1375 1019 1467 1043; x_wconf 90' lang='lat' dir='ltr'>cum</span> 
     </span>
     <span class='ocr_line' id='line_1_18' title="bbox 400 1059 1467 1109; baseline -0.004 -10"><span class='ocrx_word' id='word_1_102' title='bbox 400 1062 501 1109; x_wconf 88' lang='lat' dir='ltr'>dicit,</span> <span class='ocrx_word' id='word_1_103' title='bbox 530 1064 615 1098; x_wconf 85' lang='lat' dir='ltr'>Pax</span> <span class='ocrx_word' id='word_1_104' title='bbox 642 1062 800 1098; x_wconf 87' lang='lat' dir='ltr'>Domini</span> <span class='ocrx_word' id='word_1_105' title='bbox 824 1062 868 1096; x_wconf 92' lang='lat' dir='ltr'>sit</span> <span class='ocrx_word' id='word_1_106' title='bbox 894 1068 1041 1108; x_wconf 83' lang='lat' dir='ltr'>semper</span> <span class='ocrx_word' id='word_1_107' title='bbox 1057 1061 1266 1097; x_wconf 81' lang='lat' dir='ltr'>vobiscum:</span> <span class='ocrx_word' id='word_1_108' title='bbox 1293 1060 1342 1096; x_wconf 90' lang='lat' dir='ltr'>ad</span> <span class='ocrx_word' id='word_1_109' title='bbox 1370 1059 1467 1095; x_wconf 91' lang='lat' dir='ltr'>desi-</span> 
     </span>
     <span class='ocr_line' id='line_1_19' title="bbox 399 1111 1467 1163; baseline -0.003 -12"><span class='ocrx_word' id='word_1_110' title='bbox 399 1114 599 1163; x_wconf 86' lang='lat' dir='ltr'>gnandum</span> <span class='ocrx_word' id='word_1_111' title='bbox 618 1113 878 1162; x_wconf 88' lang='lat' dir='ltr'>septiformem</span> <span class='ocrx_word' id='word_1_112' title='bbox 908 1112 1068 1160; x_wconf 85' lang='lat' dir='ltr'>gratiam</span> <span class='ocrx_word' id='word_1_113' title='bbox 1089 1111 1251 1161; x_wconf 90' lang='lat' dir='ltr'>Spiritus</span> <span class='ocrx_word' id='word_1_114' title='bbox 1280 1111 1420 1149; x_wconf 87' lang='lat' dir='ltr'>Sancti.</span> <span class='ocrx_word' id='word_1_115' title='bbox 1442 1134 1467 1138; x_wconf 92' lang='lat'>—</span> 
     </span>
     <span class='ocr_line' id='line_1_20' title="bbox 400 1164 1468 1216; baseline -0.002 -13"><span class='ocrx_word' id='word_1_116' title='bbox 400 1167 616 1216; x_wconf 88' lang='lat' dir='ltr'>Episcopus</span> <span class='ocrx_word' id='word_1_117' title='bbox 655 1174 785 1203; x_wconf 89' lang='lat' dir='ltr'>autem</span> <span class='ocrx_word' id='word_1_118' title='bbox 820 1165 1016 1202; x_wconf 90' lang='lat' dir='ltr'>celebrans</span> <span class='ocrx_word' id='word_1_119' title='bbox 1055 1165 1095 1202; x_wconf 93' lang='lat' dir='ltr'>in</span> <span class='ocrx_word' id='word_1_120' title='bbox 1132 1164 1233 1201; x_wconf 85' lang='lat' dir='ltr'>festis</span> <span class='ocrx_word' id='word_1_121' title='bbox 1266 1165 1306 1202; x_wconf 94' lang='lat' dir='ltr'>in</span> <span class='ocrx_word' id='word_1_122' title='bbox 1342 1164 1468 1214; x_wconf 89' lang='lat' dir='ltr'>prima</span> 
     </span>
     <span class='ocr_line' id='line_1_21' title="bbox 399 1218 1467 1267; baseline -0.003 -10"><span class='ocrx_word' id='word_1_123' title='bbox 399 1219 624 1257; x_wconf 89' lang='lat' dir='ltr'>salutatione</span> <span class='ocrx_word' id='word_1_124' title='bbox 653 1219 756 1266; x_wconf 88' lang='lat' dir='ltr'>dicit,</span> <span class='ocrx_word' id='word_1_125' title='bbox 785 1220 871 1255; x_wconf 87' lang='lat' dir='ltr'>Pax</span> <span class='ocrx_word' id='word_1_126' title='bbox 897 1220 1017 1264; x_wconf 84' lang='lat' dir='ltr'>vobis,</span> <span class='ocrx_word' id='word_1_127' title='bbox 1047 1218 1155 1267; x_wconf 93' lang='lat' dir='ltr'>quod</span> <span class='ocrx_word' id='word_1_128' title='bbox 1182 1226 1270 1267; x_wconf 90' lang='lat' dir='ltr'>post</span> <span class='ocrx_word' id='word_1_129' title='bbox 1302 1230 1467 1255; x_wconf 89' lang='lat' dir='ltr'>resurre-</span> 
     </span>
    </p>

    <p class='ocr_par' dir='ltr' id='par_1_7' title="bbox 160 1271 1467 1382">
     <span class='ocr_line' id='line_1_22' title="bbox 163 1271 1467 1328; baseline -0.002 -18"><span class='ocrx_word' id='word_1_130' title='bbox 163 1282 236 1302; x_wconf 51' lang='lat' dir='ltr'>·11uc-</span> <span class='ocrx_word' id='word_1_131' title='bbox 249 1286 372 1328; x_wconf 46' lang='lat' dir='ltr'>gap-3³¹3·</span> <span class='ocrx_word' id='word_1_132' title='bbox 399 1273 567 1310; x_wconf 89' lang='lat' dir='ltr'>ctionem</span> <span class='ocrx_word' id='word_1_133' title='bbox 587 1271 678 1309; x_wconf 83' lang='lat' dir='ltr'>dixit</span> <span class='ocrx_word' id='word_1_134' title='bbox 696 1271 890 1308; x_wconf 89' lang='lat' dir='ltr'>Dominus</span> <span class='ocrx_word' id='word_1_135' title='bbox 909 1271 939 1319; x_wconf 66' lang='lat'>²⁸,</span> <span class='ocrx_word' id='word_1_136' title='bbox 960 1271 1070 1308; x_wconf 92' lang='lat' dir='ltr'>cuius</span> <span class='ocrx_word' id='word_1_137' title='bbox 1089 1283 1297 1321; x_wconf 90' lang='lat' dir='ltr'>personam</span> <span class='ocrx_word' id='word_1_138' title='bbox 1317 1283 1467 1321; x_wconf 90' lang='lat' dir='ltr'>reprae-</span> 
     </span>
     <span class='ocr_line' id='line_1_23' title="bbox 160 1313 1030 1382; baseline -0.001 -21"><span class='ocrx_word' id='word_1_139' title='bbox 160 1313 372 1382; x_wconf 40' lang='lat' dir='ltr'>§bigatas-¹9]</span> <span class='ocrx_word' id='word_1_140' title='bbox 399 1334 521 1363; x_wconf 90' lang='lat' dir='ltr'>sentat</span> <span class='ocrx_word' id='word_1_141' title='bbox 549 1325 753 1374; x_wconf 87' lang='lat' dir='ltr'>episcopus</span> <span class='ocrx_word' id='word_1_142' title='bbox 781 1324 987 1374; x_wconf 89' lang='lat' dir='ltr'>praecipue</span> <span class='ocrx_word' id='word_1_143' title='bbox 1008 1323 1030 1361; x_wconf 68' lang='grc' dir='ltr'>Ε.</span> 
     </span>
    </p>

    <p class='ocr_par' dir='ltr' id='par_1_8' title="bbox 190 1376 1467 1788">
     <span class='ocr_line' id='line_1_24' title="bbox 190 1376 1467 1426; baseline -0.003 -8"><span class='ocrx_word' id='word_1_144' title='bbox 190 1377 195 1386; x_wconf 84' lang='grc'>’</span> <span class='ocrx_word' id='word_1_145' title='bbox 240 1376 271 1418; x_wconf 74' lang='grc' dir='ltr'>’ξ</span> <span class='ocrx_word' id='word_1_146' title='bbox 452 1381 509 1416; x_wconf 85' lang='lat' dir='ltr'>AD</span> <span class='ocrx_word' id='word_1_147' title='bbox 532 1390 710 1416; x_wconf 81' lang='lat' dir='ltr'>SEPTIMUM</span> <span class='ocrx_word' id='word_1_148' title='bbox 731 1390 913 1415; x_wconf 84' lang='lat' dir='ltr'><strong>DICENDUM</strong></span> <span class='ocrx_word' id='word_1_149' title='bbox 937 1378 1045 1426; x_wconf 94' lang='lat' dir='ltr'>quod</span> <span class='ocrx_word' id='word_1_150' title='bbox 1063 1377 1194 1415; x_wconf 91' lang='lat' dir='ltr'>fractio</span> <span class='ocrx_word' id='word_1_151' title='bbox 1223 1377 1369 1415; x_wconf 90' lang='lat' dir='ltr'>hostiae</span> <span class='ocrx_word' id='word_1_152' title='bbox 1398 1377 1467 1414; x_wconf 89' lang='lat' dir='ltr'>tria</span> 
     </span>
     <span class='ocr_line' id='line_1_25' title="bbox 399 1430 1467 1481; baseline -0.001 -12"><span class='ocrx_word' id='word_1_153' title='bbox 399 1432 600 1481; x_wconf 89' lang='lat' dir='ltr'>significat:</span> <span class='ocrx_word' id='word_1_154' title='bbox 631 1431 758 1480; x_wconf 87' lang='lat' dir='ltr'>primo</span> <span class='ocrx_word' id='word_1_155' title='bbox 787 1430 959 1480; x_wconf 84' lang='lat' dir='ltr'>quidem,</span> <span class='ocrx_word' id='word_1_156' title='bbox 980 1431 1104 1480; x_wconf 91' lang='lat' dir='ltr'>ipsam</span> <span class='ocrx_word' id='word_1_157' title='bbox 1124 1431 1356 1469; x_wconf 88' lang='lat' dir='ltr'>divisionem</span> <span class='ocrx_word' id='word_1_158' title='bbox 1384 1443 1467 1468; x_wconf 90' lang='lat' dir='ltr'>cor-</span> 
     </span>
     <span class='ocr_line' id='line_1_26' title="bbox 397 1483 1467 1535; baseline -0.001 -13"><span class='ocrx_word' id='word_1_159' title='bbox 397 1485 502 1535; x_wconf 86' lang='lat' dir='ltr'>poris</span> <span class='ocrx_word' id='word_1_160' title='bbox 532 1484 682 1531; x_wconf 85' lang='lat' dir='ltr'>Christi,</span> <span class='ocrx_word' id='word_1_161' title='bbox 704 1496 803 1533; x_wconf 90' lang='lat' dir='ltr'>quae</span> <span class='ocrx_word' id='word_1_162' title='bbox 831 1485 928 1521; x_wconf 88' lang='lat' dir='ltr'>facta</span> <span class='ocrx_word' id='word_1_163' title='bbox 956 1491 1011 1521; x_wconf 92' lang='lat' dir='ltr'>est</span> <span class='ocrx_word' id='word_1_164' title='bbox 1037 1483 1076 1520; x_wconf 91' lang='lat' dir='ltr'>in</span> <span class='ocrx_word' id='word_1_165' title='bbox 1105 1485 1304 1533; x_wconf 89' lang='lat' dir='ltr'>passione;</span> <span class='ocrx_word' id='word_1_166' title='bbox 1334 1497 1467 1522; x_wconf 91' lang='lat' dir='ltr'>secun-</span> 
     </span>
     <span class='ocr_line' id='line_1_27' title="bbox 398 1537 1466 1586; baseline -0.001 -10"><span class='ocrx_word' id='word_1_167' title='bbox 398 1539 464 1584; x_wconf 87' lang='lat' dir='ltr'>do,</span> <span class='ocrx_word' id='word_1_168' title='bbox 484 1537 768 1575; x_wconf 89' lang='lat' dir='ltr'>distinctionem</span> <span class='ocrx_word' id='word_1_169' title='bbox 796 1537 968 1586; x_wconf 90' lang='lat' dir='ltr'>corporis</span> <span class='ocrx_word' id='word_1_170' title='bbox 997 1537 1146 1586; x_wconf 91' lang='lat' dir='ltr'>mystici</span> <span class='ocrx_word' id='word_1_171' title='bbox 1166 1538 1382 1575; x_wconf 91' lang='lat' dir='ltr'>secundum</span> <span class='ocrx_word' id='word_1_172' title='bbox 1411 1538 1466 1575; x_wconf 93' lang='lat' dir='ltr'>di-</span> 
     </span>
     <span class='ocr_line' id='line_1_28' title="bbox 397 1590 1467 1639; baseline 0 -11"><span class='ocrx_word' id='word_1_173' title='bbox 397 1604 530 1628; x_wconf 90' lang='lat' dir='ltr'>versos</span> <span class='ocrx_word' id='word_1_174' title='bbox 566 1599 703 1637; x_wconf 89' lang='lat' dir='ltr'>status;</span> <span class='ocrx_word' id='word_1_175' title='bbox 746 1590 877 1637; x_wconf 90' lang='lat' dir='ltr'>tertio,</span> <span class='ocrx_word' id='word_1_176' title='bbox 917 1590 1224 1628; x_wconf 89' lang='lat' dir='ltr'>distributionem</span> <span class='ocrx_word' id='word_1_177' title='bbox 1258 1591 1467 1639; x_wconf 88' lang='lat' dir='ltr'>gratiarum</span> 
     </span>
     <span class='ocr_line' id='line_1_29' title="bbox 397 1643 1466 1694; baseline 0.001 -13"><span class='ocrx_word' id='word_1_178' title='bbox 397 1644 692 1694; x_wconf 87' lang='lat' dir='ltr'>procedentium</span> <span class='ocrx_word' id='word_1_179' title='bbox 720 1656 766 1680; x_wconf 87' lang='lat' dir='ltr'>ex</span> <span class='ocrx_word' id='word_1_180' title='bbox 793 1643 971 1692; x_wconf 87' lang='lat' dir='ltr'>passione</span> <span class='ocrx_word' id='word_1_181' title='bbox 1002 1643 1156 1690; x_wconf 74' lang='lat' dir='ltr'>Christi,</span> <span class='ocrx_word' id='word_1_182' title='bbox 1186 1653 1228 1681; x_wconf 93' lang='lat' dir='ltr'>ut</span> <span class='ocrx_word' id='word_1_183' title='bbox 1255 1644 1466 1694; x_wconf 89' lang='lat' dir='ltr'>Dionysius</span> 
     </span>
     <span class='ocr_line' id='line_1_30' title="bbox 397 1697 1466 1746; baseline 0.001 -12"><span class='ocrx_word' id='word_1_184' title='bbox 397 1697 505 1745; x_wconf 89' lang='lat' dir='ltr'>dicit,</span> <span class='ocrx_word' id='word_1_185' title='bbox 535 1710 567 1734; x_wconf 90' lang='lat'>111</span> <span class='ocrx_word' id='word_1_186' title='bbox 594 1709 676 1746; x_wconf 90' lang='lat' dir='ltr'>cap.</span> <span class='ocrx_word' id='word_1_187' title='bbox 698 1697 718 1718; x_wconf 69' lang='lat'>’¹‘</span> <span class='ocrx_word' id='word_1_188' title='bbox 744 1697 884 1734; x_wconf 86' lang='lat' dir='ltr'>Eccles.</span> <span class='ocrx_word' id='word_1_189' title='bbox 914 1699 1023 1734; x_wconf 86' lang='lat' dir='ltr'>Hier.</span> <span class='ocrx_word' id='word_1_190' title='bbox 1067 1697 1179 1734; x_wconf 91' lang='lat' dir='ltr'>Unde</span> <span class='ocrx_word' id='word_1_191' title='bbox 1216 1698 1299 1735; x_wconf 92' lang='lat' dir='ltr'>talis</span> <span class='ocrx_word' id='word_1_192' title='bbox 1335 1698 1466 1735; x_wconf 88' lang='lat' dir='ltr'>fractio</span> 
     </span>
     <span class='ocr_line' id='line_1_31' title="bbox 398 1750 1092 1788; baseline -0.003 0"><span class='ocrx_word' id='word_1_193' title='bbox 398 1763 478 1788; x_wconf 91' lang='lat' dir='ltr'>non</span> <span class='ocrx_word' id='word_1_194' title='bbox 506 1750 653 1787; x_wconf 89' lang='lat' dir='ltr'>inducit</span> <span class='ocrx_word' id='word_1_195' title='bbox 681 1750 912 1787; x_wconf 90' lang='lat' dir='ltr'>divisionem</span> <span class='ocrx_word' id='word_1_196' title='bbox 943 1750 1092 1787; x_wconf 92' lang='lat' dir='ltr'>Christi.</span> 
     </span>
    </p>

    <p class='ocr_par' dir='ltr' id='par_1_9' title="bbox 158 1803 1466 1967">
     <span class='ocr_line' id='line_1_32' title="bbox 451 1803 1466 1853; baseline 0.001 -13"><span class='ocrx_word' id='word_1_197' title='bbox 451 1804 508 1840; x_wconf 83' lang='lat' dir='ltr'>AD</span> <span class='ocrx_word' id='word_1_198' title='bbox 528 1815 699 1840; x_wconf 85' lang='lat' dir='ltr'><strong>OCTAVUM</strong></span> <span class='ocrx_word' id='word_1_199' title='bbox 719 1815 901 1840; x_wconf 81' lang='lat' dir='ltr'><strong>DICENDUM</strong></span> <span class='ocrx_word' id='word_1_200' title='bbox 920 1804 1038 1852; x_wconf 88' lang='lat' dir='ltr'>quod,</span> <span class='ocrx_word' id='word_1_201' title='bbox 1060 1803 1156 1840; x_wconf 91' lang='lat' dir='ltr'>sicut</span> <span class='ocrx_word' id='word_1_202' title='bbox 1185 1803 1339 1852; x_wconf 89' lang='lat' dir='ltr'>Sergius</span> <span class='ocrx_word' id='word_1_203' title='bbox 1361 1805 1466 1853; x_wconf 91' lang='lat' dir='ltr'>Papa</span> 
     </span>
     <span class='ocr_line' id='line_1_33' title="bbox 158 1856 1463 1911; baseline 0.001 -18"><span class='ocrx_word' id='word_1_204' title='bbox 158 1862 372 1911; x_wconf 46' lang='lat' dir='ltr'>{SPp-grqgssirggf</span> <span class='ocrx_word' id='word_1_205' title='bbox 398 1856 497 1902; x_wconf 90' lang='lat' dir='ltr'>dicit,</span> <span class='ocrx_word' id='word_1_206' title='bbox 519 1864 556 1893; x_wconf 92' lang='lat' dir='ltr'>et</span> <span class='ocrx_word' id='word_1_207' title='bbox 573 1856 737 1893; x_wconf 91' lang='lat' dir='ltr'>habetur</span> <span class='ocrx_word' id='word_1_208' title='bbox 755 1856 794 1893; x_wconf 90' lang='lat' dir='ltr'>in</span> <span class='ocrx_word' id='word_1_209' title='bbox 814 1856 996 1903; x_wconf 87' lang='lat' dir='ltr'>Decretis,</span> <span class='ocrx_word' id='word_1_210' title='bbox 1017 1857 1062 1893; x_wconf 88' lang='lat' dir='ltr'>de</span> <span class='ocrx_word' id='word_1_211' title='bbox 1080 1858 1267 1903; x_wconf 87' lang='lat' dir='ltr'>Consecr.,</span> <span class='ocrx_word' id='word_1_212' title='bbox 1284 1857 1368 1894; x_wconf 92' lang='lat' dir='ltr'>dist.</span> <span class='ocrx_word' id='word_1_213' title='bbox 1384 1857 1463 1894; x_wconf 64' lang='lat'><strong>11³⁸:</strong></span> 
     </span>
     <span class='ocr_line' id='line_1_34' title="bbox 158 1905 1466 1967; baseline 0.003 -24"><span class='ocrx_word' id='word_1_214' title='bbox 158 1905 221 1967; x_wconf 45' lang='grc' dir='ltr'><strong><em>ξξιὲε,</em></strong></span> <span class='ocrx_word' id='word_1_215' title='bbox 237 1905 369 1942; x_wconf 55' lang='lat' dir='ltr'>ibib-2⁰0¹·</span> <span class='ocrx_word' id='word_1_216' title='bbox 402 1912 437 1947; x_wconf 95' lang='lat' dir='ltr'><em>T</em></span> <span class='ocrx_word' id='word_1_217' title='bbox 435 1910 591 1958; x_wconf 77' lang='lat' dir='ltr'>riforme</span> <span class='ocrx_word' id='word_1_218' title='bbox 619 1915 669 1946; x_wconf 87' lang='lat' dir='ltr'>est</span> <span class='ocrx_word' id='word_1_219' title='bbox 696 1921 832 1959; x_wconf 90' lang='lat' dir='ltr'>corpus</span> <span class='ocrx_word' id='word_1_220' title='bbox 861 1911 1024 1946; x_wconf 87' lang='lat' dir='ltr'>Domini.</span> <span class='ocrx_word' id='word_1_221' title='bbox 1055 1911 1150 1947; x_wconf 90' lang='lat' dir='ltr'>Pars</span> <span class='ocrx_word' id='word_1_222' title='bbox 1178 1910 1302 1947; x_wconf 89' lang='lat' dir='ltr'>oblata</span> <span class='ocrx_word' id='word_1_223' title='bbox 1321 1912 1358 1947; x_wconf 91' lang='lat' dir='ltr'>in</span> <span class='ocrx_word' id='word_1_224' title='bbox 1378 1911 1466 1947; x_wconf 89' lang='lat' dir='ltr'>cali-</span> 
     </span>
    </p>

    <p class='ocr_par' dir='ltr' id='par_1_10' title="bbox 198 1958 1466 2012">
     <span class='ocr_line' id='line_1_35' title="bbox 198 1958 1466 2012; baseline 0.001 -13"><span class='ocrx_word' id='word_1_225' title='bbox 198 1958 203 1964; x_wconf 74' lang='grc'>’</span> <span class='ocrx_word' id='word_1_226' title='bbox 397 1975 477 2000; x_wconf 90' lang='lat' dir='ltr'>cem</span> <span class='ocrx_word' id='word_1_227' title='bbox 497 1964 608 1999; x_wconf 91' lang='lat' dir='ltr'>missa</span> <span class='ocrx_word' id='word_1_228' title='bbox 628 1975 763 2011; x_wconf 90' lang='lat' dir='ltr'>corpus</span> <span class='ocrx_word' id='word_1_229' title='bbox 786 1963 921 1999; x_wconf 84' lang='lat' dir='ltr'>Christi</span> <span class='ocrx_word' id='word_1_230' title='bbox 947 1963 1047 2012; x_wconf 85' lang='lat' dir='ltr'>quod</span> <span class='ocrx_word' id='word_1_231' title='bbox 1072 1964 1148 2000; x_wconf 91' lang='lat' dir='ltr'>iam</span> <span class='ocrx_word' id='word_1_232' title='bbox 1170 1965 1384 2009; x_wconf 86' lang='lat' dir='ltr'>resurrexit,</span> <span class='ocrx_word' id='word_1_233' title='bbox 1406 1964 1466 2000; x_wconf 91' lang='lat' dir='ltr'>de-</span> 
     </span>
    </p>

    <p class='ocr_par' dir='ltr' id='par_1_11' title="bbox 397 2015 1467 2064">
     <span class='ocr_line' id='line_1_36' title="bbox 397 2015 1467 2064; baseline 0.002 -12"><span class='ocrx_word' id='word_1_234' title='bbox 397 2022 599 2053; x_wconf 89' lang='lat' dir='ltr'>monstrat:</span> <span class='ocrx_word' id='word_1_235' title='bbox 636 2015 775 2052; x_wconf 89' lang='lat' dir='ltr'>scilicet</span> <span class='ocrx_word' id='word_1_236' title='bbox 811 2015 938 2064; x_wconf 90' lang='lat' dir='ltr'>ipsum</span> <span class='ocrx_word' id='word_1_237' title='bbox 980 2015 1198 2062; x_wconf 89' lang='lat' dir='ltr'>Christum,</span> <span class='ocrx_word' id='word_1_238' title='bbox 1235 2024 1271 2053; x_wconf 94' lang='lat' dir='ltr'>et</span> <span class='ocrx_word' id='word_1_239' title='bbox 1307 2018 1467 2054; x_wconf 89' lang='lat' dir='ltr'>Beatam</span> 
     </span>
    </p>

    <p class='ocr_par' dir='ltr' id='par_1_12' title="bbox 397 2068 1466 2119">
     <span class='ocr_line' id='line_1_37' title="bbox 397 2068 1466 2119; baseline 0.002 -14"><span class='ocrx_word' id='word_1_240' title='bbox 397 2069 606 2117; x_wconf 85' lang='lat' dir='ltr'>Virginem,</span> <span class='ocrx_word' id='word_1_241' title='bbox 636 2070 698 2105; x_wconf 91' lang='lat' dir='ltr'>vel</span> <span class='ocrx_word' id='word_1_242' title='bbox 726 2068 756 2105; x_wconf 90' lang='lat' dir='ltr'>si</span> <span class='ocrx_word' id='word_1_243' title='bbox 785 2068 853 2117; x_wconf 94' lang='lat' dir='ltr'>qui</span> <span class='ocrx_word' id='word_1_244' title='bbox 881 2068 943 2106; x_wconf 91' lang='lat' dir='ltr'>alii</span> <span class='ocrx_word' id='word_1_245' title='bbox 972 2069 1091 2106; x_wconf 90' lang='lat' dir='ltr'>sancti</span> <span class='ocrx_word' id='word_1_246' title='bbox 1119 2082 1210 2106; x_wconf 88' lang='lat' dir='ltr'>cum</span> <span class='ocrx_word' id='word_1_247' title='bbox 1238 2069 1466 2119; x_wconf 88' lang='lat' dir='ltr'>corporibus</span> 
     </span>
    </p>

    <p class='ocr_par' dir='ltr' id='par_1_13' title="bbox 255 2121 1467 2170">
     <span class='ocr_line' id='line_1_38' title="bbox 255 2121 1467 2170; baseline 0.002 -12"><span class='ocrx_word' id='word_1_248' title='bbox 255 2130 268 2146; x_wconf 88' lang='lat'><strong>⁰</strong></span> <span class='ocrx_word' id='word_1_249' title='bbox 398 2129 487 2159; x_wconf 90' lang='lat' dir='ltr'>sunt</span> <span class='ocrx_word' id='word_1_250' title='bbox 506 2128 518 2143; x_wconf 87' lang='lat'><strong>⁰</strong></span> <span class='ocrx_word' id='word_1_251' title='bbox 547 2121 586 2158; x_wconf 93' lang='lat' dir='ltr'>in</span> <span class='ocrx_word' id='word_1_252' title='bbox 614 2121 743 2170; x_wconf 87' lang='lat' dir='ltr'>gloria.</span> <span class='ocrx_word' id='word_1_253' title='bbox 782 2123 878 2159; x_wconf 93' lang='lat' dir='ltr'>Pars</span> <span class='ocrx_word' id='word_1_254' title='bbox 914 2128 1075 2159; x_wconf 90' lang='lat' dir='ltr'>comesta</span> <span class='ocrx_word' id='word_1_255' title='bbox 1113 2124 1309 2161; x_wconf 85' lang='lat' dir='ltr'>ambulans</span> <span class='ocrx_word' id='word_1_256' title='bbox 1345 2124 1467 2161; x_wconf 89' lang='lat' dir='ltr'>adhuc</span> 
     </span>
    </p>

    <p class='ocr_par' dir='ltr' id='par_1_14' title="bbox 397 2174 1466 2225">
     <span class='ocr_line' id='line_1_39' title="bbox 397 2174 1466 2225; baseline 0.003 -14"><span class='ocrx_word' id='word_1_257' title='bbox 397 2188 508 2225; x_wconf 88' lang='lat' dir='ltr'>super</span> <span class='ocrx_word' id='word_1_258' title='bbox 535 2181 696 2212; x_wconf 87' lang='lat' dir='ltr'>terram:</span> <span class='ocrx_word' id='word_1_259' title='bbox 723 2174 814 2223; x_wconf 87' lang='lat' dir='ltr'>quia</span> <span class='ocrx_word' id='word_1_260' title='bbox 843 2175 982 2212; x_wconf 90' lang='lat' dir='ltr'>scilicet</span> <span class='ocrx_word' id='word_1_261' title='bbox 1010 2175 1182 2213; x_wconf 89' lang='lat' dir='ltr'>viventes</span> <span class='ocrx_word' id='word_1_262' title='bbox 1215 2176 1254 2213; x_wconf 93' lang='lat' dir='ltr'>in</span> <span class='ocrx_word' id='word_1_263' title='bbox 1282 2184 1381 2214; x_wconf 88' lang='lat' dir='ltr'>terra</span> <span class='ocrx_word' id='word_1_264' title='bbox 1409 2189 1466 2214; x_wconf 87' lang='lat' dir='ltr'>sa-</span> 
     </span>
    </p>

    <p class='ocr_par' dir='ltr' id='par_1_15' title="bbox 256 2228 1464 2278">
     <span class='ocr_line' id='line_1_40' title="bbox 256 2228 1464 2278; baseline 0.002 -13"><span class='ocrx_word' id='word_1_265' title='bbox 256 2240 273 2255; x_wconf 75' lang='grc' dir='ltr'><strong><em>π</em></strong></span> <span class='ocrx_word' id='word_1_266' title='bbox 398 2236 594 2265; x_wconf 85' lang='lat' dir='ltr'>eramento</span> <span class='ocrx_word' id='word_1_267' title='bbox 614 2228 803 2265; x_wconf 89' lang='lat' dir='ltr'>uniuntur</span> <span class='ocrx_word' id='word_1_268' title='bbox 821 2234 854 2275; x_wconf 67' lang='grc' dir='ltr'>τ”;</span> <span class='ocrx_word' id='word_1_269' title='bbox 885 2236 921 2265; x_wconf 91' lang='lat' dir='ltr'>et</span> <span class='ocrx_word' id='word_1_270' title='bbox 939 2228 1184 2278; x_wconf 89' lang='lat' dir='ltr'>passionibus</span> <span class='ocrx_word' id='word_1_271' title='bbox 1203 2237 1464 2278; x_wconf 89' lang='lat' dir='ltr'>conteruntur,</span> 
     </span>
    </p>

    <p class='ocr_par' dir='ltr' id='par_1_16' title="bbox 399 2281 1466 2330">
     <span class='ocr_line' id='line_1_41' title="bbox 399 2281 1466 2330; baseline 0.001 -11"><span class='ocrx_word' id='word_1_272' title='bbox 399 2282 496 2319; x_wconf 89' lang='lat' dir='ltr'>sicut</span> <span class='ocrx_word' id='word_1_273' title='bbox 523 2281 633 2330; x_wconf 91' lang='lat' dir='ltr'>panis</span> <span class='ocrx_word' id='word_1_274' title='bbox 661 2289 855 2318; x_wconf 88' lang='lat' dir='ltr'>comestus</span> <span class='ocrx_word' id='word_1_275' title='bbox 883 2282 1053 2319; x_wconf 90' lang='lat' dir='ltr'>atteritur</span> <span class='ocrx_word' id='word_1_276' title='bbox 1080 2282 1271 2320; x_wconf 91' lang='lat' dir='ltr'>dentibus.</span> <span class='ocrx_word' id='word_1_277' title='bbox 1300 2285 1396 2320; x_wconf 91' lang='lat' dir='ltr'>Pars</span> <span class='ocrx_word' id='word_1_278' title='bbox 1429 2285 1466 2320; x_wconf 91' lang='lat' dir='ltr'>in</span> 
     </span>
    </p>

    <p class='ocr_par' dir='ltr' id='par_1_17' title="bbox 399 2335 1468 2387">
     <span class='ocr_line' id='line_1_42' title="bbox 399 2335 1468 2387; baseline 0.001 -14"><span class='ocrx_word' id='word_1_279' title='bbox 399 2336 511 2373; x_wconf 87' lang='lat' dir='ltr'>altari</span> <span class='ocrx_word' id='word_1_280' title='bbox 538 2347 650 2384; x_wconf 84' lang='lat' dir='ltr'>usque</span> <span class='ocrx_word' id='word_1_281' title='bbox 669 2335 848 2383; x_wconf 88' lang='lat' dir='ltr'>adfinem</span> <span class='ocrx_word' id='word_1_282' title='bbox 877 2337 1011 2372; x_wconf 90' lang='lat' dir='ltr'>missae</span> <span class='ocrx_word' id='word_1_283' title='bbox 1038 2348 1236 2373; x_wconf 87' lang='lat' dir='ltr'>remanens</span> <span class='ocrx_word' id='word_1_284' title='bbox 1255 2342 1306 2373; x_wconf 87' lang='lat' dir='ltr'>est</span> <span class='ocrx_word' id='word_1_285' title='bbox 1333 2349 1468 2387; x_wconf 89' lang='lat' dir='ltr'>corpus</span> 
     </span>
    </p>

    <p class='ocr_par' dir='ltr' id='par_1_18' title="bbox 236 2388 1467 2439">
     <span class='ocr_line' id='line_1_43' title="bbox 236 2388 1467 2439; baseline 0.001 -13"><span class='ocrx_word' id='word_1_286' title='bbox 236 2400 271 2435; x_wconf 62' lang='lat'>&gt;5³</span> <span class='ocrx_word' id='word_1_287' title='bbox 404 2389 539 2425; x_wconf 87' lang='lat' dir='ltr'>Christi</span> <span class='ocrx_word' id='word_1_288' title='bbox 552 2393 564 2416; x_wconf 73' lang='grc' dir='ltr'>Ρ</span> <span class='ocrx_word' id='word_1_289' title='bbox 594 2389 631 2424; x_wconf 91' lang='lat' dir='ltr'>in</span> <span class='ocrx_word' id='word_1_290' title='bbox 659 2388 829 2437; x_wconf 90' lang='lat' dir='ltr'>sepulcro</span> <span class='ocrx_word' id='word_1_291' title='bbox 858 2401 1075 2425; x_wconf 86' lang='lat' dir='ltr'>remanens:</span> <span class='ocrx_word' id='word_1_292' title='bbox 1103 2391 1190 2438; x_wconf 87' lang='lat' dir='ltr'>quia</span> <span class='ocrx_word' id='word_1_293' title='bbox 1217 2402 1331 2439; x_wconf 86' lang='lat' dir='ltr'>usque</span> <span class='ocrx_word' id='word_1_294' title='bbox 1358 2391 1395 2427; x_wconf 93' lang='lat' dir='ltr'>in</span> <span class='ocrx_word' id='word_1_295' title='bbox 1413 2392 1467 2438; x_wconf 90' lang='lat' dir='ltr'>fi-</span> 
     </span>
    </p>

    <p class='ocr_par' dir='ltr' id='par_1_19' title="bbox 400 2441 1469 2492">
     <span class='ocr_line' id='line_1_44' title="bbox 400 2441 1469 2492; baseline 0.002 -14"><span class='ocrx_word' id='word_1_296' title='bbox 400 2453 485 2478; x_wconf 89' lang='lat' dir='ltr'>nem</span> <span class='ocrx_word' id='word_1_297' title='bbox 504 2441 644 2477; x_wconf 90' lang='lat' dir='ltr'>saeculi</span> <span class='ocrx_word' id='word_1_298' title='bbox 669 2453 830 2490; x_wconf 91' lang='lat' dir='ltr'>corpora</span> <span class='ocrx_word' id='word_1_299' title='bbox 848 2448 1063 2479; x_wconf 89' lang='lat' dir='ltr'>sanctorum</span> <span class='ocrx_word' id='word_1_300' title='bbox 1083 2444 1120 2479; x_wconf 91' lang='lat' dir='ltr'>in</span> <span class='ocrx_word' id='word_1_301' title='bbox 1139 2443 1316 2492; x_wconf 86' lang='lat' dir='ltr'>sepulcris</span> <span class='ocrx_word' id='word_1_302' title='bbox 1342 2449 1469 2480; x_wconf 87' lang='lat' dir='ltr'>erunt.-</span> 
     </span>
    </p>

    <p class='ocr_par' dir='ltr' id='par_1_20' title="bbox 399 2493 1469 2544">
     <span class='ocr_line' id='line_1_45' title="bbox 399 2493 1469 2544; baseline 0.002 -14"><span class='ocrx_word' id='word_1_303' title='bbox 399 2505 571 2543; x_wconf 91' lang='lat' dir='ltr'>quorum</span> <span class='ocrx_word' id='word_1_304' title='bbox 589 2501 719 2530; x_wconf 86' lang='lat' dir='ltr'>tamen</span> <span class='ocrx_word' id='word_1_305' title='bbox 747 2493 899 2530; x_wconf 87' lang='lat' dir='ltr'>animae</span> <span class='ocrx_word' id='word_1_306' title='bbox 919 2502 1008 2532; x_wconf 91' lang='lat' dir='ltr'>sunt</span> <span class='ocrx_word' id='word_1_307' title='bbox 1026 2496 1088 2531; x_wconf 90' lang='lat' dir='ltr'>vel</span> <span class='ocrx_word' id='word_1_308' title='bbox 1107 2494 1146 2531; x_wconf 92' lang='lat' dir='ltr'>in</span> <span class='ocrx_word' id='word_1_309' title='bbox 1165 2496 1387 2544; x_wconf 89' lang='lat' dir='ltr'>purgatorio</span> <span class='ocrx_word' id='word_1_310' title='bbox 1405 2497 1469 2533; x_wconf 90' lang='lat' dir='ltr'>vel</span> 
     </span>
    </p>

    <p class='ocr_par' dir='ltr' id='par_1_21' title="bbox 399 2546 1468 2586">
     <span class='ocr_line' id='line_1_46' title="bbox 399 2546 1468 2586; baseline 0.002 -2"><span class='ocrx_word' id='word_1_311' title='bbox 399 2547 439 2584; x_wconf 89' lang='lat' dir='ltr'>in</span> <span class='ocrx_word' id='word_1_312' title='bbox 463 2547 580 2583; x_wconf 89' lang='lat' dir='ltr'>caelo.</span> <span class='ocrx_word' id='word_1_313' title='bbox 610 2546 684 2583; x_wconf 93' lang='lat' dir='ltr'>Hic</span> <span class='ocrx_word' id='word_1_314' title='bbox 703 2554 832 2583; x_wconf 90' lang='lat' dir='ltr'>tamen</span> <span class='ocrx_word' id='word_1_315' title='bbox 851 2546 944 2584; x_wconf 88' lang='lat' dir='ltr'>ritus</span> <span class='ocrx_word' id='word_1_316' title='bbox 964 2559 1043 2584; x_wconf 93' lang='lat' dir='ltr'>non</span> <span class='ocrx_word' id='word_1_317' title='bbox 1063 2556 1237 2585; x_wconf 90' lang='lat' dir='ltr'>servatur</span> <span class='ocrx_word' id='word_1_318' title='bbox 1255 2549 1395 2586; x_wconf 91' lang='lat' dir='ltr'>modo:</span> <span class='ocrx_word' id='word_1_319' title='bbox 1426 2556 1468 2586; x_wconf 93' lang='lat' dir='ltr'>ut</span> 
     </span>
    </p>

    <p class='ocr_par' dir='ltr' id='par_1_22' title="bbox 260 2599 1465 2649">
     <span class='ocr_line' id='line_1_47' title="bbox 260 2599 1465 2649; baseline 0.002 -13"><span class='ocrx_word' id='word_1_320' title='bbox 260 2614 275 2630; x_wconf 83' lang='grc' dir='ltr'><em>σ</em></span> <span class='ocrx_word' id='word_1_321' title='bbox 399 2599 539 2637; x_wconf 89' lang='lat' dir='ltr'>scilicet</span> <span class='ocrx_word' id='word_1_322' title='bbox 557 2611 636 2636; x_wconf 91' lang='lat' dir='ltr'>una</span> <span class='ocrx_word' id='word_1_323' title='bbox 654 2611 743 2648; x_wconf 93' lang='lat' dir='ltr'>pars</span> <span class='ocrx_word' id='word_1_324' title='bbox 758 2607 931 2637; x_wconf 90' lang='lat' dir='ltr'>servetur</span> <span class='ocrx_word' id='word_1_325' title='bbox 949 2613 1073 2649; x_wconf 91' lang='lat' dir='ltr'>usque</span> <span class='ocrx_word' id='word_1_326' title='bbox 1089 2600 1128 2638; x_wconf 91' lang='lat' dir='ltr'>in</span> <span class='ocrx_word' id='word_1_327' title='bbox 1142 2601 1264 2638; x_wconf 90' lang='lat' dir='ltr'>finem</span> <span class='ocrx_word' id='word_1_328' title='bbox 1283 2601 1422 2639; x_wconf 90' lang='lat' dir='ltr'>missae</span> <span class='ocrx_word' id='word_1_329' title='bbox 1438 2608 1465 2638; x_wconf 78' lang='lat'>⁶.</span> 
     </span>
    </p>

    <p class='ocr_par' dir='ltr' id='par_1_23' title="bbox 399 2653 1467 2703">
     <span class='ocr_line' id='line_1_48' title="bbox 399 2653 1467 2703; baseline 0.004 -15"><span class='ocrx_word' id='word_1_330' title='bbox 399 2654 532 2689; x_wconf 88' lang='lat' dir='ltr'>Manet</span> <span class='ocrx_word' id='word_1_331' title='bbox 558 2660 688 2689; x_wconf 90' lang='lat' dir='ltr'>tamen</span> <span class='ocrx_word' id='word_1_332' title='bbox 716 2653 854 2690; x_wconf 92' lang='lat' dir='ltr'>eadem</span> <span class='ocrx_word' id='word_1_333' title='bbox 882 2653 1106 2701; x_wconf 88' lang='lat' dir='ltr'>significatio</span> <span class='ocrx_word' id='word_1_334' title='bbox 1126 2654 1304 2703; x_wconf 87' lang='lat' dir='ltr'>partium.</span> <span class='ocrx_word' id='word_1_335' title='bbox 1335 2655 1467 2702; x_wconf 89' lang='lat' dir='ltr'>Quam</span> 
     </span>
    </p>

    <p class='ocr_par' dir='ltr' id='par_1_24' title="bbox 399 2705 1467 2755">
     <span class='ocr_line' id='line_1_49' title="bbox 399 2705 1467 2755; baseline 0.004 -14"><span class='ocrx_word' id='word_1_336' title='bbox 399 2705 560 2755; x_wconf 90' lang='lat' dir='ltr'>quidam</span> <span class='ocrx_word' id='word_1_337' title='bbox 595 2705 750 2743; x_wconf 89' lang='lat' dir='ltr'>metrice</span> <span class='ocrx_word' id='word_1_338' title='bbox 784 2714 1069 2755; x_wconf 86' lang='lat' dir='ltr'>expresserunt,</span> <span class='ocrx_word' id='word_1_339' title='bbox 1104 2707 1293 2744; x_wconf 91' lang='lat' dir='ltr'>dicentes:</span> <span class='ocrx_word' id='word_1_340' title='bbox 1330 2709 1467 2746; x_wconf 88' lang='lat' dir='ltr'>Hostia</span> 
     </span>
    </p>

    <p class='ocr_par' dir='ltr' id='par_1_25' title="bbox 398 2759 1468 2861">
     <span class='ocr_line' id='line_1_50' title="bbox 399 2759 1468 2808; baseline 0.004 -13"><span class='ocrx_word' id='word_1_341' title='bbox 399 2759 571 2797; x_wconf 86' lang='lat' dir='ltr'>dividitur</span> <span class='ocrx_word' id='word_1_342' title='bbox 590 2761 627 2795; x_wconf 90' lang='lat' dir='ltr'>in</span> <span class='ocrx_word' id='word_1_343' title='bbox 644 2765 781 2808; x_wconf 83' lang='lat' dir='ltr'>partes,</span> <span class='ocrx_word' id='word_1_344' title='bbox 801 2761 913 2796; x_wconf 88' lang='lat' dir='ltr'>tincta</span> <span class='ocrx_word' id='word_1_345' title='bbox 939 2761 1064 2797; x_wconf 91' lang='lat' dir='ltr'>beatos</span> <span class='ocrx_word' id='word_1_346' title='bbox 1091 2761 1215 2807; x_wconf 89' lang='lat' dir='ltr'>Plene,</span> <span class='ocrx_word' id='word_1_347' title='bbox 1245 2763 1343 2798; x_wconf 91' lang='lat' dir='ltr'>sicca</span> <span class='ocrx_word' id='word_1_348' title='bbox 1368 2768 1468 2799; x_wconf 88' lang='lat' dir='ltr'>notat</span> 
     </span>
     <span class='ocr_line' id='line_1_51' title="bbox 398 2812 883 2861; baseline 0 -12"><span class='ocrx_word' id='word_1_349' title='bbox 398 2813 512 2858; x_wconf 80' lang='lat' dir='ltr'>vivos,</span> <span class='ocrx_word' id='word_1_350' title='bbox 541 2818 687 2849; x_wconf 82' lang='lat' dir='ltr'>servata</span> <span class='ocrx_word' id='word_1_351' title='bbox 714 2812 883 2861; x_wconf 89' lang='lat' dir='ltr'>sepultos.</span> 
     </span>
    </p>

    <p class='ocr_par' dir='ltr' id='par_1_26' title="bbox 162 2864 1467 3125">
     <span class='ocr_line' id='line_1_52' title="bbox 453 2864 1467 2916; baseline 0.003 -15"><span class='ocrx_word' id='word_1_352' title='bbox 453 2864 626 2911; x_wconf 90' lang='lat' dir='ltr'>Quidam</span> <span class='ocrx_word' id='word_1_353' title='bbox 644 2865 664 2886; x_wconf 73' lang='lat'>’¹‘</span> <span class='ocrx_word' id='word_1_354' title='bbox 691 2872 821 2902; x_wconf 89' lang='lat' dir='ltr'>tamen</span> <span class='ocrx_word' id='word_1_355' title='bbox 841 2865 973 2903; x_wconf 89' lang='lat' dir='ltr'>dicunt</span> <span class='ocrx_word' id='word_1_356' title='bbox 1007 2867 1114 2915; x_wconf 91' lang='lat' dir='ltr'>quod</span> <span class='ocrx_word' id='word_1_357' title='bbox 1133 2879 1222 2916; x_wconf 89' lang='lat' dir='ltr'>pars</span> <span class='ocrx_word' id='word_1_358' title='bbox 1241 2867 1281 2904; x_wconf 90' lang='lat' dir='ltr'>in</span> <span class='ocrx_word' id='word_1_359' title='bbox 1309 2867 1467 2905; x_wconf 89' lang='lat' dir='ltr'>calicem</span> 
     </span>
     <span class='ocr_line' id='line_1_53' title="bbox 399 2917 1465 2967; baseline 0.004 -13"><span class='ocrx_word' id='word_1_360' title='bbox 399 2917 516 2955; x_wconf 91' lang='lat' dir='ltr'>missa</span> <span class='ocrx_word' id='word_1_361' title='bbox 545 2917 730 2966; x_wconf 87' lang='lat' dir='ltr'>significat</span> <span class='ocrx_word' id='word_1_362' title='bbox 759 2931 825 2955; x_wconf 91' lang='lat' dir='ltr'>eos</span> <span class='ocrx_word' id='word_1_363' title='bbox 853 2918 920 2967; x_wconf 94' lang='lat' dir='ltr'>qui</span> <span class='ocrx_word' id='word_1_364' title='bbox 948 2919 1085 2957; x_wconf 86' lang='lat' dir='ltr'>vivunt</span> <span class='ocrx_word' id='word_1_365' title='bbox 1118 2919 1156 2957; x_wconf 91' lang='lat' dir='ltr'>in</span> <span class='ocrx_word' id='word_1_366' title='bbox 1185 2921 1261 2957; x_wconf 89' lang='lat' dir='ltr'>hoc</span> <span class='ocrx_word' id='word_1_367' title='bbox 1295 2921 1465 2967; x_wconf 89' lang='lat' dir='ltr'>mundo;</span> 
     </span>
     <span class='ocr_line' id='line_1_54' title="bbox 399 2971 1467 3023; baseline 0.004 -16"><span class='ocrx_word' id='word_1_368' title='bbox 399 2984 487 3020; x_wconf 91' lang='lat' dir='ltr'>pars</span> <span class='ocrx_word' id='word_1_369' title='bbox 515 2978 646 3008; x_wconf 90' lang='lat' dir='ltr'>autem</span> <span class='ocrx_word' id='word_1_370' title='bbox 665 2979 769 3008; x_wconf 88' lang='lat' dir='ltr'>extra</span> <span class='ocrx_word' id='word_1_371' title='bbox 788 2971 945 3009; x_wconf 88' lang='lat' dir='ltr'>calicem</span> <span class='ocrx_word' id='word_1_372' title='bbox 974 2981 1122 3010; x_wconf 88' lang='lat' dir='ltr'>servata</span> <span class='ocrx_word' id='word_1_373' title='bbox 1141 2973 1327 3022; x_wconf 87' lang='lat' dir='ltr'>significat</span> <span class='ocrx_word' id='word_1_374' title='bbox 1355 2975 1467 3023; x_wconf 90' lang='lat' dir='ltr'>plene</span> 
     </span>
     <span class='ocr_line' id='line_1_55' title="bbox 400 3024 1467 3076; baseline 0.004 -16"><span class='ocrx_word' id='word_1_375' title='bbox 400 3024 532 3061; x_wconf 90' lang='lat' dir='ltr'>beatos</span> <span class='ocrx_word' id='word_1_376' title='bbox 552 3031 742 3073; x_wconf 90' lang='lat' dir='ltr'>quantum</span> <span class='ocrx_word' id='word_1_377' title='bbox 770 3025 819 3061; x_wconf 92' lang='lat' dir='ltr'>ad</span> <span class='ocrx_word' id='word_1_378' title='bbox 848 3025 1020 3063; x_wconf 88' lang='lat' dir='ltr'>animam</span> <span class='ocrx_word' id='word_1_379' title='bbox 1040 3034 1075 3062; x_wconf 92' lang='lat' dir='ltr'>et</span> <span class='ocrx_word' id='word_1_380' title='bbox 1094 3038 1254 3076; x_wconf 91' lang='lat' dir='ltr'>corpus;</span> <span class='ocrx_word' id='word_1_381' title='bbox 1283 3039 1372 3076; x_wconf 88' lang='lat' dir='ltr'>pars</span> <span class='ocrx_word' id='word_1_382' title='bbox 1400 3039 1467 3064; x_wconf 91' lang='lat' dir='ltr'>au-</span> 
     </span>
     <span class='ocr_line' id='line_1_56' title="bbox 162 3077 1074 3125; baseline 0.001 -10"><span class='ocrx_word' id='word_1_383' title='bbox 162 3087 374 3115; x_wconf 72' lang='lat' dir='ltr'>·Matth-cap·xxv1‚</span> <span class='ocrx_word' id='word_1_384' title='bbox 400 3084 479 3113; x_wconf 92' lang='lat' dir='ltr'>tem</span> <span class='ocrx_word' id='word_1_385' title='bbox 507 3085 677 3114; x_wconf 91' lang='lat' dir='ltr'>comesta</span> <span class='ocrx_word' id='word_1_386' title='bbox 705 3077 890 3125; x_wconf 87' lang='lat' dir='ltr'>significat</span> <span class='ocrx_word' id='word_1_387' title='bbox 917 3086 1074 3116; x_wconf 90' lang='lat' dir='ltr'>ceteros.</span> 
     </span>
    </p>
   </div>
   <div class='ocr_carea' id='block_1_3' title="bbox 160 1701 241 1728">
    <p class='ocr_par' dir='ltr' id='par_1_27' title="bbox 160 1701 241 1728">
     <span class='ocr_line' id='line_1_57' title="bbox 160 1701 241 1728; baseline 0.025 -2"><span class='ocrx_word' id='word_1_388' title='bbox 160 1701 241 1728; x_wconf 68' lang='lat'><strong>*5¹3-</strong></span> 
     </span>
    </p>
   </div>
   <div class='ocr_carea' id='block_1_4' title="bbox 161 2870 374 2978">
    <p class='ocr_par' dir='ltr' id='par_1_28' title="bbox 161 2870 374 2978">
     <span class='ocr_line' id='line_1_58' title="bbox 161 2870 372 2892; baseline 0 -1"><span class='ocrx_word' id='word_1_389' title='bbox 161 2870 372 2892; x_wconf 77' lang='lat' dir='ltr'>“Autissiodorens.</span> 
     </span>
     <span class='ocr_line' id='line_1_59' title="bbox 161 2897 374 2923; baseline 0.005 -6"><span class='ocrx_word' id='word_1_390' title='bbox 161 2897 337 2923; x_wconf 80' lang='lat' dir='ltr'>Summ.1ib.1v,</span> <span class='ocrx_word' id='word_1_391' title='bbox 345 2897 374 2918; x_wconf 83' lang='lat' dir='ltr'>de</span> 
     </span>
     <span class='ocr_line' id='line_1_60' title="bbox 161 2923 374 2951; baseline 0 -7"><span class='ocrx_word' id='word_1_392' title='bbox 161 2923 271 2950; x_wconf 65' lang='lat' dir='ltr'>Euchar„</span> <span class='ocrx_word' id='word_1_393' title='bbox 283 2929 334 2951; x_wconf 76' lang='lat' dir='ltr'>cap.</span> <span class='ocrx_word' id='word_1_394' title='bbox 345 2923 374 2944; x_wconf 82' lang='lat' dir='ltr'>de</span> 
     </span>
     <span class='ocr_line' id='line_1_61' title="bbox 161 2949 372 2978; baseline 0.009 -8"><span class='ocrx_word' id='word_1_395' title='bbox 161 2949 372 2978; x_wconf 71' lang='lat' dir='ltr'>Fractionefom„</span> 
     </span>
    </p>
   </div>
   <div class='ocr_carea' id='block_1_5' title="bbox 161 2982 235 3004">
    <p class='ocr_par' dir='ltr' id='par_1_29' title="bbox 161 2982 235 3004">
     <span class='ocr_line' id='line_1_62' title="bbox 161 2982 235 3004; baseline 0.014 -1"><span class='ocrx_word' id='word_1_396' title='bbox 161 2982 199 3003; x_wconf 57' lang='grc' dir='ltr'>(ΙΨ</span> <span class='ocrx_word' id='word_1_397' title='bbox 216 2982 235 3004; x_wconf 91' lang='lat'>3·</span> 
     </span>
    </p>
   </div>
   <div class='ocr_carea' id='block_1_6' title="bbox 162 3114 1469 3283">
    <p class='ocr_par' dir='ltr' id='par_1_30' title="bbox 162 3114 1469 3283">
     <span class='ocr_line' id='line_1_63' title="bbox 162 3114 1467 3188; baseline 0.007 -27"><span class='ocrx_word' id='word_1_398' title='bbox 162 3114 375 3188; x_wconf 53' lang='grc' dir='ltr'>Ξὲἷιῗέῗόῗῧὲἕῗέἓξ</span> <span class='ocrx_word' id='word_1_399' title='bbox 455 3131 512 3166; x_wconf 84' lang='lat' dir='ltr'>AD</span> <span class='ocrx_word' id='word_1_400' title='bbox 532 3142 659 3166; x_wconf 84' lang='lat' dir='ltr'>NONUM</span> <span class='ocrx_word' id='word_1_401' title='bbox 678 3143 860 3168; x_wconf 83' lang='lat' dir='ltr'>DICENDUM</span> <span class='ocrx_word' id='word_1_402' title='bbox 880 3132 987 3180; x_wconf 93' lang='lat' dir='ltr'>quod</span> <span class='ocrx_word' id='word_1_403' title='bbox 1006 3144 1076 3181; x_wconf 92' lang='lat' dir='ltr'>per</span> <span class='ocrx_word' id='word_1_404' title='bbox 1094 3132 1252 3169; x_wconf 89' lang='lat' dir='ltr'>calicem</span> <span class='ocrx_word' id='word_1_405' title='bbox 1280 3133 1360 3170; x_wconf 91' lang='lat' dir='ltr'>duo</span> <span class='ocrx_word' id='word_1_406' title='bbox 1379 3145 1467 3182; x_wconf 91' lang='lat' dir='ltr'>pos-</span> 
     </span>
     <span class='ocr_line' id='line_1_64' title="bbox 164 3172 1468 3240; baseline 0.006 -25"><span class='ocrx_word' id='word_1_407' title='bbox 164 3172 224 3240; x_wconf 62' lang='grc' dir='ltr'>ἕὲιῖζ</span> <span class='ocrx_word' id='word_1_408' title='bbox 242 3172 293 3219; x_wconf 58' lang='grc' dir='ltr'>ἳπρξ</span> <span class='ocrx_word' id='word_1_409' title='bbox 311 3172 376 3214; x_wconf 60' lang='grc' dir='ltr'>ἷῖἕῖιῖ</span> <span class='ocrx_word' id='word_1_410' title='bbox 403 3189 492 3218; x_wconf 90' lang='lat' dir='ltr'>sunt</span> <span class='ocrx_word' id='word_1_411' title='bbox 519 3181 732 3230; x_wconf 90' lang='lat' dir='ltr'>significari.</span> <span class='ocrx_word' id='word_1_412' title='bbox 767 3184 854 3220; x_wconf 93' lang='lat' dir='ltr'>Uno</span> <span class='ocrx_word' id='word_1_413' title='bbox 884 3185 1016 3231; x_wconf 90' lang='lat' dir='ltr'>modo,</span> <span class='ocrx_word' id='word_1_414' title='bbox 1045 3185 1127 3234; x_wconf 88' lang='lat' dir='ltr'>ipsa</span> <span class='ocrx_word' id='word_1_415' title='bbox 1154 3185 1282 3234; x_wconf 82' lang='lat' dir='ltr'>pas‘sio</span> <span class='ocrx_word' id='word_1_416' title='bbox 1301 3186 1338 3233; x_wconf 71' lang='lat'>²¹⁶,</span> <span class='ocrx_word' id='word_1_417' title='bbox 1368 3198 1468 3235; x_wconf 91' lang='lat' dir='ltr'>quae</span> 
     </span>
     <span class='ocr_line' id='line_1_65' title="bbox 166 3225 1469 3283; baseline 0.006 -15"><span class='ocrx_word' id='word_1_418' title='bbox 166 3226 215 3268; x_wconf 53' lang='lat'>113²</span> <span class='ocrx_word' id='word_1_419' title='bbox 231 3225 298 3246; x_wconf 58' lang='lat'>&#39;⁸¹¹¹’</span> <span class='ocrx_word' id='word_1_420' title='bbox 316 3225 376 3241; x_wconf 61' lang='lat'>”¹⁵⁸</span> <span class='ocrx_word' id='word_1_421' title='bbox 403 3242 707 3283; x_wconf 89' lang='lat' dir='ltr'>repraesentatur</span> <span class='ocrx_word' id='word_1_422' title='bbox 734 3235 772 3271; x_wconf 93' lang='lat' dir='ltr'>in</span> <span class='ocrx_word' id='word_1_423' title='bbox 801 3237 877 3273; x_wconf 87' lang='lat' dir='ltr'>hoe</span> <span class='ocrx_word' id='word_1_424' title='bbox 904 3246 1155 3275; x_wconf 89' lang='lat' dir='ltr'>sacramento.</span> <span class='ocrx_word' id='word_1_425' title='bbox 1186 3239 1234 3275; x_wconf 90' lang='lat' dir='ltr'>Et</span> <span class='ocrx_word' id='word_1_426' title='bbox 1253 3239 1469 3276; x_wconf 90' lang='lat' dir='ltr'>secundum</span> 
     </span>
    </p>
   </div>
   <div class='ocr_carea' id='block_1_7' title="bbox 403 3348 1468 3525">
    <p class='ocr_par' dir='ltr' id='par_1_31' title="bbox 458 3348 1326 3385">
     <span class='ocr_line' id='line_1_66' title="bbox 458 3348 1326 3385; baseline 0.005 -11"><span class='ocrx_word' id='word_1_427' title='bbox 458 3348 481 3383; x_wconf 71' lang='grc' dir='ltr'>ξ’)</span> <span class='ocrx_word' id='word_1_428' title='bbox 496 3350 651 3382; x_wconf 80' lang='lat' dir='ltr'>praecipue.</span> <span class='ocrx_word' id='word_1_429' title='bbox 668 3364 687 3368; x_wconf 91' lang='lat'>-</span> <span class='ocrx_word' id='word_1_430' title='bbox 705 3350 767 3375; x_wconf 93' lang='lat' dir='ltr'>Om.</span> <span class='ocrx_word' id='word_1_431' title='bbox 785 3350 864 3380; x_wconf 81' lang='lat' dir='ltr'>FGH,</span> <span class='ocrx_word' id='word_1_432' title='bbox 883 3356 942 3375; x_wconf 83' lang='lat' dir='ltr'>ante</span> <span class='ocrx_word' id='word_1_433' title='bbox 961 3356 1147 3384; x_wconf 77' lang='lat' dir='ltr'>repraesentat</span> <span class='ocrx_word' id='word_1_434' title='bbox 1164 3358 1264 3385; x_wconf 85' lang='lat' dir='ltr'>ponunt</span> <span class='ocrx_word' id='word_1_435' title='bbox 1283 3353 1326 3378; x_wconf 84' lang='lat' dir='ltr'>Pc.</span> 
     </span>
    </p>

    <p class='ocr_par' dir='ltr' id='par_1_32' title="bbox 457 3385 865 3419">
     <span class='ocr_line' id='line_1_67' title="bbox 457 3385 865 3419; baseline 0 -9"><span class='ocrx_word' id='word_1_436' title='bbox 457 3385 484 3419; x_wconf 90' lang='grc' dir='ltr'>ο)</span> <span class='ocrx_word' id='word_1_437' title='bbox 501 3388 572 3410; x_wconf 82' lang='lat' dir='ltr'>sunt.</span> <span class='ocrx_word' id='word_1_438' title='bbox 589 3399 609 3404; x_wconf 88' lang='lat'>—-</span> <span class='ocrx_word' id='word_1_439' title='bbox 631 3386 684 3410; x_wconf 83' lang='lat' dir='ltr'>iam</span> <span class='ocrx_word' id='word_1_440' title='bbox 703 3389 766 3410; x_wconf 86' lang='lat' dir='ltr'>sunt</span> <span class='ocrx_word' id='word_1_441' title='bbox 785 3387 865 3410; x_wconf 85' lang='lat' dir='ltr'>tertia.</span> 
     </span>
    </p>

    <p class='ocr_par' dir='ltr' id='par_1_33' title="bbox 403 3420 1468 3485">
     <span class='ocr_line' id='line_1_68' title="bbox 457 3420 1468 3455; baseline 0.003 -11"><span class='ocrx_word' id='word_1_442' title='bbox 457 3420 487 3454; x_wconf 83' lang='grc' dir='ltr'>π)</span> <span class='ocrx_word' id='word_1_443' title='bbox 507 3421 645 3446; x_wconf 83' lang='lat' dir='ltr'>uniuntur.</span> <span class='ocrx_word' id='word_1_444' title='bbox 672 3435 692 3439; x_wconf 84' lang='lat'>-</span> <span class='ocrx_word' id='word_1_445' title='bbox 719 3424 831 3445; x_wconf 86' lang='lat' dir='ltr'>utuntur</span> <span class='ocrx_word' id='word_1_446' title='bbox 857 3421 939 3451; x_wconf 80' lang='lat' dir='ltr'>PIsG3</span> <span class='ocrx_word' id='word_1_447' title='bbox 965 3422 1039 3446; x_wconf 83' lang='lat' dir='ltr'>Alias</span> <span class='ocrx_word' id='word_1_448' title='bbox 1068 3422 1198 3447; x_wconf 83' lang='lat' dir='ltr'>uniuntur</span> <span class='ocrx_word' id='word_1_449' title='bbox 1225 3430 1315 3455; x_wconf 82' lang='lat' dir='ltr'>margo</span> <span class='ocrx_word' id='word_1_450' title='bbox 1334 3423 1363 3448; x_wconf 81' lang='lat' dir='ltr'>P.</span> <span class='ocrx_word' id='word_1_451' title='bbox 1381 3437 1400 3442; x_wconf 98' lang='lat'><em>-</em></span> <span class='ocrx_word' id='word_1_452' title='bbox 1418 3423 1468 3447; x_wconf 84' lang='lat' dir='ltr'>Pro</span> 
     </span>
     <span class='ocr_line' id='line_1_69' title="bbox 403 3456 936 3485; baseline 0 -5"><span class='ocrx_word' id='word_1_453' title='bbox 403 3456 539 3485; x_wconf 76' lang='lat' dir='ltr'>atteritur,</span> <span class='ocrx_word' id='word_1_454' title='bbox 557 3456 706 3481; x_wconf 82' lang='lat' dir='ltr'>conteritur</span> <span class='ocrx_word' id='word_1_455' title='bbox 725 3456 849 3480; x_wconf 85' lang='lat' dir='ltr'>editiones</span> <span class='ocrx_word' id='word_1_456' title='bbox 868 3462 893 3481; x_wconf 91' lang='lat' dir='ltr'>et</span> <span class='ocrx_word' id='word_1_457' title='bbox 911 3464 936 3481; x_wconf 87' lang='lat' dir='ltr'>a.</span> 
     </span>
    </p>

    <p class='ocr_par' dir='ltr' id='par_1_34' title="bbox 458 3491 1468 3525">
     <span class='ocr_line' id='line_1_70' title="bbox 458 3491 1468 3525; baseline 0.002 -9"><span class='ocrx_word' id='word_1_458' title='bbox 458 3491 482 3525; x_wconf 83' lang='grc' dir='ltr'>ρ)</span> <span class='ocrx_word' id='word_1_459' title='bbox 501 3494 541 3516; x_wconf 84' lang='lat' dir='ltr'>est</span> <span class='ocrx_word' id='word_1_460' title='bbox 566 3498 662 3524; x_wconf 86' lang='lat' dir='ltr'>corpus</span> <span class='ocrx_word' id='word_1_461' title='bbox 693 3491 801 3516; x_wconf 82' lang='lat' dir='ltr'>Christi.</span> <span class='ocrx_word' id='word_1_462' title='bbox 819 3506 838 3510; x_wconf 82' lang='lat'><em>-</em></span> <span class='ocrx_word' id='word_1_463' title='bbox 855 3494 895 3516; x_wconf 82' lang='lat' dir='ltr'>est</span> <span class='ocrx_word' id='word_1_464' title='bbox 922 3499 1018 3523; x_wconf 86' lang='lat' dir='ltr'>corpus</span> <span class='ocrx_word' id='word_1_465' title='bbox 1038 3492 1055 3522; x_wconf 83' lang='lat'>1,</span> <span class='ocrx_word' id='word_1_466' title='bbox 1073 3500 1170 3525; x_wconf 86' lang='lat' dir='ltr'>corpus</span> <span class='ocrx_word' id='word_1_467' title='bbox 1190 3493 1223 3522; x_wconf 78' lang='lat' dir='ltr'>P;</span> <span class='ocrx_word' id='word_1_468' title='bbox 1252 3499 1392 3518; x_wconf 80' lang='lat' dir='ltr'>remanens</span> <span class='ocrx_word' id='word_1_469' title='bbox 1414 3500 1468 3518; x_wconf 90' lang='lat' dir='ltr'>om.</span> 
     </span>
    </p>
   </div>
   <div class='ocr_carea' id='block_1_8' title="bbox 1056 133 1942 182">
    <p class='ocr_par' dir='ltr' id='par_1_35' title="bbox 1056 133 1942 182">
     <span class='ocr_line' id='line_1_71' title="bbox 1056 133 1942 182; baseline -0.002 -10"><span class='ocrx_word' id='word_1_470' title='bbox 1056 135 1318 182; x_wconf 91' lang='lat' dir='ltr'>QUAESTIO</span> <span class='ocrx_word' id='word_1_471' title='bbox 1348 134 1556 179; x_wconf 88' lang='lat' dir='ltr'>LXXXIII,</span> <span class='ocrx_word' id='word_1_472' title='bbox 1586 133 1878 171; x_wconf 88' lang='lat' dir='ltr'>ARTICULUS</span> <span class='ocrx_word' id='word_1_473' title='bbox 1907 134 1942 170; x_wconf 93' lang='lat' dir='ltr'>V</span> 
     </span>
    </p>
   </div>
   <div class='ocr_carea' id='block_1_9' title="bbox 1509 211 2593 2169">
    <p class='ocr_par' dir='ltr' id='par_1_36' title="bbox 1526 211 2593 355">
     <span class='ocr_line' id='line_1_72' title="bbox 1527 211 2592 263; baseline 0.004 -14"><span class='ocrx_word' id='word_1_474' title='bbox 1527 213 1622 259; x_wconf 89' lang='lat' dir='ltr'>hoc,</span> <span class='ocrx_word' id='word_1_475' title='bbox 1651 224 1721 261; x_wconf 91' lang='lat' dir='ltr'>per</span> <span class='ocrx_word' id='word_1_476' title='bbox 1754 219 1903 261; x_wconf 87' lang='lat' dir='ltr'>partem</span> <span class='ocrx_word' id='word_1_477' title='bbox 1931 211 1970 248; x_wconf 91' lang='lat' dir='ltr'>in</span> <span class='ocrx_word' id='word_1_478' title='bbox 1999 211 2156 249; x_wconf 87' lang='lat' dir='ltr'>calicem</span> <span class='ocrx_word' id='word_1_479' title='bbox 2192 213 2351 251; x_wconf 90' lang='lat' dir='ltr'>missam</span> <span class='ocrx_word' id='word_1_480' title='bbox 2380 215 2592 263; x_wconf 90' lang='lat' dir='ltr'>significan-</span> 
     </span>
     <span class='ocr_line' id='line_1_73' title="bbox 1526 265 2593 317; baseline 0.005 -16"><span class='ocrx_word' id='word_1_481' title='bbox 1526 273 1588 302; x_wconf 90' lang='lat' dir='ltr'>tur</span> <span class='ocrx_word' id='word_1_482' title='bbox 1629 265 1679 301; x_wconf 87' lang='lat' dir='ltr'>illi</span> <span class='ocrx_word' id='word_1_483' title='bbox 1717 265 1783 314; x_wconf 93' lang='lat' dir='ltr'>qui</span> <span class='ocrx_word' id='word_1_484' title='bbox 1821 265 1949 302; x_wconf 91' lang='lat' dir='ltr'>adhuc</span> <span class='ocrx_word' id='word_1_485' title='bbox 1992 272 2080 301; x_wconf 90' lang='lat' dir='ltr'>sunt</span> <span class='ocrx_word' id='word_1_486' title='bbox 2121 265 2323 315; x_wconf 90' lang='lat' dir='ltr'>participes</span> <span class='ocrx_word' id='word_1_487' title='bbox 2366 268 2593 317; x_wconf 89' lang='lat' dir='ltr'>passionum</span> 
     </span>
     <span class='ocr_line' id='line_1_74' title="bbox 1527 317 1677 355; baseline -0.007 0"><span class='ocrx_word' id='word_1_488' title='bbox 1527 317 1677 355; x_wconf 91' lang='lat' dir='ltr'>Christi.</span> 
     </span>
    </p>

    <p class='ocr_par' dir='ltr' id='par_1_37' title="bbox 1510 369 2593 618">
     <span class='ocr_line' id='line_1_75' title="bbox 1579 369 2591 421; baseline 0.006 -15"><span class='ocrx_word' id='word_1_489' title='bbox 1579 370 1665 407; x_wconf 91' lang='lat' dir='ltr'>Alio</span> <span class='ocrx_word' id='word_1_490' title='bbox 1700 370 1842 417; x_wconf 90' lang='lat' dir='ltr'>modo,</span> <span class='ocrx_word' id='word_1_491' title='bbox 1872 377 1996 418; x_wconf 92' lang='lat' dir='ltr'>potest</span> <span class='ocrx_word' id='word_1_492' title='bbox 2024 369 2226 417; x_wconf 88' lang='lat' dir='ltr'>significari</span> <span class='ocrx_word' id='word_1_493' title='bbox 2262 371 2388 410; x_wconf 87' lang='lat' dir='ltr'>fruitio</span> <span class='ocrx_word' id='word_1_494' title='bbox 2421 373 2532 411; x_wconf 90' lang='lat' dir='ltr'>beata</span> <span class='ocrx_word' id='word_1_495' title='bbox 2551 374 2591 421; x_wconf 78' lang='grc'>*,</span> 
     </span>
     <span class='ocr_line' id='line_1_76' title="bbox 1526 422 2593 474; baseline 0.005 -15"><span class='ocrx_word' id='word_1_496' title='bbox 1526 435 1626 472; x_wconf 90' lang='lat' dir='ltr'>quae</span> <span class='ocrx_word' id='word_1_497' title='bbox 1654 422 1769 460; x_wconf 90' lang='lat' dir='ltr'>etiam</span> <span class='ocrx_word' id='word_1_498' title='bbox 1795 422 1834 459; x_wconf 92' lang='lat' dir='ltr'>in</span> <span class='ocrx_word' id='word_1_499' title='bbox 1859 423 1935 459; x_wconf 94' lang='lat' dir='ltr'>hoc</span> <span class='ocrx_word' id='word_1_500' title='bbox 1963 430 2202 460; x_wconf 88' lang='lat' dir='ltr'>sacramento</span> <span class='ocrx_word' id='word_1_501' title='bbox 2226 425 2514 474; x_wconf 86' lang='lat' dir='ltr'>praefiguratur.</span> <span class='ocrx_word' id='word_1_502' title='bbox 2545 428 2593 464; x_wconf 92' lang='lat' dir='ltr'>Et</span> 
     </span>
     <span class='ocr_line' id='line_1_77' title="bbox 1525 475 2592 528; baseline 0.005 -16"><span class='ocrx_word' id='word_1_503' title='bbox 1525 475 1613 513; x_wconf 93' lang='lat' dir='ltr'>ideo</span> <span class='ocrx_word' id='word_1_504' title='bbox 1649 475 1706 512; x_wconf 87' lang='lat' dir='ltr'>illi</span> <span class='ocrx_word' id='word_1_505' title='bbox 1743 487 1914 524; x_wconf 91' lang='lat' dir='ltr'>quorum</span> <span class='ocrx_word' id='word_1_506' title='bbox 1950 487 2114 524; x_wconf 90' lang='lat' dir='ltr'>corpora</span> <span class='ocrx_word' id='word_1_507' title='bbox 2150 475 2228 512; x_wconf 89' lang='lat' dir='ltr'>iam</span> <span class='ocrx_word' id='word_1_508' title='bbox 2270 486 2359 514; x_wconf 91' lang='lat' dir='ltr'>sunt</span> <span class='ocrx_word' id='word_1_509' title='bbox 2401 478 2441 516; x_wconf 90' lang='lat' dir='ltr'>in</span> <span class='ocrx_word' id='word_1_510' title='bbox 2477 481 2592 528; x_wconf 91' lang='lat' dir='ltr'>plena</span> 
     </span>
     <span class='ocr_line' id='line_1_78' title="bbox 1510 527 2592 578; baseline 0.005 -13"><span class='ocrx_word' id='word_1_511' title='bbox 1510 529 1774 575; x_wconf 89' lang='lat' dir='ltr'>beatitudine,</span> <span class='ocrx_word' id='word_1_512' title='bbox 1806 527 2067 576; x_wconf 84' lang='lat' dir='ltr'>significantur</span> <span class='ocrx_word' id='word_1_513' title='bbox 2093 540 2163 578; x_wconf 89' lang='lat' dir='ltr'>per</span> <span class='ocrx_word' id='word_1_514' title='bbox 2189 537 2338 578; x_wconf 88' lang='lat' dir='ltr'>partem</span> <span class='ocrx_word' id='word_1_515' title='bbox 2366 530 2406 567; x_wconf 92' lang='lat' dir='ltr'>in</span> <span class='ocrx_word' id='word_1_516' title='bbox 2433 532 2592 570; x_wconf 87' lang='lat' dir='ltr'>calicem</span> 
     </span>
     <span class='ocr_line' id='line_1_79' title="bbox 1525 594 1695 618; baseline 0 0"><span class='ocrx_word' id='word_1_517' title='bbox 1525 594 1695 618; x_wconf 81' lang='lat' dir='ltr'>missam.</span> 
     </span>
    </p>

    <p class='ocr_par' dir='ltr' id='par_1_38' title="bbox 1523 634 2592 842">
     <span class='ocr_line' id='line_1_80' title="bbox 1578 634 2591 683; baseline 0.003 -11"><span class='ocrx_word' id='word_1_518' title='bbox 1578 636 1626 672; x_wconf 89' lang='lat' dir='ltr'>Et</span> <span class='ocrx_word' id='word_1_519' title='bbox 1654 642 1709 672; x_wconf 90' lang='lat' dir='ltr'>est</span> <span class='ocrx_word' id='word_1_520' title='bbox 1736 634 1952 671; x_wconf 92' lang='lat' dir='ltr'>notandum</span> <span class='ocrx_word' id='word_1_521' title='bbox 1972 634 2079 683; x_wconf 92' lang='lat' dir='ltr'>quod</span> <span class='ocrx_word' id='word_1_522' title='bbox 2106 646 2195 683; x_wconf 90' lang='lat' dir='ltr'>pars</span> <span class='ocrx_word' id='word_1_523' title='bbox 2223 634 2262 671; x_wconf 94' lang='lat' dir='ltr'>in</span> <span class='ocrx_word' id='word_1_524' title='bbox 2291 636 2448 674; x_wconf 89' lang='lat' dir='ltr'>calicem</span> <span class='ocrx_word' id='word_1_525' title='bbox 2475 637 2591 674; x_wconf 88' lang='lat' dir='ltr'>missa</span> 
     </span>
     <span class='ocr_line' id='line_1_81' title="bbox 1524 686 2591 737; baseline 0.002 -12"><span class='ocrx_word' id='word_1_526' title='bbox 1524 700 1605 725; x_wconf 90' lang='lat' dir='ltr'>non</span> <span class='ocrx_word' id='word_1_527' title='bbox 1642 687 1756 725; x_wconf 91' lang='lat' dir='ltr'>debet</span> <span class='ocrx_word' id='word_1_528' title='bbox 1782 688 1931 737; x_wconf 93' lang='lat' dir='ltr'>populo</span> <span class='ocrx_word' id='word_1_529' title='bbox 1963 687 2045 724; x_wconf 89' lang='lat' dir='ltr'>dari</span> <span class='ocrx_word' id='word_1_530' title='bbox 2073 686 2112 723; x_wconf 91' lang='lat' dir='ltr'>in</span> <span class='ocrx_word' id='word_1_531' title='bbox 2141 689 2456 737; x_wconf 89' lang='lat' dir='ltr'>supplementum</span> <span class='ocrx_word' id='word_1_532' title='bbox 2484 702 2591 728; x_wconf 86' lang='lat' dir='ltr'>com-</span> 
     </span>
     <span class='ocr_line' id='line_1_82' title="bbox 1523 740 2592 792; baseline 0.002 -14"><span class='ocrx_word' id='word_1_533' title='bbox 1523 740 1738 778; x_wconf 89' lang='lat' dir='ltr'>munionis:</span> <span class='ocrx_word' id='word_1_534' title='bbox 1777 740 1869 789; x_wconf 88' lang='lat' dir='ltr'>quia</span> <span class='ocrx_word' id='word_1_535' title='bbox 1900 752 2042 789; x_wconf 90' lang='lat' dir='ltr'>panem</span> <span class='ocrx_word' id='word_1_536' title='bbox 2075 742 2267 778; x_wconf 89' lang='lat' dir='ltr'>intinctum</span> <span class='ocrx_word' id='word_1_537' title='bbox 2305 753 2386 779; x_wconf 90' lang='lat' dir='ltr'>non</span> <span class='ocrx_word' id='word_1_538' title='bbox 2422 743 2592 792; x_wconf 87' lang='lat' dir='ltr'>porrexit</span> 
     </span>
     <span class='ocr_line' id='line_1_83' title="bbox 1525 793 2206 842; baseline -0.001 -11"><span class='ocrx_word' id='word_1_539' title='bbox 1525 794 1699 831; x_wconf 90' lang='lat' dir='ltr'>Christus</span> <span class='ocrx_word' id='word_1_540' title='bbox 1727 793 1799 830; x_wconf 92' lang='lat' dir='ltr'>nisi</span> <span class='ocrx_word' id='word_1_541' title='bbox 1827 793 1943 830; x_wconf 91' lang='lat' dir='ltr'>Iudae</span> <span class='ocrx_word' id='word_1_542' title='bbox 1971 793 2157 842; x_wconf 91' lang='lat' dir='ltr'>proditori</span> <span class='ocrx_word' id='word_1_543' title='bbox 2177 793 2206 830; x_wconf 68' lang='lat'>³¹².</span> 
     </span>
    </p>

    <p class='ocr_par' dir='ltr' id='par_1_39' title="bbox 1522 846 2592 1479">
     <span class='ocr_line' id='line_1_84' title="bbox 1576 846 2590 896; baseline 0.003 -13"><span class='ocrx_word' id='word_1_544' title='bbox 1576 848 1633 884; x_wconf 83' lang='lat' dir='ltr'>AD</span> <span class='ocrx_word' id='word_1_545' title='bbox 1652 859 1812 884; x_wconf 84' lang='lat' dir='ltr'>DECIMUM</span> <span class='ocrx_word' id='word_1_546' title='bbox 1831 858 2013 884; x_wconf 83' lang='lat' dir='ltr'>DICENDUM</span> <span class='ocrx_word' id='word_1_547' title='bbox 2033 847 2139 896; x_wconf 89' lang='lat' dir='ltr'>quod</span> <span class='ocrx_word' id='word_1_548' title='bbox 2159 846 2307 895; x_wconf 91' lang='lat' dir='ltr'>vinum,</span> <span class='ocrx_word' id='word_1_549' title='bbox 2329 848 2474 885; x_wconf 91' lang='lat' dir='ltr'>ratione</span> <span class='ocrx_word' id='word_1_550' title='bbox 2498 861 2590 886; x_wconf 90' lang='lat' dir='ltr'>suae</span> 
     </span>
     <span class='ocr_line' id='line_1_85' title="bbox 1523 899 2591 951; baseline 0.003 -15"><span class='ocrx_word' id='word_1_551' title='bbox 1523 900 1771 946; x_wconf 89' lang='lat' dir='ltr'>humiditatis,</span> <span class='ocrx_word' id='word_1_552' title='bbox 1792 907 1847 937; x_wconf 92' lang='lat' dir='ltr'>est</span> <span class='ocrx_word' id='word_1_553' title='bbox 1871 899 2098 937; x_wconf 88' lang='lat' dir='ltr'>ablutivum.</span> <span class='ocrx_word' id='word_1_554' title='bbox 2128 901 2176 937; x_wconf 93' lang='lat' dir='ltr'>Et</span> <span class='ocrx_word' id='word_1_555' title='bbox 2194 900 2283 938; x_wconf 89' lang='lat' dir='ltr'>ideo</span> <span class='ocrx_word' id='word_1_556' title='bbox 2312 901 2478 939; x_wconf 84' lang='lat' dir='ltr'>sumitur</span> <span class='ocrx_word' id='word_1_557' title='bbox 2503 910 2591 951; x_wconf 92' lang='lat' dir='ltr'>post</span> 
     </span>
     <span class='ocr_line' id='line_1_86' title="bbox 1522 952 2590 1002; baseline 0.004 -13"><span class='ocrx_word' id='word_1_558' title='bbox 1522 953 1812 1002; x_wconf 90' lang='lat' dir='ltr'>perceptionem</span> <span class='ocrx_word' id='word_1_559' title='bbox 1846 952 1963 989; x_wconf 93' lang='lat' dir='ltr'>huius</span> <span class='ocrx_word' id='word_1_560' title='bbox 1991 953 2236 1000; x_wconf 88' lang='lat' dir='ltr'>sacramenti,</span> <span class='ocrx_word' id='word_1_561' title='bbox 2266 955 2315 991; x_wconf 93' lang='lat' dir='ltr'>ad</span> <span class='ocrx_word' id='word_1_562' title='bbox 2350 954 2590 993; x_wconf 89' lang='lat' dir='ltr'>abluendum</span> 
     </span>
     <span class='ocr_line' id='line_1_87' title="bbox 1523 1005 2589 1058; baseline 0.005 -17"><span class='ocrx_word' id='word_1_563' title='bbox 1523 1017 1584 1052; x_wconf 90' lang='lat' dir='ltr'>os,</span> <span class='ocrx_word' id='word_1_564' title='bbox 1614 1018 1663 1042; x_wconf 90' lang='lat' dir='ltr'>ne</span> <span class='ocrx_word' id='word_1_565' title='bbox 1692 1005 1842 1054; x_wconf 90' lang='lat' dir='ltr'>aliquae</span> <span class='ocrx_word' id='word_1_566' title='bbox 1876 1005 2057 1054; x_wconf 89' lang='lat' dir='ltr'>reliquiae</span> <span class='ocrx_word' id='word_1_567' title='bbox 2091 1015 2329 1044; x_wconf 88' lang='lat' dir='ltr'>remaneant:</span> <span class='ocrx_word' id='word_1_568' title='bbox 2369 1008 2477 1056; x_wconf 92' lang='lat' dir='ltr'>quod</span> <span class='ocrx_word' id='word_1_569' title='bbox 2503 1021 2589 1058; x_wconf 89' lang='lat' dir='ltr'>per-</span> 
     </span>
     <span class='ocr_line' id='line_1_88' title="bbox 1522 1057 2588 1109; baseline 0.006 -16"><span class='ocrx_word' id='word_1_570' title='bbox 1522 1057 1614 1094; x_wconf 88' lang='lat' dir='ltr'>tinet</span> <span class='ocrx_word' id='word_1_571' title='bbox 1651 1058 1700 1095; x_wconf 89' lang='lat' dir='ltr'>ad</span> <span class='ocrx_word' id='word_1_572' title='bbox 1737 1057 1992 1094; x_wconf 88' lang='lat' dir='ltr'>reverentiam</span> <span class='ocrx_word' id='word_1_573' title='bbox 2029 1059 2267 1096; x_wconf 88' lang='lat' dir='ltr'>sacramenti.</span> <span class='ocrx_word' id='word_1_574' title='bbox 2305 1061 2417 1097; x_wconf 92' lang='lat' dir='ltr'>Unde</span> <span class='ocrx_word' id='word_1_575' title='bbox 2455 1062 2588 1109; x_wconf 88' lang='lat' dir='ltr'>Extra,</span> 
     </span>
     <span class='ocr_line' id='line_1_89' title="bbox 1522 1110 2590 1159; baseline 0.006 -13"><span class='ocrx_word' id='word_1_576' title='bbox 1522 1110 1568 1146; x_wconf 90' lang='lat' dir='ltr'>de</span> <span class='ocrx_word' id='word_1_577' title='bbox 1590 1111 1769 1147; x_wconf 88' lang='lat' dir='ltr'>Celebrat.</span> <span class='ocrx_word' id='word_1_578' title='bbox 1789 1112 1910 1156; x_wconf 70' lang='lat' dir='ltr'>Miss„</span> <span class='ocrx_word' id='word_1_579' title='bbox 1931 1122 2013 1159; x_wconf 89' lang='lat' dir='ltr'>cap.</span> <span class='ocrx_word' id='word_1_580' title='bbox 2034 1113 2098 1147; x_wconf 89' lang='lat' dir='ltr'>Ex</span> <span class='ocrx_word' id='word_1_581' title='bbox 2109 1117 2220 1158; x_wconf 85' lang='lat' dir='ltr'>parte</span> <span class='ocrx_word' id='word_1_582' title='bbox 2237 1111 2274 1148; x_wconf 74' lang='grc' dir='ltr'>*ε</span> <span class='ocrx_word' id='word_1_583' title='bbox 2305 1114 2486 1150; x_wconf 87' lang='lat' dir='ltr'>Sacerdos</span> <span class='ocrx_word' id='word_1_584' title='bbox 2503 1117 2590 1152; x_wconf 82' lang='lat' dir='ltr'>vino</span> 
     </span>
     <span class='ocr_line' id='line_1_90' title="bbox 1523 1163 2590 1216; baseline 0.005 -17"><span class='ocrx_word' id='word_1_585' title='bbox 1523 1175 1563 1200; x_wconf 92' lang='lat' dir='ltr'>os</span> <span class='ocrx_word' id='word_1_586' title='bbox 1585 1163 1816 1212; x_wconf 74' lang='lat' dir='ltr'>perfundere</span> <span class='ocrx_word' id='word_1_587' title='bbox 1843 1163 1946 1199; x_wconf 85' lang='lat' dir='ltr'>debet</span> <span class='ocrx_word' id='word_1_588' title='bbox 1967 1169 2166 1212; x_wconf 83' lang='lat' dir='ltr'>postquam</span> <span class='ocrx_word' id='word_1_589' title='bbox 2193 1170 2308 1201; x_wconf 91' lang='lat' dir='ltr'>totum</span> <span class='ocrx_word' id='word_1_590' title='bbox 2339 1168 2506 1216; x_wconf 85' lang='lat' dir='ltr'>percepit</span> <span class='ocrx_word' id='word_1_591' title='bbox 2531 1179 2590 1204; x_wconf 91' lang='lat' dir='ltr'>sa-</span> 
     </span>
     <span class='ocr_line' id='line_1_91' title="bbox 1523 1216 2590 1256; baseline 0.005 -4"><span class='ocrx_word' id='word_1_592' title='bbox 1523 1222 1777 1253; x_wconf 80' lang='lat' dir='ltr'>cramentum.-</span> <span class='ocrx_word' id='word_1_593' title='bbox 1814 1217 1886 1252; x_wconf 90' lang='lat' dir='ltr'>nisi</span> <span class='ocrx_word' id='word_1_594' title='bbox 1920 1227 2005 1252; x_wconf 91' lang='lat' dir='ltr'>cum</span> <span class='ocrx_word' id='word_1_595' title='bbox 2041 1216 2169 1253; x_wconf 89' lang='lat' dir='ltr'>eodem</span> <span class='ocrx_word' id='word_1_596' title='bbox 2203 1217 2261 1253; x_wconf 84' lang='lat' dir='ltr'>die</span> <span class='ocrx_word' id='word_1_597' title='bbox 2287 1219 2439 1255; x_wconf 90' lang='lat' dir='ltr'>missam</span> <span class='ocrx_word' id='word_1_598' title='bbox 2475 1219 2590 1256; x_wconf 91' lang='lat' dir='ltr'>aliam</span> 
     </span>
     <span class='ocr_line' id='line_1_92' title="bbox 1522 1269 2592 1320; baseline 0.004 -14"><span class='ocrx_word' id='word_1_599' title='bbox 1522 1270 1686 1307; x_wconf 84' lang='lat' dir='ltr'>debuerit</span> <span class='ocrx_word' id='word_1_600' title='bbox 1714 1269 1914 1314; x_wconf 86' lang='lat' dir='ltr'>celebrare,</span> <span class='ocrx_word' id='word_1_601' title='bbox 1945 1281 2004 1315; x_wconf 86' lang='lat' dir='ltr'>ne,</span> <span class='ocrx_word' id='word_1_602' title='bbox 2030 1271 2064 1305; x_wconf 90' lang='lat' dir='ltr'>si</span> <span class='ocrx_word' id='word_1_603' title='bbox 2078 1269 2186 1317; x_wconf 86' lang='lat' dir='ltr'>sorte</span> <span class='ocrx_word' id='word_1_604' title='bbox 2212 1271 2341 1308; x_wconf 81' lang='lat' dir='ltr'>vinum</span> <span class='ocrx_word' id='word_1_605' title='bbox 2363 1272 2592 1320; x_wconf 76' lang='lat' dir='ltr'>perfusionis</span> 
     </span>
     <span class='ocr_line' id='line_1_93' title="bbox 1522 1322 2591 1372; baseline 0.003 -12"><span class='ocrx_word' id='word_1_606' title='bbox 1522 1324 1716 1372; x_wconf 89' lang='lat' dir='ltr'>acciperet,</span> <span class='ocrx_word' id='word_1_607' title='bbox 1737 1323 2022 1359; x_wconf 82' lang='lat' dir='ltr'>celebrationem</span> <span class='ocrx_word' id='word_1_608' title='bbox 2041 1322 2156 1359; x_wconf 90' lang='lat' dir='ltr'>aliam</span> <span class='ocrx_word' id='word_1_609' title='bbox 2175 1323 2378 1372; x_wconf 86' lang='lat' dir='ltr'>impediret.</span> <span class='ocrx_word' id='word_1_610' title='bbox 2409 1346 2434 1351; x_wconf 85' lang='lat'>—</span> <span class='ocrx_word' id='word_1_611' title='bbox 2462 1325 2511 1362; x_wconf 94' lang='lat' dir='ltr'>Et</span> <span class='ocrx_word' id='word_1_612' title='bbox 2529 1338 2591 1363; x_wconf 87' lang='lat' dir='ltr'>ea-</span> 
     </span>
     <span class='ocr_line' id='line_1_94' title="bbox 1524 1374 2590 1426; baseline 0.004 -14"><span class='ocrx_word' id='word_1_613' title='bbox 1524 1377 1615 1413; x_wconf 90' lang='lat' dir='ltr'>dem</span> <span class='ocrx_word' id='word_1_614' title='bbox 1643 1375 1790 1412; x_wconf 88' lang='lat' dir='ltr'>ratione</span> <span class='ocrx_word' id='word_1_615' title='bbox 1817 1374 2011 1424; x_wconf 83' lang='lat' dir='ltr'>perfundit</span> <span class='ocrx_word' id='word_1_616' title='bbox 2038 1375 2131 1413; x_wconf 92' lang='lat' dir='ltr'>vino</span> <span class='ocrx_word' id='word_1_617' title='bbox 2167 1375 2303 1424; x_wconf 86' lang='lat' dir='ltr'>digitos</span> <span class='ocrx_word' id='word_1_618' title='bbox 2337 1376 2479 1426; x_wconf 91' lang='lat' dir='ltr'>quibus</span> <span class='ocrx_word' id='word_1_619' title='bbox 2506 1390 2590 1417; x_wconf 90' lang='lat' dir='ltr'>cor-</span> 
     </span>
     <span class='ocr_line' id='line_1_95' title="bbox 1522 1428 1972 1479; baseline -0.004 -13"><span class='ocrx_word' id='word_1_620' title='bbox 1522 1442 1596 1479; x_wconf 92' lang='lat' dir='ltr'>pus</span> <span class='ocrx_word' id='word_1_621' title='bbox 1626 1429 1765 1466; x_wconf 90' lang='lat' dir='ltr'>Christi</span> <span class='ocrx_word' id='word_1_622' title='bbox 1793 1428 1972 1476; x_wconf 89' lang='lat' dir='ltr'>tetigerat.</span> 
     </span>
    </p>

    <p class='ocr_par' dir='ltr' id='par_1_40' title="bbox 1509 1482 2592 2011">
     <span class='ocr_line' id='line_1_96' title="bbox 1576 1482 2591 1533; baseline 0.003 -14"><span class='ocrx_word' id='word_1_623' title='bbox 1576 1484 1633 1519; x_wconf 85' lang='lat' dir='ltr'>AD</span> <span class='ocrx_word' id='word_1_624' title='bbox 1661 1494 1872 1519; x_wconf 80' lang='lat' dir='ltr'>UNDECIMUM</span> <span class='ocrx_word' id='word_1_625' title='bbox 1898 1493 2082 1518; x_wconf 74' lang='lat' dir='ltr'>DICENDUM</span> <span class='ocrx_word' id='word_1_626' title='bbox 2106 1482 2214 1531; x_wconf 92' lang='lat' dir='ltr'>quod</span> <span class='ocrx_word' id='word_1_627' title='bbox 2232 1482 2371 1520; x_wconf 86' lang='lat' dir='ltr'>veritas</span> <span class='ocrx_word' id='word_1_628' title='bbox 2399 1491 2591 1533; x_wconf 88' lang='lat' dir='ltr'>quantum</span> 
     </span>
     <span class='ocr_line' id='line_1_97' title="bbox 1523 1535 2591 1586; baseline 0.003 -14"><span class='ocrx_word' id='word_1_629' title='bbox 1523 1536 1572 1572; x_wconf 89' lang='lat' dir='ltr'>ad</span> <span class='ocrx_word' id='word_1_630' title='bbox 1600 1535 1744 1585; x_wconf 88' lang='lat' dir='ltr'>aliquid</span> <span class='ocrx_word' id='word_1_631' title='bbox 1772 1535 1885 1572; x_wconf 93' lang='lat' dir='ltr'>debet</span> <span class='ocrx_word' id='word_1_632' title='bbox 1913 1535 2146 1584; x_wconf 92' lang='lat' dir='ltr'>respondere</span> <span class='ocrx_word' id='word_1_633' title='bbox 2174 1535 2340 1583; x_wconf 88' lang='lat' dir='ltr'>figurae:</span> <span class='ocrx_word' id='word_1_634' title='bbox 2377 1537 2469 1586; x_wconf 90' lang='lat' dir='ltr'>quia</span> <span class='ocrx_word' id='word_1_635' title='bbox 2496 1537 2591 1575; x_wconf 86' lang='lat' dir='ltr'>scili-</span> 
     </span>
     <span class='ocr_line' id='line_1_98' title="bbox 1522 1588 2592 1640; baseline 0.003 -15"><span class='ocrx_word' id='word_1_636' title='bbox 1522 1596 1581 1625; x_wconf 94' lang='lat' dir='ltr'>cet</span> <span class='ocrx_word' id='word_1_637' title='bbox 1608 1601 1689 1626; x_wconf 93' lang='lat' dir='ltr'>non</span> <span class='ocrx_word' id='word_1_638' title='bbox 1717 1589 1831 1625; x_wconf 90' lang='lat' dir='ltr'>debet</span> <span class='ocrx_word' id='word_1_639' title='bbox 1857 1600 1946 1637; x_wconf 89' lang='lat' dir='ltr'>pars</span> <span class='ocrx_word' id='word_1_640' title='bbox 1978 1588 2125 1625; x_wconf 89' lang='lat' dir='ltr'>hostiae</span> <span class='ocrx_word' id='word_1_641' title='bbox 2160 1596 2404 1626; x_wconf 88' lang='lat' dir='ltr'>consecratae</span> <span class='ocrx_word' id='word_1_642' title='bbox 2436 1590 2484 1627; x_wconf 93' lang='lat' dir='ltr'>de</span> <span class='ocrx_word' id='word_1_643' title='bbox 2512 1603 2592 1640; x_wconf 89' lang='lat' dir='ltr'>qua</span> 
     </span>
     <span class='ocr_line' id='line_1_99' title="bbox 1523 1640 2590 1691; baseline 0.004 -13"><span class='ocrx_word' id='word_1_644' title='bbox 1523 1642 1700 1679; x_wconf 91' lang='lat' dir='ltr'>sacerdos</span> <span class='ocrx_word' id='word_1_645' title='bbox 1729 1649 1765 1678; x_wconf 91' lang='lat' dir='ltr'>et</span> <span class='ocrx_word' id='word_1_646' title='bbox 1793 1640 1965 1688; x_wconf 89' lang='lat' dir='ltr'>ministri,</span> <span class='ocrx_word' id='word_1_647' title='bbox 1992 1642 2054 1678; x_wconf 89' lang='lat' dir='ltr'>vel</span> <span class='ocrx_word' id='word_1_648' title='bbox 2082 1641 2196 1678; x_wconf 90' lang='lat' dir='ltr'>etiam</span> <span class='ocrx_word' id='word_1_649' title='bbox 2215 1643 2385 1691; x_wconf 91' lang='lat' dir='ltr'>populus</span> <span class='ocrx_word' id='word_1_650' title='bbox 2413 1655 2590 1682; x_wconf 90' lang='lat' dir='ltr'>commu-</span> 
     </span>
     <span class='ocr_line' id='line_1_100' title="bbox 1522 1694 2592 1743; baseline 0.002 -11"><span class='ocrx_word' id='word_1_651' title='bbox 1522 1695 1637 1740; x_wconf 90' lang='lat' dir='ltr'>nicat,</span> <span class='ocrx_word' id='word_1_652' title='bbox 1667 1695 1707 1732; x_wconf 92' lang='lat' dir='ltr'>in</span> <span class='ocrx_word' id='word_1_653' title='bbox 1739 1694 1950 1732; x_wconf 90' lang='lat' dir='ltr'>crastinum</span> <span class='ocrx_word' id='word_1_654' title='bbox 1977 1694 2175 1731; x_wconf 87' lang='lat' dir='ltr'>reservari.</span> <span class='ocrx_word' id='word_1_655' title='bbox 2205 1695 2329 1743; x_wconf 91' lang='lat' dir='ltr'>Unde,</span> <span class='ocrx_word' id='word_1_656' title='bbox 2357 1703 2400 1733; x_wconf 91' lang='lat' dir='ltr'>ut</span> <span class='ocrx_word' id='word_1_657' title='bbox 2427 1697 2592 1734; x_wconf 89' lang='lat' dir='ltr'>habetur</span> 
     </span>
     <span class='ocr_line' id='line_1_101' title="bbox 1521 1747 2590 1798; baseline 0.003 -13"><span class='ocrx_word' id='word_1_658' title='bbox 1521 1749 1566 1785; x_wconf 88' lang='lat' dir='ltr'>de</span> <span class='ocrx_word' id='word_1_659' title='bbox 1584 1750 1758 1786; x_wconf 90' lang='lat' dir='ltr'>Consecr.</span> <span class='ocrx_word' id='word_1_660' title='bbox 1774 1747 1858 1785; x_wconf 91' lang='lat' dir='ltr'>dist.</span> <span class='ocrx_word' id='word_1_661' title='bbox 1874 1749 1905 1784; x_wconf 97' lang='grc' dir='ltr'>ΙΙ</span> <span class='ocrx_word' id='word_1_662' title='bbox 1923 1747 1954 1794; x_wconf 72' lang='lat'>²¹⁸,</span> <span class='ocrx_word' id='word_1_663' title='bbox 1972 1747 2152 1784; x_wconf 90' lang='lat' dir='ltr'>Clemens</span> <span class='ocrx_word' id='word_1_664' title='bbox 2170 1749 2277 1798; x_wconf 89' lang='lat' dir='ltr'>Papa</span> <span class='ocrx_word' id='word_1_665' title='bbox 2297 1748 2443 1786; x_wconf 85' lang='lat' dir='ltr'>statuit:</span> <span class='ocrx_word' id='word_1_666' title='bbox 2468 1752 2590 1788; x_wconf 87' lang='lat' dir='ltr'>Tanta</span> 
     </span>
     <span class='ocr_line' id='line_1_102' title="bbox 1519 1800 2590 1852; baseline 0.001 -13"><span class='ocrx_word' id='word_1_667' title='bbox 1519 1802 1733 1839; x_wconf 88' lang='lat' dir='ltr'>holocausta</span> <span class='ocrx_word' id='word_1_668' title='bbox 1753 1803 1790 1838; x_wconf 91' lang='lat' dir='ltr'>in</span> <span class='ocrx_word' id='word_1_669' title='bbox 1810 1801 1943 1838; x_wconf 88' lang='lat' dir='ltr'>altario</span> <span class='ocrx_word' id='word_1_670' title='bbox 1968 1800 2187 1849; x_wconf 84' lang='lat' dir='ltr'>offerantur,</span> <span class='ocrx_word' id='word_1_671' title='bbox 2204 1808 2342 1851; x_wconf 84' lang='lat' dir='ltr'>quanta</span> <span class='ocrx_word' id='word_1_672' title='bbox 2355 1803 2498 1852; x_wconf 88' lang='lat' dir='ltr'>populo</span> <span class='ocrx_word' id='word_1_673' title='bbox 2515 1804 2590 1852; x_wconf 87' lang='lat' dir='ltr'>suf-</span> 
     </span>
     <span class='ocr_line' id='line_1_103' title="bbox 1509 1854 2591 1905; baseline 0.002 -13"><span class='ocrx_word' id='word_1_674' title='bbox 1509 1858 1632 1905; x_wconf 90' lang='lat' dir='ltr'>ficere</span> <span class='ocrx_word' id='word_1_675' title='bbox 1651 1855 1815 1893; x_wconf 89' lang='lat' dir='ltr'>debeant.</span> <span class='ocrx_word' id='word_1_676' title='bbox 1851 1854 1962 1897; x_wconf 83' lang='lat' dir='ltr'>Quod</span> <span class='ocrx_word' id='word_1_677' title='bbox 1985 1856 2021 1890; x_wconf 91' lang='lat' dir='ltr'>si</span> <span class='ocrx_word' id='word_1_678' title='bbox 2044 1856 2299 1901; x_wconf 88' lang='lat' dir='ltr'>remanserint,</span> <span class='ocrx_word' id='word_1_679' title='bbox 2320 1857 2358 1892; x_wconf 90' lang='lat' dir='ltr'>in</span> <span class='ocrx_word' id='word_1_680' title='bbox 2386 1857 2591 1894; x_wconf 89' lang='lat' dir='ltr'>crastinum</span> 
     </span>
     <span class='ocr_line' id='line_1_104' title="bbox 1521 1908 2590 1953; baseline 0.001 -7"><span class='ocrx_word' id='word_1_681' title='bbox 1521 1922 1595 1947; x_wconf 93' lang='lat' dir='ltr'>non</span> <span class='ocrx_word' id='word_1_682' title='bbox 1616 1914 1861 1953; x_wconf 86' lang='lat' dir='ltr'>reserventur,</span> <span class='ocrx_word' id='word_1_683' title='bbox 1880 1908 1946 1944; x_wconf 82' lang='lat' dir='ltr'>sed</span> <span class='ocrx_word' id='word_1_684' title='bbox 1971 1919 2056 1944; x_wconf 89' lang='lat' dir='ltr'>cum</span> <span class='ocrx_word' id='word_1_685' title='bbox 2083 1910 2218 1944; x_wconf 86' lang='lat' dir='ltr'>timore</span> <span class='ocrx_word' id='word_1_686' title='bbox 2243 1914 2276 1944; x_wconf 88' lang='lat' dir='ltr'>et</span> <span class='ocrx_word' id='word_1_687' title='bbox 2294 1914 2458 1946; x_wconf 89' lang='lat' dir='ltr'>tremore</span> <span class='ocrx_word' id='word_1_688' title='bbox 2484 1910 2590 1947; x_wconf 84' lang='lat' dir='ltr'>cleri-</span> 
     </span>
     <span class='ocr_line' id='line_1_105' title="bbox 1520 1962 2178 2011; baseline -0.005 -11"><span class='ocrx_word' id='word_1_689' title='bbox 1520 1975 1652 2000; x_wconf 90' lang='lat' dir='ltr'>corum</span> <span class='ocrx_word' id='word_1_690' title='bbox 1681 1962 1872 2011; x_wconf 81' lang='lat' dir='ltr'>diligentia</span> <span class='ocrx_word' id='word_1_691' title='bbox 1900 1966 2178 1997; x_wconf 87' lang='lat' dir='ltr'>consumantur.</span> 
     </span>
    </p>

    <p class='ocr_par' dir='ltr' id='par_1_41' title="bbox 1521 2013 2590 2169">
     <span class='ocr_line' id='line_1_106' title="bbox 1576 2013 2590 2063; baseline 0.002 -11"><span class='ocrx_word' id='word_1_692' title='bbox 1576 2015 1679 2063; x_wconf 91' lang='lat' dir='ltr'>Quia</span> <span class='ocrx_word' id='word_1_693' title='bbox 1698 2022 1828 2052; x_wconf 89' lang='lat' dir='ltr'>tamen</span> <span class='ocrx_word' id='word_1_694' title='bbox 1848 2014 1925 2051; x_wconf 93' lang='lat' dir='ltr'>hoc</span> <span class='ocrx_word' id='word_1_695' title='bbox 1943 2021 2229 2051; x_wconf 87' lang='lat' dir='ltr'>sacramentum</span> <span class='ocrx_word' id='word_1_696' title='bbox 2248 2013 2420 2063; x_wconf 88' lang='lat' dir='ltr'>quotidie</span> <span class='ocrx_word' id='word_1_697' title='bbox 2435 2027 2590 2054; x_wconf 90' lang='lat' dir='ltr'>sumen-</span> 
     </span>
     <span class='ocr_line' id='line_1_107' title="bbox 1521 2067 2590 2117; baseline 0 -11"><span class='ocrx_word' id='word_1_698' title='bbox 1521 2069 1617 2106; x_wconf 90' lang='lat' dir='ltr'>dum</span> <span class='ocrx_word' id='word_1_699' title='bbox 1637 2076 1703 2115; x_wconf 90' lang='lat' dir='ltr'>est,</span> <span class='ocrx_word' id='word_1_700' title='bbox 1719 2079 1800 2105; x_wconf 92' lang='lat' dir='ltr'>non</span> <span class='ocrx_word' id='word_1_701' title='bbox 1828 2074 1959 2104; x_wconf 87' lang='lat' dir='ltr'>autern</span> <span class='ocrx_word' id='word_1_702' title='bbox 1978 2079 2098 2115; x_wconf 89' lang='lat' dir='ltr'>agnus</span> <span class='ocrx_word' id='word_1_703' title='bbox 2126 2067 2315 2116; x_wconf 89' lang='lat' dir='ltr'>paschalis</span> <span class='ocrx_word' id='word_1_704' title='bbox 2338 2068 2509 2117; x_wconf 87' lang='lat' dir='ltr'>quotidie</span> <span class='ocrx_word' id='word_1_705' title='bbox 2527 2081 2590 2106; x_wconf 92' lang='lat' dir='ltr'>su-</span> 
     </span>
     <span class='ocr_line' id='line_1_108' title="bbox 1521 2119 2590 2169; baseline 0.001 -10"><span class='ocrx_word' id='word_1_706' title='bbox 1521 2122 1718 2168; x_wconf 88' lang='lat' dir='ltr'>mebatur;</span> <span class='ocrx_word' id='word_1_707' title='bbox 1748 2120 1836 2158; x_wconf 90' lang='lat' dir='ltr'>ideo</span> <span class='ocrx_word' id='word_1_708' title='bbox 1865 2127 2016 2169; x_wconf 88' lang='lat' dir='ltr'>oportet</span> <span class='ocrx_word' id='word_1_709' title='bbox 2054 2119 2145 2158; x_wconf 90' lang='lat' dir='ltr'>alias</span> <span class='ocrx_word' id='word_1_710' title='bbox 2173 2119 2316 2158; x_wconf 86' lang='lat' dir='ltr'>hostias</span> <span class='ocrx_word' id='word_1_711' title='bbox 2350 2129 2590 2160; x_wconf 83' lang='lat' dir='ltr'>consecratas</span> 
     </span>
    </p>
   </div>
   <div class='ocr_carea' id='block_1_10' title="bbox 2619 376 2832 405">
    <p class='ocr_par' dir='ltr' id='par_1_42' title="bbox 2619 376 2832 405">
     <span class='ocr_line' id='line_1_109' title="bbox 2619 376 2832 405; baseline 0.009 -8"><span class='ocrx_word' id='word_1_712' title='bbox 2619 376 2631 387; x_wconf 78' lang='grc'>·</span> <span class='ocrx_word' id='word_1_713' title='bbox 2638 376 2675 398; x_wconf 67' lang='lat' dir='ltr'>Pu.</span> <span class='ocrx_word' id='word_1_714' title='bbox 2684 382 2832 405; x_wconf 78' lang='lat' dir='ltr'>xxu,vers.5.</span> 
     </span>
    </p>
   </div>
   <div class='ocr_carea' id='block_1_11' title="bbox 2617 794 2832 843">
    <p class='ocr_par' dir='ltr' id='par_1_43' title="bbox 2617 794 2832 843">
     <span class='ocr_line' id='line_1_110' title="bbox 2618 794 2832 822; baseline 0.005 -7"><span class='ocrx_word' id='word_1_715' title='bbox 2618 795 2629 805; x_wconf 88' lang='grc'><em>·</em></span> <span class='ocrx_word' id='word_1_716' title='bbox 2642 794 2706 816; x_wconf 74' lang='lat' dir='ltr'>loun.</span> <span class='ocrx_word' id='word_1_717' title='bbox 2717 800 2768 822; x_wconf 80' lang='lat' dir='ltr'>cap.</span> <span class='ocrx_word' id='word_1_718' title='bbox 2779 799 2832 821; x_wconf 81' lang='lat' dir='ltr'>xm,</span> 
     </span>
     <span class='ocr_line' id='line_1_111' title="bbox 2617 821 2728 843; baseline 0.009 -1"><span class='ocrx_word' id='word_1_719' title='bbox 2617 826 2678 843; x_wconf 73' lang='lat' dir='ltr'>vers.</span> <span class='ocrx_word' id='word_1_720' title='bbox 2693 821 2728 843; x_wconf 84' lang='lat'>26.</span> 
     </span>
    </p>
   </div>
   <div class='ocr_carea' id='block_1_12' title="bbox 2617 1120 2834 1169">
    <p class='ocr_par' dir='ltr' id='par_1_44' title="bbox 2617 1120 2834 1169">
     <span class='ocr_line' id='line_1_112' title="bbox 2617 1120 2833 1148; baseline 0 -6"><span class='ocrx_word' id='word_1_721' title='bbox 2617 1121 2627 1132; x_wconf 85' lang='lat'><strong>·</strong></span> <span class='ocrx_word' id='word_1_722' title='bbox 2647 1120 2685 1142; x_wconf 79' lang='lat' dir='ltr'>Ex</span> <span class='ocrx_word' id='word_1_723' title='bbox 2701 1122 2776 1148; x_wconf 79' lang='lat' dir='ltr'>parte</span> <span class='ocrx_word' id='word_1_724' title='bbox 2791 1125 2833 1142; x_wconf 80' lang='lat' dir='ltr'>ve-</span> 
     </span>
     <span class='ocr_line' id='line_1_113' title="bbox 2617 1148 2834 1169; baseline 0.005 -1"><span class='ocrx_word' id='word_1_725' title='bbox 2617 1148 2679 1169; x_wconf 76' lang='lat' dir='ltr'>stra.</span> <span class='ocrx_word' id='word_1_726' title='bbox 2830 1160 2834 1165; x_wconf 73' lang='grc' dir='ltr'><em>ι</em></span> 
     </span>
    </p>
   </div>
   <div class='ocr_carea' id='block_1_13' title="bbox 2615 1757 2818 1866">
    <p class='ocr_par' dir='ltr' id='par_1_45' title="bbox 2615 1757 2818 1832">
     <span class='ocr_line' id='line_1_114' title="bbox 2617 1757 2818 1780; baseline 0 0"><span class='ocrx_word' id='word_1_727' title='bbox 2617 1759 2628 1769; x_wconf 92' lang='grc'>·</span> <span class='ocrx_word' id='word_1_728' title='bbox 2648 1757 2706 1780; x_wconf 74' lang='lat' dir='ltr'>Can.</span> <span class='ocrx_word' id='word_1_729' title='bbox 2731 1757 2818 1780; x_wconf 71' lang='lat' dir='ltr'>Tribus</span> 
     </span>
     <span class='ocr_line' id='line_1_115' title="bbox 2615 1783 2816 1832; baseline 0.01 -26"><span class='ocrx_word' id='word_1_730' title='bbox 2615 1783 2741 1832; x_wconf 51' lang='lat' dir='ltr'>§rudibus-</span> <span class='ocrx_word' id='word_1_731' title='bbox 2754 1794 2766 1800; x_wconf 90' lang='lat'>-</span> <span class='ocrx_word' id='word_1_732' title='bbox 2779 1784 2816 1807; x_wconf 70' lang='lat' dir='ltr'>Cf.</span> 
     </span>
    </p>

    <p class='ocr_par' dir='ltr' id='par_1_46' title="bbox 2616 1810 2817 1866">
     <span class='ocr_line' id='line_1_116' title="bbox 2635 1810 2817 1839; baseline 0 -6"><span class='ocrx_word' id='word_1_733' title='bbox 2635 1810 2749 1839; x_wconf 60' lang='lat' dir='ltr'>rudborg.</span> <span class='ocrx_word' id='word_1_734' title='bbox 2759 1811 2817 1833; x_wconf 79' lang='lat' dir='ltr'>ibid.</span> 
     </span>
     <span class='ocr_line' id='line_1_117' title="bbox 2616 1841 2728 1866; baseline 0.009 -7"><span class='ocrx_word' id='word_1_735' title='bbox 2616 1841 2666 1860; x_wconf 85' lang='lat' dir='ltr'>not.</span> <span class='ocrx_word' id='word_1_736' title='bbox 2679 1843 2728 1866; x_wconf 72' lang='lat'><strong>²57·</strong></span> 
     </span>
    </p>
   </div>
   <div class='ocr_carea' id='block_1_14' title="bbox 1521 2172 2642 2225">
    <p class='ocr_par' dir='ltr' id='par_1_47' title="bbox 1521 2172 2642 2225">
     <span class='ocr_line' id='line_1_118' title="bbox 1521 2172 2642 2225; baseline 0.001 -13"><span class='ocrx_word' id='word_1_737' title='bbox 1521 2188 1592 2225; x_wconf 91' lang='lat' dir='ltr'>pro</span> <span class='ocrx_word' id='word_1_738' title='bbox 1621 2174 1785 2212; x_wconf 90' lang='lat' dir='ltr'>infirmis</span> <span class='ocrx_word' id='word_1_739' title='bbox 1812 2185 2053 2211; x_wconf 89' lang='lat' dir='ltr'>conservare.</span> <span class='ocrx_word' id='word_1_740' title='bbox 2091 2173 2203 2211; x_wconf 90' lang='lat' dir='ltr'>Unde</span> <span class='ocrx_word' id='word_1_741' title='bbox 2227 2173 2267 2210; x_wconf 92' lang='lat' dir='ltr'>in</span> <span class='ocrx_word' id='word_1_742' title='bbox 2295 2174 2432 2212; x_wconf 86' lang='lat' dir='ltr'>eadem</span> <span class='ocrx_word' id='word_1_743' title='bbox 2460 2174 2590 2213; x_wconf 87' lang='lat' dir='ltr'>distin·</span> <span class='ocrx_word' id='word_1_744' title='bbox 2640 2172 2642 2174; x_wconf 66' lang='grc'><strong>’</strong></span> 
     </span>
    </p>
   </div>
   <div class='ocr_carea' id='block_1_15' title="bbox 1520 2227 2592 3287">
    <p class='ocr_par' dir='ltr' id='par_1_48' title="bbox 1520 2227 2592 2426">
     <span class='ocr_line' id='line_1_119' title="bbox 1521 2227 2592 2278; baseline 0 -12"><span class='ocrx_word' id='word_1_745' title='bbox 1521 2229 1646 2266; x_wconf 90' lang='lat' dir='ltr'>ctione</span> <span class='ocrx_word' id='word_1_746' title='bbox 1670 2228 1690 2250; x_wconf 77' lang='lat'>&#39;¹‘</span> <span class='ocrx_word' id='word_1_747' title='bbox 1718 2227 1872 2276; x_wconf 90' lang='lat' dir='ltr'>legitur:</span> <span class='ocrx_word' id='word_1_748' title='bbox 1911 2228 2111 2275; x_wconf 85' lang='lat' dir='ltr'>Presbyter</span> <span class='ocrx_word' id='word_1_749' title='bbox 2137 2228 2412 2265; x_wconf 89' lang='lat' dir='ltr'>Eucharistiam</span> <span class='ocrx_word' id='word_1_750' title='bbox 2443 2240 2592 2278; x_wconf 85' lang='lat' dir='ltr'>semper</span> 
     </span>
     <span class='ocr_line' id='line_1_120' title="bbox 1521 2279 2589 2331; baseline -0.001 -11"><span class='ocrx_word' id='word_1_751' title='bbox 1521 2284 1654 2320; x_wconf 87' lang='lat' dir='ltr'>habeat</span> <span class='ocrx_word' id='word_1_752' title='bbox 1667 2286 1863 2331; x_wconf 88' lang='lat' dir='ltr'>paratam:</span> <span class='ocrx_word' id='word_1_753' title='bbox 1891 2285 1946 2326; x_wconf 92' lang='lat' dir='ltr'>ut,</span> <span class='ocrx_word' id='word_1_754' title='bbox 1967 2279 2116 2329; x_wconf 84' lang='lat' dir='ltr'>quando</span> <span class='ocrx_word' id='word_1_755' title='bbox 2136 2281 2215 2329; x_wconf 83' lang='lat' dir='ltr'>quis</span> <span class='ocrx_word' id='word_1_756' title='bbox 2237 2281 2447 2328; x_wconf 89' lang='lat' dir='ltr'>infirmatus</span> <span class='ocrx_word' id='word_1_757' title='bbox 2461 2282 2589 2329; x_wconf 88' lang='lat' dir='ltr'>fuerit,</span> 
     </span>
     <span class='ocr_line' id='line_1_121' title="bbox 1520 2334 2590 2379; baseline 0 -7"><span class='ocrx_word' id='word_1_758' title='bbox 1520 2337 1640 2373; x_wconf 89' lang='lat' dir='ltr'>statim</span> <span class='ocrx_word' id='word_1_759' title='bbox 1669 2347 1754 2371; x_wconf 89' lang='lat' dir='ltr'>eum</span> <span class='ocrx_word' id='word_1_760' title='bbox 1773 2334 2030 2379; x_wconf 85' lang='lat' dir='ltr'>communicet,</span> <span class='ocrx_word' id='word_1_761' title='bbox 2060 2345 2107 2369; x_wconf 89' lang='lat' dir='ltr'>ne</span> <span class='ocrx_word' id='word_1_762' title='bbox 2132 2334 2212 2369; x_wconf 89' lang='lat' dir='ltr'>sine</span> <span class='ocrx_word' id='word_1_763' title='bbox 2229 2335 2494 2371; x_wconf 87' lang='lat' dir='ltr'>communione</span> <span class='ocrx_word' id='word_1_764' title='bbox 2511 2347 2590 2372; x_wconf 92' lang='lat' dir='ltr'>mo-</span> 
     </span>
     <span class='ocr_line' id='line_1_122' title="bbox 1523 2391 1652 2426; baseline -0.016 0"><span class='ocrx_word' id='word_1_765' title='bbox 1523 2391 1652 2426; x_wconf 90' lang='lat' dir='ltr'>riatur.</span> 
     </span>
    </p>

    <p class='ocr_par' dir='ltr' id='par_1_49' title="bbox 1521 2439 2591 3073">
     <span class='ocr_line' id='line_1_123' title="bbox 1575 2439 2590 2487; baseline 0 -9"><span class='ocrx_word' id='word_1_766' title='bbox 1575 2443 1633 2478; x_wconf 82' lang='lat' dir='ltr'>AD</span> <span class='ocrx_word' id='word_1_767' title='bbox 1665 2451 1902 2477; x_wconf 84' lang='lat' dir='ltr'>DUODECIMUM</span> <span class='ocrx_word' id='word_1_768' title='bbox 1929 2450 2111 2476; x_wconf 83' lang='lat' dir='ltr'>DICENDUM</span> <span class='ocrx_word' id='word_1_769' title='bbox 2141 2439 2248 2487; x_wconf 93' lang='lat' dir='ltr'>quod</span> <span class='ocrx_word' id='word_1_770' title='bbox 2281 2439 2321 2476; x_wconf 92' lang='lat' dir='ltr'>in</span> <span class='ocrx_word' id='word_1_771' title='bbox 2349 2440 2513 2478; x_wconf 90' lang='lat' dir='ltr'>solemni</span> <span class='ocrx_word' id='word_1_772' title='bbox 2531 2453 2590 2478; x_wconf 86' lang='lat' dir='ltr'>ce-</span> 
     </span>
     <span class='ocr_line' id='line_1_124' title="bbox 1522 2492 2590 2542; baseline 0.001 -11"><span class='ocrx_word' id='word_1_773' title='bbox 1522 2493 1730 2531; x_wconf 86' lang='lat' dir='ltr'>lebratione</span> <span class='ocrx_word' id='word_1_774' title='bbox 1768 2492 1907 2529; x_wconf 89' lang='lat' dir='ltr'>missae</span> <span class='ocrx_word' id='word_1_775' title='bbox 1944 2493 2073 2542; x_wconf 92' lang='lat' dir='ltr'>plures</span> <span class='ocrx_word' id='word_1_776' title='bbox 2110 2492 2253 2529; x_wconf 88' lang='lat' dir='ltr'>debent</span> <span class='ocrx_word' id='word_1_777' title='bbox 2289 2493 2434 2530; x_wconf 89' lang='lat' dir='ltr'>adesse.</span> <span class='ocrx_word' id='word_1_778' title='bbox 2477 2494 2590 2532; x_wconf 91' lang='lat' dir='ltr'>Unde</span> 
     </span>
     <span class='ocr_line' id='line_1_125' title="bbox 1524 2545 2588 2595; baseline 0 -11"><span class='ocrx_word' id='word_1_779' title='bbox 1524 2549 1636 2585; x_wconf 88' lang='lat' dir='ltr'>Soter</span> <span class='ocrx_word' id='word_1_780' title='bbox 1654 2548 1760 2595; x_wconf 89' lang='lat' dir='ltr'>Papa</span> <span class='ocrx_word' id='word_1_781' title='bbox 1779 2545 1880 2591; x_wconf 91' lang='lat' dir='ltr'>dicit,</span> <span class='ocrx_word' id='word_1_782' title='bbox 1900 2552 1943 2582; x_wconf 90' lang='lat' dir='ltr'>ut</span> <span class='ocrx_word' id='word_1_783' title='bbox 1962 2545 2126 2582; x_wconf 87' lang='lat' dir='ltr'>habetur</span> <span class='ocrx_word' id='word_1_784' title='bbox 2144 2545 2189 2582; x_wconf 91' lang='lat' dir='ltr'>de</span> <span class='ocrx_word' id='word_1_785' title='bbox 2211 2546 2400 2592; x_wconf 87' lang='lat' dir='ltr'>Consecr.,</span> <span class='ocrx_word' id='word_1_786' title='bbox 2415 2546 2500 2583; x_wconf 92' lang='lat' dir='ltr'>dist.</span> <span class='ocrx_word' id='word_1_787' title='bbox 2521 2546 2588 2584; x_wconf 69' lang='lat'>1²⁸⁸:</span> 
     </span>
     <span class='ocr_line' id='line_1_126' title="bbox 1522 2599 2591 2650; baseline 0 -12"><span class='ocrx_word' id='word_1_788' title='bbox 1522 2602 1611 2638; x_wconf 93' lang='lat' dir='ltr'>Hoc</span> <span class='ocrx_word' id='word_1_789' title='bbox 1630 2611 1774 2650; x_wconf 85' lang='lat' dir='ltr'>quoque</span> <span class='ocrx_word' id='word_1_790' title='bbox 1800 2604 1972 2635; x_wconf 89' lang='lat' dir='ltr'>statutum</span> <span class='ocrx_word' id='word_1_791' title='bbox 1992 2604 2054 2645; x_wconf 89' lang='lat' dir='ltr'>est,</span> <span class='ocrx_word' id='word_1_792' title='bbox 2075 2604 2113 2635; x_wconf 89' lang='lat' dir='ltr'>ut</span> <span class='ocrx_word' id='word_1_793' title='bbox 2141 2599 2262 2636; x_wconf 92' lang='lat' dir='ltr'>nullus</span> <span class='ocrx_word' id='word_1_794' title='bbox 2285 2601 2591 2648; x_wconf 84' lang='lat' dir='ltr'>presbyterorum</span> 
     </span>
     <span class='ocr_line' id='line_1_127' title="bbox 1522 2652 2590 2701; baseline 0 -10"><span class='ocrx_word' id='word_1_795' title='bbox 1522 2656 1720 2691; x_wconf 89' lang='lat' dir='ltr'>missarum</span> <span class='ocrx_word' id='word_1_796' title='bbox 1747 2652 1928 2689; x_wconf 88' lang='lat' dir='ltr'>solemnia</span> <span class='ocrx_word' id='word_1_797' title='bbox 1947 2652 2137 2689; x_wconf 87' lang='lat' dir='ltr'>celebrare</span> <span class='ocrx_word' id='word_1_798' title='bbox 2151 2659 2379 2701; x_wconf 84' lang='lat' dir='ltr'>praesumat,</span> <span class='ocrx_word' id='word_1_799' title='bbox 2400 2654 2480 2700; x_wconf 89' lang='lat' dir='ltr'>nisi,</span> <span class='ocrx_word' id='word_1_800' title='bbox 2500 2653 2590 2691; x_wconf 88' lang='lat' dir='ltr'>duo-</span> 
     </span>
     <span class='ocr_line' id='line_1_128' title="bbox 1521 2706 2591 2757; baseline -0.001 -12"><span class='ocrx_word' id='word_1_801' title='bbox 1521 2710 1587 2745; x_wconf 86' lang='lat' dir='ltr'>bus</span> <span class='ocrx_word' id='word_1_802' title='bbox 1600 2707 1858 2757; x_wconf 88' lang='lat' dir='ltr'>praesentibus</span> <span class='ocrx_word' id='word_1_803' title='bbox 1875 2706 2014 2754; x_wconf 88' lang='lat' dir='ltr'>sibique</span> <span class='ocrx_word' id='word_1_804' title='bbox 2033 2706 2346 2755; x_wconf 88' lang='lat' dir='ltr'>respondentibus,</span> <span class='ocrx_word' id='word_1_805' title='bbox 2366 2707 2443 2755; x_wconf 89' lang='lat' dir='ltr'>ipse</span> <span class='ocrx_word' id='word_1_806' title='bbox 2465 2708 2591 2744; x_wconf 83' lang='lat' dir='ltr'>tertius</span> 
     </span>
     <span class='ocr_line' id='line_1_129' title="bbox 1521 2759 2589 2808; baseline -0.001 -10"><span class='ocrx_word' id='word_1_807' title='bbox 1521 2762 1720 2798; x_wconf 85' lang='lat' dir='ltr'>habeatur:</span> <span class='ocrx_word' id='word_1_808' title='bbox 1749 2760 1848 2808; x_wconf 85' lang='lat' dir='ltr'>quia,</span> <span class='ocrx_word' id='word_1_809' title='bbox 1877 2770 1962 2795; x_wconf 91' lang='lat' dir='ltr'>cum</span> <span class='ocrx_word' id='word_1_810' title='bbox 1985 2759 2183 2808; x_wconf 88' lang='lat' dir='ltr'>pluraliter</span> <span class='ocrx_word' id='word_1_811' title='bbox 2200 2760 2249 2796; x_wconf 89' lang='lat' dir='ltr'>ab</span> <span class='ocrx_word' id='word_1_812' title='bbox 2277 2767 2321 2796; x_wconf 89' lang='lat' dir='ltr'>eo</span> <span class='ocrx_word' id='word_1_813' title='bbox 2349 2759 2492 2805; x_wconf 89' lang='lat' dir='ltr'>dicitur,</span> <span class='ocrx_word' id='word_1_814' title='bbox 2511 2760 2589 2797; x_wconf 90' lang='lat' dir='ltr'>Do-</span> 
     </span>
     <span class='ocr_line' id='line_1_130' title="bbox 1521 2811 2588 2862; baseline -0.001 -11"><span class='ocrx_word' id='word_1_815' title='bbox 1521 2816 1644 2851; x_wconf 90' lang='lat' dir='ltr'>minus</span> <span class='ocrx_word' id='word_1_816' title='bbox 1671 2814 1872 2858; x_wconf 83' lang='lat' dir='ltr'>vobiscum,</span> <span class='ocrx_word' id='word_1_817' title='bbox 1893 2817 1926 2848; x_wconf 91' lang='lat' dir='ltr'>et</span> <span class='ocrx_word' id='word_1_818' title='bbox 1944 2811 2036 2848; x_wconf 88' lang='lat' dir='ltr'>illud</span> <span class='ocrx_word' id='word_1_819' title='bbox 2052 2813 2090 2848; x_wconf 92' lang='lat' dir='ltr'>in</span> <span class='ocrx_word' id='word_1_820' title='bbox 2109 2813 2268 2858; x_wconf 86' lang='lat' dir='ltr'>secretis,</span> <span class='ocrx_word' id='word_1_821' title='bbox 2291 2812 2404 2849; x_wconf 86' lang='lat' dir='ltr'>Orate</span> <span class='ocrx_word' id='word_1_822' title='bbox 2421 2824 2496 2862; x_wconf 84' lang='lat' dir='ltr'>pro</span> <span class='ocrx_word' id='word_1_823' title='bbox 2515 2824 2588 2859; x_wconf 86' lang='lat' dir='ltr'>me,</span> 
     </span>
     <span class='ocr_line' id='line_1_131' title="bbox 1522 2864 2588 2917; baseline -0.001 -13"><span class='ocrx_word' id='word_1_824' title='bbox 1522 2867 1750 2917; x_wconf 88' lang='lat' dir='ltr'>apertissime</span> <span class='ocrx_word' id='word_1_825' title='bbox 1768 2867 1938 2903; x_wconf 82' lang='lat' dir='ltr'>convenit</span> <span class='ocrx_word' id='word_1_826' title='bbox 1966 2870 2004 2901; x_wconf 90' lang='lat' dir='ltr'>ut</span> <span class='ocrx_word' id='word_1_827' title='bbox 2031 2867 2101 2914; x_wconf 87' lang='lat' dir='ltr'>ipsi</span> <span class='ocrx_word' id='word_1_828' title='bbox 2118 2871 2132 2886; x_wconf 66' lang='lat'><em>³</em></span> <span class='ocrx_word' id='word_1_829' title='bbox 2161 2864 2427 2915; x_wconf 87' lang='lat' dir='ltr'>respondeatur</span> <span class='ocrx_word' id='word_1_830' title='bbox 2451 2865 2588 2903; x_wconf 87' lang='lat' dir='ltr'>saluta-</span> 
     </span>
     <span class='ocr_line' id='line_1_132' title="bbox 1521 2916 2589 2964; baseline -0.002 -7"><span class='ocrx_word' id='word_1_831' title='bbox 1521 2921 1623 2957; x_wconf 89' lang='lat' dir='ltr'>tioni.</span> <span class='ocrx_word' id='word_1_832' title='bbox 1639 2919 1751 2957; x_wconf 92' lang='lat' dir='ltr'>Unde</span> <span class='ocrx_word' id='word_1_833' title='bbox 1767 2925 1813 2963; x_wconf 87' lang='lat' dir='ltr'>et,</span> <span class='ocrx_word' id='word_1_834' title='bbox 1830 2918 1879 2954; x_wconf 91' lang='lat' dir='ltr'>ad</span> <span class='ocrx_word' id='word_1_835' title='bbox 1893 2917 2083 2955; x_wconf 89' lang='lat' dir='ltr'>maiorem</span> <span class='ocrx_word' id='word_1_836' title='bbox 2102 2916 2394 2964; x_wconf 86' lang='lat' dir='ltr'>solemnitatem,</span> <span class='ocrx_word' id='word_1_837' title='bbox 2409 2916 2555 2955; x_wconf 88' lang='lat' dir='ltr'>ibidem</span> <span class='ocrx_word' id='word_1_838' title='bbox 2568 2918 2589 2941; x_wconf 71' lang='lat'>&#39;¹‘</span> 
     </span>
     <span class='ocr_line' id='line_1_133' title="bbox 1522 2970 2588 3023; baseline -0.001 -13"><span class='ocrx_word' id='word_1_839' title='bbox 1522 2980 1707 3010; x_wconf 91' lang='lat' dir='ltr'>statutum</span> <span class='ocrx_word' id='word_1_840' title='bbox 1743 2971 1878 3019; x_wconf 88' lang='lat' dir='ltr'>legitur</span> <span class='ocrx_word' id='word_1_841' title='bbox 1912 2971 2019 3023; x_wconf 85' lang='lat' dir='ltr'>quod</span> <span class='ocrx_word' id='word_1_842' title='bbox 2054 2970 2258 3020; x_wconf 91' lang='lat' dir='ltr'>episcopus</span> <span class='ocrx_word' id='word_1_843' title='bbox 2293 2981 2385 3006; x_wconf 90' lang='lat' dir='ltr'>curn</span> <span class='ocrx_word' id='word_1_844' title='bbox 2412 2970 2588 3019; x_wconf 90' lang='lat' dir='ltr'>pluribus</span> 
     </span>
     <span class='ocr_line' id='line_1_134' title="bbox 1522 3023 2128 3073; baseline -0.005 -10"><span class='ocrx_word' id='word_1_845' title='bbox 1522 3026 1729 3063; x_wconf 89' lang='lat' dir='ltr'>missarum</span> <span class='ocrx_word' id='word_1_846' title='bbox 1749 3023 1937 3061; x_wconf 89' lang='lat' dir='ltr'>solemnia</span> <span class='ocrx_word' id='word_1_847' title='bbox 1963 3031 2128 3073; x_wconf 87' lang='lat' dir='ltr'>peragat.</span> 
     </span>
    </p>

    <p class='ocr_par' dir='ltr' id='par_1_50' title="bbox 1521 3075 2588 3287">
     <span class='ocr_line' id='line_1_135' title="bbox 1575 3075 2588 3126; baseline -0.001 -11"><span class='ocrx_word' id='word_1_848' title='bbox 1575 3080 1617 3116; x_wconf 91' lang='lat' dir='ltr'>In</span> <span class='ocrx_word' id='word_1_849' title='bbox 1645 3076 1770 3115; x_wconf 89' lang='lat' dir='ltr'>missis</span> <span class='ocrx_word' id='word_1_850' title='bbox 1789 3085 1920 3114; x_wconf 90' lang='lat' dir='ltr'>tamen</span> <span class='ocrx_word' id='word_1_851' title='bbox 1947 3076 2113 3126; x_wconf 90' lang='lat' dir='ltr'>privatis·</span> <span class='ocrx_word' id='word_1_852' title='bbox 2130 3075 2269 3113; x_wconf 85' lang='lat' dir='ltr'>suffieit</span> <span class='ocrx_word' id='word_1_853' title='bbox 2291 3087 2417 3112; x_wconf 90' lang='lat' dir='ltr'>unum</span> <span class='ocrx_word' id='word_1_854' title='bbox 2445 3076 2588 3114; x_wconf 89' lang='lat' dir='ltr'>habere</span> 
     </span>
     <span class='ocr_line' id='line_1_136' title="bbox 1523 3128 2587 3179; baseline -0.002 -10"><span class='ocrx_word' id='word_1_855' title='bbox 1523 3131 1754 3177; x_wconf 86' lang='lat' dir='ltr'>ministrum,</span> <span class='ocrx_word' id='word_1_856' title='bbox 1775 3129 1843 3179; x_wconf 91' lang='lat' dir='ltr'>qui</span> <span class='ocrx_word' id='word_1_857' title='bbox 1869 3129 1963 3178; x_wconf 89' lang='lat' dir='ltr'>gerit</span> <span class='ocrx_word' id='word_1_858' title='bbox 1988 3140 2196 3179; x_wconf 88' lang='lat' dir='ltr'>personam</span> <span class='ocrx_word' id='word_1_859' title='bbox 2224 3128 2339 3165; x_wconf 91' lang='lat' dir='ltr'>totius</span> <span class='ocrx_word' id='word_1_860' title='bbox 2359 3129 2495 3178; x_wconf 91' lang='lat' dir='ltr'>populi</span> <span class='ocrx_word' id='word_1_861' title='bbox 2515 3130 2587 3167; x_wconf 87' lang='lat' dir='ltr'>Ca-</span> 
     </span>
     <span class='ocr_line' id='line_1_137' title="bbox 1521 3181 2588 3232; baseline -0.002 -10"><span class='ocrx_word' id='word_1_862' title='bbox 1521 3184 1664 3232; x_wconf 88' lang='lat' dir='ltr'>tholici,</span> <span class='ocrx_word' id='word_1_863' title='bbox 1693 3196 1741 3220; x_wconf 85' lang='lat' dir='ltr'>ex</span> <span class='ocrx_word' id='word_1_864' title='bbox 1768 3182 1878 3220; x_wconf 89' lang='lat' dir='ltr'>cuius</span> <span class='ocrx_word' id='word_1_865' title='bbox 1904 3194 2071 3232; x_wconf 89' lang='lat' dir='ltr'>persona</span> <span class='ocrx_word' id='word_1_866' title='bbox 2097 3181 2284 3218; x_wconf 89' lang='lat' dir='ltr'>sacerdoti</span> <span class='ocrx_word' id='word_1_867' title='bbox 2311 3182 2506 3231; x_wconf 92' lang='lat' dir='ltr'>pluraliter</span> <span class='ocrx_word' id='word_1_868' title='bbox 2533 3195 2588 3220; x_wconf 91' lang='lat' dir='ltr'>re-</span> 
     </span>
     <span class='ocr_line' id='line_1_138' title="bbox 1523 3237 1697 3287; baseline -0.011 -13"><span class='ocrx_word' id='word_1_869' title='bbox 1523 3237 1697 3287; x_wconf 91' lang='lat' dir='ltr'>spondet.</span> 
     </span>
    </p>
   </div>
   <div class='ocr_carea' id='block_1_16' title="bbox 1521 3351 2586 3491">
    <p class='ocr_par' dir='ltr' id='par_1_51' title="bbox 1521 3351 2586 3420">
     <span class='ocr_line' id='line_1_139' title="bbox 1521 3351 2586 3386; baseline 0.001 -9"><span class='ocrx_word' id='word_1_870' title='bbox 1521 3354 1610 3382; x_wconf 86' lang='lat' dir='ltr'>tertia;</span> <span class='ocrx_word' id='word_1_871' title='bbox 1630 3359 1712 3385; x_wconf 83' lang='lat' dir='ltr'>usque</span> <span class='ocrx_word' id='word_1_872' title='bbox 1730 3352 1756 3377; x_wconf 81' lang='lat' dir='ltr'>in</span> <span class='ocrx_word' id='word_1_873' title='bbox 1768 3352 1854 3384; x_wconf 80' lang='lat' dir='ltr'>finem</span> <span class='ocrx_word' id='word_1_874' title='bbox 1873 3351 1973 3376; x_wconf 83' lang='lat' dir='ltr'>saeculi</span> <span class='ocrx_word' id='word_1_875' title='bbox 1990 3356 2019 3375; x_wconf 90' lang='lat' dir='ltr'>ut</span> <span class='ocrx_word' id='word_1_876' title='bbox 2038 3359 2086 3376; x_wconf 85' lang='lat' dir='ltr'>nos</span> <span class='ocrx_word' id='word_1_877' title='bbox 2105 3357 2165 3384; x_wconf 88' lang='lat' dir='ltr'>post</span> <span class='ocrx_word' id='word_1_878' title='bbox 2182 3352 2246 3384; x_wconf 86' lang='lat' dir='ltr'>quia</span> <span class='ocrx_word' id='word_1_879' title='bbox 2263 3352 2344 3382; x_wconf 74' lang='lat' dir='ltr'>tertia,</span> <span class='ocrx_word' id='word_1_880' title='bbox 2363 3357 2421 3377; x_wconf 85' lang='lat' dir='ltr'>ante</span> <span class='ocrx_word' id='word_1_881' title='bbox 2441 3357 2467 3377; x_wconf 87' lang='lat' dir='ltr'>et</span> <span class='ocrx_word' id='word_1_882' title='bbox 2484 3357 2544 3386; x_wconf 80' lang='lat' dir='ltr'>post</span> <span class='ocrx_word' id='word_1_883' title='bbox 2557 3352 2586 3385; x_wconf 80' lang='lat' dir='ltr'>F,</span> 
     </span>
     <span class='ocr_line' id='line_1_140' title="bbox 1523 3388 2409 3420; baseline 0 -8"><span class='ocrx_word' id='word_1_884' title='bbox 1523 3394 1582 3413; x_wconf 81' lang='lat' dir='ltr'>ante</span> <span class='ocrx_word' id='word_1_885' title='bbox 1601 3388 1692 3418; x_wconf 86' lang='lat' dir='ltr'>ceteri;</span> <span class='ocrx_word' id='word_1_886' title='bbox 1711 3394 1759 3420; x_wconf 82' lang='lat' dir='ltr'>pro</span> <span class='ocrx_word' id='word_1_887' title='bbox 1777 3389 1939 3416; x_wconf 77' lang='lat' dir='ltr'>sanctorum,</span> <span class='ocrx_word' id='word_1_888' title='bbox 1959 3390 2125 3412; x_wconf 84' lang='lat' dir='ltr'>mortuorum</span> <span class='ocrx_word' id='word_1_889' title='bbox 2146 3390 2301 3412; x_wconf 84' lang='lat' dir='ltr'>sanctorum</span> <span class='ocrx_word' id='word_1_890' title='bbox 2321 3388 2409 3413; x_wconf 86' lang='lat' dir='ltr'>GHbc.</span> 
     </span>
    </p>

    <p class='ocr_par' dir='ltr' id='par_1_52' title="bbox 1576 3422 2344 3456">
     <span class='ocr_line' id='line_1_141' title="bbox 1576 3422 2344 3456; baseline 0.001 -9"><span class='ocrx_word' id='word_1_891' title='bbox 1576 3422 1602 3456; x_wconf 88' lang='grc' dir='ltr'>σ)</span> <span class='ocrx_word' id='word_1_892' title='bbox 1622 3423 1725 3449; x_wconf 80' lang='lat' dir='ltr'>missae.</span> <span class='ocrx_word' id='word_1_893' title='bbox 1744 3436 1763 3440; x_wconf 91' lang='lat'>-</span> <span class='ocrx_word' id='word_1_894' title='bbox 1775 3425 1890 3454; x_wconf 83' lang='lat' dir='ltr'>propter</span> <span class='ocrx_word' id='word_1_895' title='bbox 1907 3422 2054 3454; x_wconf 85' lang='lat' dir='ltr'>periculum</span> <span class='ocrx_word' id='word_1_896' title='bbox 2074 3422 2172 3447; x_wconf 81' lang='lat' dir='ltr'>addunt</span> <span class='ocrx_word' id='word_1_897' title='bbox 2190 3423 2260 3447; x_wconf 85' lang='lat' dir='ltr'>PlsG</span> <span class='ocrx_word' id='word_1_898' title='bbox 2279 3427 2305 3447; x_wconf 87' lang='lat' dir='ltr'>et</span> <span class='ocrx_word' id='word_1_899' title='bbox 2321 3430 2344 3448; x_wconf 89' lang='lat' dir='ltr'>c.</span> 
     </span>
    </p>

    <p class='ocr_par' dir='ltr' id='par_1_53' title="bbox 1577 3457 2552 3491">
     <span class='ocr_line' id='line_1_142' title="bbox 1577 3457 2552 3491; baseline 0.002 -9"><span class='ocrx_word' id='word_1_900' title='bbox 1577 3457 1601 3491; x_wconf 88' lang='grc' dir='ltr'>τ)</span> <span class='ocrx_word' id='word_1_901' title='bbox 1622 3458 1680 3490; x_wconf 82' lang='lat' dir='ltr'>ipsi.</span> <span class='ocrx_word' id='word_1_902' title='bbox 1698 3472 1717 3476; x_wconf 94' lang='lat'>-</span> <span class='ocrx_word' id='word_1_903' title='bbox 1736 3458 1818 3489; x_wconf 64' lang='lat' dir='ltr'>ipsium</span> <span class='ocrx_word' id='word_1_904' title='bbox 1837 3457 1877 3482; x_wconf 84' lang='lat' dir='ltr'>PF</span> <span class='ocrx_word' id='word_1_905' title='bbox 1880 3457 1912 3488; x_wconf 91' lang='lat' dir='ltr'>Ic,</span> <span class='ocrx_word' id='word_1_906' title='bbox 1930 3458 1968 3482; x_wconf 82' lang='lat' dir='ltr'>ad</span> <span class='ocrx_word' id='word_1_907' title='bbox 1987 3458 2071 3490; x_wconf 81' lang='lat' dir='ltr'>ipsam</span> <span class='ocrx_word' id='word_1_908' title='bbox 2086 3458 2295 3490; x_wconf 80' lang='lat' dir='ltr'>(respondeatur</span> <span class='ocrx_word' id='word_1_909' title='bbox 2312 3458 2512 3490; x_wconf 80' lang='lat' dir='ltr'>salutationem)</span> <span class='ocrx_word' id='word_1_910' title='bbox 2527 3459 2552 3485; x_wconf 72' lang='lat' dir='ltr'>b,</span> 
     </span>
    </p>
   </div>
   <div class='ocr_carea' id='block_1_17' title="bbox 2615 2237 2831 2267">
    <p class='ocr_par' dir='ltr' id='par_1_54' title="bbox 2615 2237 2831 2267">
     <span class='ocr_line' id='line_1_143' title="bbox 2615 2237 2831 2267; baseline 0 -7"><span class='ocrx_word' id='word_1_911' title='bbox 2615 2238 2627 2250; x_wconf 77' lang='grc'><em>·</em></span> <span class='ocrx_word' id='word_1_912' title='bbox 2632 2237 2689 2260; x_wconf 72' lang='lat' dir='ltr'>Cu.</span> <span class='ocrx_word' id='word_1_913' title='bbox 2695 2237 2831 2267; x_wconf 70' lang='lat' dir='ltr'>Presbyter.</span> 
     </span>
    </p>
   </div>
   <div class='ocr_carea' id='block_1_18' title="bbox 2617 2549 2829 2605">
    <p class='ocr_par' dir='ltr' id='par_1_55' title="bbox 2617 2549 2829 2605">
     <span class='ocr_line' id='line_1_144' title="bbox 2617 2549 2829 2578; baseline 0 -6"><span class='ocrx_word' id='word_1_914' title='bbox 2617 2551 2628 2562; x_wconf 80' lang='lat'><strong>·</strong></span> <span class='ocrx_word' id='word_1_915' title='bbox 2637 2549 2694 2572; x_wconf 71' lang='lat' dir='ltr'>Can.</span> <span class='ocrx_word' id='word_1_916' title='bbox 2705 2549 2759 2572; x_wconf 78' lang='lat' dir='ltr'>Hoc</span> <span class='ocrx_word' id='word_1_917' title='bbox 2771 2555 2829 2578; x_wconf 73' lang='lat' dir='ltr'>quo-</span> 
     </span>
     <span class='ocr_line' id='line_1_145' title="bbox 2617 2582 2670 2605; baseline 0.019 -7"><span class='ocrx_word' id='word_1_918' title='bbox 2617 2582 2670 2605; x_wconf 72' lang='lat' dir='ltr'>qne.</span> 
     </span>
    </p>
   </div>
   <div class='ocr_carea' id='block_1_19' title="bbox 2614 2924 2830 2974">
    <p class='ocr_par' dir='ltr' id='par_1_56' title="bbox 2614 2924 2830 2974">
     <span class='ocr_line' id='line_1_146' title="bbox 2614 2924 2830 2974; baseline 0.009 -27"><span class='ocrx_word' id='word_1_919' title='bbox 2614 2924 2690 2974; x_wconf 48' lang='lat'>222⁰*</span> <span class='ocrx_word' id='word_1_920' title='bbox 2697 2925 2830 2955; x_wconf 67' lang='lat' dir='ltr'>Episcopus</span> 
     </span>
    </p>
   </div>
  </div>
 </body>
</html>
