2878 4088
1060 152 1323 200 QUAESTIO
1353 150 1753 199 xe,ART1CULUS
1782 152 1811 187 11

397 240 428 270 4.
446 231 642 267 Puera-nm,
656 231 736 262 Dan.
750 242 793 261 vn
802 233 819 248 *
830 231 960 262 dicitur:
977 232 1175 272 Aspiciebam
1187 231 1289 262 donec
1301 230 1409 261 throni

336 275 439 316 positi
461 280 546 311 sunt,
563 280 594 305 et
616 276 775 316 Antiquus
790 276 925 306 Dierum
949 276 1039 307 sedit.
1064 276 1188 306 Throni
1204 281 1312 306 autern
1327 274 1409 305 iudi-

103 321 315 350 ·cf.qu.2.xxxu=‚
344 319 471 350 ciariam
496 325 687 359 potestatem
712 320 877 360 designant
892 321 925 356 *;
950 321 1119 360 antiquitas
1143 325 1251 350 autem
1274 318 1314 349 de
1337 319 1408 349 Deo

2451 165 2520 189 211

103 230 114 240 ·
129 229 196 251 vm.
210 234 233 256 9.
1464 231 1676 270 praemittitur
1708 230 1796 271 quod
1828 232 1987 271 Antiquus
2009 233 2145 263 Dierum
2175 234 2264 264 sedit.
2299 233 2360 264 Sed
2388 244 2406 264 a
2437 235 2528 264 Patre

1465 274 1628 305 iudiciaria
1651 279 1791 314 potestas
1813 274 1956 305 traducta
1987 282 2033 306 est
2056 278 2088 306 in
2112 277 2246 314 Filium,
2269 288 2336 309 non
2360 279 2465 308 solum
2489 279 2527 308 ab

1466 324 1595 349 aeterno
1611 318 1790 349 secundum
1806 318 1946 349 divinam
1962 325 2117 356 naturam,
2141 322 2196 352 sed
2220 323 2314 352 etiam
2336 323 2369 353 in
2384 329 2528 363 tempore

104 352 145 370 ἠ’
161 355 182 378 3’
196 354 244 376 “⁸¹
259 354 279 370 ²'
343 363 458 394 dicitur
481 364 603 394 ratione
627 365 828 401 aeternitatis,
844 370 880 395 ut
903 365 1077 405 Dionysius
1101 364 1186 400 dicit,
1209 364 1243 394 in
1266 363 1347 393 libro
1371 362 1411 393 de
1465 362 1644 393 secundum
1668 363 1852 398 humanam,
1869 363 1902 392 in
1918 373 1982 403 qua
2005 373 2074 394 eam
2091 367 2216 396 meruit.
2241 367 2282 396 Et
2304 366 2378 397 ideo
2398 368 2527 398 subiun-

104 414 180 440 ‘Ctr-
190 410 314 434 ¹·-S·'1'h·
342 407 416 438 Diu.
434 408 530 438 Nom.
548 409 565 425 ⁴*
588 408 674 449 Ergo
689 408 829 442 iudicare
845 409 996 439 convenit
1019 408 1101 438 Filio
1122 413 1219 448 prout
1243 412 1289 438 est
1312 412 1411 437 aeter·
1433 417 1442 437 ς
1465 408 1549 447 gitur
1564 408 1581 424 *
1604 407 1638 437 in
1653 408 1776 437 visione
1793 407 1969 447 praedicta:
1993 407 2086 442 Ecce,
2104 419 2174 439 cum
2192 411 2326 441 nubibus
2341 412 2423 441 caeli
2438 412 2530 452 quasi
2555 420 2565 430 ·
2581 418 2648 440 Vera.
2666 423 2697 446 13,
2713 425 2746 444 ¹4.

104 440 155 461 ¹⁹⁰¹·
171 444 195 461 ¹¹·
234 460 238 464 ·
342 461 414 482 nus,
439 452 515 482 Non
539 462 615 493 ergo
639 453 818 483 secundum
843 452 933 493 quod
955 453 1066 483 homo.
1465 451 1570 481 Filius
1591 451 1730 481 hominis
1753 451 1915 487 veniebat,
1942 456 1973 481 et
1995 461 2093 492 usque
2125 454 2167 483 ad
2189 455 2362 495 Antiquam
2394 455 2529 486 Dierum

103 494 314 544 ξέοῖάεζᾞ·
401 497 430 527 5.
447 496 644 533 Putamus,
661 497 860 537 Augustinus
876 496 952 527 dicit
967 498 994 532 ἢ
1008 502 1040 527 et
1054 496 1189 526 habetur
1203 496 1237 526 in
1252 496 1355 526 littera
1366 495 1410 530 ’ἦ
1461 495 1629 536 pervenit:
1651 500 1683 526 et
1704 495 1791 526 dedit
1813 496 1843 525 ei
1870 500 2061 536 potestatem
2085 502 2115 526 et
2137 497 2292 528 honorem
2321 504 2351 529 et
2381 509 2528 540 regnum.

104 549 127 561 ··
147 537 207 570 D'ist.
231 527 315 580 3:231}ss
344 540 434 580 quod
450 550 515 581 per
532 541 595 571 Dei
616 541 749 572 Verbum
762 542 810 582 fit
831 541 1016 571 animarum
1037 540 1242 576 resurrectio,
1254 549 1318 580 per
1337 539 1411 569 Ver·
1521 540 1571 569 AD
1597 549 1737 570 nmmum
1764 549 1924 570 mmmmm
1952 540 2041 580 quod
2073 541 2271 580 Augustinus
2301 543 2443 583 loquitur
2474 554 2531 584 per

104 574 268 623 angit-:nicae
280 574 316 596 ‘¹¹'
343 584 417 615 bum
431 585 563 627 factum
587 585 620 616 in
645 594 744 616 carne
758 586 878 616 Filium
901 585 1040 615 hominis
1045 585 1092 625 fit
1106 593 1280 624 corporum
1304 592 1412 613 resur·
1467 584 1762 623 appropriationem
1787 583 1965 624 quandam:
1999 589 2035 614 ut
2065 584 2212 615 videlicet
2239 586 2368 617 reducat
2402 587 2531 618 effectus

345 629 455 660 rectio.
481 629 544 660 Sed
558 629 714 660 iudicium
730 629 809 660 illud
825 629 920 659 finale
943 629 1080 669 pertinet
1094 629 1194 668 magis
1218 627 1257 658 ad
1273 628 1412 657 animam
1428 635 1453 650 ¹⁰
1468 636 1550 667 quos
1575 627 1720 658 Christus
1742 629 1776 658 in
1800 628 1940 658 humana
1972 633 2083 658 natura
2107 628 2197 664 fecit,
2224 630 2262 659 ad
2287 640 2395 660 causas
2423 632 2531 671 aliquo

346 682 444 713 quam
467 673 507 704 ad
530 683 668 704 carnem.
704 674 789 714 Ergo
812 674 913 713 magis
937 673 1088 703 convenit
1110 671 1251 702 iudicare
1283 670 1411 701 Christo
1467 671 1568 701 modo
1592 672 1785 702 consimiles.
1817 672 1858 702 Et
1881 673 1956 712 quia
1980 672 2158 703 secundum
2191 674 2329 704 animam
2357 685 2467 705 sumus
2491 677 2533 706 ad

344 717 524 748 secundum
540 717 630 758 quod
646 723 693 748 est
708 718 806 753 Deus,
820 726 918 757 quam
934 716 1112 747 secundum
1129 715 1219 756 quod
1235 720 1282 745 est
1299 715 1411 745 homo.
1468 715 1641 756 imaginem
1658 721 1689 746 et
1703 716 1943 747 similitudinem
1967 717 2030 747 Dei
2045 718 2071 753 *‚
2089 717 2267 748 secundum
2283 728 2410 749 carnem
2427 726 2532 750 autern
2561 722 2569 731 ·
2592 720 2647 742 Gen.
2673 726 2724 748 cap.
2749 727 2771 747 ι,

106 759 118 769 ’
131 757 199 781 Vm.
214 764 250 785 ’⁷'
401 762 463 793 Sim
492 771 625 798 com-rm,
643 762 730 792 Ioan.
747 771 767 791 v
782 762 799 778 *
816 761 945 791 dicitur:
970 761 1162 790 Potestatem
1179 759 1266 789 dedit
1283 759 1313 789 ei
1329 759 1412 789 iudi·
1467 769 1578 789 sumus
1602 759 1745 790 eiusdem
1769 761 1886 800 speciei
1904 770 1978 791 cum
2002 761 2134 792 homine
2151 761 2290 798 Christo,
2307 762 2381 793 ideo
2399 773 2435 793 ea
2451 773 2533 803 quae
2560 753 2617 768 vers.
2633 747 2669 774 ²⁶’
2685 753 2718 775 ²⁷⁸

345 806 430 836 cium
443 806 564 847 facere
585 805 662 846 quia
684 805 790 836 Filius
812 804 952 835 hominis
975 809 1030 834 est.
1468 803 1501 833 in
1517 804 1683 834 animabus
1699 805 1813 834 nostris
1831 804 1975 835 Christus
1998 804 2083 842 fecit,
2101 806 2255 837 divinitati
2271 807 2427 844 attribuit;
2452 818 2534 848 quae

109 848 199 872 'Vnt
214 855 250 877 ¹7·
402 859 431 880 2.
455 850 660 885 Pluinnam,
685 849 743 879 Iob
771 859 863 879 xxxvx
887 850 904 865 ⁴*
928 847 1058 878 dicitur:
1095 847 1204 878 Causa
1235 852 1290 877 tua
1320 847 1414 888 quasi
1429 855 1451 875 ¹5
1467 857 1544 877 vero
1567 848 1601 878 in
1625 858 1718 878 carne
1742 848 1818 879 fecit
1840 849 1891 879 vel
1915 849 2055 880 facturus
2085 856 2148 886 est,
2172 852 2312 881 attribuit
2341 853 2426 882 carni
2455 853 2532 883 eius.

344 893 435 934 impii
457 893 600 924 iudicata
623 898 690 924 est:
712 892 843 929 Glossa,
867 902 887 922 a
911 892 1028 922 Pilato.
1057 891 1134 922 Ideo
1159 891 1313 922 iudicium
1337 901 1413 922 cau·
1467 891 1623 930 Quamvis
1648 902 1721 923 caro
1745 893 1823 928 eius,
1840 894 2032 933 inquantum
2049 900 2096 925 est
2111 895 2287 926 divinitatis
2311 906 2483 937 organum,
2499 903 2534 927 ut

343 946 476 978 samque
504 937 657 977 recipies:
689 936 821 973 Glossa,
846 941 883 967 ut
905 936 987 967 iuste
1010 936 1140 967 iudices.
1173 935 1237 967 Sed
1268 935 1413 966 Christus
1468 935 1544 967 dicit
1567 936 1784 968 Damascenus
1803 938 1836 974 *,
1860 938 1974 968 habeat
2004 939 2099 969 etiam
2128 939 2277 970 effectum
2305 941 2338 970 in
2369 941 2534 972 animabus
2561 941 2612 972 ‘D‘
2621 940 2680 962 Fide
2691 941 2771 968 orm„

343 981 522 1012 secundum
546 982 720 1011 humanam
743 986 890 1012 naturam
907 986 953 1012 est
975 980 1132 1011 iudicatus
1149 991 1167 1011 a
1189 980 1302 1011 Pilato.
1326 980 1412 1021 Ergo
1467 981 1600 1011 nostris:
1623 981 1801 1012 secundum
1818 982 1851 1012 id
1866 982 1955 1022 quod
1971 982 2086 1013 dicitur
2104 984 2186 1014 Heb.
2203 995 2235 1014 rx
2251 986 2277 1020 *,
2295 984 2384 1024 quod
2398 986 2534 1027 sanguis
2561 967 2651 1016 1)ῗέἒῖ
2667 973 2716 1020 3Ῡ’
2733 974 2770 990 ”¹

343 1025 523 1056 seeundum
546 1026 721 1056 humanam
744 1030 890 1056 naturam
913 1024 1075 1056 iudicabit.
1467 1025 1536 1055 eius
1559 1026 1745 1056 emundavit
1766 1027 1979 1057 conscientias
2002 1033 2131 1058 nostras
2154 1029 2193 1059 ab
2218 1029 2365 1069 operibus
2388 1030 2533 1061 mortuis.

401 1070 430 1101 3.
455 1070 652 1106 Fanni-nana,
671 1070 738 1100 eius
755 1075 802 1100 est
816 1069 957 1100 iudicare
973 1070 1064 1100 cuius
1081 1074 1128 1100 est
1143 1069 1247 1110 legem
1263 1068 1412 1099 condere.
1428 1080 1454 1094 ιο
1467 1069 1509 1099 Et
1531 1070 1575 1100 sic
1600 1071 1695 1100 etiam
1717 1070 1851 1101 Verbum
1874 1081 1952 1101 caro
1968 1072 2099 1112 factum
2116 1078 2163 1103 est
2186 1083 2279 1103 causa
2298 1075 2534 1105 resurrectionis

343 1113 408 1145 Sed
423 1113 569 1145 Christus
579 1115 614 1144 in
629 1115 770 1145 humana
781 1119 894 1145 natura
910 1123 1065 1154 apparens
1077 1114 1171 1144 nobis
1187 1114 1292 1154 legem
1308 1113 1413 1143 Evan-
1467 1114 1655 1145 animarum.
1681 1114 1775 1146 Unde
1791 1116 1887 1146 etiam
1903 1116 2082 1147 secundum
2098 1117 2272 1148 humanam
2294 1123 2441 1149 naturam
2457 1128 2534 1149 con-

344 1158 419 1199 gelii
443 1157 539 1189 dedit.
563 1159 650 1199 Ergo
675 1164 706 1189 et
729 1158 908 1189 secundum
925 1157 1060 1188 eandem
1082 1163 1229 1188 naturam
1250 1157 1412 1188 iudicabit.
1467 1159 1631 1189 venienter
1663 1164 1709 1189 est
1741 1159 1837 1190 iudex
1869 1169 1936 1190 non
1960 1161 2066 1191 solum
2100 1162 2335 1202 corporalium,
2360 1162 2415 1193 sed
2439 1164 2534 1194 etiam

399 1203 590 1233 Raspoumeo
613 1212 774 1233 mmmmm
790 1202 880 1243 quod
899 1202 1055 1233 iudicium
1076 1202 1209 1242 aliquod
1231 1202 1413 1232 dominium
1468 1203 1680 1242 spiritualium
1703 1203 1875 1234 bonorum.

106 1248 117 1260 ¹
130 1246 235 1275 *Vm-⁴-
343 1248 378 1278 in
400 1246 575 1279 iudicando
597 1247 744 1287 requirit:
769 1246 856 1278 unde
878 1247 972 1278 Rom.
995 1257 1047 1277 xrv
1062 1247 1095 1283 *,
1124 1248 1172 1277 Tu
1196 1247 1268 1287 quis
1291 1256 1333 1282 es,
1358 1246 1414 1287 qui

341 1290 470 1322 iudicas
493 1292 635 1322 alienum
657 1292 814 1322 servum?
837 1292 878 1322 Et
900 1291 974 1322 ideo
998 1290 1177 1322 secundum
1200 1291 1264 1321 hoc
1285 1290 1412 1321 Christo
1428 1300 1452 1321 ες
1525 1277 1624 1308 ART·
1643 1277 1678 1307 ῙῙ·
1704 1288 1808 1308 UTRUM
1833 1289 1977 1310 cmusrus
2001 1289 2032 1309 m
2056 1289 2174 1310 IUDICIO
2204 1290 2411 1312 APPARITURUS
2434 1292 2480 1312 SIT

345 1336 501 1376 competit
530 1335 670 1367 iudicare
694 1335 784 1376 quod
808 1335 990 1366 dominium
1018 1344 1113 1375 super
1135 1336 1284 1366 homines
1307 1335 1412 1370 habet,
1713 1332 1744 1352 ¹⁸
1768 1332 1874 1353 roam
1897 1333 2104 1354 HUMANJTATIS
2138 1334 2291 1355 oromosa

345 1379 386 1411 de
409 1381 527 1421 quibus
542 1380 758 1421 principaliter
774 1380 832 1410 erit
846 1379 942 1410 finale
957 1379 1124 1410 iudicium.
1149 1379 1219 1419 Ipse
1243 1384 1351 1409 autem
1368 1383 1414 1409 est
1804 1372 1930 1400 Compend.
1948 1373 2043 1400 Th²⁰¹·¹
2061 1379 2112 1402 ⁰⁸¹³·
2127 1379 2202 1397 πω·

344 1429 454 1455 noster
477 1424 637 1455 Dominus
653 1434 721 1455 non
737 1425 844 1455 solum
866 1425 990 1454 ratione
1006 1424 1184 1460 creationis,
1202 1424 1278 1464 quia
1300 1423 1414 1453 Domi·
1470 1432 1555 1494 ΑΙ)
1580 1432 1742 1453 SECUNDUM
1765 1433 1810 1454 src
1833 1434 2038 1454 moenum-un.
2063 1424 2197 1456 Videtur
2223 1426 2312 1466 quod
2337 1426 2481 1458 Christus
2501 1429 2533 1458 in

105 1466 317 1496 'lh-mm&
345 1478 407 1500 nus
429 1469 496 1510 ipse
518 1474 566 1499 est
587 1469 694 1504 Deus,
719 1469 785 1509 ipse
798 1469 885 1510 fecit
907 1478 967 1499 nos
997 1473 1028 1498 et
1050 1477 1115 1498 non
1141 1468 1201 1508 ipsi
1225 1477 1284 1498 nos
1299 1468 1333 1497 ἰ
1358 1466 1414 1497 sed
1534 1466 1655 1497 iudicio
1687 1477 1755 1498 non
1783 1469 1947 1508 apparebit
1969 1469 2003 1498 in
2026 1468 2130 1499 forma
2152 1470 2357 1501 humanitatis
2384 1471 2533 1511 gloriosa.

345 1513 441 1544 etiam
464 1514 587 1544 ratione
610 1512 858 1553 redemptionis,
884 1511 973 1553 quod
996 1513 1026 1543 ei
1050 1513 1205 1552 competit
1235 1511 1414 1542 secundum
1430 1521 1456 1541 ³⁰
1470 1510 1559 1540 Ioan.
1584 1521 1636 1541 nx
1652 1512 1684 1541 *2
1716 1512 1871 1542 Videbunt
1894 1513 1925 1542 in
1951 1522 2042 1553 quem
2067 1514 2322 1555 transfixerunt:
2346 1514 2460 1546 Glossa
2483 1518 2534 1552 ἣ,
2562 1518 2652 1556 ζνθηι
2666 1524 2700 1549 37·

103 1558 198 1582 'Vm-
212 1565 236 1589 ⁹-
344 1558 520 1589 humanam
551 1562 714 1594 naturam3
749 1557 836 1587 unde
858 1557 951 1587 Rom.
975 1566 1029 1587 xrv
1052 1557 1085 1586 ἐ
1118 1557 1156 1586 In
1181 1557 1242 1587 hoc
1268 1556 1415 1586 Christus
1473 1553 1560 1590 Quia
1577 1555 1610 1585 in
1634 1565 1672 1586 ea
1697 1565 1796 1587 carne
1812 1562 1967 1587 venturus
1989 1563 2036 1587 est
2058 1558 2090 1588 in
2115 1567 2178 1598 qua
2195 1559 2371 1600 crucifixus
2394 1565 2448 1590 est.
2474 1561 2536 1591 Sed
2598 1545 2698 1567 lmen-lm.

343 1606 492 1632 mortuus
515 1606 562 1632 est
583 1606 615 1632 et
644 1601 840 1637 resurrexit,
868 1606 904 1631 ut
926 1606 957 1631 et
979 1601 1126 1631 vivorum
1150 1605 1182 1631 et
1210 1605 1415 1631 mortuorum
1470 1598 1641 1630 crucifixus
1658 1605 1705 1630 est
1727 1601 1760 1630 in
1784 1600 1887 1631 forma
1902 1601 2038 1631 infirma.
2063 1602 2149 1642 Ergo
2173 1604 2205 1633 in
2229 1603 2332 1634 forma
2347 1603 2536 1636 infirmitatis

344 1645 537 1677 dominetur.
561 1645 614 1676 Ad
628 1646 808 1685 praemium
824 1650 933 1676 autem
951 1645 1034 1675 vitae
1057 1650 1203 1675 aeternae
1219 1645 1313 1675 nobis
1329 1654 1415 1675 crea-
1470 1644 1643 1683 apparebit,
1660 1654 1727 1674 non
1751 1645 1783 1674 in
1807 1645 1911 1675 forma
1933 1646 2081 1685 gloriosa.

342 1690 440 1721 tionis
462 1690 549 1720 bona
570 1699 639 1720 non
662 1689 853 1725 sufficerent,
877 1690 937 1719 nisi
960 1689 1190 1729 redemptionis
1221 1688 1415 1719 beneficium
1527 1697 1556 1717 2.
1581 1688 1777 1725 PRAETEREA,
1794 1689 1906 1719 Matth.
1928 1699 2000 1719 xxw
2015 1691 2031 1706 ³⁶
2055 1690 2170 1721 dicitur
2193 1691 2283 1731 quod
2306 1693 2473 1732 apparebit
2493 1694 2536 1724 si-
2563 1700 2573 1710 ·
2588 1698 2655 1720 Vers·
2669 1705 2698 1726 30

343 1733 530 1769 adderetur,
555 1738 688 1774 propter
717 1733 987 1774 impedimentum
1011 1732 1101 1773 quod
1129 1738 1262 1763 naturae
1293 1738 1415 1764 creatae
1431 1742 1453 1762 ις
1469 1741 1571 1772 gnum
1604 1732 1682 1762 Filii
1713 1733 1853 1764 hominis
1877 1734 1909 1763 in
1933 1734 2043 1769 caelo,
2075 1734 2155 1765 idest
2186 1736 2313 1776 signum
2347 1738 2458 1767 crucis.
2494 1738 2535 1768 Et

342 1778 527 1819 supervenit
550 1787 589 1808 ex
611 1782 746 1818 peccato
779 1778 874 1818 primi
897 1778 1047 1818 parentis
1081 1777 1195 1813 Unde,
1220 1787 1296 1808 cum
1319 1776 1415 1807 finale
1471 1774 1722 1816 Chrysostomus
1745 1776 1821 1808 dicit
1837 1779 1853 1794 *
1877 1777 1966 1817 quod
1983 1778 2087 1808 veniet
2109 1779 2141 1809 in
2159 1779 2278 1810 iudicio
2298 1780 2453 1817 Christus,
2471 1792 2535 1813 non
2565 1781 2774 1814 ‘HmssssXXVL

342 1822 499 1854 iudicium
522 1821 563 1853 ad
589 1822 654 1853 hoc
683 1821 848 1852 ordinetur
871 1827 907 1852 ut
930 1821 1029 1862 aliqui
1059 1821 1267 1852 admittantur
1289 1821 1329 1852 ad
1352 1822 1414 1852 Re·
1469 1820 1574 1850 solum
1592 1821 1761 1851 vulnerum
1778 1822 1953 1858 cicatrices,
1969 1823 2026 1853 sed
2041 1823 2136 1853 etiam
2154 1824 2254 1864 ipsam
2270 1829 2405 1855 mortem
2421 1836 2537 1867 expro-
2563 1808 2732 1858 iiatlt‘tifxvn'
2752 1815 2775 1830 ¹⁷¹

343 1876 445 1908 gnum
468 1872 500 1897 et
529 1866 627 1907 aliqui
657 1865 867 1897 excludantur
890 1876 908 1896 a
930 1867 1063 1906 Regno,
1091 1867 1286 1896 conveniens
1310 1871 1356 1896 est
1379 1871 1415 1896 ut
1469 1863 1685 1896 brutissimum
1709 1866 1887 1898 ostendens.
1914 1867 1999 1907 Ergo
2023 1866 2148 1898 videtur
2171 1868 2260 1908 quod
2284 1879 2351 1899 non
2375 1872 2538 1910 apparebit

343 1912 413 1952 ipse
436 1910 582 1942 Christus
604 1910 784 1942 secundum
806 1911 981 1941 humanam
1002 1915 1158 1946 naturam,
1175 1911 1267 1941 cuius
1290 1909 1414 1940 redem-
1469 1909 1503 1939 in
1526 1908 1630 1939 forma
1651 1910 1800 1950 gloriosa.

343 1956 463 1997 ptionis
486 1954 646 1986 beneficio
666 1954 706 1986 ad
729 1955 878 1995 Regnum
894 1954 1101 1991 admittimur,
1118 1955 1163 1985 illi
1187 1954 1307 1985 iudicio
1323 1963 1414 1994 prae·
1428 1967 1455 1987 40
1526 1953 1555 1983 3.
1580 1954 1776 1991 Panium,
1794 1955 1973 1986 secundum
1988 1956 2070 1986 hanc
2086 1955 2223 1987 formam
2241 1957 2385 1988 Christus
2401 1959 2434 1988 in
2454 1959 2536 1990 iudi·
2559 1981 2562 1985 .

104 2001 197 2026 'Vm-
209 2007 247 2030 48-
343 1999 453 2031 sideat.
478 1999 520 2030 Et
534 2000 599 2030 hoc
615 2005 662 2030 est
685 1999 775 2040 quod
790 1999 906 2030 dicitur
928 2000 997 2029 Act.
1014 2009 1034 2029 x
1049 1999 1076 2035 *‚
1094 1998 1183 2039 quod
1207 1999 1273 2039 ipse
1296 1999 1414 2029 consti-
1469 1997 1520 2027 cio
1537 1998 1702 2038 apparebit
1725 2008 1808 2039 quae
1832 2000 1870 2029 ab
1891 1999 2042 2030 omnibus
2066 2001 2208 2041 conspici
2224 2002 2335 2041 possit.
2360 2002 2423 2033 Sed
2444 2003 2535 2034 Chri-

345 2049 432 2075 tutus
461 2049 510 2075 est
530 2053 551 2074 a
573 2044 645 2074 Deo
670 2043 768 2074 iudex
799 2044 948 2074 vivorum
971 2048 1002 2073 et
1024 2048 1239 2074 mortuorum.
1274 2043 1315 2073 Et
1338 2044 1414 2083 quia
1469 2047 1534 2072 stus
1558 2042 1737 2073 secundum
1760 2042 1897 2074 formam
1913 2044 2118 2075 humanitatis
2141 2045 2312 2085 gloriosam
2328 2056 2395 2077 non
2418 2049 2536 2087 poterit

343 2098 402 2130 per
433 2087 690 2128 redemptionem
720 2088 854 2118 humani
877 2088 1001 2127 generis
1030 2097 1098 2118 non
1129 2087 1235 2118 solum
1264 2088 1413 2118 homines
1467 2085 1567 2116 videri
1591 2087 1629 2116 ab
1654 2088 1805 2118 omnibus
1829 2089 1922 2118 bonis
1946 2095 1977 2119 et
1999 2089 2106 2119 malis:
2132 2090 2207 2129 quia
2230 2091 2344 2121 oculus
2374 2101 2440 2121 non
2464 2092 2534 2132 glo-

146 2168 150 2172 .
344 2133 510 2174 reparavit,
523 2132 580 2163 sed
590 2132 809 2162 universaliter
819 2137 921 2163 totam
933 2137 1119 2168 creaturam,
1132 2131 1311 2162 secundum
1324 2131 1413 2172 quod
1467 2129 1607 2161 rificatus
1630 2141 1698 2162 non
1714 2131 1838 2162 videtur
1862 2142 1929 2163 esse
1946 2134 2208 2173 proportionatus
2228 2134 2267 2165 ad
2285 2134 2455 2166 videndam
2472 2137 2534 2167 cla-

343 2183 412 2208 tota
435 2182 577 2207 creatura
599 2181 745 2216 reparato
768 2176 901 2206 homine
920 2176 1115 2212 melioratur,
1131 2182 1168 2206 ut
1190 2176 1324 2206 habetur
1349 2176 1411 2206 Co-
1426 2187 1450 2207 ις
1466 2174 1591 2205 ritatem
1623 2176 1755 2215 gloriosi
1787 2177 1940 2217 corporis.
1974 2177 2059 2217 Ergo
2089 2187 2157 2208 non
2190 2179 2353 2219 apparebit
2375 2180 2407 2210 in
2431 2179 2534 2211 forma

128 2222 197 2248 vm.
210 2228 240 2246 ὀ
345 2222 420 2252 loss.
437 2231 448 2251 1
462 2222 495 2257 *‚
515 2220 696 2262 Pacificans
712 2230 777 2261 per
798 2220 991 2262 sanguinem
1014 2220 1119 2251 crucis
1143 2221 1211 2251 eius
1241 2221 1307 2251 sive
1330 2231 1413 2261 quae
1465 2218 1613 2258 gloriosa.

345 2266 378 2296 in
403 2265 499 2296 terris
519 2265 587 2296 siue
608 2274 692 2306 quae
714 2265 747 2295 in
772 2265 870 2295 caelis
889 2269 983 2301 sunt;
1005 2264 1079 2295 ideo
1102 2274 1170 2295 non
1186 2265 1293 2295 solum
1316 2275 1412 2305 super
1521 2272 1552 2302 4.
1570 2264 1765 2300 PRAETEREA,
1778 2264 1858 2295 illud
1873 2265 1963 2305 quod
1978 2267 2174 2305 promittitur
2190 2267 2278 2297 iustis
2294 2268 2327 2297 in
2343 2269 2531 2307 praemium,

344 2310 503 2346 homines,
519 2309 576 2340 sed
591 2318 688 2349 super
698 2310 879 2340 universam
895 2314 1071 2339 creaturam
1088 2309 1233 2340 Christus
1248 2319 1306 2349 per
1321 2319 1412 2340 suam
1465 2317 1533 2338 non
1553 2308 1740 2339 conceditur
1751 2310 1884 2340 iniustis.
1905 2309 1968 2340 Sed
1979 2310 2086 2341 videre
2097 2311 2231 2350 gloriam
2243 2312 2447 2343 humanitatis
2458 2322 2533 2353 pro-

344 2354 528 2395 passionem
543 2353 725 2384 dominium
740 2353 919 2394 promeruit
935 2358 966 2383 et
989 2359 1181 2394 potestatem
1197 2353 1410 2384 iudiciariam:
1465 2352 1600 2383 mittitur
1615 2353 1704 2383 iustis
1720 2354 1753 2383 in
1769 2354 1964 2394 praemium:
1990 2354 2076 2385 loan.
2094 2365 2113 2385 x
2129 2356 2155 2391 *,
2172 2355 2381 2396 Ingredietur
2396 2362 2427 2387 et
2441 2367 2533 2398 egre·
2562 2364 2570 2374 ·
2588 2363 2652 2385 vm.
2668 2371 2689 2392 9.

102 2401 115 2414 ‘
128 2399 197 2422 Vm·
211 2398 248 2422 ¹⁸·
345 2398 457 2429 Matth.
473 2398 531 2429 ult.
547 2399 575 2434 “,
591 2398 680 2428 Data
703 2403 751 2428 est
772 2398 850 2428 mihi
873 2398 979 2428 omnis
991 2403 1137 2438 potestas
1160 2398 1192 2428 in
1217 2399 1307 2428 caelo
1332 2403 1363 2429 et
1378 2399 1410 2429 in
1427 2408 1452 2428 50
1466 2396 1574 2427 dietur
1595 2402 1626 2427 et
1641 2407 1767 2438 pascua
1789 2398 1942 2434 inveniet,
1966 2398 2055 2434 idest,
2080 2400 2287 2441 refectionem
2312 2401 2344 2430 in
2369 2401 2535 2433 divinitate

344 2448 444 2474 terra.
1467 2446 1498 2471 et
1511 2441 1719 2478 humanitate,
1736 2447 1772 2472 ut
1786 2443 1986 2482 Augustinus
2001 2444 2018 2460 ⁴*
2034 2445 2175 2484 exponit.
2200 2445 2241 2474 Et
2257 2445 2353 2475 Isaiae
2370 2456 2466 2476 xxxm
2479 2447 2532 2477 “z
2563 2453 2572 2461 ”
2590 2451 2627 2482 {²2
2642 2451 2726 2479 Spirit-
2751 2454 2775 2473 et

399 2487 451 2517 Ar>
474 2496 591 2517 rmum
614 2496 697 2517 aneo
721 2496 881 2516 nxcnnmm
911 2485 1001 2526 quod
1023 2487 1057 2516 in
1081 2485 1209 2517 Christo
1232 2486 1412 2518 secundum
1465 2485 1587 2527 Regem
1604 2486 1636 2516 in
1653 2486 1770 2517 decore
1784 2496 1844 2517 suo
1861 2487 2020 2518 videbunt.
2045 2488 2130 2528 Ergo
2154 2489 2187 2518 in
2203 2488 2323 2520 iudicio
2347 2499 2414 2520 non
2438 2500 2534 2531 appa·
2561 2477 2773 2532 ssissssbffi'iiffl

345 2531 486 2562 divinam
509 2536 655 2561 naturam
678 2536 725 2561 est
747 2531 918 2561 auctoritas
948 2530 1083 2561 dominii
1114 2537 1262 2571 respectu
1285 2532 1412 2562 univer·
1466 2530 1547 2560 rebit
1570 2531 1721 2561 omnibus
1743 2531 1777 2561 in
1801 2530 1904 2562 forma
1926 2532 2074 2572 gloriosa.
2562 2533 2584 2542 ''
2599 2530 2665 2552 Vm·
2682 2538 2714 2559 ¹7·

345 2575 417 2606 salis
434 2580 594 2606 creaturae
610 2584 648 2606 ex
663 2575 732 2605 iure
748 2575 927 2605 creationis.
952 2574 1015 2606 Sed
1030 2575 1063 2605 in
1081 2574 1209 2606 Christo
1233 2575 1412 2606 secundum
1525 2574 1554 2604 5.
1578 2575 1774 2611 ΡΒΑΕΤΕΒΕΑ,
1792 2575 1971 2606 secundum
1986 2576 2074 2607 illam
2097 2576 2234 2607 formam
2250 2577 2395 2608 Christus
2415 2578 2534 2610 iudica-

344 2620 520 2650 humanam
542 2624 689 2650 naturam
705 2624 752 2649 est
775 2619 946 2650 auctoritas
960 2618 1095 2651 dominii
1119 2629 1217 2659 quam
1234 2621 1413 2660 promeruit
1428 2633 1450 2653 ςς
1467 2618 1514 2648 bit
1535 2619 1570 2649 in
1592 2629 1656 2659 qua
1680 2619 1837 2650 iudicatus
1861 2626 1917 2650 est.
1947 2620 2041 2652 Unde
2064 2630 2160 2661 super
2183 2621 2261 2652 illud
2286 2622 2372 2652 Ioan.
2390 2633 2409 2651 v
2425 2624 2457 2659 ³,
2482 2623 2535 2654 Sic
2562 2627 2571 2636 ·
2587 2625 2654 2648 Vei-s.
2670 2632 2706 2648 21·

345 2673 403 2705 per
425 2664 624 2704 passionem:
650 2669 681 2694 et
697 2668 743 2694 est
766 2663 856 2704 quasi
871 2664 1041 2694 auctoritas
1057 2663 1243 2694 secundaria
1258 2669 1290 2694 et
1305 2665 1413 2705 acqui·
1468 2667 1500 2693 et
1512 2663 1618 2694 Filius
1632 2674 1713 2704 quos
1736 2665 1806 2695 vult
1818 2665 1994 2706 glorificat,
2011 2665 2087 2695 dicit
2103 2665 2216 2696 Glossa
2232 2667 2264 2696 *x
2290 2666 2328 2696 In
2345 2676 2409 2707 qua
2415 2668 2534 2708 forma
2562 2672 2572 2681 ·
2586 2671 2644 2693 ord.
2658 2671 2720 2698 Aug.

345 2709 413 2739 sita.
438 2707 501 2739 Sed
523 2708 627 2748 prima
650 2713 696 2738 est
718 2707 868 2738 naturalis
893 2713 925 2738 et
947 2713 1083 2738 aeterna.
1468 2707 1586 2738 iniuste
1609 2708 1770 2739 iudicatus
1792 2713 1851 2744 est,
1878 2709 1960 2739 iuste
1983 2709 2154 2745 iudicabit,
2181 2715 2216 2740 ut
2230 2711 2338 2750 possit
2366 2711 2406 2741 ab
2431 2712 2535 2752 impiis

400 2753 452 2783 An
482 2761 645 2782 sncxmmm
667 2761 827 2782 monimum
850 2751 950 2791 quod,
967 2752 1113 2792 quamvis
1132 2751 1277 2783 Christus
1300 2761 1413 2783 secun·
1468 2751 1581 2782 videri.
1606 2752 1670 2783 Sed
1687 2752 1845 2783 iudicatus
1869 2758 1916 2783 est
1938 2754 1972 2784 in
1995 2753 2098 2784 forma
2113 2753 2313 2785 infirmitatis.
2338 2754 2423 2795 Ergo
2448 2762 2479 2785 et
2501 2757 2533 2786 in

346 2795 425 2828 dum
448 2795 539 2836 quod
560 2796 662 2827 homo
684 2805 752 2826 non
774 2796 889 2826 habeat
904 2806 922 2826 a
937 2805 970 2826 se
985 2796 1203 2827 invincibilem
1223 2802 1415 2837 potestatem
1469 2795 1581 2826 eadem
1604 2797 1638 2826 in
1661 2796 1780 2827 iudicio
1804 2797 1977 2837 apparebit.

346 2850 384 2872 ex
407 2841 543 2871 naturali
564 2841 680 2871 virtute
703 2840 863 2871 humanae
886 2840 1013 2880 speciei,
1029 2845 1137 2871 tamen
1161 2850 1199 2871 ex
1223 2840 1311 2871 dono
1335 2840 1414 2871 divi-
1427 2848 1455 2868 ⁶0
1525 2840 1587 2871 San
1612 2850 1735 2871 CONTRA
1751 2851 1805 2871 sssr
1821 2841 1910 2881 quod
1926 2841 2040 2872 dicitur
2055 2842 2134 2872 Luc.
2152 2852 2203 2872 xxr
2218 2843 2250 2872 *z
2281 2843 2371 2873 Tunc
2386 2843 2536 2874 videbunt
2562 2852 2571 2861 ·
2586 2850 2653 2872 Vers-
2671 2855 2704 2877 ²7-

345 2886 452 2916 nitatis
475 2885 570 2916 etiam
593 2885 627 2915 in
649 2885 791 2915 humana
819 2889 931 2915 natura
954 2884 1171 2915 invincibilem
1199 2885 1294 2915 habet
1322 2891 1414 2926 pote·
1468 2884 1589 2915 Filium
1611 2885 1751 2916 hominis
1773 2885 1948 2916 venientem
1973 2886 2005 2916 in
2031 2886 2112 2916 nube
2135 2895 2206 2916 cum
2230 2892 2390 2927 potestate
2412 2897 2533 2929 magna

345 2934 469 2965 statem,
486 2928 666 2960 secundum
682 2928 772 2969 quod
796 2929 905 2959 omnia
927 2934 1004 2959 sunt
1017 2929 1158 2959 subiecta
1175 2929 1312 2968 pedibus
1335 2930 1413 2965 eius,
1469 2933 1501 2959 et
1522 2929 1697 2959 maiestate.
1722 2930 1869 2959 Maiestas
1893 2935 2000 2960 autem
2020 2935 2052 2960 et
2073 2936 2214 2970 potestas
2238 2930 2276 2961 ad
2305 2931 2440 2971 gloriam
2462 2942 2533 2972 per-

106 2971 267 3022 235'722232
281 2999 314 3022 es
346 2979 383 3004 ut
405 2973 521 3004 dicitur
543 2973 556 3003 1
574 2973 651 3004 Cor.
668 2983 708 3004 xv
723 2974 740 2990 ⁴*
764 2978 796 3003 et
810 2972 893 3004 Heb.
910 2983 933 3002 11
948 2973 992 3003 ⁹⁹.
1016 2973 1058 3003 Et
1076 2972 1151 3003 ideo
1167 2973 1320 3004 iudicabit
1343 2975 1414 3014 qui-
1469 2973 1581 3003 tinent.
1606 2973 1692 3013 Ergo
1716 2974 1749 3003 in
1773 2973 1876 3003 forma
1898 2974 2037 3014 gloriosa
2060 2975 2233 3014 apparebit.

107 3025 204 3053 Pomm,
218 3031 279 3049 ven.
297 3026 320 3049 s.
347 3017 422 3049 dem
444 3018 478 3048 in
500 3018 642 3048 humana
663 3022 785 3054 natura,
802 3017 858 3048 sed
882 3026 920 3047 ex
943 3016 1113 3047 divinitatis
1135 3017 1262 3048 virtute.
1526 3026 1556 3047 2.
1581 3017 1777 3053 Punicum,
1793 3017 1846 3048 ille
1870 3018 1927 3057 qui
1949 3017 2086 3054 iudicat,
2112 3018 2207 3049 debet
2230 3020 2369 3050 eminere
2392 3020 2453 3050 illis
2477 3022 2533 3060 qui

402 3061 453 3092 An
476 3071 611 3092 ‘marrim
634 3071 794 3092 mem-snum
818 3061 907 3101 quod
927 3060 1072 3092 Christus
1095 3070 1164 3091 non
1186 3060 1361 3092 suffecisset
1375 3061 1415 3092 ad
1428 3067 1453 3093 65
1469 3060 1659 3092 iudicantur.
1684 3061 1747 3092 Sed
1771 3061 1872 3098 electi,
1890 3063 1946 3102 qui
1961 3061 2187 3093 iudicabuntur
2207 3073 2225 3093 a
2242 3062 2380 3100 Christo,
2398 3074 2533 3104 corpora

346 3106 480 3136 humani
502 3107 626 3146 generis
649 3105 906 3146 redemptionem
929 3106 955 3136 si
978 3115 1078 3146 purus
1101 3106 1202 3136 homo
1226 3105 1345 3136 fuisset.
1374 3106 1415 3136 Et
1469 3105 1608 3145 gloriosa
1623 3106 1796 3136 habebunt.
1821 3106 1906 3146 Ergo
1922 3107 2026 3137 multo
2051 3106 2163 3137 fortius
2179 3106 2274 3137 iudex
2297 3108 2331 3138 in
2346 3107 2449 3138 forma
2463 3109 2533 3149 glo-

347 3148 422 3180 ideo
439 3159 478 3180 ex
492 3150 555 3181 hoc
573 3151 645 3191 ipso
663 3149 754 3190 quod
768 3149 948 3180 secundum
961 3150 1136 3180 humanam
1151 3155 1298 3180 naturam
1313 3159 1414 3190 genus

348 3193 528 3224 humanum
549 3193 704 3225 redimere
728 3194 845 3235 potuit,
869 3204 905 3225 ac
928 3203 985 3234 per
1007 3194 1071 3224 hoc
1102 3193 1300 3224 iudiciariam
1322 3199 1414 3235 pote-

348 3241 462 3267 statem
485 3244 677 3269 consecutus
700 3244 756 3275 est,
772 3238 940 3269 manifeste
964 3237 1142 3268 ostenditur
1164 3237 1254 3278 quod
1276 3239 1346 3278 ipse
1368 3244 1415 3269 est

1469 3150 1553 3180 riosa
1576 3150 1749 3190 apparebit.

1527 3194 1556 3224 3.
1580 3194 1783 3230 Pium-nam,
1808 3195 1890 3224 sicut
1905 3194 2037 3225 iudicari
2054 3200 2100 3225 est
2114 3194 2314 3232 infirmitatis,
2330 3197 2373 3226 ita
2393 3195 2533 3227 iudicare

1470 3243 1517 3268 est
1533 3239 1727 3268 auctoritatis
1743 3243 1775 3269 et
1789 3238 1918 3278 gloriae.
1943 3238 2006 3269 Sed
2020 3240 2054 3269 in
2069 3240 2174 3279 primo
2191 3239 2340 3276 adventu,
2357 3249 2424 3280 quo
2441 3240 2533 3271 Chri-

349 3280 447 3316 Deus,
465 3285 496 3311 et
510 3281 554 3311 ita
571 3282 744 3322 aequaliter
759 3282 967 3314 honorandus
983 3292 1059 3313 cum
1078 3282 1178 3318 Patre,
1194 3292 1263 3313 non
1278 3283 1414 3323 inquan-
1428 3293 1456 3314 70
1469 3287 1535 3312 stus
1559 3283 1646 3312 venit
1669 3282 1709 3312 ad
1732 3282 1795 3312 hoc
1819 3282 1908 3322 quod
1931 3283 2137 3318 iudicaretur,
2160 3284 2193 3314 in
2218 3283 2320 3314 forma
2343 3284 2533 3315 infirmitatis

348 3329 420 3355 tum
442 3325 554 3360 homo,
570 3325 626 3356 sed
647 3327 840 3366 inquantum
863 3327 962 3357 Deus.

404 3369 455 3398 An
480 3378 628 3399 auam-uu
645 3379 806 3401 mmmmm
827 3370 917 3411 quod
932 3371 966 3401 in
981 3371 1035 3401 illa
1049 3371 1172 3401 visione
1191 3371 1332 3401 Danielis
1347 3380 1414 3401 ma-

349 3411 464 3442 nifeste
486 3417 573 3443 totus
595 3414 781 3453 exprimitur
803 3414 883 3445 ordo
906 3414 1089 3446 iudiciariae
1112 3416 1286 3455 potestatis.
1321 3415 1414 3453 Quae

350 3455 482 3496 quidem
504 3456 587 3486 sieut
600 3457 635 3487 in
657 3457 760 3497 prima
774 3459 897 3498 origine
920 3464 967 3490 est
989 3460 1023 3490 in
1043 3460 1114 3500 ipso
1138 3459 1221 3495 Deo,
1238 3465 1270 3490 et
1292 3460 1413 3500 specia-

1469 3327 1626 3366 apparuit.
1650 3326 1735 3366 Ergo
1758 3327 1792 3357 in
1815 3326 1958 3357 secundo
1982 3327 2131 3363 adventu,
2147 3328 2180 3358 in
2197 3337 2263 3368 quo
2287 3329 2393 3359 veniet
2415 3329 2455 3359 ad
2470 3330 2533 3360 hoc

1469 3370 1559 3411 quod
1582 3370 1711 3407 iudicet,
1728 3371 1892 3411 apparebit
1913 3371 2080 3402 manifeste
2102 3373 2135 3402 in
2159 3371 2262 3402 forma
2285 3373 2433 3412 gloriosa.

1523 3415 1713 3446 Rnspommo
1734 3425 1893 3445 mensuum
1910 3415 1999 3455 quod
2015 3415 2159 3447 Christus
2180 3416 2294 3447 dicitur
2308 3417 2371 3447 Dei
2386 3422 2417 3448 et
2431 3417 2533 3447 homi-

1470 3469 1546 3490 num
1569 3459 1757 3490 mediator*
1772 3460 1965 3500 inquantum
1985 3470 2045 3500 pro
2067 3461 2252 3491 hominibus
2273 3460 2422 3491 satisfecit
2438 3467 2469 3492 et
2484 3462 2532 3492 in-

350 3499 411 3530 lius
433 3500 467 3530 in
489 3499 591 3536 Patre,
608 3500 664 3540 qui
687 3506 734 3532 est
755 3501 828 3532 fons
859 3503 958 3534 totius
982 3503 1114 3534 deitatis.
1146 3504 1188 3534 Et
1210 3503 1283 3534 ideo
1307 3504 1412 3544 primo
1427 3515 1451 3536 75
1468 3503 1612 3544 terpellat
1635 3503 1722 3544 apud
1743 3503 1887 3540 Patrem;
1912 3510 1944 3534 et
1966 3514 2003 3535 ea
2026 3514 2108 3545 quae
2132 3510 2206 3535 sunt
2227 3505 2325 3535 Patris
2348 3506 2532 3536 hominibus

2561 3465 2570 3474 '¹
2580 3463 2589 3484 1
2604 3462 2638 3484 ad
2648 3463 2707 3484 Tim.
2719 3469 2770 3491 cap.

2560 3495 2585 3516 11,
2600 3495 2659 3511 vers.
2675 3496 2694 3517 5.
