2878 4088
168 714 178 724 ‘
193 712 229 734 cf.
245 712 338 734 Comm.
355 711 378 733 S.

168 739 213 761 Th.
220 739 242 760 in
249 739 258 760 1
264 738 294 760 de
300 738 379 765 Caelo,

168 766 220 797 lect.
236 771 260 791 ιι,
269 765 311 787 Ed.
321 765 379 787 Leo-

168 799 216 814 ιιιιι.

167 1417 177 1426 ·
192 1415 243 1435 Art.
261 1421 278 1436 ι.

169 1510 179 1519 ·
187 1507 381 1554 (ᾈιιῶεμνοβίη-

168 1540 230 1562 qun,
237 1538 258 1555 et
268 1539 318 1555 can.
345 1539 380 1554 or*-

169 1567 205 1588 ro,
212 1567 274 1582 caus.
285 1560 379 1586 XXXV,

168 1594 208 1615 qu.
224 1594 239 1609 ιι
254 1591 276 1608 et
291 1593 326 1608 ιιι.

167 1642 178 1652 ·
193 1640 229 1663 Cf.
245 1645 287 1663 art.
304 1646 380 1668 praec.

168 1684 178 1694 ·
193 1683 249 1710 Cap.
272 1682 324 1704 Non
339 1682 380 1703 de-

168 1709 212 1736 bet,
222 1709 252 1731 de
261 1708 380 1737 Com-ang.

169 1738 191 1758 et
205 1736 273 1764 Affin.

168 2258 178 2268 ·
193 2256 238 2278 Cit.
253 2257 276 2278 in
292 2262 340 2284 arg.

173 2793 182 2803 ·
194 2793 250 2818 Arg.
264 2792 313 2814 Sed
326 2798 380 2814 con-

168 2821 208 2840 tra
225 2826 243 2841 ι.

169 2886 179 2896 ·
192 2885 243 2907 Art.
261 2891 280 2912 ι,
295 2885 322 2906 ad
340 2892 358 2907 ι.

172 3145 180 3154 ·
195 3144 252 3171 Arg.
263 3142 311 3166 Sed
323 3149 380 3165 con-

171 3172 209 3191 tra
224 3176 244 3192 α.

171 3326 182 3336 ·
192 3325 247 3352 Arg.
265 3324 314 3346 Sed
328 3331 382 3346 con-

170 3353 210 3372 tra
224 3357 243 3380 3.

412 238 483 262 110

407 306 526 342 homo;
552 305 631 335 alius
648 304 826 335 secundum
843 314 942 345 quem
965 305 1110 346 procedit
1126 305 1278 335 dissimile
1293 306 1326 335 in
1350 305 1472 345 specie;

407 355 438 380 et
453 350 505 380 hic
521 359 690 390 processus
706 359 832 389 semper
848 355 894 380 est
913 350 946 379 in
963 349 1146 380 inferiorem
1169 350 1320 390 speciem,
1337 355 1372 379 ut
1388 354 1474 389 patet

406 395 438 425 in
471 394 622 424 omnibus
652 394 818 434 agentibus
849 395 1035 434 aequivoce.
1070 394 1196 424 Primus
1219 399 1326 424 autem
1357 393 1474 423 modus

406 439 620 479 processionis
644 439 914 479 quotiescumque
930 440 1069 475 iteretur,
1086 448 1211 479 semper
1234 443 1342 468 manet
1362 437 1474 468 eadem

407 484 545 524 species:
571 483 663 519 sicut,
680 483 706 512 si
730 492 767 513 ex
799 483 932 514 homine
962 488 1130 523 generatur
1158 483 1258 512 homo
1287 491 1344 522 per
1367 487 1474 512 actum

406 528 606 568 generativae
628 528 761 564 virtutis,
780 537 817 558 ex
840 528 904 557 hoc
928 537 1061 567 quoque
1084 527 1285 567 generabitur
1308 527 1419 562 homo,
1444 531 1475 555 et

407 573 452 603 sic
476 572 637 612 deinceps.
673 571 840 602 Secundus
864 578 971 602 autem
995 571 1128 607 modus,
1155 572 1236 601 sicut
1259 572 1291 600 in
1315 570 1474 611 principio

407 616 483 647 facit
505 616 599 647 aliam
615 617 766 656 speciem,
783 617 836 652 ita,
853 618 1122 657 quotiescumque
1138 616 1277 651 iteretur,
1295 616 1388 645 aliam
1405 624 1475 655 spe—

408 661 491 692 ciem
514 660 604 691 facit:
629 666 680 697 ut,
706 661 731 690 si
756 671 794 691 ex
816 667 939 701 puncto
973 670 1030 701 per
1052 666 1179 690 motum
1209 660 1354 700 procedit
1381 659 1474 694 linea,

407 715 475 736 non
491 711 630 746 punctus
655 705 744 745 (quia
759 711 899 746 punctus
914 711 1022 735 motus
1042 704 1116 735 facit
1136 705 1253 734 lineam
1269 704 1310 744 ιἓ),
1331 714 1368 734 ex
1392 704 1475 734 linea

407 750 562 780 linealiter
584 755 673 780 mota
695 759 763 779 non
786 749 932 790 procedit
956 750 1048 785 linea,
1074 748 1130 779 sed
1153 748 1357 789 superficies;
1382 754 1413 779 et
1436 758 1474 778 ex

407 793 576 835 superficie
595 803 730 834 corpus;
755 799 785 824 et
808 794 940 824 ulterius
955 804 1013 834 per
1035 794 1131 824 talem
1147 793 1283 824 modum
1306 803 1475 834 processus

408 839 522 879 aliquis
545 848 612 868 non
635 843 742 878 potest
766 848 843 868 esse.

464 883 647 913 Invenimus
671 888 778 912 autem
801 883 835 912 in
858 892 1011 922 processu
1043 883 1225 912 attinentiae
1249 882 1331 912 duos
1358 882 1475 912 modos

409 928 526 968 quibus
553 927 720 956 vinculum
751 927 938 957 huiusmodi
968 932 1124 957 causatur.
1160 927 1252 957 Unus
1283 936 1341 967 per
1373 927 1475 957 carnis

407 971 690 1012 propagationem:
717 976 748 1000 et
770 971 822 1000 hic
845 980 971 1010 semper
993 970 1069 1000 facit
1085 970 1219 1001 eandem
1240 971 1381 1010 speciem
1405 972 1475 1001 atti—

407 1016 544 1046 nentiae.
568 1015 659 1044 Alius
683 1024 740 1054 per
762 1015 1030 1045 matrimonialem
1063 1015 1343 1045 coniunctionem:
1369 1020 1400 1045 et
1422 1016 1474 1045 hic

407 1060 482 1090 facit
498 1059 591 1089 aliam
607 1059 748 1098 speciem
764 1059 797 1088 in
813 1059 983 1098 principio,
997 1059 1079 1089 sicut
1094 1064 1181 1098 patet
1197 1059 1287 1098 quod
1303 1060 1476 1089 coniuncta

406 1103 680 1134 matrimonialiter
708 1104 965 1142 consanguineo,
990 1112 1058 1133 non
1082 1102 1117 1132 fit
1148 1103 1396 1142 consanguinea,
1421 1102 1476 1133 sed

406 1148 517 1179 affinis.
543 1146 646 1183 Unde,
664 1147 689 1176 si
707 1152 738 1177 et
761 1147 814 1177 ille
829 1147 947 1177 modus
962 1146 1159 1187 procedendi
1178 1147 1318 1183 iteratur,
1334 1157 1402 1177 non
1419 1148 1477 1177 erit

407 1192 550 1227 affinitas,
567 1191 622 1221 sed
646 1191 731 1221 aliud
754 1192 938 1222 attinentiae
967 1201 1079 1232 genus.
1115 1191 1209 1222 Unde
1233 1201 1370 1231 persona
1393 1201 1476 1232 quae

406 1236 681 1267 matrimonialiter
704 1235 790 1266 affini
814 1237 1028 1276 coniungitur,
1046 1246 1113 1266 non
1138 1242 1184 1266 est
1208 1235 1325 1266 affinis:
1351 1236 1406 1266 sed
1430 1241 1477 1266 est

407 1280 493 1311 aliud
516 1290 616 1321 genus
640 1280 807 1317 affinitatis,
833 1281 922 1320 quod
945 1280 1067 1311 dicatur
1089 1280 1264 1311 secundum
1287 1290 1401 1322 genus.
1435 1280 1477 1310 Et

406 1335 523 1362 rursus,
541 1326 566 1355 si
583 1324 668 1355 affini
683 1325 717 1355 in
733 1325 876 1356 secundo
892 1335 1009 1366 genere
1028 1325 1142 1365 aliquis
1161 1335 1219 1366 per
1234 1326 1476 1356 matrimonium

407 1371 630 1410 coniungatur,
643 1379 710 1400 non
723 1370 781 1400 erit
793 1369 894 1400 affinis
911 1371 944 1401 in
961 1370 1104 1400 secundo
1116 1380 1243 1410 genere,
1256 1370 1311 1401 sed
1324 1371 1356 1400 in
1370 1370 1475 1401 tertio.

406 1416 450 1446 Ut
473 1415 536 1444 hoc
559 1423 652 1444 versu
676 1423 771 1454 supra
786 1415 803 1431 ³*
826 1415 933 1455 posito
950 1415 1143 1445 ostenditur:
1168 1416 1278 1446 Mutat
1297 1420 1396 1456 nupta
1419 1424 1477 1457 ge-

407 1469 484 1495 nus,
509 1458 565 1489 sed
586 1464 745 1500 generata
767 1459 903 1501 gradus.

462 1504 502 1534 Et
525 1504 604 1533 haec
620 1502 686 1533 duo
709 1513 826 1543 genera
842 1504 921 1534 olim
945 1509 1034 1534 erant
1049 1505 1209 1544 prohibita
1225 1505 1251 1540 ἦ
1268 1510 1400 1544 propter
1415 1514 1476 1544 pu-

407 1548 508 1578 blicae
531 1548 705 1578 honestatis
721 1549 874 1578 iustitiam
889 1549 989 1588 magis
1014 1558 1111 1589 quam
1128 1554 1259 1590 propter
1274 1548 1475 1579 affinitatem:

408 1593 482 1633 quia
507 1591 660 1622 deficiunt
683 1602 701 1622 a
724 1602 798 1623 vera
827 1593 994 1630 affinitate,
1019 1594 1102 1624 sicut
1123 1594 1177 1624 illa
1207 1594 1370 1624 attinentia
1394 1603 1477 1634 quae

408 1647 446 1667 ex
462 1637 664 1677 sponsalibus
680 1638 877 1668 contrahitur
888 1639 914 1668 *ἦ
940 1637 1002 1668 Sed
1025 1638 1126 1669 modo
1142 1639 1194 1669 illa
1210 1639 1384 1679 prohibitio
1410 1648 1476 1669 ces-

408 1682 486 1712 savit
502 1683 528 1712 *.
554 1681 594 1711 Et
617 1687 760 1712 remanet
776 1683 834 1712 sub
854 1683 1071 1722 prohibitione
1095 1683 1201 1713 solum
1217 1684 1358 1724 primum
1374 1693 1476 1724 genus

408 1725 577 1761 affinitatis,
594 1726 626 1755 in
651 1735 718 1765 quo
743 1732 790 1756 est
811 1736 885 1757 vera
908 1726 1051 1757 affinitas.

463 1771 514 1800 An
538 1780 654 1800 amnon
677 1780 760 1800 anco
780 1781 940 1801 nieannon
964 1771 1054 1812 quod
1077 1772 1171 1802 alicui
1192 1773 1260 1802 viro
1285 1773 1477 1812 consang-ui-

408 1825 488 1845 neus
512 1815 620 1844 uxoris
643 1824 719 1845 suae
743 1815 877 1846 efficitur
893 1815 994 1846 affinis
1017 1817 1050 1846 in
1074 1817 1178 1856 primo
1198 1826 1325 1857 genere,
1343 1822 1374 1847 et
1396 1826 1478 1847 uxor

409 1860 477 1890 eius
501 1859 534 1889 in
558 1858 712 1889 secundo·
737 1860 841 1894 Unde,
858 1866 988 1891 mortuo
1012 1862 1080 1891 viro
1105 1862 1161 1901 qui
1185 1867 1250 1891 erat
1274 1861 1385 1898 affinis,
1410 1871 1476 1891 non

408 1909 534 1944 poterat
558 1913 628 1933 eam
653 1903 768 1933 ducere
791 1905 824 1934 in
850 1915 982 1935 uxorem
1015 1911 1147 1945 propter
1170 1906 1347 1937 secundum
1376 1905 1477 1936 affini-

409 1949 479 1978 tatis
502 1957 613 1988 genuS.
638 1947 788 1978 Similiter
811 1955 928 1985 autem,
947 1950 971 1980 si
996 1950 1109 1990 aliquis
1134 1950 1262 1981 viduam
1285 1952 1319 1981 in
1343 1960 1478 1981 uxorem

409 1992 513 2028 ducat,
539 1993 795 2032 consanguineus
819 1994 931 2033 prioris
955 1994 1028 2030 viri,
1054 1995 1109 2034 qui
1134 2001 1180 2025 est
1204 1995 1304 2025 affinis
1329 1995 1420 2025 uxori
1444 1996 1478 2024 in

408 2037 513 2077 primo
536 2046 662 2076 genere,
681 2036 815 2067 efficitur
831 2037 931 2068 affinis
955 2038 1098 2069 secundo
1115 2040 1183 2069 viro
1208 2040 1241 2069 in
1265 2039 1407 2069 secundo
1424 2049 1478 2079 ge-

407 2091 500 2111 nere:
526 2086 557 2110 et
572 2090 654 2110 uxor
669 2081 753 2111 illius
770 2083 1010 2122 consanguinei,
1028 2093 1110 2123 quae
1133 2089 1178 2114 est
1195 2083 1295 2114 affinis
1313 2084 1404 2114 uxori
1420 2084 1478 2113 viri

407 2126 502 2156 huius
525 2125 559 2155 in
583 2125 725 2155 secundo
749 2135 875 2165 genere,
903 2126 1037 2158 efficitur
1060 2127 1161 2158 affinis
1185 2128 1253 2158 viro
1278 2127 1420 2158 secundo
1445 2128 1478 2158 in

407 2170 499 2200 tertio
523 2178 649 2209 genere.
674 2170 715 2199 Et
731 2171 806 2210 quia
822 2172 951 2201 tertium
974 2181 1076 2212 genus
1093 2178 1158 2202 erat
1177 2173 1386 2212 prohibitum,
1403 2182 1478 2213 pro-

408 2220 477 2255 pter
492 2215 692 2244 honestatem
710 2215 871 2254 quandam
894 2217 995 2256 magis
1019 2226 1116 2256 quam
1132 2222 1264 2257 propter
1281 2216 1476 2253 affinitatem,

407 2259 481 2289 ideo
512 2268 615 2289 canon
631 2260 648 2275 θ’
672 2258 764 2290 dicit:
796 2260 889 2291 Duas
920 2261 1240 2302 consanguineorum
1273 2271 1394 2292 uxores
1421 2262 1479 2292 uni

407 2304 478 2334 viro
502 2304 638 2334 alteram
657 2309 734 2344 post
756 2305 892 2335 alteram
918 2306 1037 2336 nubere
1057 2306 1208 2346 publicae
1230 2306 1407 2337 honestatis
1430 2307 1478 2337 iu-

407 2348 513 2379 stitiae
536 2347 739 2379 contradicit.
754 2367 778 2371 —
801 2349 863 2380 Sed
886 2350 956 2380 talis
980 2350 1153 2391 prohibitio
1177 2361 1265 2381 nunc
1289 2351 1431 2381 cessavit.

462 2393 512 2422 An
529 2403 691 2423 saeonnon
715 2403 874 2424 memnon
899 2395 998 2435 quod,
1016 2396 1161 2435 quamvis
1184 2395 1316 2426 carnalis
1341 2396 1477 2426 coniun-

408 2438 471 2468 ctio
496 2438 687 2477 coniungat,
712 2447 779 2468 non
803 2444 910 2469 tamen
941 2440 1056 2470 eodem
1087 2450 1202 2480 genere
1227 2441 1476 2471 coniunctionis.

462 2482 513 2511 An
537 2492 671 2512 marion
695 2492 855 2513 memnon
879 2484 968 2524 quod
991 2494 1073 2515 uxor
1095 2485 1153 2515 viri
1175 2479 1310 2515 efficitur
1333 2484 1476 2515 eiusdem

408 2526 590 2556 attinentiae
623 2536 698 2557 cum
722 2529 967 2568 consanguineis
996 2529 1055 2559 viri
1085 2535 1243 2570 quantum
1274 2529 1313 2560 ad
1337 2529 1477 2560 eundem

408 2570 551 2611 gradum,
569 2570 625 2601 sed
647 2581 714 2601 non
739 2578 895 2611 quantum
919 2573 957 2603 ad
981 2573 1066 2604 idem
1090 2575 1274 2604 attinentiae
1297 2584 1409 2614 genus.

463 2614 525 2645 San
550 2625 624 2645 oola
649 2626 686 2646 ex
709 2616 884 2647 rationibus
909 2627 991 2658 quae
1015 2619 1047 2648 in
1073 2619 1261 2659 oppositum
1280 2618 1477 2649 inducuntur

408 2658 532 2689 videtur
555 2660 679 2691 ostendi
704 2660 792 2701 quod
815 2662 941 2692 nullum
969 2663 1135 2694 vinculum
1159 2673 1197 2694 ex
1221 2663 1371 2694 affinitate
1401 2673 1476 2694 cau-

408 2708 503 2740 setur,
520 2703 559 2734 ad
575 2704 649 2734 alias
672 2706 810 2736 rationes
825 2706 1086 2746 respondendum
1111 2713 1172 2738 est:
1198 2718 1239 2738 ne
1262 2709 1393 2749 antiqua
1414 2708 1475 2739 Ec-

408 2748 521 2779 clesiae
543 2749 717 2788 prohibitio
741 2751 961 2782 irrationabilis
985 2752 1137 2783 videatur.

461 2793 512 2823 An
537 2803 685 2824 ooAan
700 2795 717 2811 ³*
741 2805 910 2832 memnon,
928 2796 1017 2836 quod
1040 2797 1156 2827 mulier
1179 2807 1247 2828 non
1272 2797 1407 2828 efficitur
1429 2797 1475 2828 af-

406 2836 478 2867 finis
501 2838 534 2867 in
557 2838 662 2877 primo
685 2848 802 2879 genere
824 2841 893 2870 viro
918 2842 969 2871 cui
998 2842 1205 2882 coniungitur
1229 2842 1413 2879 carnaliter,
1438 2847 1474 2872 ut

407 2891 444 2912 ex
460 2881 626 2921 praedictis
642 2884 659 2900 ⁴*
675 2889 770 2923 patet.
796 2884 890 2915 Unde
907 2892 1142 2926 consequenter
1158 2886 1209 2916 alii
1229 2887 1355 2917 mulieri
1372 2897 1389 2917 a
1404 2887 1473 2917 viro

407 2926 523 2956 eodem
555 2928 701 2967 cognitae
732 2939 800 2959 non
825 2928 958 2960 efficitur
991 2930 1092 2961 affinis
1116 2931 1149 2961 in
1173 2931 1316 2962 secundo
1346 2941 1473 2971 genere.

406 2970 499 3001 Unde
523 2980 583 3001 nec
607 2971 735 3003 ducenti
759 2974 792 3003 in
816 2983 950 3004 uxorem
979 2985 1078 3005 unam
1109 2985 1219 3006 earum
1250 2975 1384 3006 efficitur
1414 2976 1474 3006 alia

406 3014 506 3045 affinis
529 3015 563 3045 in
586 3017 679 3047 tertio
695 3027 811 3057 genere
835 3018 1003 3050 affinitatis.
1028 3020 1069 3050 Et
1084 3020 1126 3049 ita
1150 3019 1228 3050 duas
1252 3021 1402 3051 mulieres
1419 3030 1474 3051 co—

406 3059 507 3098 gnitas
530 3060 568 3089 ab
593 3061 708 3092 eodem
732 3063 800 3092 viro
828 3072 887 3093 nec
916 3064 1046 3104 antiqua
1069 3065 1137 3094 iura
1161 3065 1265 3095 eidem
1296 3066 1473 3096 successive

408 3104 551 3144 copulari
574 3106 796 3145 prohibebant.

1065 226 1329 274 QUAESTIO
1359 226 1440 271 LV,
1467 225 1760 262 ARTICULUS
1789 225 1937 268 V1,V11

1529 304 1607 334 dum
1630 305 1761 344 antiqua
1784 304 1861 338 iura,
1879 303 1958 333 mihi
1974 303 2197 343 proveniebat:
2223 303 2298 343 quia
2314 303 2398 334 filius
2415 304 2483 334 eius
2503 304 2598 334 etiam

1530 358 1567 379 ex
1590 349 1653 378 alio
1677 349 1745 378 viro
1770 347 1904 378 efficitur
1927 348 2006 378 mihi
2030 347 2131 378 affinis
2155 348 2188 377 in
2212 347 2328 378 eodem
2350 357 2477 388 genere,
2494 348 2550 378 sed
2565 349 2599 379 in

1529 393 1591 423 alio
1616 392 1725 433 gradu,
1742 398 1778 422 ut
1802 402 1840 422 ex
1863 392 1971 432 regula
1995 392 2082 432 prius
2098 393 2115 408 θ
2139 391 2211 421 data
2229 397 2331 431 patet;
2357 397 2388 422 et
2410 393 2527 423 iterum
2550 402 2599 423 se—

1530 437 1654 467 cundus
1679 438 1725 466 vir
1749 437 1816 467 eius
1848 436 1982 466 efficitur
2013 436 2092 466 mihi
2116 435 2217 466 affinis
2241 437 2274 466 in
2298 436 2441 467 secundo
2470 446 2598 477 genere.

1497 490 1505 510 ς
1530 481 1593 512 Sed
1616 481 1666 511 alii
1691 481 1922 521 consanguinei
1946 481 2030 511 illius
2053 481 2195 511 mulieris
2218 490 2287 511 non
2315 480 2532 521 adiunguntur
2556 482 2598 512 ei:

1529 525 1585 556 sed
1607 526 1676 565 ipsa
1694 525 1745 555 vel
1761 525 1943 565 adiungitur
1959 526 2013 561 eis,
2031 526 2113 555 sicut
2135 525 2215 565 patri
2240 530 2271 555 et
2286 526 2389 561 matri,
2405 526 2599 565 inquantum

1529 570 1674 610 procedit
1698 571 1735 600 ab
1760 571 1820 606 eis3
1850 570 1900 600 vel
1924 570 2083 610 principio
2108 568 2305 606 eorundem,
2330 570 2412 600 sicut
2441 569 2599 601 fratribus.

1529 614 1624 645 Unde
1647 614 1741 644 frater
1757 614 1858 644 affinis
1881 624 1980 650 meae,
1996 615 2047 644 vel
2071 619 2169 655 pater,
2186 623 2254 644 non
2274 613 2410 645 efficitur
2431 615 2511 645 mihi
2534 614 2600 645 affi-

1529 661 1578 690 nis
1602 660 1636 689 in
1659 659 1769 699 aliquo
1793 668 1919 699 genere.

1618 734 1717 764 ART.
1734 734 1787 764 VI.
1812 744 1916 764 orizon
1939 744 2099 764 arrml‘ras
2123 743 2341 764 narmnomon
2365 743 2511 764 rnranmr

1879 785 1910 806 lv
1926 784 2000 812 Sent„
2016 785 2069 807 dist.
2083 791 2163 811 xxxiv,
2178 788 2221 807 art.
2235 791 2255 813 5.

1593 851 1614 871 n
1645 851 1764 871 saxron
1795 851 1841 871 s1e
1864 850 2069 871 pnoeznrroa.
2097 840 2233 871 Videtur
2260 839 2350 880 quod
2377 839 2510 870 affinitas
2533 850 2601 871 ma-

1532 853 1781 916 Atrimonium
1818 895 1885 915 non
1915 885 2077 925 impediat.
2113 885 2200 915 Nihil
2224 885 2311 915 enim
2331 884 2466 925 impedit
2493 886 2602 916 matri-

1490 937 1512 956 15
1529 931 1678 960 monium
1702 931 1763 960 nisi
1786 929 1874 970 quod
1899 935 1946 960 est
1975 930 2020 960 illi
2044 930 2249 960 contrarium.
2281 929 2344 960 Sed
2375 928 2509 960 affinitas
2531 940 2601 962 non

1530 975 1739 1005 contrariatur
1761 975 1985 1004 matrimonio:
2011 984 2086 1005 cum
2110 975 2149 1004 sit
2171 973 2302 1005 effectus
2321 975 2399 1005 eius.
2424 975 2510 1015 Ergo
2533 985 2601 1006 non

1530 1019 1664 1058 impedit
1687 1019 1939 1049 matrimonium.

1588 1072 1616 1092 2.
1642 1063 1838 1099 patrumm,
1855 1073 1937 1093 uxor
1952 1072 2009 1103 per
2024 1063 2266 1094 matrimonium
2283 1063 2418 1094 efficitur
2433 1073 2482 1095 res
2503 1074 2601 1105 quae-

1531 1106 1604 1136 dam
1620 1108 1688 1137 viri.
1709 1107 1772 1137 Sed
1788 1108 2018 1147 consanguinei
2035 1107 2178 1138 defuncti
2190 1108 2248 1138 viri
2264 1108 2442 1139 succedunt
2457 1109 2490 1139 in
2506 1109 2601 1139 rebus

1491 1155 1517 1170 ²⁰
1531 1151 1599 1180 eius
1615 1151 1641 1180 *.
1667 1151 1752 1190 Ergo
1775 1157 1912 1191 possunt
1927 1151 2098 1182 succedere
2114 1152 2148 1182 in
2164 1162 2275 1183 uxore.
2303 1153 2355 1183 Ad
2371 1163 2469 1194 quam
2493 1159 2601 1184 tamen

1530 1200 1639 1225 manet
1654 1194 1798 1231 affinitas,
1815 1200 1851 1225 ut
1867 1201 2032 1226 ostensum
2052 1201 2099 1226 est
2112 1197 2139 1226 ἦ
2164 1197 2250 1237 Ergo
2267 1196 2401 1228 affinitas
2416 1208 2484 1229 non
2499 1199 2602 1239 impe-

1531 1238 1577 1269 dit
1599 1240 1852 1270 matrimonium.

1587 1283 1649 1314 San
1674 1294 1797 1314 CONTRA
1821 1294 1875 1314 asr
1900 1284 1990 1324 quod
2013 1283 2128 1315 dicitur
2147 1285 2340 1315 Ladan-111
2354 1287 2388 1316 *z
2416 1286 2602 1327 Turpitudi-

1531 1337 1603 1358 nem
1627 1329 1742 1359 uxoris
1759 1329 1868 1369 patris
1892 1329 1939 1359 tui
1962 1338 2027 1359 non
2048 1329 2213 1360 revelabis.
2246 1329 2309 1360 Sed
2331 1330 2385 1360 illa
2408 1336 2455 1361 est
2477 1336 2603 1362 tantum

1491 1381 1514 1400 25
1531 1372 1643 1403 affinis.
1667 1373 1753 1413 Ergo
1777 1373 1911 1404 affinitas
1934 1373 2070 1414 impedit
2092 1374 2345 1405 matrimonium.

1585 1417 1775 1448 Responnao
1807 1428 1968 1448 memnon
2002 1417 2091 1459 quod
2114 1418 2248 1449 affinitas
2278 1419 2473 1459 praecedens
2495 1421 2603 1451 matri-

1530 1463 1679 1492 monium
1709 1462 1844 1503 impedit
1879 1462 2135 1494 contrahendum
2173 1469 2205 1494 et
2235 1463 2354 1494 dirimit
2384 1470 2602 1496 contractum:

1531 1506 1644 1537 eadem
1659 1508 1782 1538 ratione
1799 1517 1863 1548 qua
1879 1513 1910 1538 et
1926 1508 2185 1548 consanguinitas
2195 1509 2221 1538 *ἦ
2243 1508 2332 1539 Sicut
2348 1510 2434 1540 enim
2449 1510 2533 1540 inest
2546 1518 2604 1541 ne-

1531 1552 1658 1582 cessitas
1682 1552 1841 1592 quaedam
1872 1553 2076 1584 cohabitandi
2107 1553 2354 1594 consanguineis
2377 1554 2418 1585 ad
2445 1555 2602 1592 invicem,

1493 1603 1518 1623 ³⁰
1531 1597 1574 1626 ita
1597 1601 1629 1626 et
1652 1596 1808 1627 affinibus.
1833 1597 1875 1627 Et
1898 1598 1980 1628 sicut
2003 1603 2050 1628 est
2073 1598 2239 1638 quoddam
2255 1599 2413 1630 amicitiae
2435 1599 2604 1630 vinculum

1531 1641 1613 1671 inter
1629 1642 1897 1682 consanguineos,
1914 1642 1956 1672 ita
1980 1642 2061 1673 inter
2077 1642 2196 1674 affines.
2213 1657 2240 1665 —-
2258 1642 2322 1674 Sed
2345 1644 2371 1674 si
2387 1643 2521 1675 affinitas
2535 1653 2604 1675 ma-

1531 1686 1684 1716 trimonio
1701 1687 1913 1726 superveniat,
1926 1696 1993 1717 non
2010 1692 2117 1728 potest
2132 1688 2239 1728 ipsum
2254 1687 2412 1725 dirimere,
2429 1694 2465 1720 ut
2479 1698 2575 1730 supra
2586 1690 2604 1707 ⁹

1532 1729 1654 1760 dictum
1678 1735 1734 1761 est.

1587 1775 1638 1805 An
1661 1785 1779 1805 Parnon
1802 1785 1885 1806 aneo
1909 1786 2070 1806 memnon
2086 1776 2176 1817 quod
2195 1776 2330 1807 affinitas
2343 1787 2411 1808 non
2432 1779 2604 1809 contraria-

1493 1824 1515 1844 τε
1531 1824 1583 1849 tur
1598 1820 1804 1850 matrimonio
1822 1830 1859 1850 ex
1876 1829 1943 1860 quo
1960 1826 2123 1851 causatur:
2147 1821 2203 1852 sed
2219 1822 2428 1852 contrariatur
2439 1823 2603 1854 matrimo-

1532 1864 1588 1894 nio
1605 1864 1694 1903 quod
1719 1874 1794 1894 cum
1818 1864 1911 1895 affine
1935 1865 2190 1896 contrahendum
2214 1872 2305 1903 esset,
2327 1867 2521 1907 inquantum
2543 1868 2604 1898 im-

1532 1907 1655 1948 pediret
1678 1909 1980 1949 multiplicationem
2011 1911 2168 1941 amicitiae
2192 1916 2223 1941 et
2251 1913 2532 1952 concupiscentiae
2555 1922 2604 1943 re-

1532 1953 1740 1993 pressionem,
1758 1963 1841 1993 quae
1865 1964 1922 1994 per
1944 1955 2186 1986 matrimonium
2211 1962 2418 1996 quaeruntur.

1587 1997 1638 2027 An
1663 2007 1825 2027 saeonnon
1855 2008 2016 2029 memnon
2036 1999 2126 2039 quod
2149 2009 2198 2030 res
2213 2010 2379 2040 possessae
2403 2011 2421 2031 a
2442 2001 2512 2031 viro
2535 2011 2603 2033 non

1493 2051 1519 2071 40
1533 2041 1715 2072 efficiuntur
1738 2042 1859 2082 aliquid
1881 2053 1985 2073 unum
2009 2053 2084 2074 curn
2108 2045 2179 2084 ipso
2203 2045 2282 2081 viro,
2300 2045 2382 2075 sicut
2401 2055 2483 2076 uxor
2507 2045 2603 2077 effici-

1532 2091 1584 2116 tur
1608 2095 1674 2116 una
1698 2096 1776 2116 caro
1794 2087 1810 2103 ὓ
1834 2097 1910 2117 cum
1930 2088 2011 2127 ipso.
2036 2087 2140 2124 Unde,
2158 2089 2240 2119 sicut
2263 2091 2523 2130 consanguinitas
2544 2091 2606 2122 im-

1532 2129 1621 2170 pedit
1644 2131 1909 2162 coniunctionem
1933 2131 1972 2162 ad
1995 2133 2110 2168 virum,
2127 2134 2169 2163 ita
2193 2138 2224 2163 et
2248 2133 2287 2164 ad
2311 2143 2446 2165 uxorem
2469 2135 2537 2166 viri.

1685 2197 1785 2228 ART.
1802 2198 1870 2228 VII.
1895 2208 2001 2229 orizon
2022 2209 2184 2230 AFFINITAS
2207 2210 2331 2230 ΗΛΒΕΑΤ
2354 2211 2449 2231 arun

1895 2253 1953 2273 raa
1977 2253 2101 2274 samsan
2126 2254 2247 2275 omnos

1507 2272 1516 2292 5

1534 2317 1617 2381 An
1641 2318 1793 2338 sammon
1817 2318 1863 2339 sre
1885 2318 2091 2340 PRoeanr'roR.
2115 2309 2250 2341 Videtur
2273 2310 2363 2351 quod
2388 2310 2522 2342 affinitas
2546 2311 2602 2342 ha-

1597 2353 1670 2382 beat
1700 2353 1795 2383 etiam
1819 2363 1877 2394 per
1899 2353 2035 2394 seipsam
2059 2354 2184 2394 gradus.
2215 2354 2395 2386 Cuiuslibet
2418 2356 2505 2386 enim
2528 2365 2604 2397 pro-

1531 2397 1717 2437 pinquitatis
1737 2403 1784 2428 est
1802 2398 1946 2438 accipere
1966 2398 2092 2439 aliquos
2110 2408 2168 2439 per
2186 2409 2219 2430 se
2242 2399 2367 2440 gradus.
2393 2399 2455 2431 Sed
2471 2400 2604 2431 affinitas

1531 2442 1755 2482 propinquitas
1779 2442 1937 2483 quaedam
1957 2448 2013 2473 est.
2038 2443 2124 2483 Ergo
2144 2444 2239 2474 habet
2261 2444 2377 2484 gradus
2392 2453 2450 2485 per
2473 2455 2517 2482 se,
2533 2446 2603 2476 sine

1492 2494 1518 2514 5⁰
1530 2486 1680 2526 gradibus
1704 2487 1998 2527 consanguinitatis,
2015 2497 2053 2518 ex
2077 2489 2194 2528 quibus
2218 2494 2374 2519 causatur.

1588 2540 1617 2561 2.
1642 2531 1839 2567 PaaarannA,
1855 2532 1889 2562 in
1905 2531 2007 2562 littera
2022 2533 2039 2549 *
2060 2532 2175 2563 dicitur
2191 2533 2280 2574 quod
2295 2534 2423 2564 soboles
2443 2534 2604 2565 secundae

1530 2575 1769 2606 coniunctionis
1785 2586 1850 2606 non
1860 2581 1971 2616 potest
1993 2577 2135 2608 transire
2151 2577 2194 2608 ad
2216 2579 2416 2609 consortium
2432 2578 2604 2620 affinitatis

1529 2620 1653 2657 prioris
1676 2621 1748 2651 viri.
1773 2620 1836 2651 Sed
1858 2621 1921 2651 hoc
1940 2631 2008 2652 non
2032 2628 2115 2653 esset
2129 2623 2190 2653 nisi
2213 2622 2298 2653 filius
2321 2622 2423 2654 affinis
2442 2624 2539 2655 etiam
2554 2633 2603 2654 es-

1530 2669 1579 2694 set
1601 2664 1712 2696 affinis.
1737 2665 1823 2706 Ergo
1847 2665 1982 2696 affinitas
2004 2666 2099 2697 habet
2121 2677 2180 2708 per
2203 2677 2236 2698 se
2259 2667 2394 2708 gradus,
2418 2669 2501 2699 sicut
2524 2677 2603 2700 con·-

1491 2717 1514 2738 55
1530 2710 1736 2749 sanguinitas

1586 2754 1649 2785 San
1673 2764 1807 2791 comm,
1825 2754 1958 2785 affinitas
1982 2765 2021 2786 ex
2039 2757 2316 2797 consanguinitate
2335 2762 2492 2788 causatur.
2515 2757 2602 2798 Ergo

1530 2805 1562 2828 et
1585 2808 1699 2829 omnes
1722 2798 1837 2839 gradus
1862 2798 2020 2830 affinitatis
2044 2806 2214 2832 causantur
2233 2811 2271 2831 ex
2293 2801 2443 2842 gradibus
2466 2811 2602 2832 consan-

1529 2843 1701 2883 guinitatis.
1726 2844 1767 2874 Et
1790 2844 1835 2874 sic
1858 2853 1926 2874 non
1950 2845 2045 2875 habet
2067 2855 2125 2886 per
2147 2855 2181 2876 se
2205 2846 2331 2886 aliquos
2354 2846 2480 2886 gradus.

1584 2888 1775 2918 Rusponnao
1799 2898 1959 2919 memnon
1983 2889 2073 2930 quod
2103 2899 2153 2920 res
2175 2899 2243 2921 non
2268 2890 2417 2921 dividitur
2445 2890 2602 2922 divisione

1488 2938 1516 2958 6ο
1528 2941 1587 2972 per
1618 2942 1652 2963 se
1675 2933 1733 2963 nisi
1765 2933 1888 2963 ratione
1918 2934 2002 2964 illius
2031 2934 2122 2975 quod
2145 2935 2301 2976 competit
2331 2935 2390 2965 sibi
2421 2934 2601 2966 secundum

1528 2986 1630 3017 genus
1646 2987 1742 3007 suum
1758 2978 1790 3007 ἐ
1811 2978 1894 3008 sicut
1909 2978 2025 3008 animal
2041 2988 2098 3020 per
2113 2979 2266 3010 rationale
2283 2984 2315 3010 et
2329 2979 2520 3016 irrationale,
2532 2989 2601 3011 non

1529 3026 1637 3052 autem
1661 3031 1718 3062 per
1733 3022 1842 3052 album
1867 3027 1898 3053 et
1913 3023 2050 3063 nigrum.
2077 3023 2190 3054 Carnis
2213 3029 2321 3054 autem
2336 3024 2526 3064 propagatio
2542 3034 2601 3066 per

1528 3075 1562 3096 se
1587 3072 1790 3107 comparatur
1806 3066 1845 3097 ad
1869 3068 2190 3108 consanguinitatem,
2208 3069 2283 3108 quia
2299 3077 2337 3099 ex
2361 3078 2397 3098 ea
2417 3068 2601 3100 immediate

1529 3111 1812 3151 consanguinitatis
1836 3112 2002 3142 vinculum
2030 3113 2243 3143 contrahitur:
2272 3112 2328 3143 sed
2351 3112 2391 3143 ad
2415 3112 2601 3145 affinitatem

462 3148 511 3178 At>
537 3159 676 3180 QUINTUM
692 3151 709 3167 ³*
732 3161 891 3181 memnon
920 3152 1019 3192 quod,
1037 3153 1118 3183 sicut
1134 3154 1181 3183 vir
1200 3163 1268 3184 non
1293 3160 1339 3184 est
1371 3153 1474 3185 affinis
1487 3159 1512 3186 65
1528 3165 1596 3186 non
1620 3161 1823 3196 comparatur
1845 3156 1906 3186 nisi
1935 3155 2096 3188 mediante
2127 3157 2421 3197 consanguinitate,
2446 3167 2530 3198 quae
2553 3163 2601 3190 est

407 3193 499 3222 uxori
515 3202 589 3223 suae
612 3194 645 3224 in
661 3195 765 3234 primo
785 3204 910 3235 genere,
927 3197 969 3227 ita
985 3206 1045 3228 nec
1062 3197 1196 3228 efficitur
1212 3197 1314 3229 affinis
1329 3199 1473 3230 secundo

408 3236 475 3266 viro
499 3237 642 3310 ediusdem
665 3240 772 3269 uxoris
795 3240 828 3269 in
853 3240 995 3271 secundo
1019 3251 1145 3282 genere.
1171 3242 1211 3272 Et
1234 3243 1279 3273 sic
1303 3243 1382 3274 ratio
1405 3253 1474 3274 non

408 3289 505 3319 proce
529 3282 562 3312 it.

463 3325 513 3354 An
538 3335 656 3356 saxron
672 3337 830 3357 memnon
842 3329 859 3344 ⁴*
875 3328 965 3368 quod
980 3329 1141 3361 mediante
1164 3341 1228 3361 una
1244 3341 1382 3371 persona
1405 3342 1473 3363 non

1529 3209 1623 3230 causa
1648 3201 1725 3230 eius.
1751 3200 1855 3237 Unde,
1872 3210 1947 3231 cum
1970 3200 2086 3242 gradus
2109 3201 2292 3231 attinentiae
2315 3211 2372 3241 per
2395 3203 2600 3243 propagatio-

1528 3254 1604 3275 nem
1617 3245 1719 3274 carnis
1735 3243 1970 3285 distinguantur
1978 3246 2005 3282 ’‚
2019 3244 2179 3276 distinctio
2195 3245 2353 3286 graduum
2369 3255 2427 3286 per
2442 3256 2476 3277 se
2493 3253 2524 3278 et
2538 3247 2599 3278 im-

1528 3288 1666 3319 mediate
1691 3289 1846 3329 competit
1877 3289 2160 3330 consanguinitati,
2185 3289 2240 3320 sed
2268 3289 2409 3321 affinitati
2438 3291 2599 3323 mediante

1529 3334 1815 3374 consanguinitate.
1839 3333 1881 3364 Et
1895 3333 1969 3364 ideo
1993 3333 2033 3364 ad
2055 3333 2286 3365 inveniendum
2301 3335 2417 3375 gradus
2440 3335 2599 3367 affinitatis

410 3369 614 3409 coniungitur
629 3371 707 3400 mihi
723 3371 782 3401 alia
798 3372 858 3402 nisi
875 3382 911 3402 ex
928 3373 990 3403 hoc
1012 3374 1101 3414 quod
1118 3375 1147 3405 ei
1159 3375 1351 3416 adiungitur.
1369 3376 1473 3413 Unde,
1488 3387 1515 3408 7⁰
1529 3383 1576 3408 est
1598 3378 1707 3418 regula
1734 3378 1889 3418 generalis
1919 3377 2026 3419 quod,
2051 3383 2155 3419 quoto
2182 3378 2282 3419 gradu
2316 3381 2599 3421 consanguinitatis

410 3412 568 3443 mediante
591 3415 723 3445 muliere
747 3425 829 3455 quae
853 3417 931 3447 mihi
955 3423 1001 3447 est
1024 3418 1142 3455 affinis,
1168 3420 1255 3450 nulla
1278 3429 1415 3460 persona
1438 3420 1474 3452 fit

410 3456 488 3486 mihi
512 3457 646 3488 attinens
669 3459 729 3488 nisi
752 3469 834 3499 quae
857 3460 902 3490 illi
925 3461 1051 3492 mulieri
1067 3462 1258 3503 adiungitur.
1283 3464 1382 3503 Quod
1405 3475 1474 3496 non

410 3505 515 3539 potest
539 3510 606 3531 esse
621 3502 682 3532 nisi
704 3512 761 3542 per
777 3504 877 3533 carnis
893 3507 1156 3545 propagationem
1174 3517 1211 3538 ex
1230 3509 1308 3548 ipsa,
1325 3509 1374 3540 vel
1398 3519 1473 3550 pro-

410 3549 480 3583 pter
504 3546 766 3576 coniunctionem
796 3548 1062 3579 matrimonialem
1086 3550 1125 3580 ad
1149 3561 1228 3582 eam.
1264 3553 1305 3583 Et
1333 3559 1472 3594 utroque

1528 3422 1640 3452 attinet
1662 3422 1742 3452 mihi
1765 3422 1821 3458 vir,
1838 3427 1908 3452 toto
1932 3421 2032 3463 gradu
2051 3422 2209 3453 affinitatis
2233 3424 2344 3454 attinet
2359 3424 2439 3455 mihi
2461 3434 2552 3455 uxor.

1583 3466 1634 3496 An
1665 3476 1783 3496 Pmnon
1805 3476 1888 3497 nano
1912 3476 2073 3497 nxeaunon
2100 3467 2191 3508 quod
2213 3467 2328 3508 gradus
2351 3468 2384 3499 in
2407 3469 2598 3510 propinqui-

1527 3515 1592 3541 tate
1615 3511 1798 3541 attinentiae
1821 3520 1889 3541 non
1911 3516 2048 3551 possunt
2071 3512 2172 3552 accipi
2195 3513 2256 3543 nisi
2279 3511 2458 3543 secundum
2489 3522 2597 3544 ascen-

1527 3564 1600 3585 sum
1624 3560 1655 3585 et
1679 3554 1868 3585 descensum
1892 3556 2142 3596 propagationis.
2177 3556 2228 3587 Ad
2251 3566 2350 3597 quam
2373 3567 2441 3588 non
2465 3566 2598 3598 compa-

411 3587 510 3618 modo
534 3589 639 3629 aliqua
655 3591 818 3620 attinentia
841 3591 1000 3623 mediante
1017 3594 1176 3633 praedicta
1199 3596 1342 3633 muliere,
1359 3607 1472 3628 secun-
1486 3607 1511 3628 75
1527 3604 1613 3629 ratur
1636 3598 1770 3629 affinitas
1793 3599 1853 3630 nisi
1876 3599 2036 3631 mediante
2061 3601 2345 3641 consanguinitate.
2370 3601 2412 3632 Et
2432 3601 2507 3632 ideo
2529 3611 2598 3632 non

2627 403 2637 414 '¹
2651 404 2703 425 Art.
2725 410 2743 425 ι.

2629 1158 2640 1169 ·
2650 1157 2701 1185 Dig.
2712 1156 2844 1184 XXXVIII,
2872 1161 2874 1166 ’

2628 1190 2676 1211 xvi,
2686 1183 2774 1207 dem:
2781 1184 2844 1206 esse-

2627 1209 2780 1259 ξ’ἱςέῖἒΨ·

2630 1295 2722 1317 ‘Vera-
2737 1294 2759 1318 8.

2630 1689 2706 1718 ‘Qm
2719 1689 2782 1717 1.,ιά
2795 1695 2817 1717 7.

2633 2094 2642 2103 ·
2658 2091 2716 2115 Gen.
2738 2098 2766 2115 ea
2783 2109 2788 2114 .
2811 2098 2847 2120 n,

2631 2125 2693 2142 vern.
2706 2125 2748 2146 κς
2801 2119 2846 2144 tth.

2632 2151 2684 2174 cap.
2693 2152 2743 2173 ιιι,
2752 2152 2812 2168 ven.
2821 2146 2844 2168 6.

2629 2534 2780 2584 wagan-1,
2789 2540 2844 2573 etp.

2628 2986 2639 2997 ·
2652 2985 2752 3010 Armet.
2761 2984 2843 3008 ueta·

2625 3011 2696 3041 phys.
2723 3011 2767 3035 ub.
2791 3012 2842 3041 Vl,

2628 3043 2779 3088 {¹431}ss
2809 3055 2814 3061 '
2830 3050 2844 3095 ”,

2628 3092 2679 3115 lect.
2693 3098 2737 3115 ιιι.

2627 3249 2842 3279 ·Qn.uv,m.=.
