<?xml version="1.0" encoding="UTF-8"?>
<!DOCTYPE html PUBLIC "-//W3C//DTD XHTML 1.0 Transitional//EN"
    "http://www.w3.org/TR/xhtml1/DTD/xhtml1-transitional.dtd">
<html xmlns="http://www.w3.org/1999/xhtml" xml:lang="en" lang="en">
 <head>
  <title>
</title>
<meta http-equiv="Content-Type" content="text/html;charset=utf-8" />
  <meta name='ocr-system' content='tesseract 3.04.00' />
  <meta name='ocr-capabilities' content='ocr_page ocr_carea ocr_par ocr_line ocrx_word'/>
</head>
<body>
  <div class='ocr_page' id='page_1' title='image "./operaomniaiussui12thom/operaomniaiussui12thom_0530.png"; bbox 0 0 2878 4088; ppageno 0'>
   <div class='ocr_carea' id='block_1_1' title="bbox 163 666 240 687">
    <p class='ocr_par' dir='ltr' id='par_1_1' title="bbox 163 666 240 687">
     <span class='ocr_line' id='line_1_1' title="bbox 163 666 240 687; baseline 0 0"><span class='ocrx_word' id='word_1_1' title='bbox 163 667 175 677; x_wconf 72' lang='lat'><em>⁶</em></span> <span class='ocrx_word' id='word_1_2' title='bbox 189 666 240 687; x_wconf 80' lang='lat' dir='ltr'>Art.</span> 
     </span>
    </p>
   </div>
   <div class='ocr_carea' id='block_1_2' title="bbox 253 670 275 687">
    <p class='ocr_par' dir='ltr' id='par_1_2' title="bbox 253 670 275 687">
     <span class='ocr_line' id='line_1_2' title="bbox 253 670 275 687; baseline 0 0"><span class='ocrx_word' id='word_1_3' title='bbox 253 670 275 687; x_wconf 79' lang='lat'>2.</span> 
     </span>
    </p>
   </div>
   <div class='ocr_carea' id='block_1_3' title="bbox 402 179 1913 235">
    <p class='ocr_par' dir='ltr' id='par_1_3' title="bbox 402 179 1913 235">
     <span class='ocr_line' id='line_1_3' title="bbox 402 179 1913 235; baseline -0.007 -11"><span class='ocrx_word' id='word_1_4' title='bbox 402 198 451 235; x_wconf 90' lang='lat'>70</span> <span class='ocrx_word' id='word_1_5' title='bbox 1063 185 1324 233; x_wconf 91' lang='lat' dir='ltr'>QUAESTIO</span> <span class='ocrx_word' id='word_1_6' title='bbox 1353 182 1539 228; x_wconf 78' lang='lat' dir='ltr'>XXXVII,</span> <span class='ocrx_word' id='word_1_7' title='bbox 1559 179 1850 217; x_wconf 89' lang='lat' dir='ltr'>ARTICULUS</span> <span class='ocrx_word' id='word_1_8' title='bbox 1878 179 1913 215; x_wconf 94' lang='lat' dir='ltr'>V</span> 
     </span>
    </p>
   </div>
   <div class='ocr_carea' id='block_1_4' title="bbox 405 259 1463 307">
    <p class='ocr_par' dir='ltr' id='par_1_4' title="bbox 405 259 1463 307">
     <span class='ocr_line' id='line_1_4' title="bbox 405 259 1463 307; baseline -0.008 -10"><span class='ocrx_word' id='word_1_9' title='bbox 405 276 480 298; x_wconf 89' lang='lat' dir='ltr'>cum</span> <span class='ocrx_word' id='word_1_10' title='bbox 502 267 612 297; x_wconf 88' lang='lat' dir='ltr'>lumen</span> <span class='ocrx_word' id='word_1_11' title='bbox 640 266 806 307; x_wconf 87' lang='lat' dir='ltr'>corporale</span> <span class='ocrx_word' id='word_1_12' title='bbox 834 265 923 306; x_wconf 87' lang='lat' dir='ltr'>quod</span> <span class='ocrx_word' id='word_1_13' title='bbox 953 265 1092 305; x_wconf 87' lang='lat' dir='ltr'>acolythi</span> <span class='ocrx_word' id='word_1_14' title='bbox 1122 263 1284 298; x_wconf 90' lang='lat' dir='ltr'>deferunt,</span> <span class='ocrx_word' id='word_1_15' title='bbox 1309 259 1463 301; x_wconf 88' lang='lat' dir='ltr'>significet</span> 
     </span>
    </p>
   </div>
   <div class='ocr_carea' id='block_1_5' title="bbox 404 310 1463 439">
    <p class='ocr_par' dir='ltr' id='par_1_5' title="bbox 404 310 1463 439">
     <span class='ocr_line' id='line_1_5' title="bbox 404 310 894 351; baseline -0.004 -9"><span class='ocrx_word' id='word_1_16' title='bbox 404 312 515 342; x_wconf 90' lang='lat' dir='ltr'>lumen</span> <span class='ocrx_word' id='word_1_17' title='bbox 538 311 698 351; x_wconf 88' lang='lat' dir='ltr'>spirituale</span> <span class='ocrx_word' id='word_1_18' title='bbox 722 310 894 341; x_wconf 90' lang='lat' dir='ltr'>doctrinae.</span> 
     </span>
     <span class='ocr_line' id='line_1_6' title="bbox 460 346 1463 396; baseline -0.01 -11"><span class='ocrx_word' id='word_1_19' title='bbox 460 365 489 395; x_wconf 90' lang='lat'>9.</span> <span class='ocrx_word' id='word_1_20' title='bbox 513 355 708 391; x_wconf 60' lang='lat' dir='ltr'>mmmm,</span> <span class='ocrx_word' id='word_1_21' title='bbox 724 355 758 385; x_wconf 90' lang='lat' dir='ltr'>in</span> <span class='ocrx_word' id='word_1_22' title='bbox 775 354 919 394; x_wconf 89' lang='lat' dir='ltr'>quolibet</span> <span class='ocrx_word' id='word_1_23' title='bbox 943 358 1015 383; x_wconf 89' lang='lat' dir='ltr'>actu</span> <span class='ocrx_word' id='word_1_24' title='bbox 1039 352 1157 382; x_wconf 89' lang='lat' dir='ltr'>ordinis</span> <span class='ocrx_word' id='word_1_25' title='bbox 1180 348 1348 390; x_wconf 88' lang='lat' dir='ltr'>spiritualis</span> <span class='ocrx_word' id='word_1_26' title='bbox 1370 346 1463 396; x_wconf 42' lang='lat' dir='ltr'>deb-et</span> 
     </span>
     <span class='ocr_line' id='line_1_7' title="bbox 406 390 1461 439; baseline -0.01 -10"><span class='ocrx_word' id='word_1_27' title='bbox 406 408 472 429; x_wconf 88' lang='lat' dir='ltr'>esse</span> <span class='ocrx_word' id='word_1_28' title='bbox 490 399 595 439; x_wconf 90' lang='lat' dir='ltr'>aliqua</span> <span class='ocrx_word' id='word_1_29' title='bbox 609 399 656 428; x_wconf 91' lang='lat' dir='ltr'>vis</span> <span class='ocrx_word' id='word_1_30' title='bbox 672 398 841 439; x_wconf 88' lang='lat' dir='ltr'>spiritualis</span> <span class='ocrx_word' id='word_1_31' title='bbox 865 406 962 438; x_wconf 90' lang='lat' dir='ltr'>quam</span> <span class='ocrx_word' id='word_1_32' title='bbox 985 397 1120 426; x_wconf 87' lang='lat' dir='ltr'>habeant</span> <span class='ocrx_word' id='word_1_33' title='bbox 1143 394 1278 424; x_wconf 91' lang='lat' dir='ltr'>ordinati</span> <span class='ocrx_word' id='word_1_34' title='bbox 1293 400 1368 431; x_wconf 87' lang='lat' dir='ltr'>prae</span> <span class='ocrx_word' id='word_1_35' title='bbox 1384 390 1461 419; x_wconf 82' lang='lat' dir='ltr'>alus.</span> 
     </span>
    </p>
   </div>
   <div class='ocr_carea' id='block_1_6' title="bbox 1517 257 2587 431">
    <p class='ocr_par' dir='ltr' id='par_1_6' title="bbox 1517 257 2587 431">
     <span class='ocr_line' id='line_1_8' title="bbox 1573 257 2587 300; baseline 0.002 -12"><span class='ocrx_word' id='word_1_36' title='bbox 1573 259 1623 288; x_wconf 80' lang='lat' dir='ltr'>An</span> <span class='ocrx_word' id='word_1_37' title='bbox 1648 267 1800 288; x_wconf 73' lang='lat' dir='ltr'>saprnwm</span> <span class='ocrx_word' id='word_1_38' title='bbox 1823 267 1983 287; x_wconf 74' lang='lat' dir='ltr'>DICENDUM</span> <span class='ocrx_word' id='word_1_39' title='bbox 2006 257 2096 297; x_wconf 92' lang='lat' dir='ltr'>quod</span> <span class='ocrx_word' id='word_1_40' title='bbox 2125 257 2307 297; x_wconf 75' lang='lat' dir='ltr'>corporales</span> <span class='ocrx_word' id='word_1_41' title='bbox 2334 263 2423 289; x_wconf 90' lang='lat' dir='ltr'>actus</span> <span class='ocrx_word' id='word_1_42' title='bbox 2447 259 2587 300; x_wconf 90' lang='lat' dir='ltr'>acolythi</span> 
     </span>
     <span class='ocr_line' id='line_1_9' title="bbox 1517 300 2586 342; baseline 0.003 -10"><span class='ocrx_word' id='word_1_43' title='bbox 1517 303 1617 342; x_wconf 87' lang='lat' dir='ltr'>magis</span> <span class='ocrx_word' id='word_1_44' title='bbox 1635 301 1674 331; x_wconf 87' lang='lat' dir='ltr'>de</span> <span class='ocrx_word' id='word_1_45' title='bbox 1689 301 1838 341; x_wconf 82' lang='lat' dir='ltr'>proximo</span> <span class='ocrx_word' id='word_1_46' title='bbox 1864 300 2050 331; x_wconf 87' lang='lat' dir='ltr'>ordinantur</span> <span class='ocrx_word' id='word_1_47' title='bbox 2066 300 2106 331; x_wconf 93' lang='lat' dir='ltr'>ad</span> <span class='ocrx_word' id='word_1_48' title='bbox 2122 306 2229 332; x_wconf 90' lang='lat' dir='ltr'>actum</span> <span class='ocrx_word' id='word_1_49' title='bbox 2252 311 2416 333; x_wconf 89' lang='lat' dir='ltr'>sacrorum</span> <span class='ocrx_word' id='word_1_50' title='bbox 2435 302 2586 335; x_wconf 77' lang='lat' dir='ltr'>ordinum</span> 
     </span>
     <span class='ocr_line' id='line_1_10' title="bbox 1519 346 2585 388; baseline 0.003 -13"><span class='ocrx_word' id='word_1_51' title='bbox 1519 355 1617 385; x_wconf 87' lang='lat' dir='ltr'>quam</span> <span class='ocrx_word' id='word_1_52' title='bbox 1641 350 1729 375; x_wconf 85' lang='lat' dir='ltr'>actus</span> <span class='ocrx_word' id='word_1_53' title='bbox 1754 346 1998 381; x_wconf 83' lang='lat' dir='ltr'>exorcistarum,</span> <span class='ocrx_word' id='word_1_54' title='bbox 2028 346 2173 385; x_wconf 89' lang='lat' dir='ltr'>quamvis</span> <span class='ocrx_word' id='word_1_55' title='bbox 2197 346 2236 376; x_wconf 92' lang='lat' dir='ltr'>sit</span> <span class='ocrx_word' id='word_1_56' title='bbox 2259 346 2368 386; x_wconf 91' lang='lat' dir='ltr'>aliquo</span> <span class='ocrx_word' id='word_1_57' title='bbox 2396 347 2497 378; x_wconf 91' lang='lat' dir='ltr'>modo</span> <span class='ocrx_word' id='word_1_58' title='bbox 2521 348 2585 388; x_wconf 94' lang='lat' dir='ltr'>spi-</span> 
     </span>
     <span class='ocr_line' id='line_1_11' title="bbox 1517 389 2585 431; baseline 0.004 -12"><span class='ocrx_word' id='word_1_59' title='bbox 1517 389 1656 419; x_wconf 90' lang='lat' dir='ltr'>ritualis:</span> <span class='ocrx_word' id='word_1_60' title='bbox 1689 389 1764 428; x_wconf 90' lang='lat' dir='ltr'>quia</span> <span class='ocrx_word' id='word_1_61' title='bbox 1787 389 1927 429; x_wconf 90' lang='lat' dir='ltr'>acolythi</span> <span class='ocrx_word' id='word_1_62' title='bbox 1954 389 2073 419; x_wconf 88' lang='lat' dir='ltr'>habent</span> <span class='ocrx_word' id='word_1_63' title='bbox 2102 390 2315 420; x_wconf 89' lang='lat' dir='ltr'>ministerium</span> <span class='ocrx_word' id='word_1_64' title='bbox 2338 400 2434 431; x_wconf 89' lang='lat' dir='ltr'>super</span> <span class='ocrx_word' id='word_1_65' title='bbox 2455 401 2529 423; x_wconf 88' lang='lat' dir='ltr'>vasa</span> <span class='ocrx_word' id='word_1_66' title='bbox 2551 393 2585 423; x_wconf 88' lang='lat' dir='ltr'>in</span> 
     </span>
    </p>
   </div>
   <div class='ocr_carea' id='block_1_7' title="bbox 405 433 2583 483">
    <p class='ocr_par' dir='ltr' id='par_1_7' title="bbox 405 433 2583 483">
     <span class='ocr_line' id='line_1_12' title="bbox 405 433 2583 483; baseline -0.003 -10"><span class='ocrx_word' id='word_1_67' title='bbox 405 443 468 474; x_wconf 88' lang='lat' dir='ltr'>Sed</span> <span class='ocrx_word' id='word_1_68' title='bbox 490 443 523 473; x_wconf 92' lang='lat' dir='ltr'>in</span> <span class='ocrx_word' id='word_1_69' title='bbox 546 443 710 483; x_wconf 85' lang='lat' dir='ltr'>apertione</span> <span class='ocrx_word' id='word_1_70' title='bbox 734 448 764 473; x_wconf 92' lang='lat' dir='ltr'>et</span> <span class='ocrx_word' id='word_1_71' title='bbox 788 442 950 472; x_wconf 86' lang='lat' dir='ltr'>clausione</span> <span class='ocrx_word' id='word_1_72' title='bbox 974 441 1128 470; x_wconf 91' lang='lat' dir='ltr'>ostiorum</span> <span class='ocrx_word' id='word_1_73' title='bbox 1147 447 1214 468; x_wconf 93' lang='lat' dir='ltr'>non</span> <span class='ocrx_word' id='word_1_74' title='bbox 1229 436 1347 466; x_wconf 89' lang='lat' dir='ltr'>habent</span> <span class='ocrx_word' id='word_1_75' title='bbox 1370 433 1463 463; x_wconf 89' lang='lat' dir='ltr'>aliam</span> <span class='ocrx_word' id='word_1_76' title='bbox 1485 442 1494 462; x_wconf 83' lang='grc' dir='ltr'>ς</span> <span class='ocrx_word' id='word_1_77' title='bbox 1519 434 1635 473; x_wconf 90' lang='lat' dir='ltr'>quibus</span> <span class='ocrx_word' id='word_1_78' title='bbox 1658 433 1789 463; x_wconf 87' lang='lat' dir='ltr'>materia</span> <span class='ocrx_word' id='word_1_79' title='bbox 1812 434 2000 463; x_wconf 79' lang='lat' dir='ltr'>sacramenti</span> <span class='ocrx_word' id='word_1_80' title='bbox 2025 434 2216 470; x_wconf 85' lang='lat' dir='ltr'>continetur,</span> <span class='ocrx_word' id='word_1_81' title='bbox 2234 439 2392 474; x_wconf 91' lang='lat' dir='ltr'>quantum</span> <span class='ocrx_word' id='word_1_82' title='bbox 2407 435 2447 466; x_wconf 91' lang='lat' dir='ltr'>ad</span> <span class='ocrx_word' id='word_1_83' title='bbox 2461 436 2583 472; x_wconf 90' lang='lat' dir='ltr'>vinum,</span> 
     </span>
    </p>
   </div>
   <div class='ocr_carea' id='block_1_8' title="bbox 404 476 1463 527">
    <p class='ocr_par' dir='ltr' id='par_1_8' title="bbox 404 476 1463 527">
     <span class='ocr_line' id='line_1_13' title="bbox 404 476 1463 527; baseline -0.012 -9"><span class='ocrx_word' id='word_1_84' title='bbox 404 492 595 527; x_wconf 89' lang='lat' dir='ltr'>potestatem</span> <span class='ocrx_word' id='word_1_85' title='bbox 626 487 744 517; x_wconf 89' lang='lat' dir='ltr'>ostiarii</span> <span class='ocrx_word' id='word_1_86' title='bbox 773 495 870 526; x_wconf 87' lang='lat' dir='ltr'>quarn</span> <span class='ocrx_word' id='word_1_87' title='bbox 900 485 952 515; x_wconf 89' lang='lat' dir='ltr'>alii</span> <span class='ocrx_word' id='word_1_88' title='bbox 981 484 1137 513; x_wconf 89' lang='lat' dir='ltr'>homines.</span> <span class='ocrx_word' id='word_1_89' title='bbox 1171 481 1255 519; x_wconf 88' lang='lat' dir='ltr'>Ergo</span> <span class='ocrx_word' id='word_1_90' title='bbox 1279 487 1346 508; x_wconf 91' lang='lat' dir='ltr'>non</span> <span class='ocrx_word' id='word_1_91' title='bbox 1369 476 1463 507; x_wconf 90' lang='lat' dir='ltr'>debet</span> 
     </span>
    </p>
   </div>
   <div class='ocr_carea' id='block_1_9' title="bbox 404 531 1463 612">
    <p class='ocr_par' dir='ltr' id='par_1_9' title="bbox 404 531 1463 612">
     <span class='ocr_line' id='line_1_14' title="bbox 404 531 1437 572; baseline -0.003 -11"><span class='ocrx_word' id='word_1_92' title='bbox 404 531 484 572; x_wconf 91' lang='lat' dir='ltr'>poni</span> <span class='ocrx_word' id='word_1_93' title='bbox 508 536 596 561; x_wconf 90' lang='lat' dir='ltr'>actus</span> <span class='ocrx_word' id='word_1_94' title='bbox 618 532 773 571; x_wconf 91' lang='lat' dir='ltr'>ipsorum.</span> <span class='ocrx_word' id='word_1_95' title='bbox 1226 567 1232 572; x_wconf 45' lang='lat'>·</span> <span class='ocrx_word' id='word_1_96' title='bbox 1431 563 1437 569; x_wconf 45' lang='lat'><strong>·</strong></span> 
     </span>
     <span class='ocr_line' id='line_1_15' title="bbox 460 563 1463 612; baseline -0.014 -6"><span class='ocrx_word' id='word_1_97' title='bbox 460 575 648 605; x_wconf 68' lang='lat' dir='ltr'>Rnsponzo</span> <span class='ocrx_word' id='word_1_98' title='bbox 672 583 830 604; x_wconf 65' lang='lat' dir='ltr'>meantum</span> <span class='ocrx_word' id='word_1_99' title='bbox 854 571 951 612; x_wconf 90' lang='lat' dir='ltr'>quod,</span> <span class='ocrx_word' id='word_1_100' title='bbox 970 579 1043 600; x_wconf 90' lang='lat' dir='ltr'>cum</span> <span class='ocrx_word' id='word_1_101' title='bbox 1060 572 1256 598; x_wconf 84' lang='lat' dir='ltr'>consecrauo</span> <span class='ocrx_word' id='word_1_102' title='bbox 1281 573 1363 604; x_wconf 89' lang='lat' dir='ltr'>quae</span> <span class='ocrx_word' id='word_1_103' title='bbox 1379 563 1415 593; x_wconf 89' lang='lat' dir='ltr'>fit</span> <span class='ocrx_word' id='word_1_104' title='bbox 1429 572 1463 593; x_wconf 91' lang='lat' dir='ltr'>1n</span> 
     </span>
    </p>
   </div>
   <div class='ocr_carea' id='block_1_10' title="bbox 406 607 1462 653">
    <p class='ocr_par' dir='ltr' id='par_1_10' title="bbox 406 607 1462 653">
     <span class='ocr_line' id='line_1_16' title="bbox 406 607 1462 653; baseline -0.013 -3"><span class='ocrx_word' id='word_1_105' title='bbox 406 619 525 650; x_wconf 90' lang='lat' dir='ltr'>ordinis</span> <span class='ocrx_word' id='word_1_106' title='bbox 556 624 769 653; x_wconf 89' lang='lat' dir='ltr'>sacramento,</span> <span class='ocrx_word' id='word_1_107' title='bbox 794 616 956 647; x_wconf 90' lang='lat' dir='ltr'>ordinetur</span> <span class='ocrx_word' id='word_1_108' title='bbox 983 613 1022 643; x_wconf 91' lang='lat' dir='ltr'>ad</span> <span class='ocrx_word' id='word_1_109' title='bbox 1047 615 1280 642; x_wconf 87' lang='lat' dir='ltr'>sacramentum</span> <span class='ocrx_word' id='word_1_110' title='bbox 1310 607 1462 638; x_wconf 90' lang='lat' dir='ltr'>Euchari-</span> 
     </span>
    </p>
   </div>
   <div class='ocr_carea' id='block_1_11' title="bbox 1516 476 2586 650">
    <p class='ocr_par' dir='ltr' id='par_1_11' title="bbox 1517 476 2586 563">
     <span class='ocr_line' id='line_1_17' title="bbox 1518 476 2586 518; baseline 0.005 -12"><span class='ocrx_word' id='word_1_111' title='bbox 1518 476 1608 517; x_wconf 93' lang='lat' dir='ltr'>quod</span> <span class='ocrx_word' id='word_1_112' title='bbox 1623 486 1697 507; x_wconf 91' lang='lat' dir='ltr'>vase</span> <span class='ocrx_word' id='word_1_113' title='bbox 1714 477 1899 507; x_wconf 86' lang='lat' dir='ltr'>continente</span> <span class='ocrx_word' id='word_1_114' title='bbox 1921 477 2043 517; x_wconf 88' lang='lat' dir='ltr'>indiget</span> <span class='ocrx_word' id='word_1_115' title='bbox 2065 483 2197 518; x_wconf 88' lang='lat' dir='ltr'>propter</span> <span class='ocrx_word' id='word_1_116' title='bbox 2219 478 2269 508; x_wconf 92' lang='lat' dir='ltr'>sui</span> <span class='ocrx_word' id='word_1_117' title='bbox 2291 479 2525 511; x_wconf 82' lang='lat' dir='ltr'>humiditatem.</span> <span class='ocrx_word' id='word_1_118' title='bbox 2544 481 2586 511; x_wconf 91' lang='lat' dir='ltr'>Et</span> 
     </span>
     <span class='ocr_line' id='line_1_18' title="bbox 1517 521 2583 563; baseline 0.004 -12"><span class='ocrx_word' id='word_1_119' title='bbox 1517 521 1591 551; x_wconf 88' lang='lat' dir='ltr'>ideo</span> <span class='ocrx_word' id='word_1_120' title='bbox 1608 521 1690 551; x_wconf 91' lang='lat' dir='ltr'>inter</span> <span class='ocrx_word' id='word_1_121' title='bbox 1705 521 1846 551; x_wconf 88' lang='lat' dir='ltr'>minores</span> <span class='ocrx_word' id='word_1_122' title='bbox 1870 521 1997 552; x_wconf 90' lang='lat' dir='ltr'>ordines</span> <span class='ocrx_word' id='word_1_123' title='bbox 2021 521 2101 552; x_wconf 91' lang='lat' dir='ltr'>ordo</span> <span class='ocrx_word' id='word_1_124' title='bbox 2119 522 2343 563; x_wconf 90' lang='lat' dir='ltr'>acolythorum</span> <span class='ocrx_word' id='word_1_125' title='bbox 2366 525 2512 563; x_wconf 79' lang='lat' dir='ltr'>superior</span> <span class='ocrx_word' id='word_1_126' title='bbox 2527 530 2583 555; x_wconf 88' lang='lat' dir='ltr'>est.</span> 
     </span>
    </p>

    <p class='ocr_par' dir='ltr' id='par_1_12' title="bbox 1516 565 2586 650">
     <span class='ocr_line' id='line_1_19' title="bbox 1571 565 2586 608; baseline 0.004 -13"><span class='ocrx_word' id='word_1_127' title='bbox 1571 565 1623 595; x_wconf 84' lang='lat' dir='ltr'>Ar&gt;</span> <span class='ocrx_word' id='word_1_128' title='bbox 1645 575 1792 596; x_wconf 59' lang='lat' dir='ltr'>octavum</span> <span class='ocrx_word' id='word_1_129' title='bbox 1815 575 1974 596; x_wconf 61' lang='lat' dir='ltr'>menapum</span> <span class='ocrx_word' id='word_1_130' title='bbox 1990 565 2080 606; x_wconf 92' lang='lat' dir='ltr'>quod</span> <span class='ocrx_word' id='word_1_131' title='bbox 2096 571 2185 597; x_wconf 89' lang='lat' dir='ltr'>actus</span> <span class='ocrx_word' id='word_1_132' title='bbox 2201 567 2426 608; x_wconf 88' lang='lat' dir='ltr'>acolythorum</span> <span class='ocrx_word' id='word_1_133' title='bbox 2441 578 2475 598; x_wconf 92' lang='lat' dir='ltr'>se</span> <span class='ocrx_word' id='word_1_134' title='bbox 2490 565 2586 599; x_wconf 86' lang='lat' dir='ltr'>hab¹et</span> 
     </span>
     <span class='ocr_line' id='line_1_20' title="bbox 1516 609 2585 650; baseline 0.004 -11"><span class='ocrx_word' id='word_1_135' title='bbox 1516 610 1732 649; x_wconf 89' lang='lat' dir='ltr'>propinquius</span> <span class='ocrx_word' id='word_1_136' title='bbox 1755 609 1795 640; x_wconf 89' lang='lat' dir='ltr'>ad</span> <span class='ocrx_word' id='word_1_137' title='bbox 1818 615 1906 640; x_wconf 92' lang='lat' dir='ltr'>actus</span> <span class='ocrx_word' id='word_1_138' title='bbox 1928 610 2120 650; x_wconf 88' lang='lat' dir='ltr'>principales</span> <span class='ocrx_word' id='word_1_139' title='bbox 2143 611 2346 650; x_wconf 88' lang='lat' dir='ltr'>superiorum</span> <span class='ocrx_word' id='word_1_140' title='bbox 2365 612 2585 643; x_wconf 87' lang='lat' dir='ltr'>ministrorum</span> 
     </span>
    </p>
   </div>
   <div class='ocr_carea' id='block_1_12' title="bbox 405 652 2583 699">
    <p class='ocr_par' dir='ltr' id='par_1_13' title="bbox 405 652 2583 699">
     <span class='ocr_line' id='line_1_21' title="bbox 405 652 2583 699; baseline -0.003 -6"><span class='ocrx_word' id='word_1_141' title='bbox 405 663 493 699; x_wconf 88' lang='lat' dir='ltr'>stiae,</span> <span class='ocrx_word' id='word_1_142' title='bbox 509 668 545 693; x_wconf 91' lang='lat' dir='ltr'>ut</span> <span class='ocrx_word' id='word_1_143' title='bbox 561 663 681 693; x_wconf 91' lang='lat' dir='ltr'>dictum</span> <span class='ocrx_word' id='word_1_144' title='bbox 697 667 743 692; x_wconf 87' lang='lat' dir='ltr'>est</span> <span class='ocrx_word' id='word_1_145' title='bbox 758 663 790 697; x_wconf 73' lang='lat'>*3</span> <span class='ocrx_word' id='word_1_146' title='bbox 815 660 867 690; x_wconf 89' lang='lat' dir='ltr'>ille</span> <span class='ocrx_word' id='word_1_147' title='bbox 884 664 930 689; x_wconf 90' lang='lat' dir='ltr'>est</span> <span class='ocrx_word' id='word_1_148' title='bbox 944 655 1124 698; x_wconf 77' lang='lat' dir='ltr'>principalis</span> <span class='ocrx_word' id='word_1_149' title='bbox 1148 658 1235 683; x_wconf 77' lang='lat' dir='ltr'>actus</span> <span class='ocrx_word' id='word_1_150' title='bbox 1259 652 1463 682; x_wconf 81' lang='lat' dir='ltr'>uniuscuius-</span> <span class='ocrx_word' id='word_1_151' title='bbox 1478 666 1503 681; x_wconf 80' lang='grc' dir='ltr'>ιο</span> <span class='ocrx_word' id='word_1_152' title='bbox 1518 663 1616 693; x_wconf 91' lang='lat' dir='ltr'>quam</span> <span class='ocrx_word' id='word_1_153' title='bbox 1639 659 1728 684; x_wconf 91' lang='lat' dir='ltr'>actus</span> <span class='ocrx_word' id='word_1_154' title='bbox 1751 654 1888 684; x_wconf 88' lang='lat' dir='ltr'>aliorum</span> <span class='ocrx_word' id='word_1_155' title='bbox 1910 655 2075 685; x_wconf 90' lang='lat' dir='ltr'>minorum</span> <span class='ocrx_word' id='word_1_156' title='bbox 2099 654 2267 692; x_wconf 90' lang='lat' dir='ltr'>ordinum,</span> <span class='ocrx_word' id='word_1_157' title='bbox 2292 661 2328 686; x_wconf 94' lang='lat' dir='ltr'>ut</span> <span class='ocrx_word' id='word_1_158' title='bbox 2350 666 2408 696; x_wconf 88' lang='lat' dir='ltr'>per</span> <span class='ocrx_word' id='word_1_159' title='bbox 2430 666 2464 687; x_wconf 89' lang='lat' dir='ltr'>se</span> <span class='ocrx_word' id='word_1_160' title='bbox 2486 662 2583 697; x_wconf 91' lang='lat' dir='ltr'>patet.</span> 
     </span>
    </p>
   </div>
   <div class='ocr_carea' id='block_1_13' title="bbox 402 695 1463 1051">
    <p class='ocr_par' dir='ltr' id='par_1_14' title="bbox 402 695 1463 1051">
     <span class='ocr_line' id='line_1_22' title="bbox 407 695 1463 747; baseline -0.014 -8"><span class='ocrx_word' id='word_1_161' title='bbox 407 717 470 747; x_wconf 90' lang='lat' dir='ltr'>que</span> <span class='ocrx_word' id='word_1_162' title='bbox 494 706 613 737; x_wconf 91' lang='lat' dir='ltr'>ordinis</span> <span class='ocrx_word' id='word_1_163' title='bbox 636 705 812 736; x_wconf 90' lang='lat' dir='ltr'>secundum</span> <span class='ocrx_word' id='word_1_164' title='bbox 836 711 932 742; x_wconf 90' lang='lat' dir='ltr'>quern</span> <span class='ocrx_word' id='word_1_165' title='bbox 955 701 1053 739; x_wconf 87' lang='lat' dir='ltr'>magis</span> <span class='ocrx_word' id='word_1_166' title='bbox 1076 698 1221 738; x_wconf 88' lang='lat' dir='ltr'>proxime</span> <span class='ocrx_word' id='word_1_167' title='bbox 1245 695 1408 726; x_wconf 87' lang='lat' dir='ltr'>ordinatur</span> <span class='ocrx_word' id='word_1_168' title='bbox 1423 695 1463 726; x_wconf 92' lang='lat' dir='ltr'>ad</span> 
     </span>
     <span class='ocr_line' id='line_1_23' title="bbox 406 741 1462 790; baseline -0.013 -8"><span class='ocrx_word' id='word_1_169' title='bbox 406 751 620 782; x_wconf 83' lang='lat' dir='ltr'>Eucharistiae</span> <span class='ocrx_word' id='word_1_170' title='bbox 643 753 883 780; x_wconf 88' lang='lat' dir='ltr'>sacramentum.</span> <span class='ocrx_word' id='word_1_171' title='bbox 911 746 951 775; x_wconf 90' lang='lat' dir='ltr'>Et</span> <span class='ocrx_word' id='word_1_172' title='bbox 974 742 1150 774; x_wconf 91' lang='lat' dir='ltr'>secundum</span> <span class='ocrx_word' id='word_1_173' title='bbox 1173 742 1236 771; x_wconf 92' lang='lat' dir='ltr'>hoc</span> <span class='ocrx_word' id='word_1_174' title='bbox 1261 741 1356 770; x_wconf 91' lang='lat' dir='ltr'>etiam</span> <span class='ocrx_word' id='word_1_175' title='bbox 1378 749 1462 790; x_wconf 79' lang='lat' dir='ltr'>unus</span> 
     </span>
     <span class='ocr_line' id='line_1_24' title="bbox 406 785 1462 826; baseline -0.013 0"><span class='ocrx_word' id='word_1_176' title='bbox 406 794 485 825; x_wconf 92' lang='lat' dir='ltr'>ordo</span> <span class='ocrx_word' id='word_1_177' title='bbox 502 800 548 825; x_wconf 91' lang='lat' dir='ltr'>est</span> <span class='ocrx_word' id='word_1_178' title='bbox 564 795 625 824; x_wconf 88' lang='lat' dir='ltr'>alio</span> <span class='ocrx_word' id='word_1_179' title='bbox 642 792 841 826; x_wconf 85' lang='lat' dir='ltr'>eminentior,</span> <span class='ocrx_word' id='word_1_180' title='bbox 858 788 1034 820; x_wconf 90' lang='lat' dir='ltr'>secundum</span> <span class='ocrx_word' id='word_1_181' title='bbox 1051 785 1139 826; x_wconf 93' lang='lat' dir='ltr'>quod</span> <span class='ocrx_word' id='word_1_182' title='bbox 1158 794 1241 815; x_wconf 89' lang='lat' dir='ltr'>unus</span> <span class='ocrx_word' id='word_1_183' title='bbox 1258 790 1346 814; x_wconf 91' lang='lat' dir='ltr'>actus</span> <span class='ocrx_word' id='word_1_184' title='bbox 1361 794 1462 824; x_wconf 76' lang='lat' dir='ltr'>magis</span> 
     </span>
     <span class='ocr_line' id='line_1_25' title="bbox 406 827 1462 878; baseline -0.009 -9"><span class='ocrx_word' id='word_1_185' title='bbox 406 839 445 869; x_wconf 95' lang='lat' dir='ltr'>de</span> <span class='ocrx_word' id='word_1_186' title='bbox 467 839 614 878; x_wconf 89' lang='lat' dir='ltr'>proximo</span> <span class='ocrx_word' id='word_1_187' title='bbox 642 836 681 867; x_wconf 89' lang='lat' dir='ltr'>ad</span> <span class='ocrx_word' id='word_1_188' title='bbox 706 835 901 876; x_wconf 88' lang='lat' dir='ltr'>praedictum</span> <span class='ocrx_word' id='word_1_189' title='bbox 932 835 1163 862; x_wconf 81' lang='lat' dir='ltr'>sacramentum</span> <span class='ocrx_word' id='word_1_190' title='bbox 1193 828 1366 861; x_wconf 87' lang='lat' dir='ltr'>ordinatur.</span> <span class='ocrx_word' id='word_1_191' title='bbox 1399 827 1462 859; x_wconf 89' lang='lat' dir='ltr'>Sed</span> 
     </span>
     <span class='ocr_line' id='line_1_26' title="bbox 405 872 1461 922; baseline -0.01 -9"><span class='ocrx_word' id='word_1_192' title='bbox 405 883 480 922; x_wconf 89' lang='lat' dir='ltr'>quia</span> <span class='ocrx_word' id='word_1_193' title='bbox 510 882 548 912; x_wconf 92' lang='lat' dir='ltr'>ad</span> <span class='ocrx_word' id='word_1_194' title='bbox 579 880 790 911; x_wconf 80' lang='lat' dir='ltr'>Eucharistiae</span> <span class='ocrx_word' id='word_1_195' title='bbox 821 881 1068 910; x_wconf 86' lang='lat' dir='ltr'>sacramentum,</span> <span class='ocrx_word' id='word_1_196' title='bbox 1101 874 1191 913; x_wconf 88' lang='lat' dir='ltr'>quasi</span> <span class='ocrx_word' id='word_1_197' title='bbox 1222 872 1461 913; x_wconf 89' lang='lat' dir='ltr'>dignissimum,</span> 
     </span>
     <span class='ocr_line' id='line_1_27' title="bbox 403 918 1463 959; baseline -0.008 -3"><span class='ocrx_word' id='word_1_198' title='bbox 403 926 503 956; x_wconf 89' lang='lat' dir='ltr'>multa</span> <span class='ocrx_word' id='word_1_199' title='bbox 526 925 728 959; x_wconf 90' lang='lat' dir='ltr'>ordinantur;</span> <span class='ocrx_word' id='word_1_200' title='bbox 757 922 829 952; x_wconf 92' lang='lat' dir='ltr'>ideo</span> <span class='ocrx_word' id='word_1_201' title='bbox 853 930 919 951; x_wconf 93' lang='lat' dir='ltr'>non</span> <span class='ocrx_word' id='word_1_202' title='bbox 943 925 989 950; x_wconf 91' lang='lat' dir='ltr'>est</span> <span class='ocrx_word' id='word_1_203' title='bbox 1011 918 1241 948; x_wconf 90' lang='lat' dir='ltr'>inconveniens</span> <span class='ocrx_word' id='word_1_204' title='bbox 1264 923 1314 953; x_wconf 92' lang='lat' dir='ltr'>ut,</span> <span class='ocrx_word' id='word_1_205' title='bbox 1339 923 1463 957; x_wconf 91' lang='lat' dir='ltr'>praeter</span> 
     </span>
     <span class='ocr_line' id='line_1_28' title="bbox 402 961 1460 1010; baseline -0.009 -10"><span class='ocrx_word' id='word_1_206' title='bbox 402 969 609 1010; x_wconf 89' lang='lat' dir='ltr'>principalem</span> <span class='ocrx_word' id='word_1_207' title='bbox 632 973 748 1002; x_wconf 86' lang='lat' dir='ltr'>actum,</span> <span class='ocrx_word' id='word_1_208' title='bbox 766 966 860 996; x_wconf 91' lang='lat' dir='ltr'>etiam</span> <span class='ocrx_word' id='word_1_209' title='bbox 883 964 1000 994; x_wconf 91' lang='lat' dir='ltr'>multos</span> <span class='ocrx_word' id='word_1_210' title='bbox 1024 967 1111 992; x_wconf 90' lang='lat' dir='ltr'>actus</span> <span class='ocrx_word' id='word_1_211' title='bbox 1128 971 1212 992; x_wconf 91' lang='lat' dir='ltr'>unus</span> <span class='ocrx_word' id='word_1_212' title='bbox 1236 961 1316 992; x_wconf 91' lang='lat' dir='ltr'>ordo</span> <span class='ocrx_word' id='word_1_213' title='bbox 1332 962 1460 998; x_wconf 81' lang='lat' dir='ltr'>habeat3</span> 
     </span>
     <span class='ocr_line' id='line_1_29' title="bbox 403 1006 1461 1051; baseline -0.008 -8"><span class='ocrx_word' id='word_1_214' title='bbox 403 1018 434 1043; x_wconf 91' lang='lat' dir='ltr'>et</span> <span class='ocrx_word' id='word_1_215' title='bbox 456 1018 544 1042; x_wconf 91' lang='lat' dir='ltr'>tanto</span> <span class='ocrx_word' id='word_1_216' title='bbox 567 1011 673 1051; x_wconf 91' lang='lat' dir='ltr'>plures</span> <span class='ocrx_word' id='word_1_217' title='bbox 697 1015 816 1049; x_wconf 88' lang='lat' dir='ltr'>quanto</span> <span class='ocrx_word' id='word_1_218' title='bbox 841 1014 887 1038; x_wconf 91' lang='lat' dir='ltr'>est</span> <span class='ocrx_word' id='word_1_219' title='bbox 906 1007 1105 1042; x_wconf 89' lang='lat' dir='ltr'>eminentior,</span> <span class='ocrx_word' id='word_1_220' title='bbox 1123 1007 1199 1046; x_wconf 89' lang='lat' dir='ltr'>quia</span> <span class='ocrx_word' id='word_1_221' title='bbox 1213 1006 1322 1042; x_wconf 90' lang='lat' dir='ltr'>virtus,</span> <span class='ocrx_word' id='word_1_222' title='bbox 1339 1011 1461 1046; x_wconf 90' lang='lat' dir='ltr'>quanto</span> 
     </span>
    </p>
   </div>
   <div class='ocr_carea' id='block_1_14' title="bbox 403 1050 1461 1135">
    <p class='ocr_par' dir='ltr' id='par_1_15' title="bbox 403 1050 1461 1135">
     <span class='ocr_line' id='line_1_30' title="bbox 403 1050 1141 1095; baseline -0.009 -9"><span class='ocrx_word' id='word_1_223' title='bbox 403 1062 448 1086; x_wconf 90' lang='lat' dir='ltr'>est</span> <span class='ocrx_word' id='word_1_224' title='bbox 471 1056 623 1095; x_wconf 89' lang='lat' dir='ltr'>superior,</span> <span class='ocrx_word' id='word_1_225' title='bbox 647 1059 734 1084; x_wconf 88' lang='lat' dir='ltr'>tanto</span> <span class='ocrx_word' id='word_1_226' title='bbox 758 1052 798 1083; x_wconf 92' lang='lat' dir='ltr'>ad</span> <span class='ocrx_word' id='word_1_227' title='bbox 820 1052 911 1092; x_wconf 93' lang='lat' dir='ltr'>plura</span> <span class='ocrx_word' id='word_1_228' title='bbox 934 1061 967 1081; x_wconf 90' lang='lat' dir='ltr'>se</span> <span class='ocrx_word' id='word_1_229' title='bbox 991 1050 1141 1081; x_wconf 84' lang='lat' dir='ltr'>extendit.</span> 
     </span>
     <span class='ocr_line' id='line_1_31' title="bbox 454 1094 1461 1135; baseline -0.006 -6"><span class='ocrx_word' id='word_1_230' title='bbox 454 1100 504 1129; x_wconf 83' lang='lat' dir='ltr'>An</span> <span class='ocrx_word' id='word_1_231' title='bbox 528 1108 643 1128; x_wconf 69' lang='lat' dir='ltr'>ramum</span> <span class='ocrx_word' id='word_1_232' title='bbox 666 1107 748 1127; x_wconf 72' lang='lat' dir='ltr'>mmo</span> <span class='ocrx_word' id='word_1_233' title='bbox 773 1105 931 1126; x_wconf 75' lang='lat' dir='ltr'>DICENDUM</span> <span class='ocrx_word' id='word_1_234' title='bbox 954 1094 1044 1135; x_wconf 92' lang='lat' dir='ltr'>quod</span> <span class='ocrx_word' id='word_1_235' title='bbox 1066 1094 1184 1135; x_wconf 88' lang='lat' dir='ltr'>duplex</span> <span class='ocrx_word' id='word_1_236' title='bbox 1201 1094 1461 1134; x_wconf 83' lang='lat' dir='ltr'>estpraeparatio</span> 
     </span>
    </p>
   </div>
   <div class='ocr_carea' id='block_1_15' title="bbox 395 1138 1462 1969">
    <p class='ocr_par' dir='ltr' id='par_1_16' title="bbox 396 1138 1462 1580">
     <span class='ocr_line' id='line_1_32' title="bbox 400 1138 1462 1183; baseline -0.007 -9"><span class='ocrx_word' id='word_1_237' title='bbox 400 1143 640 1183; x_wconf 88' lang='lat' dir='ltr'>suscipientium</span> <span class='ocrx_word' id='word_1_238' title='bbox 656 1146 897 1172; x_wconf 89' lang='lat' dir='ltr'>sacramentum.</span> <span class='ocrx_word' id='word_1_239' title='bbox 915 1138 1082 1177; x_wconf 86' lang='lat' dir='ltr'>Quaedam</span> <span class='ocrx_word' id='word_1_240' title='bbox 1098 1143 1239 1169; x_wconf 90' lang='lat' dir='ltr'>remota:</span> <span class='ocrx_word' id='word_1_241' title='bbox 1265 1143 1296 1168; x_wconf 91' lang='lat' dir='ltr'>et</span> <span class='ocrx_word' id='word_1_242' title='bbox 1310 1138 1390 1168; x_wconf 90' lang='lat' dir='ltr'>haec</span> <span class='ocrx_word' id='word_1_243' title='bbox 1405 1147 1462 1177; x_wconf 92' lang='lat' dir='ltr'>per</span> 
     </span>
     <span class='ocr_line' id='line_1_33' title="bbox 399 1181 1461 1224; baseline -0.007 -6"><span class='ocrx_word' id='word_1_244' title='bbox 399 1188 558 1218; x_wconf 89' lang='lat' dir='ltr'>ministros</span> <span class='ocrx_word' id='word_1_245' title='bbox 582 1186 724 1216; x_wconf 88' lang='lat' dir='ltr'>efficitur.</span> <span class='ocrx_word' id='word_1_246' title='bbox 749 1184 915 1223; x_wconf 89' lang='lat' dir='ltr'>Quaedam</span> <span class='ocrx_word' id='word_1_247' title='bbox 938 1184 1094 1224; x_wconf 89' lang='lat' dir='ltr'>proxima,</span> <span class='ocrx_word' id='word_1_248' title='bbox 1112 1192 1176 1223; x_wconf 88' lang='lat' dir='ltr'>qua</span> <span class='ocrx_word' id='word_1_249' title='bbox 1191 1183 1297 1212; x_wconf 86' lang='lat' dir='ltr'>statim</span> <span class='ocrx_word' id='word_1_250' title='bbox 1318 1181 1461 1212; x_wconf 89' lang='lat' dir='ltr'>efficiun-</span> 
     </span>
     <span class='ocr_line' id='line_1_34' title="bbox 399 1227 1461 1267; baseline -0.006 -5"><span class='ocrx_word' id='word_1_251' title='bbox 399 1237 450 1262; x_wconf 87' lang='lat' dir='ltr'>tur</span> <span class='ocrx_word' id='word_1_252' title='bbox 472 1231 579 1262; x_wconf 90' lang='lat' dir='ltr'>idonei</span> <span class='ocrx_word' id='word_1_253' title='bbox 602 1229 642 1260; x_wconf 93' lang='lat' dir='ltr'>ad</span> <span class='ocrx_word' id='word_1_254' title='bbox 664 1234 934 1259; x_wconf 89' lang='lat' dir='ltr'>sacramentorum</span> <span class='ocrx_word' id='word_1_255' title='bbox 958 1228 1206 1267; x_wconf 89' lang='lat' dir='ltr'>susceptionem.</span> <span class='ocrx_word' id='word_1_256' title='bbox 1231 1227 1272 1257; x_wconf 89' lang='lat' dir='ltr'>Et</span> <span class='ocrx_word' id='word_1_257' title='bbox 1287 1227 1366 1257; x_wconf 90' lang='lat' dir='ltr'>haec</span> <span class='ocrx_word' id='word_1_258' title='bbox 1389 1235 1461 1266; x_wconf 89' lang='lat' dir='ltr'>per-</span> 
     </span>
     <span class='ocr_line' id='line_1_35' title="bbox 398 1270 1461 1310; baseline -0.006 -4"><span class='ocrx_word' id='word_1_259' title='bbox 398 1277 477 1306; x_wconf 89' lang='lat' dir='ltr'>tinet</span> <span class='ocrx_word' id='word_1_260' title='bbox 499 1275 538 1305; x_wconf 88' lang='lat' dir='ltr'>ad</span> <span class='ocrx_word' id='word_1_261' title='bbox 560 1273 747 1305; x_wconf 84' lang='lat' dir='ltr'>sacerdotes.</span> <span class='ocrx_word' id='word_1_262' title='bbox 779 1273 864 1310; x_wconf 85' lang='lat' dir='ltr'>Quia</span> <span class='ocrx_word' id='word_1_263' title='bbox 888 1273 982 1302; x_wconf 89' lang='lat' dir='ltr'>etiam</span> <span class='ocrx_word' id='word_1_264' title='bbox 1005 1272 1039 1302; x_wconf 90' lang='lat' dir='ltr'>in</span> <span class='ocrx_word' id='word_1_265' title='bbox 1062 1271 1258 1302; x_wconf 89' lang='lat' dir='ltr'>naturalibus</span> <span class='ocrx_word' id='word_1_266' title='bbox 1282 1271 1320 1301; x_wconf 93' lang='lat' dir='ltr'>ab</span> <span class='ocrx_word' id='word_1_267' title='bbox 1345 1270 1461 1301; x_wconf 91' lang='lat' dir='ltr'>eodem</span> 
     </span>
     <span class='ocr_line' id='line_1_36' title="bbox 399 1315 1461 1360; baseline -0.005 -10"><span class='ocrx_word' id='word_1_268' title='bbox 399 1325 510 1360; x_wconf 87' lang='lat' dir='ltr'>agente</span> <span class='ocrx_word' id='word_1_269' title='bbox 526 1319 561 1349; x_wconf 89' lang='lat' dir='ltr'>fit</span> <span class='ocrx_word' id='word_1_270' title='bbox 576 1318 705 1349; x_wconf 91' lang='lat' dir='ltr'>materia</span> <span class='ocrx_word' id='word_1_271' title='bbox 720 1318 753 1348; x_wconf 93' lang='lat' dir='ltr'>in</span> <span class='ocrx_word' id='word_1_272' title='bbox 769 1317 880 1347; x_wconf 91' lang='lat' dir='ltr'>ultima</span> <span class='ocrx_word' id='word_1_273' title='bbox 904 1316 1113 1357; x_wconf 89' lang='lat' dir='ltr'>dispositione</span> <span class='ocrx_word' id='word_1_274' title='bbox 1137 1315 1177 1346; x_wconf 91' lang='lat' dir='ltr'>ad</span> <span class='ocrx_word' id='word_1_275' title='bbox 1200 1315 1348 1351; x_wconf 90' lang='lat' dir='ltr'>formam,</span> <span class='ocrx_word' id='word_1_276' title='bbox 1366 1321 1397 1345; x_wconf 95' lang='lat' dir='ltr'>et</span> <span class='ocrx_word' id='word_1_277' title='bbox 1412 1324 1461 1345; x_wconf 90' lang='lat' dir='ltr'>re-</span> 
     </span>
     <span class='ocr_line' id='line_1_37' title="bbox 399 1359 1460 1404; baseline -0.005 -10"><span class='ocrx_word' id='word_1_278' title='bbox 399 1365 475 1404; x_wconf 89' lang='lat' dir='ltr'>cipit</span> <span class='ocrx_word' id='word_1_279' title='bbox 496 1363 642 1393; x_wconf 87' lang='lat' dir='ltr'>formam.</span> <span class='ocrx_word' id='word_1_280' title='bbox 667 1362 708 1392; x_wconf 93' lang='lat' dir='ltr'>Et</span> <span class='ocrx_word' id='word_1_281' title='bbox 731 1362 806 1402; x_wconf 88' lang='lat' dir='ltr'>quia</span> <span class='ocrx_word' id='word_1_282' title='bbox 829 1362 862 1391; x_wconf 92' lang='lat' dir='ltr'>in</span> <span class='ocrx_word' id='word_1_283' title='bbox 884 1361 1030 1401; x_wconf 88' lang='lat' dir='ltr'>proxima</span> <span class='ocrx_word' id='word_1_284' title='bbox 1053 1360 1263 1400; x_wconf 88' lang='lat' dir='ltr'>dispositione</span> <span class='ocrx_word' id='word_1_285' title='bbox 1279 1359 1319 1390; x_wconf 90' lang='lat' dir='ltr'>ad</span> <span class='ocrx_word' id='word_1_286' title='bbox 1334 1359 1460 1390; x_wconf 90' lang='lat' dir='ltr'>Eucha-</span> 
     </span>
     <span class='ocr_line' id='line_1_38' title="bbox 398 1403 1459 1447; baseline -0.005 -9"><span class='ocrx_word' id='word_1_287' title='bbox 398 1409 515 1438; x_wconf 90' lang='lat' dir='ltr'>ristiam</span> <span class='ocrx_word' id='word_1_288' title='bbox 538 1407 573 1437; x_wconf 88' lang='lat' dir='ltr'>fit</span> <span class='ocrx_word' id='word_1_289' title='bbox 595 1407 708 1447; x_wconf 89' lang='lat' dir='ltr'>aliquis</span> <span class='ocrx_word' id='word_1_290' title='bbox 731 1416 788 1446; x_wconf 91' lang='lat' dir='ltr'>per</span> <span class='ocrx_word' id='word_1_291' title='bbox 810 1406 874 1436; x_wconf 90' lang='lat' dir='ltr'>hoc</span> <span class='ocrx_word' id='word_1_292' title='bbox 897 1404 987 1445; x_wconf 92' lang='lat' dir='ltr'>quod</span> <span class='ocrx_word' id='word_1_293' title='bbox 1002 1415 1020 1435; x_wconf 92' lang='lat' dir='ltr'>a</span> <span class='ocrx_word' id='word_1_294' title='bbox 1036 1405 1174 1445; x_wconf 90' lang='lat' dir='ltr'>peccatis</span> <span class='ocrx_word' id='word_1_295' title='bbox 1198 1409 1361 1444; x_wconf 90' lang='lat' dir='ltr'>purgatur,</span> <span class='ocrx_word' id='word_1_296' title='bbox 1385 1403 1459 1434; x_wconf 92' lang='lat' dir='ltr'>ideo</span> 
     </span>
     <span class='ocr_line' id='line_1_39' title="bbox 398 1447 1460 1490; baseline -0.004 -8"><span class='ocrx_word' id='word_1_297' title='bbox 398 1453 544 1483; x_wconf 89' lang='lat' dir='ltr'>omnium</span> <span class='ocrx_word' id='word_1_298' title='bbox 560 1456 829 1481; x_wconf 88' lang='lat' dir='ltr'>sacramentorum</span> <span class='ocrx_word' id='word_1_299' title='bbox 846 1459 928 1490; x_wconf 91' lang='lat' dir='ltr'>quae</span> <span class='ocrx_word' id='word_1_300' title='bbox 944 1455 1018 1480; x_wconf 90' lang='lat' dir='ltr'>sunt</span> <span class='ocrx_word' id='word_1_301' title='bbox 1033 1449 1176 1479; x_wconf 88' lang='lat' dir='ltr'>instituta</span> <span class='ocrx_word' id='word_1_302' title='bbox 1190 1448 1405 1489; x_wconf 87' lang='lat' dir='ltr'>principaliter</span> <span class='ocrx_word' id='word_1_303' title='bbox 1420 1447 1460 1478; x_wconf 89' lang='lat' dir='ltr'>ad</span> 
     </span>
     <span class='ocr_line' id='line_1_40' title="bbox 396 1492 1458 1537; baseline -0.004 -11"><span class='ocrx_word' id='word_1_304' title='bbox 396 1497 617 1537; x_wconf 86' lang='lat' dir='ltr'>purgationem</span> <span class='ocrx_word' id='word_1_305' title='bbox 640 1500 856 1535; x_wconf 90' lang='lat' dir='ltr'>peccatorum,</span> <span class='ocrx_word' id='word_1_306' title='bbox 885 1499 931 1524; x_wconf 90' lang='lat' dir='ltr'>est</span> <span class='ocrx_word' id='word_1_307' title='bbox 957 1494 1100 1524; x_wconf 88' lang='lat' dir='ltr'>minister</span> <span class='ocrx_word' id='word_1_308' title='bbox 1122 1493 1272 1534; x_wconf 91' lang='lat' dir='ltr'>proprius</span> <span class='ocrx_word' id='word_1_309' title='bbox 1295 1492 1458 1523; x_wconf 88' lang='lat' dir='ltr'>sacerdos:</span> 
     </span>
     <span class='ocr_line' id='line_1_41' title="bbox 397 1537 1370 1580; baseline -0.003 -10"><span class='ocrx_word' id='word_1_310' title='bbox 397 1541 515 1571; x_wconf 92' lang='lat' dir='ltr'>scilicet</span> <span class='ocrx_word' id='word_1_311' title='bbox 537 1540 693 1580; x_wconf 88' lang='lat' dir='ltr'>baptismi,</span> <span class='ocrx_word' id='word_1_312' title='bbox 718 1539 934 1579; x_wconf 90' lang='lat' dir='ltr'>poenitentiae</span> <span class='ocrx_word' id='word_1_313' title='bbox 958 1544 990 1568; x_wconf 92' lang='lat' dir='ltr'>et</span> <span class='ocrx_word' id='word_1_314' title='bbox 1013 1543 1171 1568; x_wconf 88' lang='lat' dir='ltr'>extremae</span> <span class='ocrx_word' id='word_1_315' title='bbox 1197 1537 1370 1568; x_wconf 89' lang='lat' dir='ltr'>unctionis.</span> 
     </span>
    </p>

    <p class='ocr_par' dir='ltr' id='par_1_17' title="bbox 395 1581 1460 1969">
     <span class='ocr_line' id='line_1_42' title="bbox 450 1581 1460 1623; baseline -0.002 -9"><span class='ocrx_word' id='word_1_316' title='bbox 450 1585 500 1615; x_wconf 84' lang='lat' dir='ltr'>An</span> <span class='ocrx_word' id='word_1_317' title='bbox 525 1594 685 1614; x_wconf 77' lang='lat' dir='ltr'>SECUNDUM</span> <span class='ocrx_word' id='word_1_318' title='bbox 707 1593 865 1613; x_wconf 62' lang='lat' dir='ltr'>meantum</span> <span class='ocrx_word' id='word_1_319' title='bbox 882 1582 971 1623; x_wconf 92' lang='lat' dir='ltr'>quod</span> <span class='ocrx_word' id='word_1_320' title='bbox 986 1587 1075 1612; x_wconf 89' lang='lat' dir='ltr'>actus</span> <span class='ocrx_word' id='word_1_321' title='bbox 1099 1582 1198 1622; x_wconf 89' lang='lat' dir='ltr'>aliqui</span> <span class='ocrx_word' id='word_1_322' title='bbox 1220 1581 1404 1612; x_wconf 89' lang='lat' dir='ltr'>immediate</span> <span class='ocrx_word' id='word_1_323' title='bbox 1420 1581 1460 1611; x_wconf 94' lang='lat' dir='ltr'>ad</span> 
     </span>
     <span class='ocr_line' id='line_1_43' title="bbox 396 1625 1458 1668; baseline -0.003 -9"><span class='ocrx_word' id='word_1_324' title='bbox 396 1629 501 1659; x_wconf 89' lang='lat' dir='ltr'>Deum</span> <span class='ocrx_word' id='word_1_325' title='bbox 525 1628 710 1658; x_wconf 89' lang='lat' dir='ltr'>ordinantur</span> <span class='ocrx_word' id='word_1_326' title='bbox 737 1627 914 1668; x_wconf 93' lang='lat' dir='ltr'>dupliciter.</span> <span class='ocrx_word' id='word_1_327' title='bbox 946 1627 1021 1658; x_wconf 93' lang='lat' dir='ltr'>Uno</span> <span class='ocrx_word' id='word_1_328' title='bbox 1045 1625 1163 1663; x_wconf 92' lang='lat' dir='ltr'>modo,</span> <span class='ocrx_word' id='word_1_329' title='bbox 1189 1636 1227 1656; x_wconf 90' lang='lat' dir='ltr'>ex</span> <span class='ocrx_word' id='word_1_330' title='bbox 1250 1631 1338 1666; x_wconf 91' lang='lat' dir='ltr'>parte</span> <span class='ocrx_word' id='word_1_331' title='bbox 1362 1626 1458 1656; x_wconf 92' lang='lat' dir='ltr'>unius</span> 
     </span>
     <span class='ocr_line' id='line_1_44' title="bbox 395 1670 1459 1714; baseline -0.003 -11"><span class='ocrx_word' id='word_1_332' title='bbox 395 1682 549 1714; x_wconf 89' lang='lat' dir='ltr'>personae</span> <span class='ocrx_word' id='word_1_333' title='bbox 572 1678 706 1708; x_wconf 89' lang='lat' dir='ltr'>tanturn,</span> <span class='ocrx_word' id='word_1_334' title='bbox 731 1673 812 1702; x_wconf 90' lang='lat' dir='ltr'>sicut</span> <span class='ocrx_word' id='word_1_335' title='bbox 835 1671 938 1702; x_wconf 86' lang='lat' dir='ltr'>facere</span> <span class='ocrx_word' id='word_1_336' title='bbox 962 1671 1123 1702; x_wconf 91' lang='lat' dir='ltr'>orationes</span> <span class='ocrx_word' id='word_1_337' title='bbox 1146 1670 1330 1711; x_wconf 88' lang='lat' dir='ltr'>singulares,</span> <span class='ocrx_word' id='word_1_338' title='bbox 1347 1676 1378 1701; x_wconf 90' lang='lat' dir='ltr'>et</span> <span class='ocrx_word' id='word_1_339' title='bbox 1400 1680 1459 1700; x_wconf 93' lang='lat' dir='ltr'>vo-</span> 
     </span>
     <span class='ocr_line' id='line_1_45' title="bbox 395 1715 1459 1755; baseline -0.003 -7"><span class='ocrx_word' id='word_1_340' title='bbox 395 1727 478 1754; x_wconf 90' lang='lat' dir='ltr'>vere,</span> <span class='ocrx_word' id='word_1_341' title='bbox 496 1723 526 1747; x_wconf 93' lang='lat' dir='ltr'>et</span> <span class='ocrx_word' id='word_1_342' title='bbox 541 1716 735 1747; x_wconf 91' lang='lat' dir='ltr'>huiusmodi.</span> <span class='ocrx_word' id='word_1_343' title='bbox 759 1717 799 1747; x_wconf 94' lang='lat' dir='ltr'>Et</span> <span class='ocrx_word' id='word_1_344' title='bbox 822 1716 892 1746; x_wconf 90' lang='lat' dir='ltr'>talis</span> <span class='ocrx_word' id='word_1_345' title='bbox 915 1721 1004 1746; x_wconf 90' lang='lat' dir='ltr'>actus</span> <span class='ocrx_word' id='word_1_346' title='bbox 1028 1715 1184 1755; x_wconf 91' lang='lat' dir='ltr'>competit</span> <span class='ocrx_word' id='word_1_347' title='bbox 1207 1715 1337 1745; x_wconf 87' lang='lat' dir='ltr'>cuilibet</span> <span class='ocrx_word' id='word_1_348' title='bbox 1356 1715 1459 1755; x_wconf 88' lang='lat' dir='ltr'>bapti-</span> 
     </span>
     <span class='ocr_line' id='line_1_46' title="bbox 395 1759 1459 1800; baseline -0.003 -8"><span class='ocrx_word' id='word_1_349' title='bbox 395 1767 477 1792; x_wconf 89' lang='lat' dir='ltr'>zato.</span> <span class='ocrx_word' id='word_1_350' title='bbox 493 1780 516 1784; x_wconf 70' lang='lat'>—</span> <span class='ocrx_word' id='word_1_351' title='bbox 530 1762 603 1791; x_wconf 90' lang='lat' dir='ltr'>Alio</span> <span class='ocrx_word' id='word_1_352' title='bbox 627 1760 736 1797; x_wconf 90' lang='lat' dir='ltr'>modo,</span> <span class='ocrx_word' id='word_1_353' title='bbox 755 1771 792 1791; x_wconf 90' lang='lat' dir='ltr'>ex</span> <span class='ocrx_word' id='word_1_354' title='bbox 815 1766 903 1800; x_wconf 88' lang='lat' dir='ltr'>parte</span> <span class='ocrx_word' id='word_1_355' title='bbox 926 1761 1024 1790; x_wconf 90' lang='lat' dir='ltr'>totius</span> <span class='ocrx_word' id='word_1_356' title='bbox 1048 1760 1220 1790; x_wconf 87' lang='lat' dir='ltr'>Ecclesiae.</span> <span class='ocrx_word' id='word_1_357' title='bbox 1247 1759 1288 1789; x_wconf 92' lang='lat' dir='ltr'>Et</span> <span class='ocrx_word' id='word_1_358' title='bbox 1303 1760 1347 1789; x_wconf 92' lang='lat' dir='ltr'>sic</span> <span class='ocrx_word' id='word_1_359' title='bbox 1371 1759 1459 1790; x_wconf 90' lang='lat' dir='ltr'>solus</span> 
     </span>
     <span class='ocr_line' id='line_1_47' title="bbox 396 1803 1459 1844; baseline -0.002 -8"><span class='ocrx_word' id='word_1_360' title='bbox 396 1805 542 1836; x_wconf 89' lang='lat' dir='ltr'>sacerdos</span> <span class='ocrx_word' id='word_1_361' title='bbox 565 1806 659 1836; x_wconf 90' lang='lat' dir='ltr'>habet</span> <span class='ocrx_word' id='word_1_362' title='bbox 682 1811 770 1835; x_wconf 91' lang='lat' dir='ltr'>actus</span> <span class='ocrx_word' id='word_1_363' title='bbox 793 1804 975 1835; x_wconf 90' lang='lat' dir='ltr'>immediate</span> <span class='ocrx_word' id='word_1_364' title='bbox 992 1804 1031 1835; x_wconf 89' lang='lat' dir='ltr'>ad</span> <span class='ocrx_word' id='word_1_365' title='bbox 1047 1805 1154 1834; x_wconf 89' lang='lat' dir='ltr'>Deum</span> <span class='ocrx_word' id='word_1_366' title='bbox 1178 1803 1357 1834; x_wconf 90' lang='lat' dir='ltr'>ordinatos:</span> <span class='ocrx_word' id='word_1_367' title='bbox 1383 1805 1459 1844; x_wconf 88' lang='lat' dir='ltr'>quia</span> 
     </span>
     <span class='ocr_line' id='line_1_48' title="bbox 396 1848 1459 1891; baseline -0.003 -10"><span class='ocrx_word' id='word_1_368' title='bbox 396 1852 464 1891; x_wconf 89' lang='lat' dir='ltr'>ipse</span> <span class='ocrx_word' id='word_1_369' title='bbox 492 1850 577 1880; x_wconf 92' lang='lat' dir='ltr'>solus</span> <span class='ocrx_word' id='word_1_370' title='bbox 607 1855 712 1890; x_wconf 89' lang='lat' dir='ltr'>potest</span> <span class='ocrx_word' id='word_1_371' title='bbox 741 1859 848 1889; x_wconf 88' lang='lat' dir='ltr'>gerere</span> <span class='ocrx_word' id='word_1_372' title='bbox 881 1858 1052 1889; x_wconf 88' lang='lat' dir='ltr'>personam</span> <span class='ocrx_word' id='word_1_373' title='bbox 1083 1849 1183 1879; x_wconf 89' lang='lat' dir='ltr'>totius</span> <span class='ocrx_word' id='word_1_374' title='bbox 1216 1848 1379 1879; x_wconf 89' lang='lat' dir='ltr'>Ecclesiae</span> <span class='ocrx_word' id='word_1_375' title='bbox 1403 1849 1459 1888; x_wconf 91' lang='lat' dir='ltr'>qui</span> 
     </span>
     <span class='ocr_line' id='line_1_49' title="bbox 396 1893 1459 1933; baseline -0.002 -8"><span class='ocrx_word' id='word_1_376' title='bbox 396 1900 559 1925; x_wconf 87' lang='lat' dir='ltr'>consecrat</span> <span class='ocrx_word' id='word_1_377' title='bbox 581 1894 820 1930; x_wconf 88' lang='lat' dir='ltr'>Eucharistiam,</span> <span class='ocrx_word' id='word_1_378' title='bbox 841 1903 923 1933; x_wconf 90' lang='lat' dir='ltr'>quae</span> <span class='ocrx_word' id='word_1_379' title='bbox 947 1899 993 1924; x_wconf 90' lang='lat' dir='ltr'>est</span> <span class='ocrx_word' id='word_1_380' title='bbox 1016 1898 1251 1924; x_wconf 88' lang='lat' dir='ltr'>sacramentum</span> <span class='ocrx_word' id='word_1_381' title='bbox 1273 1893 1459 1923; x_wconf 89' lang='lat' dir='ltr'>universalis</span> 
     </span>
     <span class='ocr_line' id='line_1_50' title="bbox 396 1939 566 1969; baseline 0 0"><span class='ocrx_word' id='word_1_382' title='bbox 396 1939 566 1969; x_wconf 89' lang='lat' dir='ltr'>Ecclesiae.</span> 
     </span>
    </p>
   </div>
   <div class='ocr_carea' id='block_1_16' title="bbox 450 1981 1499 2022">
    <p class='ocr_par' dir='ltr' id='par_1_18' title="bbox 450 1981 1499 2022">
     <span class='ocr_line' id='line_1_51' title="bbox 450 1981 1499 2022; baseline -0.002 -8"><span class='ocrx_word' id='word_1_383' title='bbox 450 1983 500 2014; x_wconf 83' lang='grc' dir='ltr'>Αι)</span> <span class='ocrx_word' id='word_1_384' title='bbox 524 1993 657 2013; x_wconf 80' lang='lat' dir='ltr'>TERTrUM</span> <span class='ocrx_word' id='word_1_385' title='bbox 679 1992 837 2012; x_wconf 71' lang='lat' dir='ltr'>mmmmm</span> <span class='ocrx_word' id='word_1_386' title='bbox 853 1981 943 2022; x_wconf 94' lang='lat' dir='ltr'>quod</span> <span class='ocrx_word' id='word_1_387' title='bbox 959 1982 1137 2012; x_wconf 90' lang='lat' dir='ltr'>oblationes</span> <span class='ocrx_word' id='word_1_388' title='bbox 1154 1991 1172 2011; x_wconf 92' lang='lat' dir='ltr'>a</span> <span class='ocrx_word' id='word_1_389' title='bbox 1188 1981 1313 2022; x_wconf 91' lang='lat' dir='ltr'>populo</span> <span class='ocrx_word' id='word_1_390' title='bbox 1333 1982 1458 2012; x_wconf 89' lang='lat' dir='ltr'>oblatae</span> <span class='ocrx_word' id='word_1_391' title='bbox 1472 1995 1499 2015; x_wconf 79' lang='lat'>40</span> 
     </span>
    </p>
   </div>
   <div class='ocr_carea' id='block_1_17' title="bbox 395 2025 1459 2200">
    <p class='ocr_par' dir='ltr' id='par_1_19' title="bbox 395 2025 1459 2200">
     <span class='ocr_line' id='line_1_52' title="bbox 395 2025 1459 2068; baseline -0.002 -10"><span class='ocrx_word' id='word_1_392' title='bbox 395 2037 452 2068; x_wconf 93' lang='lat' dir='ltr'>per</span> <span class='ocrx_word' id='word_1_393' title='bbox 479 2027 674 2058; x_wconf 88' lang='lat' dir='ltr'>sacerdotem</span> <span class='ocrx_word' id='word_1_394' title='bbox 704 2026 890 2057; x_wconf 86' lang='lat' dir='ltr'>offeruntur.</span> <span class='ocrx_word' id='word_1_395' title='bbox 923 2026 965 2056; x_wconf 92' lang='lat' dir='ltr'>Et</span> <span class='ocrx_word' id='word_1_396' title='bbox 992 2026 1066 2056; x_wconf 93' lang='lat' dir='ltr'>ideo</span> <span class='ocrx_word' id='word_1_397' title='bbox 1097 2025 1215 2066; x_wconf 90' lang='lat' dir='ltr'>duplex</span> <span class='ocrx_word' id='word_1_398' title='bbox 1245 2026 1459 2057; x_wconf 88' lang='lat' dir='ltr'>ministerium</span> 
     </span>
     <span class='ocr_line' id='line_1_53' title="bbox 396 2071 1456 2111; baseline 0 -10"><span class='ocrx_word' id='word_1_399' title='bbox 396 2073 477 2102; x_wconf 90' lang='lat' dir='ltr'>circa</span> <span class='ocrx_word' id='word_1_400' title='bbox 500 2071 677 2102; x_wconf 91' lang='lat' dir='ltr'>oblationes</span> <span class='ocrx_word' id='word_1_401' title='bbox 701 2076 747 2101; x_wconf 91' lang='lat' dir='ltr'>est</span> <span class='ocrx_word' id='word_1_402' title='bbox 769 2071 992 2102; x_wconf 90' lang='lat' dir='ltr'>necessarium.</span> <span class='ocrx_word' id='word_1_403' title='bbox 1017 2071 1128 2102; x_wconf 92' lang='lat' dir='ltr'>Unum</span> <span class='ocrx_word' id='word_1_404' title='bbox 1151 2080 1190 2101; x_wconf 88' lang='lat' dir='ltr'>ex</span> <span class='ocrx_word' id='word_1_405' title='bbox 1212 2075 1301 2110; x_wconf 87' lang='lat' dir='ltr'>parte</span> <span class='ocrx_word' id='word_1_406' title='bbox 1324 2071 1456 2111; x_wconf 87' lang='lat' dir='ltr'>populi:</span> 
     </span>
     <span class='ocr_line' id='line_1_54' title="bbox 397 2115 1458 2156; baseline -0.001 -10"><span class='ocrx_word' id='word_1_407' title='bbox 397 2122 427 2146; x_wconf 90' lang='lat' dir='ltr'>et</span> <span class='ocrx_word' id='word_1_408' title='bbox 448 2117 511 2146; x_wconf 92' lang='lat' dir='ltr'>hoc</span> <span class='ocrx_word' id='word_1_409' title='bbox 535 2121 581 2146; x_wconf 89' lang='lat' dir='ltr'>est</span> <span class='ocrx_word' id='word_1_410' title='bbox 604 2115 800 2152; x_wconf 90' lang='lat' dir='ltr'>subdiaconi,</span> <span class='ocrx_word' id='word_1_411' title='bbox 825 2116 881 2156; x_wconf 91' lang='lat' dir='ltr'>qui</span> <span class='ocrx_word' id='word_1_412' title='bbox 904 2115 1019 2155; x_wconf 90' lang='lat' dir='ltr'>accipit</span> <span class='ocrx_word' id='word_1_413' title='bbox 1042 2115 1221 2146; x_wconf 89' lang='lat' dir='ltr'>oblationes</span> <span class='ocrx_word' id='word_1_414' title='bbox 1244 2125 1263 2145; x_wconf 93' lang='lat' dir='ltr'>a</span> <span class='ocrx_word' id='word_1_415' title='bbox 1284 2115 1410 2155; x_wconf 94' lang='lat' dir='ltr'>populo</span> <span class='ocrx_word' id='word_1_416' title='bbox 1427 2121 1458 2146; x_wconf 93' lang='lat' dir='ltr'>et</span> 
     </span>
     <span class='ocr_line' id='line_1_55' title="bbox 396 2159 1455 2200; baseline -0.001 -10"><span class='ocrx_word' id='word_1_417' title='bbox 396 2161 483 2191; x_wconf 87' lang='lat' dir='ltr'>altari</span> <span class='ocrx_word' id='word_1_418' title='bbox 498 2161 645 2200; x_wconf 84' lang='lat' dir='ltr'>imponit,</span> <span class='ocrx_word' id='word_1_419' title='bbox 661 2160 712 2190; x_wconf 91' lang='lat' dir='ltr'>vel</span> <span class='ocrx_word' id='word_1_420' title='bbox 728 2159 820 2190; x_wconf 83' lang='lat' dir='ltr'>offert</span> <span class='ocrx_word' id='word_1_421' title='bbox 835 2159 983 2190; x_wconf 93' lang='lat' dir='ltr'>diacono.</span> <span class='ocrx_word' id='word_1_422' title='bbox 996 2159 1095 2190; x_wconf 91' lang='lat' dir='ltr'>Aliud</span> <span class='ocrx_word' id='word_1_423' title='bbox 1111 2169 1150 2189; x_wconf 85' lang='lat' dir='ltr'>ex</span> <span class='ocrx_word' id='word_1_424' title='bbox 1165 2164 1254 2199; x_wconf 89' lang='lat' dir='ltr'>parte</span> <span class='ocrx_word' id='word_1_425' title='bbox 1270 2159 1455 2190; x_wconf 90' lang='lat' dir='ltr'>sacerdotis:</span> 
     </span>
    </p>
   </div>
   <div class='ocr_carea' id='block_1_18' title="bbox 1515 698 2585 874">
    <p class='ocr_par' dir='ltr' id='par_1_20' title="bbox 1515 698 2585 874">
     <span class='ocr_line' id='line_1_56' title="bbox 1517 698 2583 741; baseline 0.003 -13"><span class='ocrx_word' id='word_1_426' title='bbox 1517 698 1558 728; x_wconf 92' lang='lat' dir='ltr'>Et</span> <span class='ocrx_word' id='word_1_427' title='bbox 1581 698 1724 728; x_wconf 90' lang='lat' dir='ltr'>similiter</span> <span class='ocrx_word' id='word_1_428' title='bbox 1747 699 1843 729; x_wconf 93' lang='lat' dir='ltr'>etiam</span> <span class='ocrx_word' id='word_1_429' title='bbox 1866 704 2024 739; x_wconf 91' lang='lat' dir='ltr'>quantum</span> <span class='ocrx_word' id='word_1_430' title='bbox 2047 698 2087 729; x_wconf 93' lang='lat' dir='ltr'>ad</span> <span class='ocrx_word' id='word_1_431' title='bbox 2109 704 2199 730; x_wconf 92' lang='lat' dir='ltr'>actus</span> <span class='ocrx_word' id='word_1_432' title='bbox 2222 699 2437 737; x_wconf 87' lang='lat' dir='ltr'>secundarios,</span> <span class='ocrx_word' id='word_1_433' title='bbox 2465 701 2583 741; x_wconf 92' lang='lat' dir='ltr'>quibus</span> 
     </span>
     <span class='ocr_line' id='line_1_57' title="bbox 1516 742 2585 786; baseline 0.004 -14"><span class='ocrx_word' id='word_1_434' title='bbox 1516 742 1677 782; x_wconf 93' lang='lat' dir='ltr'>populum</span> <span class='ocrx_word' id='word_1_435' title='bbox 1693 752 1750 783; x_wconf 91' lang='lat' dir='ltr'>per</span> <span class='ocrx_word' id='word_1_436' title='bbox 1765 742 1944 778; x_wconf 89' lang='lat' dir='ltr'>doctrinam</span> <span class='ocrx_word' id='word_1_437' title='bbox 1968 743 2160 784; x_wconf 88' lang='lat' dir='ltr'>disponunt:</span> <span class='ocrx_word' id='word_1_438' title='bbox 2186 744 2262 784; x_wconf 91' lang='lat' dir='ltr'>quia</span> <span class='ocrx_word' id='word_1_439' title='bbox 2284 745 2452 786; x_wconf 90' lang='lat' dir='ltr'>acolythus</span> <span class='ocrx_word' id='word_1_440' title='bbox 2468 744 2585 776; x_wconf 87' lang='lat' dir='ltr'>doctri-</span> 
     </span>
     <span class='ocr_line' id='line_1_58' title="bbox 1515 787 2584 829; baseline 0.004 -13"><span class='ocrx_word' id='word_1_441' title='bbox 1515 796 1592 816; x_wconf 90' lang='lat' dir='ltr'>nam</span> <span class='ocrx_word' id='word_1_442' title='bbox 1607 787 1685 817; x_wconf 91' lang='lat' dir='ltr'>novi</span> <span class='ocrx_word' id='word_1_443' title='bbox 1701 787 1899 818; x_wconf 87' lang='lat' dir='ltr'>Testamenti</span> <span class='ocrx_word' id='word_1_444' title='bbox 1913 788 2077 818; x_wconf 91' lang='lat' dir='ltr'>visibiliter</span> <span class='ocrx_word' id='word_1_445' title='bbox 2099 787 2214 828; x_wconf 87' lang='lat' dir='ltr'>figurat</span> <span class='ocrx_word' id='word_1_446' title='bbox 2236 788 2348 819; x_wconf 90' lang='lat' dir='ltr'>lumen</span> <span class='ocrx_word' id='word_1_447' title='bbox 2370 794 2511 829; x_wconf 88' lang='lat' dir='ltr'>portans,</span> <span class='ocrx_word' id='word_1_448' title='bbox 2528 789 2584 820; x_wconf 89' lang='lat' dir='ltr'>sed</span> 
     </span>
     <span class='ocr_line' id='line_1_59' title="bbox 1516 830 2585 874; baseline 0.003 -13"><span class='ocrx_word' id='word_1_449' title='bbox 1516 831 1617 861; x_wconf 91' lang='lat' dir='ltr'>lector</span> <span class='ocrx_word' id='word_1_450' title='bbox 1631 830 1794 862; x_wconf 89' lang='lat' dir='ltr'>recitando</span> <span class='ocrx_word' id='word_1_451' title='bbox 1810 830 1927 872; x_wconf 87' lang='lat' dir='ltr'>figuras</span> <span class='ocrx_word' id='word_1_452' title='bbox 1943 832 2028 862; x_wconf 90' lang='lat' dir='ltr'>alias.</span> <span class='ocrx_word' id='word_1_453' title='bbox 2052 832 2128 863; x_wconf 89' lang='lat' dir='ltr'>Ideo</span> <span class='ocrx_word' id='word_1_454' title='bbox 2149 833 2316 874; x_wconf 90' lang='lat' dir='ltr'>acolythus</span> <span class='ocrx_word' id='word_1_455' title='bbox 2333 838 2380 864; x_wconf 88' lang='lat' dir='ltr'>est</span> <span class='ocrx_word' id='word_1_456' title='bbox 2394 834 2549 873; x_wconf 87' lang='lat' dir='ltr'>superior.</span> <span class='ocrx_word' id='word_1_457' title='bbox 2561 850 2585 856; x_wconf 81' lang='lat'><em>-</em></span> 
     </span>
    </p>
   </div>
   <div class='ocr_carea' id='block_1_19' title="bbox 1477 874 2584 915">
    <p class='ocr_par' dir='ltr' id='par_1_21' title="bbox 1477 874 2584 915">
     <span class='ocr_line' id='line_1_60' title="bbox 1477 874 2584 915; baseline 0.001 -8"><span class='ocrx_word' id='word_1_458' title='bbox 1477 887 1500 907; x_wconf 84' lang='lat'>¹5</span> <span class='ocrx_word' id='word_1_459' title='bbox 1517 874 1667 906; x_wconf 88' lang='lat' dir='ltr'>Similiter</span> <span class='ocrx_word' id='word_1_460' title='bbox 1689 876 1785 906; x_wconf 89' lang='lat' dir='ltr'>etiam</span> <span class='ocrx_word' id='word_1_461' title='bbox 1808 877 1972 907; x_wconf 89' lang='lat' dir='ltr'>exorcista.</span> <span class='ocrx_word' id='word_1_462' title='bbox 1997 876 2091 915; x_wconf 92' lang='lat' dir='ltr'>Quia,</span> <span class='ocrx_word' id='word_1_463' title='bbox 2108 878 2190 907; x_wconf 90' lang='lat' dir='ltr'>sicut</span> <span class='ocrx_word' id='word_1_464' title='bbox 2206 886 2239 907; x_wconf 92' lang='lat' dir='ltr'>se</span> <span class='ocrx_word' id='word_1_465' title='bbox 2254 877 2350 908; x_wconf 90' lang='lat' dir='ltr'>habet</span> <span class='ocrx_word' id='word_1_466' title='bbox 2373 883 2462 908; x_wconf 92' lang='lat' dir='ltr'>actus</span> <span class='ocrx_word' id='word_1_467' title='bbox 2484 878 2584 908; x_wconf 87' lang='lat' dir='ltr'>lecto-</span> 
     </span>
    </p>
   </div>
   <div class='ocr_carea' id='block_1_20' title="bbox 1514 919 2584 1538">
    <p class='ocr_par' dir='ltr' id='par_1_22' title="bbox 1515 919 2584 1084">
     <span class='ocr_line' id='line_1_61' title="bbox 1515 919 2584 958; baseline 0.003 -8"><span class='ocrx_word' id='word_1_468' title='bbox 1515 929 1588 950; x_wconf 88' lang='lat' dir='ltr'>rum</span> <span class='ocrx_word' id='word_1_469' title='bbox 1612 919 1652 950; x_wconf 93' lang='lat' dir='ltr'>ad</span> <span class='ocrx_word' id='word_1_470' title='bbox 1675 925 1782 951; x_wconf 87' lang='lat' dir='ltr'>actum</span> <span class='ocrx_word' id='word_1_471' title='bbox 1810 920 2035 951; x_wconf 88' lang='lat' dir='ltr'>secundarium</span> <span class='ocrx_word' id='word_1_472' title='bbox 2058 921 2185 952; x_wconf 90' lang='lat' dir='ltr'>diaconi</span> <span class='ocrx_word' id='word_1_473' title='bbox 2209 926 2240 952; x_wconf 94' lang='lat' dir='ltr'>et</span> <span class='ocrx_word' id='word_1_474' title='bbox 2262 921 2460 958; x_wconf 88' lang='lat' dir='ltr'>subdiaconi,</span> <span class='ocrx_word' id='word_1_475' title='bbox 2484 922 2528 953; x_wconf 90' lang='lat' dir='ltr'>ita</span> <span class='ocrx_word' id='word_1_476' title='bbox 2551 932 2584 953; x_wconf 92' lang='lat' dir='ltr'>se</span> 
     </span>
     <span class='ocr_line' id='line_1_62' title="bbox 1515 964 2582 1003; baseline 0.003 -9"><span class='ocrx_word' id='word_1_477' title='bbox 1515 964 1611 994; x_wconf 88' lang='lat' dir='ltr'>habet</span> <span class='ocrx_word' id='word_1_478' title='bbox 1634 970 1722 995; x_wconf 90' lang='lat' dir='ltr'>actus</span> <span class='ocrx_word' id='word_1_479' title='bbox 1746 965 1919 995; x_wconf 85' lang='lat' dir='ltr'>exorcistae</span> <span class='ocrx_word' id='word_1_480' title='bbox 1947 965 1987 996; x_wconf 90' lang='lat' dir='ltr'>ad</span> <span class='ocrx_word' id='word_1_481' title='bbox 2009 965 2234 997; x_wconf 88' lang='lat' dir='ltr'>secundarium</span> <span class='ocrx_word' id='word_1_482' title='bbox 2262 971 2370 997; x_wconf 91' lang='lat' dir='ltr'>actum</span> <span class='ocrx_word' id='word_1_483' title='bbox 2400 966 2582 1003; x_wconf 90' lang='lat' dir='ltr'>sacerdotis,</span> 
     </span>
     <span class='ocr_line' id='line_1_63' title="bbox 1516 1008 2584 1050; baseline 0.004 -12"><span class='ocrx_word' id='word_1_484' title='bbox 1516 1008 1637 1038; x_wconf 90' lang='lat' dir='ltr'>scilicet</span> <span class='ocrx_word' id='word_1_485' title='bbox 1659 1008 1755 1048; x_wconf 90' lang='lat' dir='ltr'>ligare</span> <span class='ocrx_word' id='word_1_486' title='bbox 1779 1014 1811 1039; x_wconf 90' lang='lat' dir='ltr'>et</span> <span class='ocrx_word' id='word_1_487' title='bbox 1834 1009 1966 1046; x_wconf 90' lang='lat' dir='ltr'>solvere,</span> <span class='ocrx_word' id='word_1_488' title='bbox 1989 1019 2047 1050; x_wconf 91' lang='lat' dir='ltr'>per</span> <span class='ocrx_word' id='word_1_489' title='bbox 2070 1019 2168 1050; x_wconf 90' lang='lat' dir='ltr'>quem</span> <span class='ocrx_word' id='word_1_490' title='bbox 2191 1010 2329 1041; x_wconf 89' lang='lat' dir='ltr'>totaliter</span> <span class='ocrx_word' id='word_1_491' title='bbox 2355 1011 2456 1042; x_wconf 91' lang='lat' dir='ltr'>homo</span> <span class='ocrx_word' id='word_1_492' title='bbox 2479 1021 2498 1042; x_wconf 93' lang='lat' dir='ltr'>a</span> <span class='ocrx_word' id='word_1_493' title='bbox 2520 1021 2584 1042; x_wconf 91' lang='lat' dir='ltr'>ser-</span> 
     </span>
     <span class='ocr_line' id='line_1_64' title="bbox 1515 1052 1940 1084; baseline 0.002 -2"><span class='ocrx_word' id='word_1_494' title='bbox 1515 1053 1617 1082; x_wconf 89' lang='lat' dir='ltr'>vitute</span> <span class='ocrx_word' id='word_1_495' title='bbox 1640 1052 1759 1083; x_wconf 91' lang='lat' dir='ltr'>diaboli</span> <span class='ocrx_word' id='word_1_496' title='bbox 1781 1053 1940 1084; x_wconf 89' lang='lat' dir='ltr'>liberatur.</span> 
     </span>
    </p>

    <p class='ocr_par' dir='ltr' id='par_1_23' title="bbox 1516 1096 2584 1315">
     <span class='ocr_line' id='line_1_65' title="bbox 1571 1096 2584 1140; baseline 0.005 -14"><span class='ocrx_word' id='word_1_497' title='bbox 1571 1096 1613 1126; x_wconf 94' lang='lat' dir='ltr'>Et</span> <span class='ocrx_word' id='word_1_498' title='bbox 1628 1097 1662 1126; x_wconf 90' lang='lat' dir='ltr'>in</span> <span class='ocrx_word' id='word_1_499' title='bbox 1677 1097 1741 1127; x_wconf 89' lang='lat' dir='ltr'>hoc</span> <span class='ocrx_word' id='word_1_500' title='bbox 1761 1102 1848 1137; x_wconf 93' lang='lat' dir='ltr'>patet</span> <span class='ocrx_word' id='word_1_501' title='bbox 1872 1097 2123 1129; x_wconf 86' lang='lat' dir='ltr'>ordinatissimus</span> <span class='ocrx_word' id='word_1_502' title='bbox 2139 1098 2259 1129; x_wconf 90' lang='lat' dir='ltr'>ordinis</span> <span class='ocrx_word' id='word_1_503' title='bbox 2277 1108 2473 1140; x_wconf 89' lang='lat' dir='ltr'>progressus.</span> <span class='ocrx_word' id='word_1_504' title='bbox 2498 1099 2584 1138; x_wconf 91' lang='lat' dir='ltr'>Quia</span> 
     </span>
     <span class='ocr_line' id='line_1_66' title="bbox 1516 1139 2584 1183; baseline 0.005 -13"><span class='ocrx_word' id='word_1_505' title='bbox 1516 1139 1682 1176; x_wconf 91' lang='lat' dir='ltr'>sacerdoti,</span> <span class='ocrx_word' id='word_1_506' title='bbox 1700 1146 1858 1180; x_wconf 90' lang='lat' dir='ltr'>quantum</span> <span class='ocrx_word' id='word_1_507' title='bbox 1874 1141 1914 1171; x_wconf 89' lang='lat' dir='ltr'>ad</span> <span class='ocrx_word' id='word_1_508' title='bbox 1929 1146 2037 1172; x_wconf 93' lang='lat' dir='ltr'>actum</span> <span class='ocrx_word' id='word_1_509' title='bbox 2053 1142 2121 1172; x_wconf 89' lang='lat' dir='ltr'>eius</span> <span class='ocrx_word' id='word_1_510' title='bbox 2136 1143 2356 1183; x_wconf 89' lang='lat' dir='ltr'>principalem,</span> <span class='ocrx_word' id='word_1_511' title='bbox 2369 1144 2490 1174; x_wconf 91' lang='lat' dir='ltr'>scilieet</span> <span class='ocrx_word' id='word_1_512' title='bbox 2505 1154 2584 1175; x_wconf 91' lang='lat' dir='ltr'>con-</span> 
     </span>
     <span class='ocr_line' id='line_1_67' title="bbox 1516 1184 2583 1228; baseline 0.005 -14"><span class='ocrx_word' id='word_1_513' title='bbox 1516 1193 1637 1215; x_wconf 89' lang='lat' dir='ltr'>secrare</span> <span class='ocrx_word' id='word_1_514' title='bbox 1654 1194 1771 1225; x_wconf 90' lang='lat' dir='ltr'>corpus</span> <span class='ocrx_word' id='word_1_515' title='bbox 1792 1184 1920 1221; x_wconf 90' lang='lat' dir='ltr'>Christi,</span> <span class='ocrx_word' id='word_1_516' title='bbox 1937 1191 2152 1225; x_wconf 86' lang='lat' dir='ltr'>cooperantur</span> <span class='ocrx_word' id='word_1_517' title='bbox 2170 1191 2296 1217; x_wconf 88' lang='lat' dir='ltr'>tantum</span> <span class='ocrx_word' id='word_1_518' title='bbox 2317 1192 2380 1218; x_wconf 88' lang='lat' dir='ltr'>tres</span> <span class='ocrx_word' id='word_1_519' title='bbox 2403 1189 2583 1228; x_wconf 89' lang='lat' dir='ltr'>superiores</span> 
     </span>
     <span class='ocr_line' id='line_1_68' title="bbox 1516 1228 2584 1273; baseline 0.004 -14"><span class='ocrx_word' id='word_1_520' title='bbox 1516 1228 1653 1259; x_wconf 91' lang='lat' dir='ltr'>ordines.</span> <span class='ocrx_word' id='word_1_521' title='bbox 1685 1228 1748 1260; x_wconf 92' lang='lat' dir='ltr'>Sed</span> <span class='ocrx_word' id='word_1_522' title='bbox 1778 1234 1936 1269; x_wconf 90' lang='lat' dir='ltr'>quantum</span> <span class='ocrx_word' id='word_1_523' title='bbox 1959 1229 1999 1260; x_wconf 91' lang='lat' dir='ltr'>ad</span> <span class='ocrx_word' id='word_1_524' title='bbox 2022 1235 2130 1260; x_wconf 84' lang='lat' dir='ltr'>actum</span> <span class='ocrx_word' id='word_1_525' title='bbox 2160 1231 2228 1261; x_wconf 90' lang='lat' dir='ltr'>eius</span> <span class='ocrx_word' id='word_1_526' title='bbox 2259 1230 2502 1268; x_wconf 85' lang='lat' dir='ltr'>secundarium,</span> <span class='ocrx_word' id='word_1_527' title='bbox 2527 1233 2584 1273; x_wconf 89' lang='lat' dir='ltr'>qui</span> 
     </span>
     <span class='ocr_line' id='line_1_69' title="bbox 1516 1273 2582 1315; baseline 0.004 -12"><span class='ocrx_word' id='word_1_528' title='bbox 1516 1278 1563 1303; x_wconf 91' lang='lat' dir='ltr'>est</span> <span class='ocrx_word' id='word_1_529' title='bbox 1578 1273 1742 1304; x_wconf 90' lang='lat' dir='ltr'>absolvere</span> <span class='ocrx_word' id='word_1_530' title='bbox 1759 1278 1790 1304; x_wconf 90' lang='lat' dir='ltr'>et</span> <span class='ocrx_word' id='word_1_531' title='bbox 1804 1273 1910 1314; x_wconf 86' lang='lat' dir='ltr'>ligare,</span> <span class='ocrx_word' id='word_1_532' title='bbox 1928 1279 2143 1314; x_wconf 90' lang='lat' dir='ltr'>cooperantur</span> <span class='ocrx_word' id='word_1_533' title='bbox 2163 1275 2344 1315; x_wconf 87' lang='lat' dir='ltr'>superiores</span> <span class='ocrx_word' id='word_1_534' title='bbox 2360 1281 2391 1306; x_wconf 93' lang='lat' dir='ltr'>et</span> <span class='ocrx_word' id='word_1_535' title='bbox 2406 1274 2582 1307; x_wconf 89' lang='lat' dir='ltr'>inferiores.</span> 
     </span>
    </p>

    <p class='ocr_par' dir='ltr' id='par_1_24' title="bbox 1514 1318 2584 1538">
     <span class='ocr_line' id='line_1_70' title="bbox 1570 1318 2583 1360; baseline 0.004 -13"><span class='ocrx_word' id='word_1_536' title='bbox 1570 1318 1621 1347; x_wconf 81' lang='lat' dir='ltr'>Ar&gt;</span> <span class='ocrx_word' id='word_1_537' title='bbox 1653 1327 1762 1348; x_wconf 65' lang='lat' dir='ltr'>nonum</span> <span class='ocrx_word' id='word_1_538' title='bbox 1791 1323 1950 1348; x_wconf 68' lang='lat' dir='ltr'>Drcannum</span> <span class='ocrx_word' id='word_1_539' title='bbox 1980 1318 2070 1358; x_wconf 92' lang='lat' dir='ltr'>quod</span> <span class='ocrx_word' id='word_1_540' title='bbox 2102 1318 2233 1358; x_wconf 90' lang='lat' dir='ltr'>quidam</span> <span class='ocrx_word' id='word_1_541' title='bbox 2249 1320 2266 1336; x_wconf 70' lang='lat'>⁴*</span> <span class='ocrx_word' id='word_1_542' title='bbox 2289 1318 2401 1350; x_wconf 90' lang='lat' dir='ltr'>dicunt</span> <span class='ocrx_word' id='word_1_543' title='bbox 2430 1320 2521 1360; x_wconf 91' lang='lat' dir='ltr'>quod</span> <span class='ocrx_word' id='word_1_544' title='bbox 2549 1321 2583 1351; x_wconf 92' lang='lat' dir='ltr'>in</span> 
     </span>
     <span class='ocr_line' id='line_1_71' title="bbox 1515 1361 2584 1403; baseline 0.005 -12"><span class='ocrx_word' id='word_1_545' title='bbox 1515 1362 1720 1402; x_wconf 89' lang='lat' dir='ltr'>susceptione</span> <span class='ocrx_word' id='word_1_546' title='bbox 1745 1361 1864 1392; x_wconf 91' lang='lat' dir='ltr'>ordinis</span> <span class='ocrx_word' id='word_1_547' title='bbox 1888 1363 2017 1393; x_wconf 88' lang='lat' dir='ltr'>ostiario</span> <span class='ocrx_word' id='word_1_548' title='bbox 2048 1362 2140 1393; x_wconf 91' lang='lat' dir='ltr'>datur</span> <span class='ocrx_word' id='word_1_549' title='bbox 2167 1363 2326 1403; x_wconf 90' lang='lat' dir='ltr'>quaedam</span> <span class='ocrx_word' id='word_1_550' title='bbox 2347 1365 2396 1394; x_wconf 90' lang='lat' dir='ltr'>vis</span> <span class='ocrx_word' id='word_1_551' title='bbox 2419 1363 2525 1395; x_wconf 90' lang='lat' dir='ltr'>divina</span> <span class='ocrx_word' id='word_1_552' title='bbox 2547 1370 2584 1396; x_wconf 90' lang='lat' dir='ltr'>ut</span> 
     </span>
     <span class='ocr_line' id='line_1_72' title="bbox 1515 1406 2582 1448; baseline 0.004 -12"><span class='ocrx_word' id='word_1_553' title='bbox 1515 1415 1621 1437; x_wconf 91' lang='lat' dir='ltr'>arcere</span> <span class='ocrx_word' id='word_1_554' title='bbox 1644 1407 1745 1447; x_wconf 90' lang='lat' dir='ltr'>possit</span> <span class='ocrx_word' id='word_1_555' title='bbox 1767 1406 1893 1447; x_wconf 90' lang='lat' dir='ltr'>aliquos</span> <span class='ocrx_word' id='word_1_556' title='bbox 1916 1407 1955 1437; x_wconf 91' lang='lat' dir='ltr'>ab</span> <span class='ocrx_word' id='word_1_557' title='bbox 1978 1408 2112 1438; x_wconf 91' lang='lat' dir='ltr'>introitu</span> <span class='ocrx_word' id='word_1_558' title='bbox 2139 1408 2268 1448; x_wconf 89' lang='lat' dir='ltr'>templi,</span> <span class='ocrx_word' id='word_1_559' title='bbox 2292 1409 2375 1439; x_wconf 90' lang='lat' dir='ltr'>sicut</span> <span class='ocrx_word' id='word_1_560' title='bbox 2396 1408 2431 1439; x_wconf 92' lang='lat' dir='ltr'>in</span> <span class='ocrx_word' id='word_1_561' title='bbox 2454 1408 2582 1440; x_wconf 89' lang='lat' dir='ltr'>Christo</span> 
     </span>
     <span class='ocr_line' id='line_1_73' title="bbox 1514 1449 2583 1493; baseline 0.004 -12"><span class='ocrx_word' id='word_1_562' title='bbox 1514 1449 1575 1481; x_wconf 89' lang='lat' dir='ltr'>fuit</span> <span class='ocrx_word' id='word_1_563' title='bbox 1605 1450 1735 1491; x_wconf 85' lang='lat' dir='ltr'>quando</span> <span class='ocrx_word' id='word_1_564' title='bbox 1768 1451 1861 1482; x_wconf 89' lang='lat' dir='ltr'>eiecit</span> <span class='ocrx_word' id='word_1_565' title='bbox 1889 1451 2063 1482; x_wconf 87' lang='lat' dir='ltr'>vendentes</span> <span class='ocrx_word' id='word_1_566' title='bbox 2094 1451 2133 1482; x_wconf 94' lang='lat' dir='ltr'>de</span> <span class='ocrx_word' id='word_1_567' title='bbox 2157 1452 2297 1493; x_wconf 80' lang='lat' dir='ltr'>Templo</span> <span class='ocrx_word' id='word_1_568' title='bbox 2313 1453 2339 1483; x_wconf 45' lang='grc' dir='ltr'>ὓ.</span> <span class='ocrx_word' id='word_1_569' title='bbox 2372 1471 2396 1475; x_wconf 99' lang='grc'><strong>-</strong></span> <span class='ocrx_word' id='word_1_570' title='bbox 2427 1452 2490 1484; x_wconf 90' lang='lat' dir='ltr'>Sed</span> <span class='ocrx_word' id='word_1_571' title='bbox 2518 1454 2583 1485; x_wconf 89' lang='lat' dir='ltr'>hoc</span> 
     </span>
     <span class='ocr_line' id='line_1_74' title="bbox 1514 1495 2583 1538; baseline 0.005 -13"><span class='ocrx_word' id='word_1_572' title='bbox 1514 1495 1615 1535; x_wconf 89' lang='lat' dir='ltr'>magis</span> <span class='ocrx_word' id='word_1_573' title='bbox 1638 1496 1775 1536; x_wconf 85' lang='lat' dir='ltr'>pertinet</span> <span class='ocrx_word' id='word_1_574' title='bbox 1797 1495 1838 1526; x_wconf 93' lang='lat' dir='ltr'>ad</span> <span class='ocrx_word' id='word_1_575' title='bbox 1859 1496 1992 1536; x_wconf 80' lang='lat' dir='ltr'>gratiam</span> <span class='ocrx_word' id='word_1_576' title='bbox 2014 1497 2109 1536; x_wconf 88' lang='lat' dir='ltr'>gratis</span> <span class='ocrx_word' id='word_1_577' title='bbox 2132 1495 2239 1527; x_wconf 90' lang='lat' dir='ltr'>datam</span> <span class='ocrx_word' id='word_1_578' title='bbox 2267 1506 2366 1537; x_wconf 90' lang='lat' dir='ltr'>quam</span> <span class='ocrx_word' id='word_1_579' title='bbox 2389 1497 2429 1528; x_wconf 91' lang='lat' dir='ltr'>ad</span> <span class='ocrx_word' id='word_1_580' title='bbox 2450 1498 2583 1538; x_wconf 86' lang='lat' dir='ltr'>gratiam</span> 
     </span>
    </p>
   </div>
   <div class='ocr_carea' id='block_1_21' title="bbox 1475 1541 1714 1573">
    <p class='ocr_par' dir='ltr' id='par_1_25' title="bbox 1475 1541 1714 1573">
     <span class='ocr_line' id='line_1_75' title="bbox 1475 1541 1714 1573; baseline 0.013 -6"><span class='ocrx_word' id='word_1_581' title='bbox 1475 1553 1500 1573; x_wconf 65' lang='grc' dir='ltr'>,ο</span> <span class='ocrx_word' id='word_1_582' title='bbox 1515 1541 1714 1570; x_wconf 89' lang='lat' dir='ltr'>sacramenti.</span> 
     </span>
    </p>
   </div>
   <div class='ocr_carea' id='block_1_22' title="bbox 1513 1583 2582 1760">
    <p class='ocr_par' dir='ltr' id='par_1_26' title="bbox 1513 1583 2582 1760">
     <span class='ocr_line' id='line_1_76' title="bbox 1569 1583 2582 1626; baseline 0.004 -12"><span class='ocrx_word' id='word_1_583' title='bbox 1569 1584 1611 1614; x_wconf 91' lang='lat' dir='ltr'>Et</span> <span class='ocrx_word' id='word_1_584' title='bbox 1625 1583 1699 1615; x_wconf 93' lang='lat' dir='ltr'>ideo</span> <span class='ocrx_word' id='word_1_585' title='bbox 1717 1583 1890 1615; x_wconf 90' lang='lat' dir='ltr'>dicendum</span> <span class='ocrx_word' id='word_1_586' title='bbox 1906 1584 1995 1625; x_wconf 93' lang='lat' dir='ltr'>quod</span> <span class='ocrx_word' id='word_1_587' title='bbox 2010 1585 2143 1625; x_wconf 88' lang='lat' dir='ltr'>suscipit</span> <span class='ocrx_word' id='word_1_588' title='bbox 2160 1590 2352 1626; x_wconf 88' lang='lat' dir='ltr'>potestatem</span> <span class='ocrx_word' id='word_1_589' title='bbox 2368 1591 2404 1617; x_wconf 93' lang='lat' dir='ltr'>ut</span> <span class='ocrx_word' id='word_1_590' title='bbox 2419 1595 2458 1617; x_wconf 82' lang='lat' dir='ltr'>ex</span> <span class='ocrx_word' id='word_1_591' title='bbox 2474 1586 2582 1619; x_wconf 85' lang='lat' dir='ltr'>officio</span> 
     </span>
     <span class='ocr_line' id='line_1_77' title="bbox 1513 1628 2581 1671; baseline 0.003 -12"><span class='ocrx_word' id='word_1_592' title='bbox 1513 1628 1577 1659; x_wconf 92' lang='lat' dir='ltr'>hoc</span> <span class='ocrx_word' id='word_1_593' title='bbox 1593 1638 1686 1669; x_wconf 86' lang='lat' dir='ltr'>agere</span> <span class='ocrx_word' id='word_1_594' title='bbox 1701 1629 1818 1669; x_wconf 89' lang='lat' dir='ltr'>possit:</span> <span class='ocrx_word' id='word_1_595' title='bbox 1844 1630 1989 1669; x_wconf 90' lang='lat' dir='ltr'>quamvis</span> <span class='ocrx_word' id='word_1_596' title='bbox 2009 1630 2105 1660; x_wconf 86' lang='lat' dir='ltr'>etiam</span> <span class='ocrx_word' id='word_1_597' title='bbox 2121 1635 2152 1660; x_wconf 92' lang='lat' dir='ltr'>et</span> <span class='ocrx_word' id='word_1_598' title='bbox 2168 1630 2231 1660; x_wconf 93' lang='lat' dir='ltr'>hoc</span> <span class='ocrx_word' id='word_1_599' title='bbox 2247 1630 2286 1660; x_wconf 91' lang='lat' dir='ltr'>ab</span> <span class='ocrx_word' id='word_1_600' title='bbox 2303 1630 2371 1661; x_wconf 92' lang='lat' dir='ltr'>aliis</span> <span class='ocrx_word' id='word_1_601' title='bbox 2386 1629 2456 1662; x_wconf 88' lang='lat' dir='ltr'>fieri</span> <span class='ocrx_word' id='word_1_602' title='bbox 2470 1632 2581 1671; x_wconf 89' lang='lat' dir='ltr'>possit,</span> 
     </span>
     <span class='ocr_line' id='line_1_78' title="bbox 1513 1670 2582 1707; baseline 0.004 -4"><span class='ocrx_word' id='word_1_603' title='bbox 1513 1672 1569 1703; x_wconf 91' lang='lat' dir='ltr'>sed</span> <span class='ocrx_word' id='word_1_604' title='bbox 1587 1683 1655 1703; x_wconf 93' lang='lat' dir='ltr'>non</span> <span class='ocrx_word' id='word_1_605' title='bbox 1672 1683 1710 1703; x_wconf 87' lang='lat' dir='ltr'>ex</span> <span class='ocrx_word' id='word_1_606' title='bbox 1726 1672 1845 1704; x_wconf 87' lang='lat' dir='ltr'>officio.</span> <span class='ocrx_word' id='word_1_607' title='bbox 1870 1674 1911 1704; x_wconf 92' lang='lat' dir='ltr'>Et</span> <span class='ocrx_word' id='word_1_608' title='bbox 1926 1674 1969 1704; x_wconf 90' lang='lat' dir='ltr'>ita</span> <span class='ocrx_word' id='word_1_609' title='bbox 1985 1679 2031 1704; x_wconf 92' lang='lat' dir='ltr'>est</span> <span class='ocrx_word' id='word_1_610' title='bbox 2046 1674 2080 1704; x_wconf 93' lang='lat' dir='ltr'>in</span> <span class='ocrx_word' id='word_1_611' title='bbox 2099 1670 2255 1705; x_wconf 78' lang='lat' dir='ltr'>omnibus</span> <span class='ocrx_word' id='word_1_612' title='bbox 2273 1675 2395 1706; x_wconf 90' lang='lat' dir='ltr'>actibus</span> <span class='ocrx_word' id='word_1_613' title='bbox 2417 1676 2582 1707; x_wconf 88' lang='lat' dir='ltr'>minorum</span> 
     </span>
     <span class='ocr_line' id='line_1_79' title="bbox 1514 1717 2582 1760; baseline 0.004 -13"><span class='ocrx_word' id='word_1_614' title='bbox 1514 1717 1674 1754; x_wconf 91' lang='lat' dir='ltr'>ordinum,</span> <span class='ocrx_word' id='word_1_615' title='bbox 1700 1717 1790 1758; x_wconf 91' lang='lat' dir='ltr'>quod</span> <span class='ocrx_word' id='word_1_616' title='bbox 1811 1723 1948 1758; x_wconf 89' lang='lat' dir='ltr'>possunt</span> <span class='ocrx_word' id='word_1_617' title='bbox 1974 1728 2031 1758; x_wconf 88' lang='lat' dir='ltr'>per</span> <span class='ocrx_word' id='word_1_618' title='bbox 2054 1718 2132 1749; x_wconf 90' lang='lat' dir='ltr'>alios</span> <span class='ocrx_word' id='word_1_619' title='bbox 2155 1718 2241 1750; x_wconf 90' lang='lat' dir='ltr'>licite</span> <span class='ocrx_word' id='word_1_620' title='bbox 2263 1718 2342 1756; x_wconf 91' lang='lat' dir='ltr'>fieri,</span> <span class='ocrx_word' id='word_1_621' title='bbox 2368 1721 2514 1760; x_wconf 90' lang='lat' dir='ltr'>quamvis</span> <span class='ocrx_word' id='word_1_622' title='bbox 2536 1720 2582 1752; x_wconf 89' lang='lat' dir='ltr'>illi</span> 
     </span>
    </p>
   </div>
   <div class='ocr_carea' id='block_1_23' title="bbox 1474 1761 2582 1796">
    <p class='ocr_par' dir='ltr' id='par_1_27' title="bbox 1474 1761 2582 1796">
     <span class='ocr_line' id='line_1_80' title="bbox 1474 1761 2582 1796; baseline 0.004 -4"><span class='ocrx_word' id='word_1_623' title='bbox 1474 1774 1497 1795; x_wconf 77' lang='lat'>35</span> <span class='ocrx_word' id='word_1_624' title='bbox 1514 1761 1553 1792; x_wconf 90' lang='lat' dir='ltr'>ad</span> <span class='ocrx_word' id='word_1_625' title='bbox 1576 1762 1639 1793; x_wconf 90' lang='lat' dir='ltr'>hoc</span> <span class='ocrx_word' id='word_1_626' title='bbox 1662 1771 1730 1793; x_wconf 93' lang='lat' dir='ltr'>non</span> <span class='ocrx_word' id='word_1_627' title='bbox 1753 1762 1890 1793; x_wconf 89' lang='lat' dir='ltr'>habeant</span> <span class='ocrx_word' id='word_1_628' title='bbox 1918 1761 2071 1793; x_wconf 89' lang='lat' dir='ltr'>officium.</span> <span class='ocrx_word' id='word_1_629' title='bbox 2101 1762 2191 1794; x_wconf 90' lang='lat' dir='ltr'>Sicut</span> <span class='ocrx_word' id='word_1_630' title='bbox 2214 1763 2310 1794; x_wconf 90' lang='lat' dir='ltr'>etiam</span> <span class='ocrx_word' id='word_1_631' title='bbox 2332 1764 2367 1794; x_wconf 91' lang='lat' dir='ltr'>in</span> <span class='ocrx_word' id='word_1_632' title='bbox 2390 1763 2490 1795; x_wconf 90' lang='lat' dir='ltr'>domo</span> <span class='ocrx_word' id='word_1_633' title='bbox 2513 1774 2582 1796; x_wconf 88' lang='lat' dir='ltr'>non</span> 
     </span>
    </p>
   </div>
   <div class='ocr_carea' id='block_1_24' title="bbox 1513 1806 2582 1883">
    <p class='ocr_par' dir='ltr' id='par_1_28' title="bbox 1513 1806 2582 1883">
     <span class='ocr_line' id='line_1_81' title="bbox 1513 1806 2582 1847; baseline 0.004 -11"><span class='ocrx_word' id='word_1_634' title='bbox 1513 1812 1698 1837; x_wconf 91' lang='lat' dir='ltr'>consecrata</span> <span class='ocrx_word' id='word_1_635' title='bbox 1719 1812 1826 1847; x_wconf 91' lang='lat' dir='ltr'>potest</span> <span class='ocrx_word' id='word_1_636' title='bbox 1842 1806 1904 1838; x_wconf 91' lang='lat' dir='ltr'>dici</span> <span class='ocrx_word' id='word_1_637' title='bbox 1919 1807 2024 1844; x_wconf 88' lang='lat' dir='ltr'>missa,</span> <span class='ocrx_word' id='word_1_638' title='bbox 2042 1808 2187 1847; x_wconf 91' lang='lat' dir='ltr'>quamvis</span> <span class='ocrx_word' id='word_1_639' title='bbox 2211 1809 2409 1839; x_wconf 89' lang='lat' dir='ltr'>consecratio</span> <span class='ocrx_word' id='word_1_640' title='bbox 2429 1809 2582 1840; x_wconf 86' lang='lat' dir='ltr'>ecclesiae</span> 
     </span>
     <span class='ocr_line' id='line_1_82' title="bbox 1513 1850 2276 1883; baseline 0.003 -2"><span class='ocrx_word' id='word_1_641' title='bbox 1513 1850 1553 1882; x_wconf 90' lang='lat' dir='ltr'>ad</span> <span class='ocrx_word' id='word_1_642' title='bbox 1575 1851 1639 1882; x_wconf 92' lang='lat' dir='ltr'>hoc</span> <span class='ocrx_word' id='word_1_643' title='bbox 1663 1850 1827 1882; x_wconf 90' lang='lat' dir='ltr'>ordinetur</span> <span class='ocrx_word' id='word_1_644' title='bbox 1849 1857 1885 1882; x_wconf 91' lang='lat' dir='ltr'>ut</span> <span class='ocrx_word' id='word_1_645' title='bbox 1908 1852 1942 1882; x_wconf 90' lang='lat' dir='ltr'>in</span> <span class='ocrx_word' id='word_1_646' title='bbox 1966 1861 2003 1882; x_wconf 90' lang='lat' dir='ltr'>ea</span> <span class='ocrx_word' id='word_1_647' title='bbox 2025 1852 2121 1882; x_wconf 91' lang='lat' dir='ltr'>missa</span> <span class='ocrx_word' id='word_1_648' title='bbox 2144 1851 2276 1883; x_wconf 86' lang='lat' dir='ltr'>dicatur.</span> 
     </span>
    </p>
   </div>
   <div class='ocr_carea' id='block_1_25' title="bbox 1593 1938 2501 2014">
    <p class='ocr_par' dir='ltr' id='par_1_29' title="bbox 1593 1938 2501 2014">
     <span class='ocr_line' id='line_1_83' title="bbox 1593 1938 2501 1970; baseline 0.001 -1"><span class='ocrx_word' id='word_1_649' title='bbox 1593 1938 1693 1969; x_wconf 91' lang='lat' dir='ltr'>ART.</span> <span class='ocrx_word' id='word_1_650' title='bbox 1717 1938 1756 1969; x_wconf 91' lang='lat' dir='ltr'>V.</span> <span class='ocrx_word' id='word_1_651' title='bbox 1781 1948 1886 1969; x_wconf 77' lang='lat' dir='ltr'>UTRUM</span> <span class='ocrx_word' id='word_1_652' title='bbox 1909 1948 2081 1969; x_wconf 80' lang='lat' dir='ltr'>SACERDOT1</span> <span class='ocrx_word' id='word_1_653' title='bbox 2105 1948 2288 1970; x_wconf 67' lang='lat' dir='ltr'>anRAc‘raR</span> <span class='ocrx_word' id='word_1_654' title='bbox 2310 1949 2501 1970; x_wconf 67' lang='lat' dir='ltr'>mmmmm</span> 
     </span>
     <span class='ocr_line' id='line_1_84' title="bbox 1796 1993 2297 2014; baseline 0.002 -1"><span class='ocrx_word' id='word_1_655' title='bbox 1796 1993 1828 2013; x_wconf 79' lang='lat' dir='ltr'>m</span> <span class='ocrx_word' id='word_1_656' title='bbox 1851 1993 1918 2013; x_wconf 72' lang='grc' dir='ltr'>ιΡεΑ</span> <span class='ocrx_word' id='word_1_657' title='bbox 1942 1993 2058 2013; x_wconf 73' lang='grc' dir='ltr'>εΑιιεῐε</span> <span class='ocrx_word' id='word_1_658' title='bbox 2081 1993 2297 2014; x_wconf 70' lang='lat' dir='ltr'>pomcrromz</span> 
     </span>
    </p>
   </div>
   <div class='ocr_carea' id='block_1_26' title="bbox 1512 2070 2582 2200">
    <p class='ocr_par' dir='ltr' id='par_1_30' title="bbox 1512 2070 2582 2200">
     <span class='ocr_line' id='line_1_85' title="bbox 1513 2070 2581 2144; baseline 0.004 -44"><span class='ocrx_word' id='word_1_659' title='bbox 1513 2081 1597 2144; x_wconf 78' lang='lat' dir='ltr'>An</span> <span class='ocrx_word' id='word_1_660' title='bbox 1615 2081 1755 2101; x_wconf 72' lang='lat' dir='ltr'>omN&#39;rum</span> <span class='ocrx_word' id='word_1_661' title='bbox 1778 2080 1823 2101; x_wconf 90' lang='lat' dir='ltr'>src</span> <span class='ocrx_word' id='word_1_662' title='bbox 1842 2080 2047 2101; x_wconf 72' lang='lat' dir='ltr'>rnocanrrun.</span> <span class='ocrx_word' id='word_1_663' title='bbox 2063 2070 2198 2101; x_wconf 91' lang='lat' dir='ltr'>Videtur</span> <span class='ocrx_word' id='word_1_664' title='bbox 2214 2070 2304 2111; x_wconf 91' lang='lat' dir='ltr'>quod</span> <span class='ocrx_word' id='word_1_665' title='bbox 2327 2071 2485 2103; x_wconf 85' lang='lat' dir='ltr'>sacerdoti</span> <span class='ocrx_word' id='word_1_666' title='bbox 2507 2073 2581 2104; x_wconf 89' lang='lat' dir='ltr'>cha-</span> 
     </span>
     <span class='ocr_line' id='line_1_86' title="bbox 1577 2115 2582 2156; baseline 0.003 -10"><span class='ocrx_word' id='word_1_667' title='bbox 1577 2121 1678 2146; x_wconf 90' lang='lat' dir='ltr'>racter</span> <span class='ocrx_word' id='word_1_668' title='bbox 1692 2125 1760 2146; x_wconf 93' lang='lat' dir='ltr'>non</span> <span class='ocrx_word' id='word_1_669' title='bbox 1776 2115 1978 2155; x_wconf 89' lang='lat' dir='ltr'>imprimatur</span> <span class='ocrx_word' id='word_1_670' title='bbox 1992 2116 2026 2145; x_wconf 93' lang='lat' dir='ltr'>in</span> <span class='ocrx_word' id='word_1_671' title='bbox 2041 2115 2110 2155; x_wconf 88' lang='lat' dir='ltr'>ipsa</span> <span class='ocrx_word' id='word_1_672' title='bbox 2131 2115 2237 2146; x_wconf 86' lang='lat' dir='ltr'>calicis</span> <span class='ocrx_word' id='word_1_673' title='bbox 2255 2117 2469 2156; x_wconf 90' lang='lat' dir='ltr'>porrectione.</span> <span class='ocrx_word' id='word_1_674' title='bbox 2496 2117 2582 2156; x_wconf 86' lang='lat' dir='ltr'>Quia</span> 
     </span>
     <span class='ocr_line' id='line_1_87' title="bbox 1512 2159 2582 2200; baseline 0.003 -10"><span class='ocrx_word' id='word_1_675' title='bbox 1512 2160 1711 2191; x_wconf 89' lang='lat' dir='ltr'>consecratio</span> <span class='ocrx_word' id='word_1_676' title='bbox 1735 2159 1907 2190; x_wconf 91' lang='lat' dir='ltr'>sacerdotis</span> <span class='ocrx_word' id='word_1_677' title='bbox 1930 2159 1966 2190; x_wconf 91' lang='lat' dir='ltr'>fit</span> <span class='ocrx_word' id='word_1_678' title='bbox 1989 2169 2065 2190; x_wconf 92' lang='lat' dir='ltr'>cum</span> <span class='ocrx_word' id='word_1_679' title='bbox 2089 2159 2228 2200; x_wconf 88' lang='lat' dir='ltr'>quadarn</span> <span class='ocrx_word' id='word_1_680' title='bbox 2251 2161 2420 2198; x_wconf 86' lang='lat' dir='ltr'>unctione,</span> <span class='ocrx_word' id='word_1_681' title='bbox 2445 2161 2527 2193; x_wconf 87' lang='lat' dir='ltr'>sicut</span> <span class='ocrx_word' id='word_1_682' title='bbox 2550 2167 2582 2193; x_wconf 85' lang='lat' dir='ltr'>et</span> 
     </span>
    </p>
   </div>
   <div class='ocr_carea' id='block_1_27' title="bbox 397 2203 2581 2247">
    <p class='ocr_par' dir='ltr' id='par_1_31' title="bbox 397 2203 2581 2247">
     <span class='ocr_line' id='line_1_88' title="bbox 397 2203 2581 2247; baseline 0.001 -12"><span class='ocrx_word' id='word_1_683' title='bbox 397 2210 427 2235; x_wconf 92' lang='lat' dir='ltr'>et</span> <span class='ocrx_word' id='word_1_684' title='bbox 442 2205 504 2235; x_wconf 94' lang='lat' dir='ltr'>hoc</span> <span class='ocrx_word' id='word_1_685' title='bbox 527 2204 654 2235; x_wconf 87' lang='lat' dir='ltr'>diaconi</span> <span class='ocrx_word' id='word_1_686' title='bbox 677 2209 732 2240; x_wconf 87' lang='lat' dir='ltr'>est,</span> <span class='ocrx_word' id='word_1_687' title='bbox 750 2205 805 2244; x_wconf 90' lang='lat' dir='ltr'>qui</span> <span class='ocrx_word' id='word_1_688' title='bbox 829 2204 1007 2234; x_wconf 88' lang='lat' dir='ltr'>oblationes</span> <span class='ocrx_word' id='word_1_689' title='bbox 1030 2205 1186 2234; x_wconf 87' lang='lat' dir='ltr'>ministrat</span> <span class='ocrx_word' id='word_1_690' title='bbox 1208 2204 1270 2244; x_wconf 92' lang='lat' dir='ltr'>ipsi</span> <span class='ocrx_word' id='word_1_691' title='bbox 1289 2203 1455 2235; x_wconf 89' lang='lat' dir='ltr'>sacerdoti.</span> <span class='ocrx_word' id='word_1_692' title='bbox 1471 2216 1495 2237; x_wconf 82' lang='lat'>45</span> <span class='ocrx_word' id='word_1_693' title='bbox 1512 2204 1725 2235; x_wconf 89' lang='lat' dir='ltr'>confirmatio.</span> <span class='ocrx_word' id='word_1_694' title='bbox 1751 2203 1814 2235; x_wconf 92' lang='lat' dir='ltr'>Sed</span> <span class='ocrx_word' id='word_1_695' title='bbox 1836 2205 1869 2234; x_wconf 89' lang='lat' dir='ltr'>in</span> <span class='ocrx_word' id='word_1_696' title='bbox 1893 2203 2139 2235; x_wconf 85' lang='lat' dir='ltr'>confirmatione</span> <span class='ocrx_word' id='word_1_697' title='bbox 2154 2204 2188 2234; x_wconf 92' lang='lat' dir='ltr'>in</span> <span class='ocrx_word' id='word_1_698' title='bbox 2204 2205 2272 2245; x_wconf 90' lang='lat' dir='ltr'>ipsa</span> <span class='ocrx_word' id='word_1_699' title='bbox 2295 2206 2449 2236; x_wconf 89' lang='lat' dir='ltr'>unctione</span> <span class='ocrx_word' id='word_1_700' title='bbox 2471 2206 2581 2247; x_wconf 91' lang='lat' dir='ltr'>impri-</span> 
     </span>
    </p>
   </div>
   <div class='ocr_carea' id='block_1_28' title="bbox 395 2247 1457 2422">
    <p class='ocr_par' dir='ltr' id='par_1_32' title="bbox 395 2247 1457 2422">
     <span class='ocr_line' id='line_1_89' title="bbox 396 2247 1457 2289; baseline -0.001 -10"><span class='ocrx_word' id='word_1_701' title='bbox 396 2249 436 2279; x_wconf 95' lang='lat' dir='ltr'>Et</span> <span class='ocrx_word' id='word_1_702' title='bbox 459 2250 492 2279; x_wconf 90' lang='lat' dir='ltr'>in</span> <span class='ocrx_word' id='word_1_703' title='bbox 515 2249 578 2279; x_wconf 93' lang='lat' dir='ltr'>hoc</span> <span class='ocrx_word' id='word_1_704' title='bbox 602 2254 648 2279; x_wconf 91' lang='lat' dir='ltr'>est</span> <span class='ocrx_word' id='word_1_705' title='bbox 670 2254 758 2279; x_wconf 90' lang='lat' dir='ltr'>actus</span> <span class='ocrx_word' id='word_1_706' title='bbox 781 2248 963 2289; x_wconf 90' lang='lat' dir='ltr'>principalis</span> <span class='ocrx_word' id='word_1_707' title='bbox 986 2249 1154 2288; x_wconf 89' lang='lat' dir='ltr'>utriusque</span> <span class='ocrx_word' id='word_1_708' title='bbox 1171 2247 1300 2279; x_wconf 86' lang='lat' dir='ltr'>ordinis.</span> <span class='ocrx_word' id='word_1_709' title='bbox 1325 2248 1367 2279; x_wconf 89' lang='lat' dir='ltr'>Et</span> <span class='ocrx_word' id='word_1_710' title='bbox 1381 2258 1457 2289; x_wconf 91' lang='lat' dir='ltr'>pro-</span> 
     </span>
     <span class='ocr_line' id='line_1_90' title="bbox 395 2292 1457 2333; baseline 0 -10"><span class='ocrx_word' id='word_1_711' title='bbox 395 2298 465 2333; x_wconf 90' lang='lat' dir='ltr'>pter</span> <span class='ocrx_word' id='word_1_712' title='bbox 479 2294 542 2323; x_wconf 92' lang='lat' dir='ltr'>hoc</span> <span class='ocrx_word' id='word_1_713' title='bbox 559 2292 638 2323; x_wconf 94' lang='lat' dir='ltr'>ordo</span> <span class='ocrx_word' id='word_1_714' title='bbox 655 2293 780 2323; x_wconf 89' lang='lat' dir='ltr'>diaconi</span> <span class='ocrx_word' id='word_1_715' title='bbox 797 2298 843 2323; x_wconf 87' lang='lat' dir='ltr'>est</span> <span class='ocrx_word' id='word_1_716' title='bbox 859 2293 1013 2333; x_wconf 89' lang='lat' dir='ltr'>superior.</span> <span class='ocrx_word' id='word_1_717' title='bbox 1030 2311 1052 2315; x_wconf 89' lang='lat'>—</span> <span class='ocrx_word' id='word_1_718' title='bbox 1075 2293 1196 2333; x_wconf 87' lang='lat' dir='ltr'>Legere</span> <span class='ocrx_word' id='word_1_719' title='bbox 1213 2298 1321 2323; x_wconf 90' lang='lat' dir='ltr'>autem</span> <span class='ocrx_word' id='word_1_720' title='bbox 1338 2293 1457 2333; x_wconf 91' lang='lat' dir='ltr'>episto-</span> 
     </span>
     <span class='ocr_line' id='line_1_91' title="bbox 396 2336 1457 2377; baseline 0 -10"><span class='ocrx_word' id='word_1_721' title='bbox 396 2338 459 2367; x_wconf 89' lang='lat' dir='ltr'>lam</span> <span class='ocrx_word' id='word_1_722' title='bbox 482 2347 548 2367; x_wconf 91' lang='lat' dir='ltr'>non</span> <span class='ocrx_word' id='word_1_723' title='bbox 579 2343 625 2367; x_wconf 90' lang='lat' dir='ltr'>est</span> <span class='ocrx_word' id='word_1_724' title='bbox 652 2343 739 2367; x_wconf 92' lang='lat' dir='ltr'>actus</span> <span class='ocrx_word' id='word_1_725' title='bbox 770 2337 914 2367; x_wconf 86' lang='lat' dir='ltr'>diaconi:</span> <span class='ocrx_word' id='word_1_726' title='bbox 948 2338 1009 2367; x_wconf 91' lang='lat' dir='ltr'>nisi</span> <span class='ocrx_word' id='word_1_727' title='bbox 1039 2337 1218 2367; x_wconf 89' lang='lat' dir='ltr'>secundum</span> <span class='ocrx_word' id='word_1_728' title='bbox 1249 2336 1339 2377; x_wconf 92' lang='lat' dir='ltr'>quod</span> <span class='ocrx_word' id='word_1_729' title='bbox 1369 2343 1457 2368; x_wconf 90' lang='lat' dir='ltr'>actus</span> 
     </span>
     <span class='ocr_line' id='line_1_92' title="bbox 396 2381 1457 2422; baseline 0.001 -11"><span class='ocrx_word' id='word_1_730' title='bbox 396 2381 582 2412; x_wconf 86' lang='lat' dir='ltr'>inferiorum</span> <span class='ocrx_word' id='word_1_731' title='bbox 606 2381 755 2412; x_wconf 92' lang='lat' dir='ltr'>ordinum</span> <span class='ocrx_word' id='word_1_732' title='bbox 778 2382 994 2422; x_wconf 90' lang='lat' dir='ltr'>superioribus</span> <span class='ocrx_word' id='word_1_733' title='bbox 1018 2382 1243 2412; x_wconf 88' lang='lat' dir='ltr'>attribuuntur.</span> <span class='ocrx_word' id='word_1_734' title='bbox 1259 2399 1283 2404; x_wconf 94' lang='lat'>—</span> <span class='ocrx_word' id='word_1_735' title='bbox 1306 2381 1457 2412; x_wconf 90' lang='lat' dir='ltr'>Similiter</span> 
     </span>
    </p>
   </div>
   <div class='ocr_carea' id='block_1_29' title="bbox 1510 2248 2580 2289">
    <p class='ocr_par' dir='ltr' id='par_1_33' title="bbox 1510 2248 2580 2289">
     <span class='ocr_line' id='line_1_93' title="bbox 1510 2248 2580 2289; baseline 0.003 -10"><span class='ocrx_word' id='word_1_736' title='bbox 1510 2250 1609 2280; x_wconf 91' lang='lat' dir='ltr'>mitur</span> <span class='ocrx_word' id='word_1_737' title='bbox 1632 2250 1802 2279; x_wconf 89' lang='lat' dir='ltr'>character.</span> <span class='ocrx_word' id='word_1_738' title='bbox 1827 2249 1914 2289; x_wconf 89' lang='lat' dir='ltr'>Ergo</span> <span class='ocrx_word' id='word_1_739' title='bbox 1938 2254 1969 2279; x_wconf 92' lang='lat' dir='ltr'>et</span> <span class='ocrx_word' id='word_1_740' title='bbox 1991 2249 2026 2279; x_wconf 92' lang='lat' dir='ltr'>in</span> <span class='ocrx_word' id='word_1_741' title='bbox 2049 2248 2247 2280; x_wconf 89' lang='lat' dir='ltr'>sacerdotio:</span> <span class='ocrx_word' id='word_1_742' title='bbox 2273 2254 2304 2280; x_wconf 88' lang='lat' dir='ltr'>et</span> <span class='ocrx_word' id='word_1_743' title='bbox 2326 2259 2395 2281; x_wconf 90' lang='lat' dir='ltr'>non</span> <span class='ocrx_word' id='word_1_744' title='bbox 2417 2250 2451 2280; x_wconf 91' lang='lat' dir='ltr'>in</span> <span class='ocrx_word' id='word_1_745' title='bbox 2475 2251 2580 2282; x_wconf 87' lang='lat' dir='ltr'>calicis</span> 
     </span>
    </p>
   </div>
   <div class='ocr_carea' id='block_1_30' title="bbox 1511 2299 2581 2424">
    <p class='ocr_par' dir='ltr' id='par_1_34' title="bbox 1511 2299 2581 2424">
     <span class='ocr_line' id='line_1_94' title="bbox 1511 2299 2581 2378; baseline 0.003 -10"><span class='ocrx_word' id='word_1_746' title='bbox 1511 2299 1826 2374; x_wconf 48' lang='lat' dir='ltr'>Porffclglfflaeraaax,</span> <span class='ocrx_word' id='word_1_747' title='bbox 1850 2337 2010 2368; x_wconf 90' lang='lat' dir='ltr'>Dominus</span> <span class='ocrx_word' id='word_1_748' title='bbox 2041 2336 2128 2368; x_wconf 89' lang='lat' dir='ltr'>dedit</span> <span class='ocrx_word' id='word_1_749' title='bbox 2158 2337 2321 2378; x_wconf 79' lang='lat' dir='ltr'>discipulis</span> <span class='ocrx_word' id='word_1_750' title='bbox 2351 2338 2581 2371; x_wconf 85' lang='lat' dir='ltr'>sacerdotalem</span> 
     </span>
     <span class='ocr_line' id='line_1_95' title="bbox 1511 2381 2580 2424; baseline 0.002 -11"><span class='ocrx_word' id='word_1_751' title='bbox 1511 2388 1704 2423; x_wconf 89' lang='lat' dir='ltr'>potestatem</span> <span class='ocrx_word' id='word_1_752' title='bbox 1728 2381 1858 2422; x_wconf 92' lang='lat' dir='ltr'>quando</span> <span class='ocrx_word' id='word_1_753' title='bbox 1875 2381 1970 2412; x_wconf 84' lang='lat' dir='ltr'>dixit:</span> <span class='ocrx_word' id='word_1_754' title='bbox 1990 2381 2133 2422; x_wconf 85' lang='lat' dir='ltr'>Accipite</span> <span class='ocrx_word' id='word_1_755' title='bbox 2148 2381 2304 2422; x_wconf 83' lang='lat' dir='ltr'>Spiritum</span> <span class='ocrx_word' id='word_1_756' title='bbox 2319 2388 2486 2414; x_wconf 82' lang='lat' dir='ltr'>sanctum:</span> <span class='ocrx_word' id='word_1_757' title='bbox 2501 2393 2580 2424; x_wconf 86' lang='lat' dir='ltr'>quo—</span> 
     </span>
    </p>
   </div>
   <div class='ocr_carea' id='block_1_31' title="bbox 398 2425 2581 2468">
    <p class='ocr_par' dir='ltr' id='par_1_35' title="bbox 398 2425 2581 2468">
     <span class='ocr_line' id='line_1_96' title="bbox 398 2425 2581 2468; baseline 0.001 -12"><span class='ocrx_word' id='word_1_758' title='bbox 398 2426 492 2456; x_wconf 89' lang='lat' dir='ltr'>etiam</span> <span class='ocrx_word' id='word_1_759' title='bbox 515 2435 642 2456; x_wconf 91' lang='lat' dir='ltr'>crucem</span> <span class='ocrx_word' id='word_1_760' title='bbox 665 2425 754 2456; x_wconf 85' lang='lat' dir='ltr'>ferre.</span> <span class='ocrx_word' id='word_1_761' title='bbox 778 2426 819 2456; x_wconf 90' lang='lat' dir='ltr'>Et</span> <span class='ocrx_word' id='word_1_762' title='bbox 833 2427 896 2456; x_wconf 88' lang='lat' dir='ltr'>hoc</span> <span class='ocrx_word' id='word_1_763' title='bbox 916 2425 1094 2456; x_wconf 90' lang='lat' dir='ltr'>secundum</span> <span class='ocrx_word' id='word_1_764' title='bbox 1118 2425 1386 2457; x_wconf 90' lang='lat' dir='ltr'>consuetudinem</span> <span class='ocrx_word' id='word_1_765' title='bbox 1402 2426 1457 2457; x_wconf 89' lang='lat' dir='ltr'>ali-</span> <span class='ocrx_word' id='word_1_766' title='bbox 1472 2438 1498 2458; x_wconf 85' lang='lat'>5⁰</span> <span class='ocrx_word' id='word_1_767' title='bbox 1512 2437 1585 2458; x_wconf 89' lang='lat' dir='ltr'>rum</span> <span class='ocrx_word' id='word_1_768' title='bbox 1602 2427 1788 2458; x_wconf 84' lang='lat' dir='ltr'>remiseritis</span> <span class='ocrx_word' id='word_1_769' title='bbox 1797 2431 1943 2467; x_wconf 82' lang='lat' dir='ltr'>peccata,</span> <span class='ocrx_word' id='word_1_770' title='bbox 1961 2431 2032 2463; x_wconf 92' lang='lat' dir='ltr'>etc.,</span> <span class='ocrx_word' id='word_1_771' title='bbox 2049 2426 2137 2456; x_wconf 92' lang='lat' dir='ltr'>Ioan.</span> <span class='ocrx_word' id='word_1_772' title='bbox 2153 2436 2193 2456; x_wconf 87' lang='lat' dir='ltr'>xx</span> <span class='ocrx_word' id='word_1_773' title='bbox 2209 2427 2235 2457; x_wconf 71' lang='lat'>&#39;&#39;.</span> <span class='ocrx_word' id='word_1_774' title='bbox 2259 2426 2322 2458; x_wconf 92' lang='lat' dir='ltr'>Sed</span> <span class='ocrx_word' id='word_1_775' title='bbox 2338 2427 2473 2468; x_wconf 85' lang='lat' dir='ltr'>Spiritus</span> <span class='ocrx_word' id='word_1_776' title='bbox 2489 2428 2581 2459; x_wconf 86' lang='lat' dir='ltr'>datur</span> 
     </span>
    </p>
   </div>
   <div class='ocr_carea' id='block_1_32' title="bbox 398 2470 1458 2644">
    <p class='ocr_par' dir='ltr' id='par_1_36' title="bbox 398 2470 1458 2545">
     <span class='ocr_line' id='line_1_97' title="bbox 398 2470 1458 2510; baseline 0.001 -10"><span class='ocrx_word' id='word_1_777' title='bbox 398 2479 533 2510; x_wconf 88' lang='lat' dir='ltr'>quarum</span> <span class='ocrx_word' id='word_1_778' title='bbox 557 2470 774 2500; x_wconf 87' lang='lat' dir='ltr'>ecclesiarum:</span> <span class='ocrx_word' id='word_1_779' title='bbox 799 2471 873 2510; x_wconf 88' lang='lat' dir='ltr'>quia</span> <span class='ocrx_word' id='word_1_780' title='bbox 895 2471 929 2500; x_wconf 93' lang='lat' dir='ltr'>in</span> <span class='ocrx_word' id='word_1_781' title='bbox 952 2471 1074 2501; x_wconf 90' lang='lat' dir='ltr'>actibus</span> <span class='ocrx_word' id='word_1_782' title='bbox 1097 2470 1292 2501; x_wconf 86' lang='lat' dir='ltr'>secundariis</span> <span class='ocrx_word' id='word_1_783' title='bbox 1319 2480 1387 2501; x_wconf 90' lang='lat' dir='ltr'>non</span> <span class='ocrx_word' id='word_1_784' title='bbox 1411 2476 1458 2501; x_wconf 90' lang='lat' dir='ltr'>est</span> 
     </span>
     <span class='ocr_line' id='line_1_98' title="bbox 398 2514 1158 2545; baseline 0.001 -1"><span class='ocrx_word' id='word_1_785' title='bbox 398 2514 625 2544; x_wconf 89' lang='lat' dir='ltr'>inconveniens</span> <span class='ocrx_word' id='word_1_786' title='bbox 649 2514 784 2544; x_wconf 91' lang='lat' dir='ltr'>diversas</span> <span class='ocrx_word' id='word_1_787' title='bbox 808 2514 1056 2545; x_wconf 90' lang='lat' dir='ltr'>consuetudines</span> <span class='ocrx_word' id='word_1_788' title='bbox 1079 2524 1158 2545; x_wconf 92' lang='lat' dir='ltr'>esse.</span> 
     </span>
    </p>

    <p class='ocr_par' dir='ltr' id='par_1_37' title="bbox 398 2558 1458 2644">
     <span class='ocr_line' id='line_1_99' title="bbox 452 2558 1457 2600; baseline 0.003 -13"><span class='ocrx_word' id='word_1_789' title='bbox 452 2558 502 2588; x_wconf 82' lang='lat' dir='ltr'>An</span> <span class='ocrx_word' id='word_1_790' title='bbox 527 2568 673 2588; x_wconf 63' lang='lat' dir='ltr'>auxarum</span> <span class='ocrx_word' id='word_1_791' title='bbox 695 2568 853 2588; x_wconf 69' lang='lat' dir='ltr'>mmmmm</span> <span class='ocrx_word' id='word_1_792' title='bbox 876 2559 965 2599; x_wconf 92' lang='lat' dir='ltr'>quod</span> <span class='ocrx_word' id='word_1_793' title='bbox 988 2559 1132 2590; x_wconf 91' lang='lat' dir='ltr'>doctrina</span> <span class='ocrx_word' id='word_1_794' title='bbox 1155 2565 1202 2590; x_wconf 94' lang='lat' dir='ltr'>est</span> <span class='ocrx_word' id='word_1_795' title='bbox 1225 2565 1350 2590; x_wconf 88' lang='lat' dir='ltr'>remota</span> <span class='ocrx_word' id='word_1_796' title='bbox 1366 2569 1457 2600; x_wconf 90' lang='lat' dir='ltr'>prae-</span> 
     </span>
     <span class='ocr_line' id='line_1_100' title="bbox 398 2601 1458 2644; baseline 0.003 -13"><span class='ocrx_word' id='word_1_797' title='bbox 398 2602 519 2642; x_wconf 86' lang='lat' dir='ltr'>paratio</span> <span class='ocrx_word' id='word_1_798' title='bbox 547 2601 586 2631; x_wconf 88' lang='lat' dir='ltr'>ad</span> <span class='ocrx_word' id='word_1_799' title='bbox 614 2608 845 2633; x_wconf 89' lang='lat' dir='ltr'>sacramentum</span> <span class='ocrx_word' id='word_1_800' title='bbox 872 2603 1129 2644; x_wconf 90' lang='lat' dir='ltr'>suscipiendum:</span> <span class='ocrx_word' id='word_1_801' title='bbox 1161 2610 1193 2634; x_wconf 90' lang='lat' dir='ltr'>et</span> <span class='ocrx_word' id='word_1_802' title='bbox 1214 2603 1289 2635; x_wconf 91' lang='lat' dir='ltr'>ideo</span> <span class='ocrx_word' id='word_1_803' title='bbox 1312 2613 1458 2644; x_wconf 88' lang='lat' dir='ltr'>pronun-</span> 
     </span>
    </p>
   </div>
   <div class='ocr_carea' id='block_1_33' title="bbox 1510 2470 2580 2646">
    <p class='ocr_par' dir='ltr' id='par_1_38' title="bbox 1510 2470 2580 2556">
     <span class='ocr_line' id='line_1_101' title="bbox 1510 2470 2580 2512; baseline 0.002 -10"><span class='ocrx_word' id='word_1_804' title='bbox 1510 2481 1568 2512; x_wconf 94' lang='lat' dir='ltr'>per</span> <span class='ocrx_word' id='word_1_805' title='bbox 1583 2481 1698 2502; x_wconf 92' lang='lat' dir='ltr'>manus</span> <span class='ocrx_word' id='word_1_806' title='bbox 1721 2471 1973 2511; x_wconf 86' lang='lat' dir='ltr'>impositionem.</span> <span class='ocrx_word' id='word_1_807' title='bbox 1997 2470 2083 2511; x_wconf 85' lang='lat' dir='ltr'>Ergo</span> <span class='ocrx_word' id='word_1_808' title='bbox 2099 2471 2133 2501; x_wconf 92' lang='lat' dir='ltr'>in</span> <span class='ocrx_word' id='word_1_809' title='bbox 2148 2471 2217 2511; x_wconf 90' lang='lat' dir='ltr'>ipsa</span> <span class='ocrx_word' id='word_1_810' title='bbox 2235 2480 2350 2502; x_wconf 87' lang='lat' dir='ltr'>manus</span> <span class='ocrx_word' id='word_1_811' title='bbox 2371 2472 2580 2512; x_wconf 88' lang='lat' dir='ltr'>impositione</span> 
     </span>
     <span class='ocr_line' id='line_1_102' title="bbox 1510 2514 2041 2556; baseline -0.006 -9"><span class='ocrx_word' id='word_1_812' title='bbox 1510 2516 1705 2556; x_wconf 89' lang='lat' dir='ltr'>imprimitur</span> <span class='ocrx_word' id='word_1_813' title='bbox 1728 2516 1888 2546; x_wconf 84' lang='lat' dir='ltr'>character</span> <span class='ocrx_word' id='word_1_814' title='bbox 1911 2514 2041 2546; x_wconf 90' lang='lat' dir='ltr'>ordinis.</span> 
     </span>
    </p>

    <p class='ocr_par' dir='ltr' id='par_1_39' title="bbox 1511 2560 2580 2646">
     <span class='ocr_line' id='line_1_103' title="bbox 1568 2560 2580 2597; baseline 0.001 -6"><span class='ocrx_word' id='word_1_815' title='bbox 1568 2560 1598 2591; x_wconf 86' lang='lat'>3.</span> <span class='ocrx_word' id='word_1_816' title='bbox 1622 2560 1819 2596; x_wconf 62' lang='lat' dir='ltr'>Prummu,</span> <span class='ocrx_word' id='word_1_817' title='bbox 1843 2560 1926 2590; x_wconf 90' lang='lat' dir='ltr'>sicut</span> <span class='ocrx_word' id='word_1_818' title='bbox 1947 2564 2174 2590; x_wconf 90' lang='lat' dir='ltr'>consecrantur</span> <span class='ocrx_word' id='word_1_819' title='bbox 2196 2560 2341 2597; x_wconf 86' lang='lat' dir='ltr'>ministri,</span> <span class='ocrx_word' id='word_1_820' title='bbox 2361 2561 2404 2591; x_wconf 87' lang='lat' dir='ltr'>ita</span> <span class='ocrx_word' id='word_1_821' title='bbox 2428 2566 2460 2591; x_wconf 90' lang='lat' dir='ltr'>et</span> <span class='ocrx_word' id='word_1_822' title='bbox 2477 2566 2580 2592; x_wconf 84' lang='lat' dir='ltr'>vestes</span> 
     </span>
     <span class='ocr_line' id='line_1_104' title="bbox 1511 2603 2580 2646; baseline 0.001 -11"><span class='ocrx_word' id='word_1_823' title='bbox 1511 2605 1740 2636; x_wconf 90' lang='lat' dir='ltr'>ministrorum.</span> <span class='ocrx_word' id='word_1_824' title='bbox 1765 2603 1829 2635; x_wconf 88' lang='lat' dir='ltr'>Sed</span> <span class='ocrx_word' id='word_1_825' title='bbox 1842 2609 1944 2635; x_wconf 90' lang='lat' dir='ltr'>vestes</span> <span class='ocrx_word' id='word_1_826' title='bbox 1960 2603 2029 2634; x_wconf 90' lang='lat' dir='ltr'>sola</span> <span class='ocrx_word' id='word_1_827' title='bbox 2043 2603 2225 2635; x_wconf 91' lang='lat' dir='ltr'>benedictio</span> <span class='ocrx_word' id='word_1_828' title='bbox 2245 2610 2419 2636; x_wconf 89' lang='lat' dir='ltr'>consecrat.</span> <span class='ocrx_word' id='word_1_829' title='bbox 2444 2605 2530 2646; x_wconf 84' lang='lat' dir='ltr'>Ergo</span> <span class='ocrx_word' id='word_1_830' title='bbox 2545 2606 2580 2636; x_wconf 88' lang='lat' dir='ltr'>in</span> 
     </span>
    </p>
   </div>
   <div class='ocr_carea' id='block_1_34' title="bbox 398 2645 2578 2690">
    <p class='ocr_par' dir='ltr' id='par_1_40' title="bbox 398 2645 2578 2690">
     <span class='ocr_line' id='line_1_105' title="bbox 398 2645 2578 2690; baseline 0.002 -15"><span class='ocrx_word' id='word_1_831' title='bbox 398 2646 486 2676; x_wconf 91' lang='lat' dir='ltr'>tiatio</span> <span class='ocrx_word' id='word_1_832' title='bbox 511 2645 671 2676; x_wconf 88' lang='lat' dir='ltr'>doctrinae</span> <span class='ocrx_word' id='word_1_833' title='bbox 693 2647 843 2678; x_wconf 87' lang='lat' dir='ltr'>ministris</span> <span class='ocrx_word' id='word_1_834' title='bbox 867 2648 1084 2678; x_wconf 84' lang='lat' dir='ltr'>committitur.</span> <span class='ocrx_word' id='word_1_835' title='bbox 1105 2648 1168 2679; x_wconf 92' lang='lat' dir='ltr'>Sed</span> <span class='ocrx_word' id='word_1_836' title='bbox 1184 2648 1328 2679; x_wconf 89' lang='lat' dir='ltr'>doctrina</span> <span class='ocrx_word' id='word_1_837' title='bbox 1343 2649 1457 2679; x_wconf 90' lang='lat' dir='ltr'>veteris</span> <span class='ocrx_word' id='word_1_838' title='bbox 1473 2659 1495 2680; x_wconf 84' lang='lat'>55</span> <span class='ocrx_word' id='word_1_839' title='bbox 1511 2650 1580 2690; x_wconf 90' lang='lat' dir='ltr'>ipsa</span> <span class='ocrx_word' id='word_1_840' title='bbox 1603 2648 1827 2680; x_wconf 90' lang='lat' dir='ltr'>benedictione</span> <span class='ocrx_word' id='word_1_841' title='bbox 1851 2648 1997 2689; x_wconf 89' lang='lat' dir='ltr'>episcopi</span> <span class='ocrx_word' id='word_1_842' title='bbox 2020 2649 2218 2679; x_wconf 85' lang='lat' dir='ltr'>consecratio</span> <span class='ocrx_word' id='word_1_843' title='bbox 2242 2648 2413 2680; x_wconf 89' lang='lat' dir='ltr'>sacerdotis</span> <span class='ocrx_word' id='word_1_844' title='bbox 2435 2649 2578 2680; x_wconf 88' lang='lat' dir='ltr'>efficitur.</span> 
     </span>
    </p>
   </div>
   <div class='ocr_carea' id='block_1_35' title="bbox 397 2690 1458 2860">
    <p class='ocr_par' dir='ltr' id='par_1_41' title="bbox 397 2690 1458 2860">
     <span class='ocr_line' id='line_1_106' title="bbox 399 2690 1455 2733; baseline 0.004 -13"><span class='ocrx_word' id='word_1_845' title='bbox 399 2690 595 2720; x_wconf 90' lang='lat' dir='ltr'>Testamenti</span> <span class='ocrx_word' id='word_1_846' title='bbox 617 2690 720 2721; x_wconf 89' lang='lat' dir='ltr'>adhuc</span> <span class='ocrx_word' id='word_1_847' title='bbox 743 2696 789 2721; x_wconf 90' lang='lat' dir='ltr'>est</span> <span class='ocrx_word' id='word_1_848' title='bbox 811 2692 911 2732; x_wconf 90' lang='lat' dir='ltr'>magis</span> <span class='ocrx_word' id='word_1_849' title='bbox 933 2698 1056 2722; x_wconf 89' lang='lat' dir='ltr'>remota</span> <span class='ocrx_word' id='word_1_850' title='bbox 1071 2702 1169 2733; x_wconf 92' lang='lat' dir='ltr'>quam</span> <span class='ocrx_word' id='word_1_851' title='bbox 1193 2692 1337 2724; x_wconf 91' lang='lat' dir='ltr'>doctrina</span> <span class='ocrx_word' id='word_1_852' title='bbox 1360 2693 1455 2724; x_wconf 88' lang='lat' dir='ltr'>novi:</span> 
     </span>
     <span class='ocr_line' id='line_1_107' title="bbox 399 2735 1458 2778; baseline 0.004 -14"><span class='ocrx_word' id='word_1_853' title='bbox 399 2735 474 2774; x_wconf 93' lang='lat' dir='ltr'>quia</span> <span class='ocrx_word' id='word_1_854' title='bbox 503 2744 570 2764; x_wconf 91' lang='lat' dir='ltr'>non</span> <span class='ocrx_word' id='word_1_855' title='bbox 600 2735 725 2765; x_wconf 87' lang='lat' dir='ltr'>instruit</span> <span class='ocrx_word' id='word_1_856' title='bbox 751 2735 789 2765; x_wconf 89' lang='lat' dir='ltr'>de</span> <span class='ocrx_word' id='word_1_857' title='bbox 812 2736 875 2766; x_wconf 92' lang='lat' dir='ltr'>hoc</span> <span class='ocrx_word' id='word_1_858' title='bbox 905 2742 1103 2767; x_wconf 91' lang='lat' dir='ltr'>sacramento</span> <span class='ocrx_word' id='word_1_859' title='bbox 1134 2738 1195 2767; x_wconf 91' lang='lat' dir='ltr'>nisi</span> <span class='ocrx_word' id='word_1_860' title='bbox 1217 2738 1250 2768; x_wconf 91' lang='lat' dir='ltr'>in</span> <span class='ocrx_word' id='word_1_861' title='bbox 1273 2737 1392 2778; x_wconf 83' lang='lat' dir='ltr'>figuriS.</span> <span class='ocrx_word' id='word_1_862' title='bbox 1417 2737 1458 2768; x_wconf 92' lang='lat' dir='ltr'>Et</span> 
     </span>
     <span class='ocr_line' id='line_1_108' title="bbox 398 2777 1457 2822; baseline 0.004 -14"><span class='ocrx_word' id='word_1_863' title='bbox 398 2777 471 2808; x_wconf 90' lang='lat' dir='ltr'>ideo</span> <span class='ocrx_word' id='word_1_864' title='bbox 494 2788 616 2809; x_wconf 92' lang='lat' dir='ltr'>novum</span> <span class='ocrx_word' id='word_1_865' title='bbox 637 2779 878 2810; x_wconf 89' lang='lat' dir='ltr'>Testamentum</span> <span class='ocrx_word' id='word_1_866' title='bbox 900 2781 1116 2820; x_wconf 90' lang='lat' dir='ltr'>superioribus</span> <span class='ocrx_word' id='word_1_867' title='bbox 1140 2782 1290 2812; x_wconf 90' lang='lat' dir='ltr'>ministris</span> <span class='ocrx_word' id='word_1_868' title='bbox 1312 2791 1457 2822; x_wconf 91' lang='lat' dir='ltr'>pronun-</span> 
     </span>
     <span class='ocr_line' id='line_1_109' title="bbox 397 2822 1456 2860; baseline 0.005 -8"><span class='ocrx_word' id='word_1_869' title='bbox 397 2822 541 2853; x_wconf 91' lang='lat' dir='ltr'>tiandum</span> <span class='ocrx_word' id='word_1_870' title='bbox 564 2824 788 2860; x_wconf 89' lang='lat' dir='ltr'>committitur,</span> <span class='ocrx_word' id='word_1_871' title='bbox 812 2830 902 2855; x_wconf 91' lang='lat' dir='ltr'>vetus</span> <span class='ocrx_word' id='word_1_872' title='bbox 925 2830 1032 2855; x_wconf 90' lang='lat' dir='ltr'>autem</span> <span class='ocrx_word' id='word_1_873' title='bbox 1059 2825 1271 2857; x_wconf 90' lang='lat' dir='ltr'>inferioribus.</span> <span class='ocrx_word' id='word_1_874' title='bbox 1304 2826 1456 2857; x_wconf 89' lang='lat' dir='ltr'>Doctrina</span> 
     </span>
    </p>
   </div>
   <div class='ocr_carea' id='block_1_36' title="bbox 399 2867 1498 2911">
    <p class='ocr_par' dir='ltr' id='par_1_42' title="bbox 399 2867 1498 2911">
     <span class='ocr_line' id='line_1_110' title="bbox 399 2867 1498 2911; baseline 0.003 -15"><span class='ocrx_word' id='word_1_875' title='bbox 399 2867 493 2896; x_wconf 90' lang='lat' dir='ltr'>etiam</span> <span class='ocrx_word' id='word_1_876' title='bbox 515 2868 592 2897; x_wconf 92' lang='lat' dir='ltr'>novi</span> <span class='ocrx_word' id='word_1_877' title='bbox 615 2867 811 2898; x_wconf 90' lang='lat' dir='ltr'>Testamenti</span> <span class='ocrx_word' id='word_1_878' title='bbox 834 2868 1004 2909; x_wconf 88' lang='lat' dir='ltr'>perfectior</span> <span class='ocrx_word' id='word_1_879' title='bbox 1027 2875 1074 2900; x_wconf 91' lang='lat' dir='ltr'>est</span> <span class='ocrx_word' id='word_1_880' title='bbox 1097 2879 1195 2910; x_wconf 89' lang='lat' dir='ltr'>quam</span> <span class='ocrx_word' id='word_1_881' title='bbox 1218 2871 1378 2901; x_wconf 90' lang='lat' dir='ltr'>Dominus</span> <span class='ocrx_word' id='word_1_882' title='bbox 1400 2880 1458 2911; x_wconf 91' lang='lat' dir='ltr'>per</span> <span class='ocrx_word' id='word_1_883' title='bbox 1470 2879 1498 2899; x_wconf 86' lang='lat'>60</span> 
     </span>
    </p>
   </div>
   <div class='ocr_carea' id='block_1_37' title="bbox 398 2911 1457 3087">
    <p class='ocr_par' dir='ltr' id='par_1_43' title="bbox 398 2911 1457 3029">
     <span class='ocr_line' id='line_1_111' title="bbox 398 2911 1456 2955; baseline 0.006 -15"><span class='ocrx_word' id='word_1_884' title='bbox 398 2911 538 2950; x_wconf 90' lang='lat' dir='ltr'>seipsum</span> <span class='ocrx_word' id='word_1_885' title='bbox 561 2911 695 2948; x_wconf 91' lang='lat' dir='ltr'>tradidit,</span> <span class='ocrx_word' id='word_1_886' title='bbox 713 2921 809 2952; x_wconf 92' lang='lat' dir='ltr'>quam</span> <span class='ocrx_word' id='word_1_887' title='bbox 832 2914 930 2953; x_wconf 91' lang='lat' dir='ltr'>ipsius</span> <span class='ocrx_word' id='word_1_888' title='bbox 953 2914 1165 2945; x_wconf 87' lang='lat' dir='ltr'>manifestatio</span> <span class='ocrx_word' id='word_1_889' title='bbox 1189 2924 1247 2955; x_wconf 90' lang='lat' dir='ltr'>per</span> <span class='ocrx_word' id='word_1_890' title='bbox 1269 2915 1456 2955; x_wconf 89' lang='lat' dir='ltr'>Apostolos.</span> 
     </span>
     <span class='ocr_line' id='line_1_112' title="bbox 398 2954 1457 2998; baseline 0.007 -14"><span class='ocrx_word' id='word_1_891' title='bbox 398 2954 439 2984; x_wconf 87' lang='lat' dir='ltr'>Et</span> <span class='ocrx_word' id='word_1_892' title='bbox 461 2954 533 2985; x_wconf 92' lang='lat' dir='ltr'>ideo</span> <span class='ocrx_word' id='word_1_893' title='bbox 560 2955 769 2995; x_wconf 89' lang='lat' dir='ltr'>Evangelium</span> <span class='ocrx_word' id='word_1_894' title='bbox 796 2956 953 2994; x_wconf 89' lang='lat' dir='ltr'>diaconis,</span> <span class='ocrx_word' id='word_1_895' title='bbox 979 2958 1112 2998; x_wconf 88' lang='lat' dir='ltr'>epistola</span> <span class='ocrx_word' id='word_1_896' title='bbox 1134 2959 1338 2990; x_wconf 91' lang='lat' dir='ltr'>subdiaconis</span> <span class='ocrx_word' id='word_1_897' title='bbox 1368 2969 1457 2990; x_wconf 92' lang='lat' dir='ltr'>com-</span> 
     </span>
     <span class='ocr_line' id='line_1_113' title="bbox 398 2999 576 3029; baseline 0.006 -1"><span class='ocrx_word' id='word_1_898' title='bbox 398 2999 576 3029; x_wconf 93' lang='lat' dir='ltr'>mittuntur.</span> 
     </span>
    </p>

    <p class='ocr_par' dir='ltr' id='par_1_44' title="bbox 453 3042 1278 3087">
     <span class='ocr_line' id='line_1_114' title="bbox 453 3042 1278 3087; baseline 0.007 -15"><span class='ocrx_word' id='word_1_899' title='bbox 453 3042 494 3072; x_wconf 91' lang='lat' dir='ltr'>Et</span> <span class='ocrx_word' id='word_1_900' title='bbox 516 3043 692 3074; x_wconf 92' lang='lat' dir='ltr'>secundum</span> <span class='ocrx_word' id='word_1_901' title='bbox 714 3044 777 3075; x_wconf 93' lang='lat' dir='ltr'>hoc</span> <span class='ocrx_word' id='word_1_902' title='bbox 800 3051 887 3085; x_wconf 89' lang='lat' dir='ltr'>patet</span> <span class='ocrx_word' id='word_1_903' title='bbox 913 3045 1031 3077; x_wconf 92' lang='lat' dir='ltr'>solutio</span> <span class='ocrx_word' id='word_1_904' title='bbox 1056 3046 1095 3077; x_wconf 89' lang='lat' dir='ltr'>ad</span> <span class='ocrx_word' id='word_1_905' title='bbox 1119 3047 1278 3087; x_wconf 90' lang='lat' dir='ltr'>quintum.</span> 
     </span>
    </p>
   </div>
   <div class='ocr_carea' id='block_1_38' title="bbox 1511 2691 2580 3089">
    <p class='ocr_par' dir='ltr' id='par_1_45' title="bbox 1511 2691 2580 2867">
     <span class='ocr_line' id='line_1_115' title="bbox 1566 2691 2580 2733; baseline 0.001 -9"><span class='ocrx_word' id='word_1_906' title='bbox 1566 2702 1598 2733; x_wconf 87' lang='lat'>4.</span> <span class='ocrx_word' id='word_1_907' title='bbox 1621 2693 1819 2728; x_wconf 52' lang='lat' dir='ltr'>Fumant,</span> <span class='ocrx_word' id='word_1_908' title='bbox 1844 2693 1925 2724; x_wconf 93' lang='lat' dir='ltr'>sicut</span> <span class='ocrx_word' id='word_1_909' title='bbox 1948 2692 2105 2723; x_wconf 90' lang='lat' dir='ltr'>sacerdoti</span> <span class='ocrx_word' id='word_1_910' title='bbox 2128 2691 2220 2723; x_wconf 91' lang='lat' dir='ltr'>datur</span> <span class='ocrx_word' id='word_1_911' title='bbox 2243 2693 2341 2730; x_wconf 86' lang='lat' dir='ltr'>calix,</span> <span class='ocrx_word' id='word_1_912' title='bbox 2365 2694 2408 2724; x_wconf 88' lang='lat' dir='ltr'>ita</span> <span class='ocrx_word' id='word_1_913' title='bbox 2431 2699 2463 2724; x_wconf 92' lang='lat' dir='ltr'>et</span> <span class='ocrx_word' id='word_1_914' title='bbox 2484 2694 2580 2725; x_wconf 80' lang='lat' dir='ltr'>vestis</span> 
     </span>
     <span class='ocr_line' id='line_1_116' title="bbox 1511 2736 2578 2778; baseline 0 -9"><span class='ocrx_word' id='word_1_915' title='bbox 1511 2737 1723 2769; x_wconf 89' lang='lat' dir='ltr'>sacerdotalis.</span> <span class='ocrx_word' id='word_1_916' title='bbox 1737 2738 1833 2778; x_wconf 85' lang='lat' dir='ltr'>Ergo,</span> <span class='ocrx_word' id='word_1_917' title='bbox 1846 2738 1872 2768; x_wconf 90' lang='lat' dir='ltr'>si</span> <span class='ocrx_word' id='word_1_918' title='bbox 1884 2738 1918 2768; x_wconf 93' lang='lat' dir='ltr'>in</span> <span class='ocrx_word' id='word_1_919' title='bbox 1934 2736 2063 2767; x_wconf 89' lang='lat' dir='ltr'>datione</span> <span class='ocrx_word' id='word_1_920' title='bbox 2079 2737 2184 2768; x_wconf 89' lang='lat' dir='ltr'>calicis</span> <span class='ocrx_word' id='word_1_921' title='bbox 2199 2737 2393 2778; x_wconf 88' lang='lat' dir='ltr'>imprimitur</span> <span class='ocrx_word' id='word_1_922' title='bbox 2409 2738 2578 2775; x_wconf 82' lang='lat' dir='ltr'>character,</span> 
     </span>
     <span class='ocr_line' id='line_1_117' title="bbox 1512 2781 2579 2814; baseline 0 -1"><span class='ocrx_word' id='word_1_923' title='bbox 1512 2782 1624 2813; x_wconf 92' lang='lat' dir='ltr'>eadem</span> <span class='ocrx_word' id='word_1_924' title='bbox 1646 2783 1770 2813; x_wconf 89' lang='lat' dir='ltr'>ratione</span> <span class='ocrx_word' id='word_1_925' title='bbox 1793 2787 1824 2813; x_wconf 92' lang='lat' dir='ltr'>et</span> <span class='ocrx_word' id='word_1_926' title='bbox 1846 2782 1880 2812; x_wconf 91' lang='lat' dir='ltr'>in</span> <span class='ocrx_word' id='word_1_927' title='bbox 1904 2781 2032 2812; x_wconf 90' lang='lat' dir='ltr'>datione</span> <span class='ocrx_word' id='word_1_928' title='bbox 2055 2781 2191 2812; x_wconf 87' lang='lat' dir='ltr'>casulae.</span> <span class='ocrx_word' id='word_1_929' title='bbox 2215 2782 2256 2812; x_wconf 94' lang='lat' dir='ltr'>Et</span> <span class='ocrx_word' id='word_1_930' title='bbox 2277 2783 2322 2813; x_wconf 89' lang='lat' dir='ltr'>sic</span> <span class='ocrx_word' id='word_1_931' title='bbox 2344 2782 2475 2813; x_wconf 91' lang='lat' dir='ltr'>haberet</span> <span class='ocrx_word' id='word_1_932' title='bbox 2497 2781 2579 2814; x_wconf 90' lang='lat' dir='ltr'>duos</span> 
     </span>
     <span class='ocr_line' id='line_1_118' title="bbox 1512 2825 2059 2867; baseline -0.004 -9"><span class='ocrx_word' id='word_1_933' title='bbox 1512 2827 1725 2858; x_wconf 87' lang='lat' dir='ltr'>characteres:</span> <span class='ocrx_word' id='word_1_934' title='bbox 1751 2826 1841 2867; x_wconf 92' lang='lat' dir='ltr'>quod</span> <span class='ocrx_word' id='word_1_935' title='bbox 1863 2825 1980 2857; x_wconf 89' lang='lat' dir='ltr'>falsum</span> <span class='ocrx_word' id='word_1_936' title='bbox 2003 2831 2059 2856; x_wconf 91' lang='lat' dir='ltr'>est.</span> 
     </span>
    </p>

    <p class='ocr_par' dir='ltr' id='par_1_46' title="bbox 1511 2869 2579 3089">
     <span class='ocr_line' id='line_1_119' title="bbox 1569 2869 2579 2907; baseline 0 -5"><span class='ocrx_word' id='word_1_937' title='bbox 1569 2872 1598 2902; x_wconf 88' lang='lat'>5.</span> <span class='ocrx_word' id='word_1_938' title='bbox 1622 2871 1826 2907; x_wconf 60' lang='lat' dir='ltr'>Pani-anax,</span> <span class='ocrx_word' id='word_1_939' title='bbox 1851 2870 1931 2901; x_wconf 93' lang='lat' dir='ltr'>ordo</span> <span class='ocrx_word' id='word_1_940' title='bbox 1955 2870 2083 2901; x_wconf 88' lang='lat' dir='ltr'>diaconi</span> <span class='ocrx_word' id='word_1_941' title='bbox 2110 2869 2310 2901; x_wconf 89' lang='lat' dir='ltr'>conformior</span> <span class='ocrx_word' id='word_1_942' title='bbox 2333 2875 2380 2901; x_wconf 91' lang='lat' dir='ltr'>est</span> <span class='ocrx_word' id='word_1_943' title='bbox 2403 2870 2508 2902; x_wconf 88' lang='lat' dir='ltr'>ordini</span> <span class='ocrx_word' id='word_1_944' title='bbox 2530 2881 2579 2902; x_wconf 89' lang='lat' dir='ltr'>sa—</span> 
     </span>
     <span class='ocr_line' id='line_1_120' title="bbox 1511 2914 2579 2956; baseline 0 -10"><span class='ocrx_word' id='word_1_945' title='bbox 1511 2915 1649 2947; x_wconf 89' lang='lat' dir='ltr'>cerdotis</span> <span class='ocrx_word' id='word_1_946' title='bbox 1673 2925 1771 2956; x_wconf 91' lang='lat' dir='ltr'>quam</span> <span class='ocrx_word' id='word_1_947' title='bbox 1795 2914 1875 2946; x_wconf 90' lang='lat' dir='ltr'>ordo</span> <span class='ocrx_word' id='word_1_948' title='bbox 1905 2914 2103 2946; x_wconf 86' lang='lat' dir='ltr'>subdiaconi.</span> <span class='ocrx_word' id='word_1_949' title='bbox 2135 2914 2213 2951; x_wconf 91' lang='lat' dir='ltr'>Sed,</span> <span class='ocrx_word' id='word_1_950' title='bbox 2238 2915 2263 2945; x_wconf 91' lang='lat' dir='ltr'>si</span> <span class='ocrx_word' id='word_1_951' title='bbox 2287 2915 2448 2946; x_wconf 87' lang='lat' dir='ltr'>character</span> <span class='ocrx_word' id='word_1_952' title='bbox 2469 2915 2579 2956; x_wconf 89' lang='lat' dir='ltr'>impri-</span> 
     </span>
     <span class='ocr_line' id='line_1_121' title="bbox 1511 2958 2579 3000; baseline 0 -10"><span class='ocrx_word' id='word_1_953' title='bbox 1511 2965 1651 2991; x_wconf 90' lang='lat' dir='ltr'>meretur</span> <span class='ocrx_word' id='word_1_954' title='bbox 1674 2959 1830 2990; x_wconf 88' lang='lat' dir='ltr'>sacerdoti</span> <span class='ocrx_word' id='word_1_955' title='bbox 1853 2960 1887 2990; x_wconf 90' lang='lat' dir='ltr'>in</span> <span class='ocrx_word' id='word_1_956' title='bbox 1909 2960 1978 3000; x_wconf 91' lang='lat' dir='ltr'>ipsa</span> <span class='ocrx_word' id='word_1_957' title='bbox 2001 2959 2107 2990; x_wconf 89' lang='lat' dir='ltr'>calicis</span> <span class='ocrx_word' id='word_1_958' title='bbox 2129 2959 2343 2999; x_wconf 88' lang='lat' dir='ltr'>porrectione,</span> <span class='ocrx_word' id='word_1_959' title='bbox 2363 2958 2579 2990; x_wconf 89' lang='lat' dir='ltr'>subdiaconus</span> 
     </span>
     <span class='ocr_line' id='line_1_122' title="bbox 1512 3003 2578 3044; baseline -0.001 -9"><span class='ocrx_word' id='word_1_960' title='bbox 1512 3004 1710 3036; x_wconf 90' lang='lat' dir='ltr'>conformior</span> <span class='ocrx_word' id='word_1_961' title='bbox 1734 3009 1816 3035; x_wconf 89' lang='lat' dir='ltr'>esset</span> <span class='ocrx_word' id='word_1_962' title='bbox 1838 3003 1995 3042; x_wconf 85' lang='lat' dir='ltr'>sacerdoti</span> <span class='ocrx_word' id='word_1_963' title='bbox 2023 3013 2121 3044; x_wconf 91' lang='lat' dir='ltr'>quam</span> <span class='ocrx_word' id='word_1_964' title='bbox 2148 3003 2321 3034; x_wconf 89' lang='lat' dir='ltr'>diaconus:</span> <span class='ocrx_word' id='word_1_965' title='bbox 2352 3003 2428 3044; x_wconf 90' lang='lat' dir='ltr'>quia</span> <span class='ocrx_word' id='word_1_966' title='bbox 2451 3003 2578 3034; x_wconf 91' lang='lat' dir='ltr'>subdia-</span> 
     </span>
     <span class='ocr_line' id='line_1_123' title="bbox 1512 3047 2579 3089; baseline -0.002 -9"><span class='ocrx_word' id='word_1_967' title='bbox 1512 3058 1615 3080; x_wconf 90' lang='lat' dir='ltr'>conus</span> <span class='ocrx_word' id='word_1_968' title='bbox 1638 3049 1852 3079; x_wconf 88' lang='lat' dir='ltr'>characterem</span> <span class='ocrx_word' id='word_1_969' title='bbox 1874 3048 1987 3089; x_wconf 92' lang='lat' dir='ltr'>recipit</span> <span class='ocrx_word' id='word_1_970' title='bbox 2009 3048 2043 3078; x_wconf 88' lang='lat' dir='ltr'>in</span> <span class='ocrx_word' id='word_1_971' title='bbox 2066 3048 2135 3088; x_wconf 92' lang='lat' dir='ltr'>ipsa</span> <span class='ocrx_word' id='word_1_972' title='bbox 2157 3047 2262 3078; x_wconf 88' lang='lat' dir='ltr'>calicis</span> <span class='ocrx_word' id='word_1_973' title='bbox 2280 3048 2494 3088; x_wconf 86' lang='lat' dir='ltr'>porrectione,</span> <span class='ocrx_word' id='word_1_974' title='bbox 2510 3057 2579 3079; x_wconf 90' lang='lat' dir='ltr'>non</span> 
     </span>
    </p>
   </div>
   <div class='ocr_carea' id='block_1_39' title="bbox 453 3087 2579 3133">
    <p class='ocr_par' dir='ltr' id='par_1_47' title="bbox 453 3087 2579 3133">
     <span class='ocr_line' id='line_1_124' title="bbox 453 3087 2579 3133; baseline 0.003 -18"><span class='ocrx_word' id='word_1_975' title='bbox 453 3087 503 3116; x_wconf 80' lang='lat' dir='ltr'>An</span> <span class='ocrx_word' id='word_1_976' title='bbox 527 3096 644 3117; x_wconf 72' lang='lat' dir='ltr'>saxi-tm</span> <span class='ocrx_word' id='word_1_977' title='bbox 666 3098 824 3119; x_wconf 74' lang='lat' dir='ltr'>DICENDUM</span> <span class='ocrx_word' id='word_1_978' title='bbox 847 3089 936 3130; x_wconf 93' lang='lat' dir='ltr'>quod</span> <span class='ocrx_word' id='word_1_979' title='bbox 952 3091 1090 3131; x_wconf 92' lang='lat' dir='ltr'>acolythi</span> <span class='ocrx_word' id='word_1_980' title='bbox 1106 3091 1223 3122; x_wconf 91' lang='lat' dir='ltr'>habent</span> <span class='ocrx_word' id='word_1_981' title='bbox 1239 3097 1346 3122; x_wconf 91' lang='lat' dir='ltr'>actum</span> <span class='ocrx_word' id='word_1_982' title='bbox 1362 3102 1457 3132; x_wconf 88' lang='lat' dir='ltr'>super</span> <span class='ocrx_word' id='word_1_983' title='bbox 1470 3099 1495 3125; x_wconf 79' lang='lat'>65</span> <span class='ocrx_word' id='word_1_984' title='bbox 1511 3098 1620 3124; x_wconf 90' lang='lat' dir='ltr'>autem</span> <span class='ocrx_word' id='word_1_985' title='bbox 1649 3092 1814 3124; x_wconf 89' lang='lat' dir='ltr'>diaconus.</span> <span class='ocrx_word' id='word_1_986' title='bbox 1847 3092 1934 3133; x_wconf 88' lang='lat' dir='ltr'>Ergo</span> <span class='ocrx_word' id='word_1_987' title='bbox 1965 3092 2125 3123; x_wconf 87' lang='lat' dir='ltr'>character</span> <span class='ocrx_word' id='word_1_988' title='bbox 2153 3091 2355 3122; x_wconf 90' lang='lat' dir='ltr'>sacerdotalis</span> <span class='ocrx_word' id='word_1_989' title='bbox 2377 3101 2445 3122; x_wconf 91' lang='lat' dir='ltr'>non</span> <span class='ocrx_word' id='word_1_990' title='bbox 2468 3092 2579 3133; x_wconf 89' lang='lat' dir='ltr'>impri-</span> 
     </span>
    </p>
   </div>
   <div class='ocr_carea' id='block_1_40' title="bbox 399 3130 1456 3307">
    <p class='ocr_par' dir='ltr' id='par_1_48' title="bbox 399 3130 1456 3307">
     <span class='ocr_line' id='line_1_125' title="bbox 399 3130 1456 3175; baseline 0.008 -16"><span class='ocrx_word' id='word_1_991' title='bbox 399 3130 564 3161; x_wconf 89' lang='lat' dir='ltr'>urceolum</span> <span class='ocrx_word' id='word_1_992' title='bbox 593 3136 733 3168; x_wconf 87' lang='lat' dir='ltr'>tantum,</span> <span class='ocrx_word' id='word_1_993' title='bbox 757 3142 824 3163; x_wconf 90' lang='lat' dir='ltr'>non</span> <span class='ocrx_word' id='word_1_994' title='bbox 854 3143 949 3174; x_wconf 90' lang='lat' dir='ltr'>super</span> <span class='ocrx_word' id='word_1_995' title='bbox 976 3144 1012 3164; x_wconf 88' lang='lat' dir='ltr'>ea</span> <span class='ocrx_word' id='word_1_996' title='bbox 1036 3144 1117 3175; x_wconf 91' lang='lat' dir='ltr'>quae</span> <span class='ocrx_word' id='word_1_997' title='bbox 1140 3136 1174 3166; x_wconf 93' lang='lat' dir='ltr'>in</span> <span class='ocrx_word' id='word_1_998' title='bbox 1197 3137 1329 3166; x_wconf 92' lang='lat' dir='ltr'>urceolo</span> <span class='ocrx_word' id='word_1_999' title='bbox 1354 3137 1456 3167; x_wconf 92' lang='lat' dir='ltr'>conti-</span> 
     </span>
     <span class='ocr_line' id='line_1_126' title="bbox 399 3175 1456 3220; baseline 0.008 -17"><span class='ocrx_word' id='word_1_1000' title='bbox 399 3179 523 3204; x_wconf 86' lang='lat' dir='ltr'>nentur.</span> <span class='ocrx_word' id='word_1_1001' title='bbox 557 3175 619 3205; x_wconf 90' lang='lat' dir='ltr'>Sed</span> <span class='ocrx_word' id='word_1_1002' title='bbox 641 3176 854 3207; x_wconf 91' lang='lat' dir='ltr'>subdiaconus</span> <span class='ocrx_word' id='word_1_1003' title='bbox 877 3178 972 3208; x_wconf 89' lang='lat' dir='ltr'>habet</span> <span class='ocrx_word' id='word_1_1004' title='bbox 994 3184 1101 3209; x_wconf 88' lang='lat' dir='ltr'>actum</span> <span class='ocrx_word' id='word_1_1005' title='bbox 1123 3189 1219 3220; x_wconf 91' lang='lat' dir='ltr'>super</span> <span class='ocrx_word' id='word_1_1006' title='bbox 1242 3181 1400 3211; x_wconf 87' lang='lat' dir='ltr'>contentis</span> <span class='ocrx_word' id='word_1_1007' title='bbox 1422 3181 1456 3211; x_wconf 92' lang='lat' dir='ltr'>in</span> 
     </span>
     <span class='ocr_line' id='line_1_127' title="bbox 400 3218 1454 3263; baseline 0.009 -16"><span class='ocrx_word' id='word_1_1008' title='bbox 400 3218 547 3248; x_wconf 92' lang='lat' dir='ltr'>urceolo:</span> <span class='ocrx_word' id='word_1_1009' title='bbox 572 3219 648 3258; x_wconf 90' lang='lat' dir='ltr'>quia</span> <span class='ocrx_word' id='word_1_1010' title='bbox 661 3220 760 3250; x_wconf 91' lang='lat' dir='ltr'>utitur</span> <span class='ocrx_word' id='word_1_1011' title='bbox 782 3230 864 3261; x_wconf 93' lang='lat' dir='ltr'>aqua</span> <span class='ocrx_word' id='word_1_1012' title='bbox 880 3227 911 3252; x_wconf 87' lang='lat' dir='ltr'>et</span> <span class='ocrx_word' id='word_1_1013' title='bbox 933 3222 1009 3252; x_wconf 91' lang='lat' dir='ltr'>vino</span> <span class='ocrx_word' id='word_1_1014' title='bbox 1034 3223 1073 3253; x_wconf 92' lang='lat' dir='ltr'>ad</span> <span class='ocrx_word' id='word_1_1015' title='bbox 1091 3223 1281 3263; x_wconf 90' lang='lat' dir='ltr'>ponendum</span> <span class='ocrx_word' id='word_1_1016' title='bbox 1296 3225 1330 3255; x_wconf 92' lang='lat' dir='ltr'>in</span> <span class='ocrx_word' id='word_1_1017' title='bbox 1346 3225 1454 3262; x_wconf 88' lang='lat' dir='ltr'>calice,</span> 
     </span>
     <span class='ocr_line' id='line_1_128' title="bbox 402 3263 1454 3307; baseline 0.01 -17"><span class='ocrx_word' id='word_1_1018' title='bbox 402 3266 432 3291; x_wconf 89' lang='lat' dir='ltr'>et</span> <span class='ocrx_word' id='word_1_1019' title='bbox 447 3270 562 3301; x_wconf 90' lang='lat' dir='ltr'>aquam</span> <span class='ocrx_word' id='word_1_1020' title='bbox 577 3263 691 3293; x_wconf 91' lang='lat' dir='ltr'>iterum</span> <span class='ocrx_word' id='word_1_1021' title='bbox 709 3265 855 3295; x_wconf 89' lang='lat' dir='ltr'>manibus</span> <span class='ocrx_word' id='word_1_1022' title='bbox 878 3266 1048 3296; x_wconf 91' lang='lat' dir='ltr'>sacerdotis</span> <span class='ocrx_word' id='word_1_1023' title='bbox 1071 3268 1210 3307; x_wconf 86' lang='lat' dir='ltr'>praebet.</span> <span class='ocrx_word' id='word_1_1024' title='bbox 1235 3269 1275 3298; x_wconf 93' lang='lat' dir='ltr'>Et</span> <span class='ocrx_word' id='word_1_1025' title='bbox 1291 3268 1454 3305; x_wconf 86' lang='lat' dir='ltr'>diaconus,</span> 
     </span>
    </p>
   </div>
   <div class='ocr_carea' id='block_1_41' title="bbox 1510 3137 2579 3310">
    <p class='ocr_par' dir='ltr' id='par_1_49' title="bbox 1510 3137 2120 3178">
     <span class='ocr_line' id='line_1_129' title="bbox 1510 3137 2120 3178; baseline -0.003 -10"><span class='ocrx_word' id='word_1_1026' title='bbox 1510 3138 1608 3168; x_wconf 91' lang='lat' dir='ltr'>mitur</span> <span class='ocrx_word' id='word_1_1027' title='bbox 1630 3138 1664 3168; x_wconf 92' lang='lat' dir='ltr'>in</span> <span class='ocrx_word' id='word_1_1028' title='bbox 1686 3138 1756 3178; x_wconf 91' lang='lat' dir='ltr'>ipsa</span> <span class='ocrx_word' id='word_1_1029' title='bbox 1779 3137 1884 3168; x_wconf 90' lang='lat' dir='ltr'>calicis</span> <span class='ocrx_word' id='word_1_1030' title='bbox 1907 3137 2120 3177; x_wconf 90' lang='lat' dir='ltr'>porrectione.</span> 
     </span>
    </p>

    <p class='ocr_par' dir='ltr' id='par_1_50' title="bbox 1510 3179 2579 3310">
     <span class='ocr_line' id='line_1_130' title="bbox 1567 3179 2579 3222; baseline -0.002 -10"><span class='ocrx_word' id='word_1_1031' title='bbox 1567 3182 1597 3212; x_wconf 85' lang='lat'>6.</span> <span class='ocrx_word' id='word_1_1032' title='bbox 1621 3182 1824 3218; x_wconf 71' lang='lat' dir='ltr'>PRAETEREA‚</span> <span class='ocrx_word' id='word_1_1033' title='bbox 1849 3181 2073 3222; x_wconf 86' lang='lat' dir='ltr'>acolythorum</span> <span class='ocrx_word' id='word_1_1034' title='bbox 2103 3179 2184 3211; x_wconf 91' lang='lat' dir='ltr'>ordo</span> <span class='ocrx_word' id='word_1_1035' title='bbox 2211 3180 2312 3220; x_wconf 86' lang='lat' dir='ltr'>magis</span> <span class='ocrx_word' id='word_1_1036' title='bbox 2340 3181 2579 3221; x_wconf 84' lang='lat' dir='ltr'>appropinquat</span> 
     </span>
     <span class='ocr_line' id='line_1_131' title="bbox 1511 3223 2578 3265; baseline -0.001 -9"><span class='ocrx_word' id='word_1_1037' title='bbox 1511 3225 1551 3256; x_wconf 89' lang='lat' dir='ltr'>ad</span> <span class='ocrx_word' id='word_1_1038' title='bbox 1574 3231 1682 3256; x_wconf 91' lang='lat' dir='ltr'>actum</span> <span class='ocrx_word' id='word_1_1039' title='bbox 1714 3225 1886 3256; x_wconf 87' lang='lat' dir='ltr'>sacerdotis</span> <span class='ocrx_word' id='word_1_1040' title='bbox 1914 3235 1972 3265; x_wconf 91' lang='lat' dir='ltr'>per</span> <span class='ocrx_word' id='word_1_1041' title='bbox 1999 3225 2064 3255; x_wconf 90' lang='lat' dir='ltr'>hoc</span> <span class='ocrx_word' id='word_1_1042' title='bbox 2094 3223 2183 3265; x_wconf 91' lang='lat' dir='ltr'>quod</span> <span class='ocrx_word' id='word_1_1043' title='bbox 2214 3225 2310 3255; x_wconf 92' lang='lat' dir='ltr'>habet</span> <span class='ocrx_word' id='word_1_1044' title='bbox 2341 3229 2450 3255; x_wconf 82' lang='lat' dir='ltr'>actum</span> <span class='ocrx_word' id='word_1_1045' title='bbox 2482 3234 2578 3265; x_wconf 88' lang='lat' dir='ltr'>super</span> 
     </span>
     <span class='ocr_line' id='line_1_132' title="bbox 1510 3267 2578 3310; baseline -0.001 -10"><span class='ocrx_word' id='word_1_1046' title='bbox 1510 3270 1696 3306; x_wconf 90' lang='lat' dir='ltr'>urceolum,</span> <span class='ocrx_word' id='word_1_1047' title='bbox 1724 3279 1823 3310; x_wconf 91' lang='lat' dir='ltr'>quam</span> <span class='ocrx_word' id='word_1_1048' title='bbox 1846 3279 1903 3310; x_wconf 92' lang='lat' dir='ltr'>per</span> <span class='ocrx_word' id='word_1_1049' title='bbox 1928 3270 1992 3300; x_wconf 91' lang='lat' dir='ltr'>hoc</span> <span class='ocrx_word' id='word_1_1050' title='bbox 2015 3267 2106 3309; x_wconf 91' lang='lat' dir='ltr'>quod</span> <span class='ocrx_word' id='word_1_1051' title='bbox 2128 3269 2223 3299; x_wconf 90' lang='lat' dir='ltr'>habet</span> <span class='ocrx_word' id='word_1_1052' title='bbox 2250 3274 2358 3299; x_wconf 87' lang='lat' dir='ltr'>actum</span> <span class='ocrx_word' id='word_1_1053' title='bbox 2381 3278 2478 3309; x_wconf 89' lang='lat' dir='ltr'>super</span> <span class='ocrx_word' id='word_1_1054' title='bbox 2503 3278 2578 3300; x_wconf 83' lang='lat' dir='ltr'>can-</span> 
     </span>
    </p>
   </div>
   <div class='ocr_carea' id='block_1_42' title="bbox 401 3305 2578 3354">
    <p class='ocr_par' dir='ltr' id='par_1_51' title="bbox 401 3305 2578 3354">
     <span class='ocr_line' id='line_1_133' title="bbox 401 3305 2578 3354; baseline 0.004 -20"><span class='ocrx_word' id='word_1_1055' title='bbox 401 3305 482 3334; x_wconf 92' lang='lat' dir='ltr'>sicut</span> <span class='ocrx_word' id='word_1_1056' title='bbox 505 3311 535 3335; x_wconf 93' lang='lat' dir='ltr'>et</span> <span class='ocrx_word' id='word_1_1057' title='bbox 558 3306 788 3344; x_wconf 91' lang='lat' dir='ltr'>subdiaconus,</span> <span class='ocrx_word' id='word_1_1058' title='bbox 812 3309 918 3339; x_wconf 91' lang='lat' dir='ltr'>solum</span> <span class='ocrx_word' id='word_1_1059' title='bbox 942 3315 1048 3340; x_wconf 89' lang='lat' dir='ltr'>actum</span> <span class='ocrx_word' id='word_1_1060' title='bbox 1071 3311 1165 3341; x_wconf 91' lang='lat' dir='ltr'>habet</span> <span class='ocrx_word' id='word_1_1061' title='bbox 1188 3321 1283 3351; x_wconf 90' lang='lat' dir='ltr'>super</span> <span class='ocrx_word' id='word_1_1062' title='bbox 1306 3313 1454 3350; x_wconf 90' lang='lat' dir='ltr'>calicem,</span> <span class='ocrx_word' id='word_1_1063' title='bbox 1470 3325 1497 3346; x_wconf 86' lang='lat'>70</span> <span class='ocrx_word' id='word_1_1064' title='bbox 1511 3313 1686 3345; x_wconf 89' lang='lat' dir='ltr'>delabrum.</span> <span class='ocrx_word' id='word_1_1065' title='bbox 1720 3313 1783 3345; x_wconf 90' lang='lat' dir='ltr'>Sed</span> <span class='ocrx_word' id='word_1_1066' title='bbox 1805 3314 1905 3354; x_wconf 83' lang='lat' dir='ltr'>magis</span> <span class='ocrx_word' id='word_1_1067' title='bbox 1933 3313 2126 3353; x_wconf 91' lang='lat' dir='ltr'>imprimitur</span> <span class='ocrx_word' id='word_1_1068' title='bbox 2154 3313 2314 3344; x_wconf 84' lang='lat' dir='ltr'>character</span> <span class='ocrx_word' id='word_1_1069' title='bbox 2336 3313 2370 3344; x_wconf 93' lang='lat' dir='ltr'>in</span> <span class='ocrx_word' id='word_1_1070' title='bbox 2394 3313 2578 3354; x_wconf 86' lang='lat' dir='ltr'>acolythatu</span> 
     </span>
    </p>
   </div>
   <div class='ocr_carea' id='block_1_43' title="bbox 400 3352 1455 3481">
    <p class='ocr_par' dir='ltr' id='par_1_52' title="bbox 400 3352 1455 3481">
     <span class='ocr_line' id='line_1_134' title="bbox 400 3352 1454 3394; baseline 0.009 -16"><span class='ocrx_word' id='word_1_1071' title='bbox 400 3357 468 3378; x_wconf 93' lang='lat' dir='ltr'>non</span> <span class='ocrx_word' id='word_1_1072' title='bbox 483 3358 578 3388; x_wconf 92' lang='lat' dir='ltr'>super</span> <span class='ocrx_word' id='word_1_1073' title='bbox 593 3356 759 3381; x_wconf 91' lang='lat' dir='ltr'>contenta:</span> <span class='ocrx_word' id='word_1_1074' title='bbox 784 3352 839 3382; x_wconf 88' lang='lat' dir='ltr'>sed</span> <span class='ocrx_word' id='word_1_1075' title='bbox 854 3353 1000 3383; x_wconf 87' lang='lat' dir='ltr'>sacerdos</span> <span class='ocrx_word' id='word_1_1076' title='bbox 1019 3364 1114 3394; x_wconf 91' lang='lat' dir='ltr'>super</span> <span class='ocrx_word' id='word_1_1077' title='bbox 1130 3361 1290 3386; x_wconf 90' lang='lat' dir='ltr'>contenta.</span> <span class='ocrx_word' id='word_1_1078' title='bbox 1314 3357 1355 3386; x_wconf 93' lang='lat' dir='ltr'>Et</span> <span class='ocrx_word' id='word_1_1079' title='bbox 1370 3356 1454 3393; x_wconf 92' lang='lat' dir='ltr'>ideo,</span> 
     </span>
     <span class='ocr_line' id='line_1_135' title="bbox 401 3392 1455 3439; baseline 0.009 -18"><span class='ocrx_word' id='word_1_1080' title='bbox 401 3392 483 3422; x_wconf 88' lang='lat' dir='ltr'>sicut</span> <span class='ocrx_word' id='word_1_1081' title='bbox 509 3393 721 3424; x_wconf 90' lang='lat' dir='ltr'>subdiaconus</span> <span class='ocrx_word' id='word_1_1082' title='bbox 744 3395 777 3424; x_wconf 88' lang='lat' dir='ltr'>in</span> <span class='ocrx_word' id='word_1_1083' title='bbox 800 3397 849 3426; x_wconf 90' lang='lat' dir='ltr'>sui</span> <span class='ocrx_word' id='word_1_1084' title='bbox 875 3396 1074 3428; x_wconf 90' lang='lat' dir='ltr'>ordinatione</span> <span class='ocrx_word' id='word_1_1085' title='bbox 1104 3400 1218 3439; x_wconf 90' lang='lat' dir='ltr'>accipit</span> <span class='ocrx_word' id='word_1_1086' title='bbox 1249 3400 1379 3431; x_wconf 90' lang='lat' dir='ltr'>calicem</span> <span class='ocrx_word' id='word_1_1087' title='bbox 1402 3411 1455 3431; x_wconf 90' lang='lat' dir='ltr'>va-</span> 
     </span>
     <span class='ocr_line' id='line_1_136' title="bbox 403 3437 1454 3481; baseline 0.01 -17"><span class='ocrx_word' id='word_1_1088' title='bbox 403 3444 510 3471; x_wconf 90' lang='lat' dir='ltr'>cuum,</span> <span class='ocrx_word' id='word_1_1089' title='bbox 527 3437 671 3467; x_wconf 91' lang='lat' dir='ltr'>sacerdos</span> <span class='ocrx_word' id='word_1_1090' title='bbox 694 3438 842 3477; x_wconf 90' lang='lat' dir='ltr'>plenum;</span> <span class='ocrx_word' id='word_1_1091' title='bbox 862 3440 903 3470; x_wconf 93' lang='lat' dir='ltr'>ita</span> <span class='ocrx_word' id='word_1_1092' title='bbox 927 3441 1092 3481; x_wconf 90' lang='lat' dir='ltr'>acolythus</span> <span class='ocrx_word' id='word_1_1093' title='bbox 1115 3443 1283 3473; x_wconf 89' lang='lat' dir='ltr'>urceolum</span> <span class='ocrx_word' id='word_1_1094' title='bbox 1306 3454 1454 3481; x_wconf 87' lang='lat' dir='ltr'>vacuum,</span> 
     </span>
    </p>
   </div>
   <div class='ocr_carea' id='block_1_44' title="bbox 400 3478 1456 3553">
    <p class='ocr_par' dir='ltr' id='par_1_53' title="bbox 400 3478 1456 3553">
     <span class='ocr_line' id='line_1_137' title="bbox 402 3478 1456 3552; baseline 0.011 -45"><span class='ocrx_word' id='word_1_1095' title='bbox 402 3478 692 3552; x_wconf 47' lang='lat' dir='ltr'>setcifilszbdiaconus</span> <span class='ocrx_word' id='word_1_1096' title='bbox 715 3481 856 3521; x_wconf 91' lang='lat' dir='ltr'>plenum.</span> <span class='ocrx_word' id='word_1_1097' title='bbox 881 3483 922 3513; x_wconf 91' lang='lat' dir='ltr'>Et</span> <span class='ocrx_word' id='word_1_1098' title='bbox 937 3485 981 3514; x_wconf 93' lang='lat' dir='ltr'>sic</span> <span class='ocrx_word' id='word_1_1099' title='bbox 1001 3490 1047 3514; x_wconf 89' lang='lat' dir='ltr'>est</span> <span class='ocrx_word' id='word_1_1100' title='bbox 1068 3486 1225 3525; x_wconf 91' lang='lat' dir='ltr'>quaedam</span> <span class='ocrx_word' id='word_1_1101' title='bbox 1249 3489 1406 3519; x_wconf 90' lang='lat' dir='ltr'>connexio</span> <span class='ocrx_word' id='word_1_1102' title='bbox 1422 3489 1456 3519; x_wconf 91' lang='lat' dir='ltr'>in</span> 
     </span>
     <span class='ocr_line' id='line_1_138' title="bbox 400 3530 575 3553; baseline 0.011 -2"><span class='ocrx_word' id='word_1_1103' title='bbox 400 3530 440 3551; x_wconf 90' lang='lat' dir='ltr'>or</span> <span class='ocrx_word' id='word_1_1104' title='bbox 496 3532 506 3552; x_wconf 88' lang='lat'>1</span> <span class='ocrx_word' id='word_1_1105' title='bbox 528 3532 575 3553; x_wconf 92' lang='lat' dir='ltr'>us.</span> 
     </span>
    </p>
   </div>
   <div class='ocr_carea' id='block_1_45' title="bbox 1509 3357 2578 3575">
    <p class='ocr_par' dir='ltr' id='par_1_54' title="bbox 1509 3357 2578 3531">
     <span class='ocr_line' id='line_1_139' title="bbox 1510 3357 2577 3398; baseline 0 -10"><span class='ocrx_word' id='word_1_1106' title='bbox 1510 3358 1641 3398; x_wconf 92' lang='lat' dir='ltr'>quando</span> <span class='ocrx_word' id='word_1_1107' title='bbox 1669 3358 1831 3398; x_wconf 90' lang='lat' dir='ltr'>accipiunt</span> <span class='ocrx_word' id='word_1_1108' title='bbox 1859 3357 2102 3394; x_wconf 88' lang='lat' dir='ltr'>candelabrum,</span> <span class='ocrx_word' id='word_1_1109' title='bbox 2126 3366 2224 3397; x_wconf 92' lang='lat' dir='ltr'>quam</span> <span class='ocrx_word' id='word_1_1110' title='bbox 2255 3357 2386 3398; x_wconf 87' lang='lat' dir='ltr'>quando</span> <span class='ocrx_word' id='word_1_1111' title='bbox 2415 3357 2577 3398; x_wconf 87' lang='lat' dir='ltr'>accipiunt</span> 
     </span>
     <span class='ocr_line' id='line_1_140' title="bbox 1509 3401 2577 3443; baseline 0 -11"><span class='ocrx_word' id='word_1_1112' title='bbox 1509 3412 1662 3433; x_wconf 90' lang='lat' dir='ltr'>urceum:</span> <span class='ocrx_word' id='word_1_1113' title='bbox 1693 3403 1769 3443; x_wconf 92' lang='lat' dir='ltr'>quia</span> <span class='ocrx_word' id='word_1_1114' title='bbox 1795 3411 1918 3433; x_wconf 89' lang='lat' dir='ltr'>nomen</span> <span class='ocrx_word' id='word_1_1115' title='bbox 1944 3401 2090 3443; x_wconf 56' lang='lat' dir='ltr'>acolythi</span> <span class='ocrx_word' id='word_1_1116' title='bbox 2121 3402 2203 3432; x_wconf 87' lang='lat' dir='ltr'>cerei</span> <span class='ocrx_word' id='word_1_1117' title='bbox 2232 3402 2451 3442; x_wconf 88' lang='lat' dir='ltr'>portationem</span> <span class='ocrx_word' id='word_1_1118' title='bbox 2479 3401 2577 3442; x_wconf 82' lang='lat' dir='ltr'>signi-</span> 
     </span>
     <span class='ocr_line' id='line_1_141' title="bbox 1510 3443 2578 3487; baseline 0 -11"><span class='ocrx_word' id='word_1_1119' title='bbox 1510 3445 1584 3476; x_wconf 89' lang='lat' dir='ltr'>ficat</span> <span class='ocrx_word' id='word_1_1120' title='bbox 1599 3447 1625 3476; x_wconf 47' lang='grc' dir='ltr'><strong>ἦ</strong></span> <span class='ocrx_word' id='word_1_1121' title='bbox 1661 3447 1746 3487; x_wconf 82' lang='lat' dir='ltr'>Ergo</span> <span class='ocrx_word' id='word_1_1122' title='bbox 1780 3452 1811 3477; x_wconf 90' lang='lat' dir='ltr'>et</span> <span class='ocrx_word' id='word_1_1123' title='bbox 1842 3447 1876 3477; x_wconf 92' lang='lat' dir='ltr'>in</span> <span class='ocrx_word' id='word_1_1124' title='bbox 1899 3445 2076 3477; x_wconf 89' lang='lat' dir='ltr'>sacerdotio</span> <span class='ocrx_word' id='word_1_1125' title='bbox 2104 3455 2172 3476; x_wconf 91' lang='lat' dir='ltr'>non</span> <span class='ocrx_word' id='word_1_1126' title='bbox 2195 3446 2388 3486; x_wconf 89' lang='lat' dir='ltr'>imprimitur</span> <span class='ocrx_word' id='word_1_1127' title='bbox 2418 3443 2578 3476; x_wconf 83' lang='lat' dir='ltr'>character</span> 
     </span>
     <span class='ocr_line' id='line_1_142' title="bbox 1512 3489 1947 3531; baseline 0.005 -12"><span class='ocrx_word' id='word_1_1128' title='bbox 1512 3489 1642 3529; x_wconf 89' lang='lat' dir='ltr'>quando</span> <span class='ocrx_word' id='word_1_1129' title='bbox 1667 3491 1798 3521; x_wconf 88' lang='lat' dir='ltr'>calicem</span> <span class='ocrx_word' id='word_1_1130' title='bbox 1822 3491 1947 3531; x_wconf 90' lang='lat' dir='ltr'>accipit.</span> 
     </span>
    </p>

    <p class='ocr_par' dir='ltr' id='par_1_55' title="bbox 1567 3533 2576 3575">
     <span class='ocr_line' id='line_1_143' title="bbox 1567 3533 2576 3575; baseline 0.001 -12"><span class='ocrx_word' id='word_1_1131' title='bbox 1567 3533 1628 3563; x_wconf 71' lang='lat' dir='ltr'>San</span> <span class='ocrx_word' id='word_1_1132' title='bbox 1653 3544 1785 3571; x_wconf 79' lang='lat' dir='ltr'>CONTRA,</span> <span class='ocrx_word' id='word_1_1133' title='bbox 1802 3535 1984 3575; x_wconf 87' lang='lat' dir='ltr'>principalis</span> <span class='ocrx_word' id='word_1_1134' title='bbox 2001 3540 2089 3566; x_wconf 90' lang='lat' dir='ltr'>actus</span> <span class='ocrx_word' id='word_1_1135' title='bbox 2105 3534 2224 3566; x_wconf 91' lang='lat' dir='ltr'>ordinis</span> <span class='ocrx_word' id='word_1_1136' title='bbox 2248 3533 2419 3566; x_wconf 89' lang='lat' dir='ltr'>sacerdotis</span> <span class='ocrx_word' id='word_1_1137' title='bbox 2436 3539 2483 3565; x_wconf 90' lang='lat' dir='ltr'>est</span> <span class='ocrx_word' id='word_1_1138' title='bbox 2498 3543 2576 3564; x_wconf 91' lang='lat' dir='ltr'>con-</span> 
     </span>
    </p>
   </div>
   <div class='ocr_carea' id='block_1_46' title="bbox 2609 1313 2826 1434">
    <p class='ocr_par' dir='ltr' id='par_1_56' title="bbox 2609 1313 2826 1434">
     <span class='ocr_line' id='line_1_144' title="bbox 2610 1313 2825 1349; baseline 0 -1"><span class='ocrx_word' id='word_1_1139' title='bbox 2610 1327 2620 1338; x_wconf 90' lang='lat'><strong>·</strong></span> <span class='ocrx_word' id='word_1_1140' title='bbox 2636 1325 2662 1348; x_wconf 78' lang='lat'>13.</span> <span class='ocrx_word' id='word_1_1141' title='bbox 2683 1326 2772 1348; x_wconf 66' lang='grc' dir='ltr'>Αιιεπ.</span> <span class='ocrx_word' id='word_1_1142' title='bbox 2788 1313 2825 1349; x_wconf 78' lang='lat' dir='ltr'>rv</span> 
     </span>
     <span class='ocr_line' id='line_1_145' title="bbox 2609 1351 2826 1402; baseline 0.005 -1"><span class='ocrx_word' id='word_1_1143' title='bbox 2609 1351 2746 1402; x_wconf 53' lang='lat' dir='ltr'>S‘Y‘rdli&#39;·</span> <span class='ocrx_word' id='word_1_1144' title='bbox 2760 1359 2826 1402; x_wconf 55' lang='lat'>3¹:51</span> 
     </span>
     <span class='ocr_line' id='line_1_146' title="bbox 2609 1383 2768 1434; baseline 0.006 -6"><span class='ocrx_word' id='word_1_1145' title='bbox 2609 1383 2644 1434; x_wconf 56' lang='grc' dir='ltr'>ῗῗ</span> <span class='ocrx_word' id='word_1_1146' title='bbox 2654 1386 2683 1428; x_wconf 72' lang='lat' dir='ltr'>⁸¹d</span> <span class='ocrx_word' id='word_1_1147' title='bbox 2690 1395 2735 1429; x_wconf 62' lang='lat' dir='ltr'>&#39;ala</span> <span class='ocrx_word' id='word_1_1148' title='bbox 2743 1385 2768 1408; x_wconf 78' lang='lat'>³’</span> 
     </span>
    </p>
   </div>
   <div class='ocr_carea' id='block_1_47' title="bbox 2609 1458 2827 1514">
    <p class='ocr_par' dir='ltr' id='par_1_57' title="bbox 2609 1458 2827 1514">
     <span class='ocr_line' id='line_1_147' title="bbox 2609 1458 2827 1487; baseline 0.005 -7"><span class='ocrx_word' id='word_1_1149' title='bbox 2609 1459 2620 1471; x_wconf 84' lang='grc'><em>·</em></span> <span class='ocrx_word' id='word_1_1150' title='bbox 2635 1458 2700 1482; x_wconf 78' lang='lat' dir='ltr'>Iona.</span> <span class='ocrx_word' id='word_1_1151' title='bbox 2719 1464 2771 1487; x_wconf 73' lang='lat' dir='ltr'>cap.</span> <span class='ocrx_word' id='word_1_1152' title='bbox 2792 1464 2827 1487; x_wconf 79' lang='lat' dir='ltr'>n,</span> 
     </span>
     <span class='ocr_line' id='line_1_148' title="bbox 2609 1491 2718 1514; baseline 0.009 -7"><span class='ocrx_word' id='word_1_1153' title='bbox 2609 1491 2669 1508; x_wconf 78' lang='lat' dir='ltr'>ven.</span> <span class='ocrx_word' id='word_1_1154' title='bbox 2686 1491 2718 1514; x_wconf 80' lang='lat'>¹5·</span> 
     </span>
    </p>
   </div>
   <div class='ocr_carea' id='block_1_48' title="bbox 2606 2433 2796 2464">
    <p class='ocr_par' dir='ltr' id='par_1_58' title="bbox 2606 2433 2796 2464">
     <span class='ocr_line' id='line_1_149' title="bbox 2606 2433 2796 2464; baseline 0.005 -8"><span class='ocrx_word' id='word_1_1155' title='bbox 2606 2435 2618 2446; x_wconf 89' lang='grc'><em>·</em></span> <span class='ocrx_word' id='word_1_1156' title='bbox 2632 2433 2698 2456; x_wconf 77' lang='lat' dir='ltr'>ven.</span> <span class='ocrx_word' id='word_1_1157' title='bbox 2709 2439 2743 2462; x_wconf 63' lang='grc' dir='ltr'>υ,</span> <span class='ocrx_word' id='word_1_1158' title='bbox 2757 2439 2796 2464; x_wconf 78' lang='lat'>²3-</span> 
     </span>
    </p>
   </div>
   <div class='ocr_carea' id='block_1_49' title="bbox 2602 3406 2878 3542">
    <p class='ocr_par' dir='ltr' id='par_1_59' title="bbox 2602 3406 2878 3542">
     <span class='ocr_line' id='line_1_150' title="bbox 2603 3406 2878 3434; baseline -0.004 -4"><span class='ocrx_word' id='word_1_1159' title='bbox 2603 3406 2614 3417; x_wconf 82' lang='grc'><em>·</em></span> <span class='ocrx_word' id='word_1_1160' title='bbox 2691 3406 2745 3431; x_wconf 66' lang='lat' dir='ltr'>dut.</span> <span class='ocrx_word' id='word_1_1161' title='bbox 2753 3412 2818 3434; x_wconf 76' lang='lat' dir='ltr'>xxiv,</span> <span class='ocrx_word' id='word_1_1162' title='bbox 2876 3415 2878 3417; x_wconf 97' lang='lat'>·</span> 
     </span>
     <span class='ocr_line' id='line_1_151' title="bbox 2604 3406 2878 3484; baseline 0 -28"><span class='ocrx_word' id='word_1_1163' title='bbox 2604 3406 2749 3484; x_wconf 40' lang='lat' dir='ltr'>“Qu</span> <span class='ocrx_word' id='word_1_1164' title='bbox 2754 3434 2820 3460; x_wconf 80' lang='lat' dir='ltr'>loco,-</span> <span class='ocrx_word' id='word_1_1165' title='bbox 2875 3459 2878 3462; x_wconf 22' lang='grc' dir='ltr'><strong><em>Δ</em></strong></span> 
     </span>
     <span class='ocr_line' id='line_1_152' title="bbox 2603 3460 2878 3518; baseline 0.004 -9"><span class='ocrx_word' id='word_1_1166' title='bbox 2603 3460 2819 3516; x_wconf 51' lang='grc' dir='ltr'>ἷίῑηπέεῖὲῖἱῑ</span> <span class='ocrx_word' id='word_1_1167' title='bbox 2872 3466 2878 3518; x_wconf 72' lang='grc' dir='ltr'>ζ</span> 
     </span>
     <span class='ocr_line' id='line_1_153' title="bbox 2602 3503 2817 3542; baseline 0 -6"><span class='ocrx_word' id='word_1_1168' title='bbox 2602 3514 2656 3537; x_wconf 80' lang='lat' dir='ltr'>moe.</span> <span class='ocrx_word' id='word_1_1169' title='bbox 2663 3503 2758 3542; x_wconf 58' lang='lat' dir='ltr'>imvu,</span> <span class='ocrx_word' id='word_1_1170' title='bbox 2763 3518 2817 3542; x_wconf 66' lang='lat' dir='ltr'>ap.</span> 
     </span>
    </p>
   </div>
   <div class='ocr_carea' id='block_1_50' title="bbox 2605 3546 2734 3570">
    <p class='ocr_par' dir='ltr' id='par_1_60' title="bbox 2605 3546 2734 3570">
     <span class='ocr_line' id='line_1_154' title="bbox 2605 3546 2734 3570; baseline -0.008 -6"><span class='ocrx_word' id='word_1_1171' title='bbox 2605 3546 2645 3569; x_wconf 77' lang='grc' dir='ltr'>ιιι,</span> <span class='ocrx_word' id='word_1_1172' title='bbox 2660 3546 2683 3563; x_wconf 86' lang='lat' dir='ltr'>n.</span> <span class='ocrx_word' id='word_1_1173' title='bbox 2698 3547 2734 3570; x_wconf 75' lang='lat'>²9·</span> 
     </span>
    </p>
   </div>
  </div>
 </body>
</html>
