2878 4088
117 1181 201 1230 3941:
212 1189 271 1231 iaci:
284 1189 305 1231 ἐξ
318 1194 327 1198 “

364 191 389 226 4
661 178 924 225 QUAESTIO
954 180 979 226 Ι,
1010 179 1302 216 ARTICULUS
1332 178 1440 225 11‚111
1469 198 1493 203 —
1525 178 1790 225 QUAESTIO
1820 181 1867 227 ΙΙ,
1898 180 2191 219 ARTICULUS
2220 184 2233 219 I

364 258 408 287 eis
425 258 629 292 conterimur,
647 257 825 287 voluntaria
849 267 916 288 non
942 261 1025 288 sunt.
1056 258 1097 288 Et
1117 257 1190 288 ideo
1208 258 1299 288 nobis
1316 258 1428 288 nolen-
1542 267 1570 288 2.
1595 258 1792 294 PRAETEREA,
1809 259 1939 288 materia
1959 259 2071 298 recipit
2093 259 2325 299 perfectionem
2348 267 2471 292 remota
2487 263 2551 302 pri-

364 302 446 331 tibus
469 301 664 336 acciderunt,
681 311 748 331 non
766 301 897 342 quidem
922 302 1100 332 secundum
1116 302 1313 333 voluntatem
1331 311 1429 342 quam
1484 302 1622 332 vatione.
1648 301 1711 332 Sed
1735 301 1828 331 dolor
1851 311 1884 332 se
1907 302 2003 332 habet
2026 303 2066 333 ad
2088 305 2220 343 gratiam
2250 306 2332 336 sicut
2358 307 2489 336 materia
2513 306 2552 336 ad

363 354 440 376 tunc
463 346 633 376 habuimus
658 355 732 375 cum
757 355 793 376 ea
816 346 1020 382 volebamus,
1050 346 1105 376 sed
1134 346 1313 377 secundum
1341 346 1428 376 illam
1484 345 1639 375 formam:
1672 346 1747 386 quia
1769 346 1867 385 gratia
1897 345 2048 377 informat
2077 347 2232 379 dolorem.
2268 349 2354 389 Ergo
2379 349 2472 380 dolor
2496 350 2551 390 qui

363 399 461 429 quam
473 399 560 420 nunc
575 390 740 426 habemus,
753 400 816 430 qua
828 391 982 421 vellemus
996 390 1084 430 quod
1100 400 1268 431 nunquam
1286 390 1426 420 fuissent.
1483 390 1572 429 prius
1596 395 1661 420 erat
1683 389 1830 420 informis
1855 390 1949 430 culpa
1974 391 2136 428 existente,
2155 401 2238 432 quae
2261 398 2308 423 est
2330 394 2465 433 privatio
2482 404 2551 434 gra-

418 434 468 463 An
493 444 654 464 SECUNDUM
678 444 837 465 mCENDUu
861 434 951 475 quod
977 435 1125 465 contritio
1150 441 1196 465 est
1220 445 1237 464 a
1261 435 1331 465 Deo
1357 434 1427 464 solo
1451 443 1460 463 5
1483 434 1554 469 tiae,
1579 439 1703 464 remota
1734 434 1828 474 culpa
1851 435 1983 474 recipiet
2012 434 2245 475 perfectionem
2274 437 2510 468 informationis
2533 448 2551 468 a

363 483 520 518 quantum
553 478 592 508 ad
623 478 760 509 formam
791 488 855 518 qua
884 478 1089 509 informatur:
1122 478 1177 509 sed
1208 484 1365 519 quantum
1389 478 1428 508 ad
1482 479 1589 517 gratia.
1614 478 1655 508 Et
1679 479 1723 509 sic
1746 477 1833 508 idern
1857 478 1947 518 quod
1970 479 2067 519 prius.

362 523 568 553 substantiam
592 528 690 559 actus,
709 533 746 553 ex
770 523 870 553 libero
887 524 1014 553 arbitrio
1039 529 1070 553 et
1094 533 1111 553 a
1135 523 1216 559 Deo,
1235 523 1291 563 qui
1315 532 1427 562 opera·
1538 522 1600 553 sm>
1625 532 1762 558 CONTRA,
1793 532 1933 563 quorum
1963 524 2119 563 principia
2149 529 2223 554 sunt
2251 524 2372 555 diversa
2402 526 2548 561 omnino,

362 572 413 597 tur
436 567 477 597 in‘
493 567 643 597 omnibus
668 568 817 607 operibus
842 573 872 597 et
895 573 1025 597 naturae
1051 573 1081 598 et
1104 568 1285 597 voluntatis.
1483 576 1596 596 eorum
1619 577 1687 597 non
1710 572 1817 607 potest
1847 566 1915 597 fieri
1944 577 2047 598 unum
2071 567 2103 598 id
2127 568 2217 607 quod
2241 574 2287 599 est
2310 569 2454 600 alterum.
2487 569 2550 600 Sed

416 611 466 641 An
491 621 624 641 mimum
639 621 798 641 DICENDUM
823 611 921 651 quod,
944 612 1088 651 quamvis
1111 617 1178 642 tota
1198 621 1305 652 poena
1327 612 1426 651 possit
1482 611 1649 642 attritionis
1672 612 1867 652 principium
1884 617 1930 642 est
1945 612 2041 642 timor
2064 613 2193 648 servilis,
2218 613 2418 643 contritionis
2441 618 2549 644 autern

361 664 418 694 per
442 656 667 686 contritionem
684 655 809 692 dimitti,
826 662 933 686 tamen
957 655 1061 686 adhuc
1081 657 1256 686 necessaria
1280 661 1326 686 est
1349 665 1426 685 con·
1443 669 1468 683 ιο
1480 655 1578 685 timor
1601 655 1712 686 filialis.
1737 655 1822 696 Ergo
1847 656 1963 686 attritio
1987 666 2054 686 non
2077 662 2184 696 potest
2207 656 2276 687 fieri
2299 658 2459 688 contritio.

362 699 456 729 fessio
474 705 505 729 et
520 699 700 730 satisfactio.
726 700 813 730 Tum
838 701 912 740 quia
935 701 1035 730 homo
1052 710 1119 730 non
1143 706 1248 740 potest
1268 709 1335 730 esse
1360 709 1427 730 cer-
1535 700 1725 730 Respoxnsso
1749 710 1909 730 DICENDUM
1932 700 2021 740 quod
2038 710 2133 740 super
2149 701 2211 731 hoc
2227 706 2274 731 est
2289 700 2407 741 duplex
2424 702 2547 742 opinio.

361 749 412 773 tus
435 743 475 774 de
498 754 555 774 sua
578 745 770 774 contritione
802 744 891 784 quod
922 744 1016 774 fuerit
1044 744 1083 774 ad
1111 750 1216 775 totum
1247 743 1427 775 tollendum
1481 744 1622 781 Quidam
1638 745 1654 761 ³*
1678 744 1789 774 dicunt
1813 744 1903 784 quod
1926 745 2042 775 attritio
2066 743 2102 775 fit
2126 746 2286 781 contritio,
2304 746 2386 776 sicut
2405 745 2484 776 fides
2499 746 2548 778 in-

361 787 531 819 sufficiens.
550 806 573 810 -—
589 788 675 818 Tum
700 789 794 818 etiarn
822 789 897 828 quia
917 787 1078 819 confessio
1103 794 1134 818 et
1157 788 1328 819 satisfactio
1352 794 1427 819 sunt
1481 787 1592 818 formis
1615 788 1651 818 fit
1674 788 1819 819 formata.
1836 807 1858 811 —
1874 788 1936 820 Sed
1959 789 2032 825 hoc,
2050 794 2086 820 ut
2101 789 2236 826 videtur,
2253 799 2321 820 non
2339 795 2446 830 potest
2469 798 2546 820 esse.

360 833 392 861 in
412 838 593 872 praecepto.
614 832 706 863 Unde
725 837 934 871 transgressor
953 833 1198 863 constitueretur
1217 834 1242 863 si
1261 843 1328 863 non
1348 843 1426 863 con·
1481 832 1575 870 Quia,
1593 834 1738 873 quamvis
1761 833 1886 863 habitus
1910 832 1982 863 fidei
2007 832 2154 864 informis
2176 833 2231 864 fiat
2254 833 2419 870 formatus,
2439 839 2548 864 tamen

360 875 501 906 fiteretur
524 882 555 906 et
578 886 645 906 non
669 876 868 906 satisfaceret.
1442 890 1463 909 15
1479 886 1648 917 nunquam
1672 883 1760 908 actus
1776 877 1851 907 fidei
1866 877 2012 908 informis
2027 877 2063 908 fit
2079 884 2167 908 actus
2183 878 2258 909 fidei
2275 878 2446 909 formatae:
2471 879 2547 918 quia

1480 926 1577 951 actus
1592 922 1645 952 ille
1667 921 1814 964 informis
1837 922 1948 952 transit
1972 927 2002 952 et
2022 932 2089 952 non
2112 929 2220 953 manet
2235 924 2384 953 veniente
2409 923 2545 953 caritate.

469 964 568 993 ART.
594 964 630 993 II.
655 974 759 993 UTRUM
783 973 949 994 C0NTR1T10
974 975 1019 994 sir
1043 975 1139 995 ACTUS
1161 975 1312 995 vmruns.
1478 965 1607 995 Attritio
1632 971 1739 996 autem
1756 972 1787 996 et
1804 966 1952 996 contritio
1976 976 2044 996 non
2068 966 2178 997 dicunt
2197 968 2351 1004 habitum,
2368 967 2423 998 sed
2439 972 2546 997 actum

1478 1014 1612 1039 tantum.
1636 1010 1772 1040 Habitus
1788 1015 1895 1040 autern
1911 1011 2064 1040 virtutum
2081 1011 2259 1042 infusarum
2275 1013 2331 1052 qui
2346 1012 2546 1042 voluntatem

423 1062 442 1080 D
473 1056 635 1081 SECUNDUM
666 1061 710 1081 src
748 1060 952 1081 PROCEDITUR.
987 1051 1121 1082 Videtur
1151 1052 1240 1091 quod
1271 1053 1421 1083 contritio
1478 1054 1662 1093 respiciunt,
1679 1063 1747 1084 non
1762 1060 1899 1094 possunt
1915 1064 1982 1084 esse
1998 1054 2167 1086 informes:
2194 1066 2269 1086 cum
2288 1057 2450 1087 caritatem
2467 1066 2546 1086 con-

360 1063 488 1125 Anon
512 1095 551 1125 sit
575 1100 662 1125 actus
686 1095 818 1125 virtutis.
847 1095 1014 1125 Passiones
1046 1096 1131 1125 enim
1147 1105 1215 1126 non
1238 1102 1312 1126 sunt
1335 1103 1424 1127 actus
1439 1110 1464 1124 ιο
1478 1102 1661 1136 sequantur,
1674 1103 1711 1127 ut
1726 1098 1760 1127 in
1776 1098 1886 1128 Tertio
1903 1098 1999 1128 Libro
2013 1099 2029 1115 ³*
2045 1098 2167 1131 dictum
2184 1106 2239 1131 est.
2257 1100 2360 1136 Unde,
2374 1106 2546 1140 antequam

356 1140 526 1169 virtutum:
558 1139 633 1178 quia
664 1139 708 1168 eis
739 1149 803 1168 non
837 1139 1012 1169 laudamur
1039 1149 1097 1170 nec
1127 1140 1363 1180 vituperamur,
1388 1146 1425 1171 ut
1477 1141 1575 1180 gratia
1598 1141 1793 1177 infundatur,
1812 1151 1880 1172 non
1897 1146 1943 1172 est
1965 1142 2091 1173 habitus
2108 1153 2126 1173 a
2141 1153 2207 1183 quo
2232 1149 2320 1174 actus
2345 1145 2546 1175 contritionis

357 1183 470 1214 dicitur
494 1183 520 1213 II
543 1183 646 1213 Ethic.
665 1184 680 1199 ὕ
711 1183 774 1213 Sed
798 1182 891 1213 dolor
915 1189 960 1213 est
984 1184 1099 1223 passio.
1135 1183 1220 1214 Cum
1245 1194 1320 1224 ergo
1346 1194 1424 1215 con·
1478 1190 1590 1224 postea
1614 1185 1747 1216 elicitur.
1772 1186 1812 1216 Et
1828 1186 1872 1216 sic
1889 1186 1979 1216 nullo
1995 1186 2096 1217 modo
2121 1189 2238 1218 attritio
2262 1193 2368 1228 potest
2383 1188 2452 1218 fieri
2468 1198 2546 1219 con-

356 1228 441 1258 tritio
466 1228 504 1257 sit
528 1227 630 1263 dolor,
654 1227 779 1257 videtur
803 1226 891 1267 quod
914 1237 982 1258 non
1006 1228 1045 1257 sit
1068 1233 1156 1258 actus
1179 1229 1311 1258 virtutis.
1478 1229 1574 1259 tritio.
1600 1229 1641 1259 Et
1663 1230 1726 1259 hoc
1751 1230 1811 1259 alia
1835 1230 1946 1269 opinio
1971 1229 2056 1260 dicit.

414 1282 441 1302 2.
467 1272 668 1307 Paaarnruza,
693 1272 775 1302 sicut
799 1272 948 1301 contritio
978 1271 1092 1302 dicitur
1115 1282 1132 1302 a
1157 1273 1302 1308 terendo,
1327 1274 1370 1303 ita
1394 1279 1424 1303 et
1533 1273 1584 1303 An
1608 1284 1725 1303 PRIMUM
1748 1283 1831 1304 ERGO
1856 1284 2016 1304 D1C13NDUM
2040 1274 2130 1314 quod
2152 1285 2220 1306 non
2244 1281 2290 1306 est
2309 1276 2411 1306 simile
2427 1276 2466 1307 de
2482 1276 2546 1307 fide

357 1317 483 1346 attritio.
509 1315 571 1347 Sed
595 1316 711 1346 attritio
735 1326 801 1346 non
819 1322 865 1346 est
881 1321 969 1346 actus
993 1317 1132 1347 virtutis:
1159 1322 1194 1347 ut
1210 1317 1247 1347 ab
1273 1318 1423 1348 omnibus
1438 1330 1461 1350 25
1479 1323 1510 1348 et
1534 1319 1736 1354 contritione,
1761 1324 1797 1348 ut
1820 1317 1942 1348 dictum
1966 1324 2012 1348 est
2028 1319 2054 1349 ’ἢ

357 1361 479 1390 dicitur.
504 1361 590 1400 Ergo
614 1370 720 1400 neque
745 1361 904 1390 contritio.
1533 1362 1583 1392 An
1609 1372 1771 1392 SECUNDUM
1794 1373 1954 1392 DrcaNnUM
1979 1363 2078 1403 quod,
2102 1369 2226 1394 remota
2248 1365 2426 1404 privatione
2443 1375 2460 1395 a
2478 1375 2546 1395 ma-

412 1405 473 1435 SED
503 1415 642 1440 CONTRA,
667 1405 746 1434 nihil
775 1410 821 1434 est
850 1406 1050 1435 meritorium
1081 1406 1141 1435 nisi
1172 1411 1260 1436 actus
1289 1407 1422 1437 virtutis.
1478 1407 1555 1436 teria
1572 1416 1655 1446 quae
1678 1412 1786 1437 manet
1808 1406 2006 1447 perfectione
2030 1406 2228 1444 adveniente,
2246 1408 2401 1439 formatur
2415 1410 2547 1440 materia

356 1449 418 1479 Sed
442 1450 591 1479 contritio
617 1454 663 1479 est
686 1454 775 1479 actus
800 1449 930 1489 quidam
954 1450 1145 1480 meritorius.
1170 1450 1255 1490 Ergo
1273 1456 1319 1481 est
1335 1457 1423 1482 actus
1477 1451 1539 1481 illa.
1565 1451 1628 1481 Sed
1652 1451 1745 1481 dolor
1767 1451 1820 1482 ille
1845 1452 1901 1491 qui
1924 1457 1990 1482 erat
2012 1451 2172 1489 informis,
2196 1462 2264 1483 non
2287 1459 2395 1484 manet
2419 1454 2545 1484 caritate

355 1494 487 1524 virtutis.
1478 1495 1676 1526 adveniente.
1702 1496 1743 1525 Et
1765 1495 1839 1526 ideo
1863 1495 1993 1526 formari
2016 1506 2084 1527 non
2106 1502 2222 1537 potest.

411 1539 599 1568 Rasromnzo
623 1548 783 1568 DICENDUM
800 1537 889 1577 quod
906 1538 1056 1568 contritio
1081 1539 1260 1570 secundum
1279 1541 1423 1581 proprie·
1439 1551 1463 1571 30
1532 1540 1592 1570 Vel
1617 1540 1789 1570 dicendum
1806 1540 1895 1580 quod
1911 1541 2042 1571 materia
2066 1542 2273 1572 essentialiter
2288 1551 2356 1572 non
2371 1542 2467 1572 habet
2483 1543 2546 1573 ori-

355 1588 454 1613 tatem
475 1583 616 1613 nominis
635 1583 684 1612 sui
699 1592 767 1612 non
783 1581 939 1622 significat
962 1588 1070 1613 actum
1093 1583 1226 1620 virtutis,
1244 1584 1300 1614 sed
1313 1585 1422 1624 potius
1476 1585 1586 1624 ginem
1601 1594 1619 1614 a
1635 1584 1756 1615 forma:
1782 1585 1864 1615 sicut
1887 1590 1976 1615 actus
1998 1585 2094 1616 habet
2117 1586 2274 1626 originem
2297 1587 2335 1616 ab
2350 1586 2463 1617 habitu
2477 1596 2545 1627 quo

304 1629 308 1635 ⁴
356 1626 517 1666 quandam
547 1627 747 1666 corporalem
778 1627 977 1667 passionem:
1010 1627 1066 1657 sed
1089 1628 1140 1658 hic
1163 1638 1231 1658 non
1261 1630 1423 1668 quaeritur
1477 1627 1642 1660 formatur.
1667 1628 1761 1660 Unde
1783 1639 1851 1660 non
1875 1634 1922 1660 est
1943 1630 2174 1661 inconveniens
2196 1631 2362 1661 materiam
2379 1630 2546 1662 informari

114 2115 122 2124 ·
133 2113 324 2161 {u.r,art.r.qu'¹

111 2146 142 2168 3.-
164 2140 324 2168 f.Pa1-t.111‚qu.

111 2172 195 2193 Lxxxv,
212 2170 254 2188 art.
268 2173 289 2191 2.
304 2174 323 2196 3.

114 2821 124 2831 “
139 2820 186 2847 Qu.
201 2826 215 2847 ι,
234 2823 276 2842 art.
291 2827 310 2848 5.

355 1672 400 1701 sic
423 1671 463 1701 de
487 1671 688 1707 contritione,
713 1670 769 1701 sed
792 1670 832 1701 de
856 1681 895 1701 eo
919 1670 958 1701 ad
982 1671 1072 1711 quod
1095 1671 1341 1712 significandum
1359 1674 1422 1705 hoc
1477 1673 1584 1713 aliqua
1613 1673 1717 1704 forma
1739 1673 1780 1704 de
1802 1683 1890 1704 novo
1914 1683 1978 1713 qua
2008 1674 2096 1714 prius
2119 1684 2187 1705 non
2209 1674 2450 1706 informabatur.
2481 1675 2545 1707 Sed

355 1725 476 1745 nornen
507 1725 563 1755 per
587 1714 828 1745 similitudinem
859 1715 1033 1755 adaptatur.
1065 1716 1154 1747 Sicut
1183 1717 1269 1747 enim
1299 1717 1421 1749 inflatio
1476 1717 1540 1748 hoc
1563 1717 1603 1748 de
1627 1723 1700 1748 actu
1724 1723 1771 1748 est
1793 1718 2010 1758 impossibile:
2042 1719 2124 1750 sicut
2151 1719 2350 1759 impossibile
2379 1725 2427 1750 est
2454 1720 2544 1760 quod

355 1760 698 1800 propriaevoluntatis
722 1759 761 1789 ad
784 1759 905 1790 malum
929 1759 1112 1791 faciendum
1134 1761 1295 1801 importat,
1321 1772 1421 1803 quan-
1438 1776 1459 1796 35
1476 1762 1598 1802 aliquid
1619 1762 1706 1793 idem
1729 1763 2009 1805 numero-oriatur
2032 1773 2051 1793 a
2073 1764 2232 1803 principio
2249 1774 2267 1794 a
2282 1773 2349 1804 quo
2371 1764 2460 1804 prius
2475 1774 2544 1795 non

355 1809 424 1834 tum
441 1809 487 1834 est
503 1803 541 1834 de
558 1813 601 1839 se,
619 1804 740 1834 malum
757 1813 795 1833 ex
810 1813 944 1843 genere;
969 1804 1012 1834 ita
1035 1804 1119 1835 illius
1142 1805 1315 1836 voluntatis
1332 1808 1421 1838 anni—
1476 1807 1654 1843 oriebatur3
1680 1807 1756 1847 quia
1778 1816 1827 1837 res
1851 1807 1950 1838 semel
1973 1812 2098 1838 tantum
2120 1808 2155 1838 in
2178 1817 2246 1838 esse
2269 1808 2424 1848 procedit.

355 1848 465 1878 hilatio
482 1853 514 1878 et
529 1848 742 1878 comminutio
767 1847 925 1887 quaedam
949 1847 988 1878 de
1011 1858 1044 1878 se
1067 1849 1220 1889 importat
1243 1851 1367 1882 bonum
1383 1861 1421 1882 ex

354 1902 487 1932 genere,
512 1893 587 1932 quia
609 1893 672 1922 hoc
696 1898 743 1922 est
773 1891 920 1922 detestari
945 1893 1108 1932 propriam
1130 1894 1329 1925 voluntatem
1357 1905 1422 1935 qua
1724 1888 2009 1932 QUAESTIO
2037 1889 2294 1930 SECUNDA

354 1942 523 1977 peccatum
555 1942 602 1966 est
632 1937 850 1966 commissum.
881 1936 922 1966 Et
945 1936 1018 1967 ideo
1050 1939 1216 1974 contritio,
1248 1948 1330 1979 quae
1357 1940 1420 1971 hoc
1767 1955 1812 1980 DE
1832 1937 1984 1981 ogfficssro
2004 1956 2250 1983 C0NTR1T10N15

354 1980 526 2021 significat,
556 1981 708 2020 importat
738 1981 878 2020 aliquam
909 1981 1133 2012 rectitudinem
1163 1983 1345 2014 voluntatis.
1379 1985 1420 2015 Et
1434 1996 1460 2016 40

353 2031 484 2065 propter
499 2026 562 2055 hoc
579 2030 625 2055 est
649 2031 736 2055 actus
759 2025 898 2055 virtutis:
924 2025 1008 2056 illius
1024 2026 1144 2056 scilicet
1167 2027 1258 2057 cuius
1282 2033 1329 2058 est
1344 2038 1419 2068 pec·
1536 2039 1628 2058 amun
1654 2027 1923 2059 considerandum
1947 2034 1994 2059 est
2017 2028 2056 2059 de
2080 2029 2207 2060 obiecto
2232 2031 2432 2062 contritionis
2447 2032 2474 2062 *.

354 2075 460 2100 catum
476 2070 682 2109 praeteritum
698 2069 844 2099 detestari
868 2074 899 2099 et
923 2069 1094 2106 destruere,
1111 2071 1230 2101 scilicet
1249 2073 1418 2111 poeniten·
1477 2040 1630 2103 DCirca
1653 2072 1742 2113 quod
1767 2078 1964 2112 quaeruntur
1987 2082 2051 2103 sex.

352 2114 424 2150 tiae,
442 2119 477 2144 ut
499 2119 586 2154 patet
609 2123 647 2143 ex
662 2114 710 2143 his
736 2123 818 2153 quae
842 2114 875 2143 in
899 2124 950 2143 xrv
967 2113 1170 2145 distinctione
1187 2116 1203 2132 ⁹*
1227 2115 1310 2146 dicta
1334 2123 1417 2147 sunt.
1528 2117 1655 2148 Primo:
1679 2122 1789 2147 utrum
1812 2116 1926 2148 debeat
1948 2117 2050 2148 homo
2075 2119 2197 2149 conteri
2221 2117 2261 2149 de
2283 2120 2407 2159 poenis.

407 2159 457 2188 An
482 2168 598 2187 PRIMUM
622 2167 704 2187 aneo
729 2167 887 2187 mcENDUM
912 2158 1001 2198 quod
1024 2159 1057 2188 in
1082 2160 1274 2190 contritione
1298 2166 1345 2191 est
1360 2161 1419 2192 du-
1528 2161 1698 2193 Secundo:
1723 2166 1832 2192 utrum
1857 2161 1896 2192 de
1918 2167 2053 2201 peccato
2078 2163 2234 2203 originali.

352 2203 425 2242 plex
449 2202 541 2233 dolor
565 2202 604 2233 de
627 2207 771 2242 peccato.
796 2202 887 2233 Unus
903 2203 937 2233 in
953 2208 1041 2242 parte
1064 2204 1222 2241 sensitiva,
1241 2205 1297 2244 qui
1312 2207 1417 2245 passio
1433 2217 1456 2236 45
1528 2206 1658 2236 Tertio:
1684 2211 1792 2236 utrum
1816 2205 1855 2236 de
1880 2207 1970 2236 omni
1994 2207 2109 2237 actuali
2133 2207 2317 2238 commisso.

352 2252 408 2277 est.
433 2247 474 2277 Et
496 2247 548 2277 hic
571 2256 639 2276 non
664 2251 710 2276 est
733 2247 938 2277 essentialiter
962 2248 1122 2284 contritio,
1139 2254 1236 2288 prout
1259 2254 1306 2280 est
1329 2255 1419 2281 actus
1528 2250 1671 2288 Quarto:
1698 2256 1806 2280 utrum
1830 2249 1869 2280 de
1892 2255 2026 2291 peccato
2051 2251 2166 2281 actuali
2190 2252 2434 2283 committendo.

351 2292 484 2327 virtutis,
509 2291 565 2321 sed
587 2291 686 2330 magis
711 2290 842 2321 effectus
870 2291 947 2322 eius.
980 2291 1068 2322 Sicut
1092 2293 1178 2323 enim
1201 2294 1418 2333 poenitentiae
1527 2292 1671 2332 Quinto}
1696 2300 1805 2326 utrum
1829 2294 1868 2326 de
1891 2300 2025 2335 peccato
2050 2295 2165 2326 alieno.

351 2336 449 2366 virtus
473 2336 662 2366 exteriorem
689 2345 830 2375 poenam
853 2345 913 2366 suo
938 2337 1066 2376 corpori
1093 2336 1207 2377 infligit
1230 2338 1270 2368 ad
1292 2348 1417 2370 recom-
1527 2339 1642 2370 Sexto:
1667 2345 1776 2370 utrum
1799 2339 1839 2370 de
1863 2340 1994 2379 singulis
2016 2341 2155 2379 peccatis
2179 2341 2377 2372 mortalibus.

351 2379 548 2420 pensandam
572 2379 727 2410 offensam
751 2389 834 2419 quae
857 2381 891 2410 in
914 2380 1021 2410 Deum
1045 2382 1215 2412 commissa
1239 2388 1286 2413 est
1308 2382 1416 2414 officio

351 2425 585 2460 membrorum;
609 2425 652 2454 ita
667 2424 762 2454 etiam
779 2429 809 2454 et
824 2424 886 2464 ipsi
901 2426 1143 2465 concupiscibili
1166 2436 1307 2466 poenam
1323 2427 1417 2459 infert
1433 2438 1458 2457 50
1560 2427 1660 2458 ART.
1687 2428 1709 2458 1.
1733 2437 1838 2458 UTRUM
1861 2437 1951 2458 aomo
1975 2437 2095 2459 DEBBAT
2120 2437 2254 2459 CONTERI
2269 2438 2310 2461 mr
2325 2439 2451 2466 ror-rm,

352 2468 472 2498 doloris
495 2469 627 2508 peccati,
645 2469 720 2507 quia
735 2469 804 2508 ipsa
819 2469 915 2498 etiam
931 2469 971 2499 ad
986 2475 1117 2509 peccata
1136 2472 1378 2510 cooperabatur.
1394 2491 1418 2495 -
1783 2482 1821 2502 ετ
1844 2481 1908 2502 NON
1932 2482 2033 2502 somni
2056 2482 2096 2502 m:
2121 2483 2228 2504 CULPA.

353 2512 416 2547 Sed
438 2518 547 2543 tamen
569 2513 621 2543 hic
645 2512 737 2543 dolor
760 2518 867 2552 potest
889 2514 1047 2553 pertinere
1070 2514 1110 2544 ad
1126 2515 1353 2546 contritionem
1368 2517 1416 2546 in-

353 2562 510 2597 quantum
533 2562 580 2587 est
602 2566 674 2596 pars
697 2558 900 2587 sacramenti:
926 2559 1001 2597 quia
1016 2565 1211 2589 sacramenta
1226 2569 1294 2590 non
1310 2561 1417 2592 solum
1472 2570 1557 2632 AD
1580 2569 1697 2590 ramum
1721 2570 1766 2590 src
1790 2569 1994 2590 rnocnnrrmz.
2019 2560 2153 2591 Videtur
2176 2561 2267 2601 quod
2296 2562 2397 2594 homo
2424 2562 2539 2595 debeat

352 2602 386 2632 in
401 2601 603 2631 interioribus
622 2602 753 2637 actibus,
771 2601 827 2632 sed
843 2602 938 2632 etiam
954 2603 987 2632 in
1004 2603 1211 2634 exterioribus
1227 2610 1258 2634 et
1273 2605 1307 2635 in
1323 2606 1417 2636 rebus
1537 2605 1659 2634 conteri
1675 2604 1715 2635 de
1731 2605 1855 2644 poenis,
1874 2610 1905 2635 et
1924 2614 1991 2635 non
2016 2605 2122 2635 solum
2148 2605 2187 2636 de
2211 2606 2315 2646 culpa.
2339 2607 2540 2647 Augustinus

352 2645 552 2676 sensibilibus
575 2650 649 2675 nata
671 2651 746 2675 sunt
770 2655 846 2676 esse.
1433 2660 1454 2680 55
1472 2649 1568 2684 enim,
1586 2649 1619 2678 in
1639 2649 1720 2679 libro
1744 2649 1783 2679 de
1798 2649 2000 2680 Poenitentia
2016 2650 2042 2685 ’ξ
2068 2649 2161 2680 dicit:
2186 2650 2289 2680 Nemo
2314 2651 2412 2682 vitam
2435 2657 2539 2684 aeter-

407 2690 498 2720 Alius
521 2689 614 2719 dolor
638 2695 684 2719 est
706 2690 739 2720 in
763 2690 937 2726 voluntate,
958 2691 1014 2730 qui
1037 2692 1117 2722 nihil
1140 2692 1226 2723 aliud
1249 2699 1296 2724 est
1319 2703 1417 2734 quarn
1472 2703 1547 2723 nam
1570 2692 1732 2724 desiderat
1762 2693 1824 2724 nisi
1853 2703 1925 2724 eum
1955 2694 2051 2724 huius
2078 2694 2162 2725 vitae
2188 2695 2337 2726 mortalis
2359 2696 2537 2736 poeniteat.

352 2734 550 2774 displicentia
573 2734 705 2764 alicuius
728 2734 820 2764 mali:
845 2735 1023 2766 secundum
1047 2736 1138 2775 quod
1156 2736 1286 2768 affectus
1302 2738 1417 2769 volun·
1472 2737 1534 2768 Sed
1557 2738 1731 2768 mortalitas
1754 2738 1837 2768 vitae
1861 2737 2019 2777 quaedam
2042 2747 2149 2778 poena
2165 2744 2222 2770 est.
2246 2739 2333 2780 Ergo
2349 2739 2444 2771 debet
2458 2750 2538 2781 poe-

351 2779 422 2809 tatis
445 2779 652 2808 nominantur
684 2788 741 2818 per
772 2779 906 2809 nomina
936 2780 1140 2819 passionum,
1165 2787 1201 2811 ut
1230 2782 1263 2812 in
1287 2782 1416 2819 Tertio,
1470 2783 1575 2812 nitens
1599 2783 1695 2812 etiam
1719 2782 1757 2813 de
1781 2783 1895 2822 poenis
1919 2783 2051 2813 conteri.

352 2822 554 2853 distinctione
578 2833 650 2852 xxw
666 2823 693 2858 ὓ,
717 2822 839 2853 dictum
863 2829 918 2854 est.
948 2824 989 2854 Et
1012 2825 1056 2854 sic
1081 2826 1230 2855 contritio
1255 2832 1302 2856 est
1324 2827 1416 2858 dolor
1527 2836 1557 2856 2.
1573 2826 1770 2862 Primnum,
1783 2828 1904 2867 supra*
1917 2827 2062 2858 habitum
2078 2833 2134 2864 est,
2148 2837 2186 2859 ex
2197 2828 2300 2859 verbis
2310 2829 2480 2868 Augustini
2491 2829 2536 2865 ⁸,

351 2877 408 2907 per
431 2867 609 2903 essentiam,
634 2872 665 2896 et
689 2872 735 2897 est
758 2873 847 2898 actus
869 2869 992 2898 virtutis
1015 2870 1242 2908 poenitentiae.
1430 2882 1457 2901 ⁶0
1471 2871 1560 2911 quod
1582 2872 1752 2911 poenitens
1776 2871 1870 2902 debet
1893 2871 2002 2903 dolere
2026 2882 2064 2903 ex
2087 2872 2151 2903 hoc
2174 2872 2264 2912 quod
2287 2873 2404 2904 virtute
2418 2882 2453 2903 se
2463 2873 2536 2913 pri-

406 2911 456 2941 Αι)
481 2921 642 2941 SECUNDUM
666 2921 749 2941 aizoo
774 2922 933 2942 DICENDUM
958 2912 1047 2952 quod
1071 2914 1186 2944 attritio
1212 2914 1287 2945 dicit
1311 2925 1414 2946 acces·
1471 2916 1566 2945 vavit.
1592 2915 1655 2946 Sed
1678 2916 1813 2956 privatio
1836 2916 1959 2947 virtutis
1978 2916 2137 2956 quaedam
2152 2925 2259 2957 poena
2274 2921 2331 2948 est.
2354 2917 2441 2956 Ergo
2457 2926 2536 2948 con-

352 2965 423 2986 sum
454 2955 493 2986 ad
523 2955 696 2995 perfectam
731 2957 976 2987 contritionem:
1012 2957 1099 2988 unde
1133 2959 1166 2989 in
1197 2960 1416 2999 corporalibus
1470 2960 1556 2990 tritio
1581 2965 1627 2990 est
1650 2959 1744 2991 dolor
1767 2961 1863 2991 etiam
1886 2959 1926 2991 de
1948 2961 2074 3000 poenis.

353 2999 500 3031 dicuntur
531 3000 643 3030 attrita
673 3010 755 3039 quae
787 3001 896 3040 aliquo
927 3001 1028 3032 modo
1060 3001 1215 3034 diminuta
1246 3010 1328 3040 sunt,
1360 3004 1416 3036 sed
1527 3004 1589 3034 Sim
1614 3014 1747 3041 CONTRA,
1771 3005 1879 3035 nullus
1902 3010 1990 3036 tenet
2011 3005 2091 3036 illud
2107 3004 2147 3036 de
2165 3014 2232 3045 quo
2256 3003 2353 3036 dolet.
2378 3004 2441 3035 Sed
2456 3014 2535 3045 poe-

351 3054 419 3074 non
442 3043 597 3084 perfecte;
627 3044 683 3074 sed
706 3045 856 3075 contritio
882 3045 995 3076 dicitur
1019 3046 1149 3086 quando
1174 3057 1286 3078 omnes
1312 3054 1416 3089 partes
1470 3049 1584 3084 nitens,
1602 3048 1781 3080 secundum
1797 3058 1893 3080 suum
1908 3044 2040 3085 nomen,
2051 3058 2193 3089 poenam
2216 3053 2301 3080 tenet
2314 3047 2341 3079 *.
2366 3049 2451 3088 Ergo
2467 3059 2536 3080 non

352 3089 441 3119 tritae
465 3094 538 3118 sunt
561 3089 655 3119 simul
678 3098 735 3128 per
764 3088 955 3120 divisionem
978 3090 1017 3121 ad
1040 3091 1182 3122 minima.
1214 3093 1254 3123 Et
1277 3093 1351 3124 ideo
1375 3094 1416 3124 si-
1429 3102 1453 3128 ες
1471 3092 1558 3124 dolet
1573 3092 1613 3124 de
1628 3103 1744 3133 poena.
1768 3093 1810 3124 Et
1825 3094 1870 3124 sic
1894 3093 2054 3129 contritio,
2075 3102 2158 3133 quae
2181 3098 2228 3124 est
2251 3092 2345 3124 dolor
2366 3094 2536 3133 poeniten-

352 3131 480 3172 gnificat
502 3133 618 3163 attritio
642 3133 675 3163 in
699 3133 912 3173 spiritualibus
936 3134 1098 3174 quandam
1121 3135 1353 3176 displicentiam
1376 3137 1415 3168 de
1469 3137 1560 3173 tialis,
1585 3147 1653 3168 non
1677 3143 1723 3168 est
1747 3137 1786 3168 de
1808 3147 1925 3177 poena.

352 3175 503 3216 peccatis'
519 3177 706 3213 commissis,
733 3177 789 3208 sed
815 3187 883 3208 non
909 3178 1098 3218 perfectam:
1129 3181 1278 3212 contritio
1307 3187 1415 3213 autem
1524 3182 1714 3214 Rnsponnno
1733 3191 1892 3213 DICEN'DUM
1911 3181 2001 3221 quod
2015 3181 2167 3212 contritio
2183 3181 2344 3221 importat,
2361 3186 2398 3212 ut
2413 3181 2536 3214 dictum

353 3220 535 3260 perfectam.
1471 3231 1517 3256 est
1532 3226 1558 3261 ἦ
1575 3226 1710 3257 alicuius
1726 3225 1796 3257 duri
1812 3230 1844 3256 et
1858 3225 1972 3265 integri
1988 3225 2288 3257 comminutionem.
2314 3225 2403 3256 Haec
2426 3232 2535 3258 autem

1469 3270 1630 3309 integritas
1654 3275 1685 3301 et
1708 3269 1822 3301 duritia
1851 3269 2012 3311 invenitur
2037 3270 2072 3300 in
2094 3269 2181 3300 malo
2212 3269 2344 3309 culpae:
2379 3271 2455 3310 quia
2476 3280 2535 3302 vo-

430 3308 527 3338 ART.
553 3308 603 3338 111.
628 3318 731 3338 UTRUM
754 3319 898 3340 iii-ramo
923 3320 1025 3342 possi-r
1054 3322 1135 3342 rrum
1159 3322 1336 3344 CONTmrro.
1429 3327 1456 3347 70
1469 3312 1584 3349 luntas,
1609 3323 1692 3354 quae
1716 3319 1763 3344 est
1785 3314 1885 3353 ipsius
1907 3323 2012 3349 causa.
2028 3314 2063 3344 in
2079 3323 2118 3344 eo
2143 3314 2199 3353 qui
2217 3313 2301 3345 male
2323 3314 2397 3354 agit,
2413 3315 2447 3345 in
2469 3316 2534 3346 suis

1469 3358 1611 3389 terminis
1635 3363 1695 3389 stat
1710 3367 1770 3389 nec
1786 3362 1958 3397 praecepto
1981 3357 2059 3397 legis
2083 3357 2176 3389 cedit.
2201 3358 2242 3388 Et
2256 3357 2330 3389 ideo
2347 3358 2443 3390 huius
2458 3359 2535 3390 mali

357 3405 438 3468 An
455 3405 588 3426 ram-mu
609 3406 654 3427 sic
677 3406 881 3427 puocamrun.
910 3398 1043 3429 Videtur
1064 3399 1155 3439 quod
1177 3401 1293 3431 attritio
1314 3402 1415 3441 possit
1469 3401 1668 3441 displicentia
1683 3401 1832 3433 contritio
1848 3411 1905 3441 per
1920 3401 2162 3433 similitudinem
2178 3402 2301 3434 dicimr.
2318 3402 2407 3433 Haec
2425 3409 2535 3436 autem

419 3439 486 3469 fieri
510 3441 669 3470 contritio.
695 3440 805 3470 Differt
830 3442 915 3471 enirn
939 3443 1055 3472 attritio
1080 3453 1097 3473 a
1118 3445 1310 3475 contritione
1333 3446 1415 3476 sicut
1469 3445 1644 3477 similitudo
1675 3455 1743 3476 non
1771 3450 1878 3485 potest
1908 3445 2048 3485 adaptari
2071 3446 2111 3477 ad
2133 3447 2254 3478 malum
2284 3456 2426 3486 poenae:
2459 3448 2535 3488 quia

354 3482 526 3514 formatum
543 3485 581 3515 ab
597 3484 736 3514 informi.
761 3484 823 3515 Sed
847 3485 924 3516 fides
947 3486 1093 3518 informis
1109 3487 1143 3518 fit
1159 3487 1304 3519 formata.
1328 3489 1413 3528 Ergo
1469 3498 1576 3528 poena
1605 3490 1790 3529 simpliciter
1819 3489 1896 3520 dicit
1926 3489 2183 3522 diminutionem.
2214 3491 2256 3522 Et
2277 3490 2351 3522 ideo
2379 3490 2420 3522 de
2443 3492 2534 3524 malis

354 3528 470 3558 attritio
494 3533 600 3567 potest
622 3528 690 3559 fieri
714 3529 873 3560 contritio.
1429 3546 1452 3566 75
1469 3542 1595 3572 poenae
1618 3539 1724 3573 potest
1747 3543 1814 3565 esse
1839 3533 1942 3570 dolor,
1965 3534 2022 3565 sed
2044 3544 2113 3566 non
2135 3536 2296 3567 contritio.

2577 750 2587 759 ·
2593 748 2617 770 Β.
2624 748 2791 798 AleVSent?

2575 774 2789 826 &Kisseitai

2576 833 2760 860 qu.xvn.m.y,n.
2783 837 2788 852 z

2574 854 2746 908 }.3?3?.‘1·.{'3·'
2781 871 2787 878 ·

2573 898 2746 956 ww.2L
2764 935 2788 958 ς.

2573 939 2787 990 2¹23?{:.‚;..‚424.

2748 888 2788 934 a

2575 1106 2583 1114 ·
2594 1104 2652 1127 Diet.
2663 1111 2736 1133 xxvii,
2747 1112 2787 1134 qu.

2574 1136 2599 1158 u,
2615 1135 2657 1154 art.
2667 1139 2691 1159 4,
2706 1133 2752 1161 ςα·
2765 1139 2786 1162 3.

2572 1318 2583 1329 '¹
2598 1317 2623 1339 In
2639 1323 2744 1346 corpore.

2568 2034 2580 2045 ·
2585 2033 2621 2055 cf.
2629 2039 2687 2062 qua,
2693 2033 2782 2057 Introd-

2565 2657 2577 2668 ·
2585 2655 2656 2679 Hom.
2668 2657 2710 2679 ult.
2719 2657 2780 2680 iuter

2565 2682 2693 2732 RQ&
2714 2683 2778 2738 ⁵33:

2565 2741 2616 2764 etp.
2631 2741 2666 2759 m.

2563 2835 2574 2846 ·
2583 2834 2616 2856 1v
2631 2834 2704 2862 Sext„
2722 2835 2776 2858 dist.

2562 2866 2775 2917 saraias...

2654 2930 2663 2940 ,
2671 2920 2723 2943 etp.
2729 2921 2777 2940 m,

2563 2946 2628 2995 ὃῖξῖἒῖ
2641 2946 2704 2995 Ξέᾱᾱ.
2714 2940 2778 2964 ¹¹³²*

2563 3060 2572 3070 ·
2587 3059 2630 3086 lb„
2645 3065 2696 3088 cap.
2710 3065 2741 3083 ιι.

2562 3232 2572 3243 ·
2589 3231 2636 3260 Qu.
2651 3237 2668 3260 ι,
2682 3236 2724 3256 m.
2741 3239 2760 3255 ι.
