2918 4088
209 281 219 291 ·
235 280 282 307 Qu.
296 285 364 306 LxxV‚
379 282 420 300 art.

209 312 229 332 2,
244 314 267 332 4.

210 962 220 971 ·
235 960 284 981 Art.
304 960 423 987 praeced*

210 992 337 1041 21133ιῖ1110,
349 989 390 1007 nrt.
401 987 422 1012 6,

211 1177 220 1187 ⁸
229 1176 275 1202 Qu.
282 1181 349 1201 cxxv,
356 1178 422 1197 art.2.

211 1629 221 1639 '¹
244 1626 279 1649 Cf.
301 1627 359 1648 Petr.
378 1627 425 1648 ’13-

212 1657 305 1680 1311133,
313 1653 424 1681 IVSent.J

212 1681 323 1729 <aii-{pasin
338 1686 376 1708 qu.
389 1686 424 1707 111,

213 2122 223 2132 '¹
244 2121 294 2143 Art.
312 2128 331 2147 ι,
353 2120 425 2142 Com-

214 2151 284 2170 ment.

215 2295 223 2303 ·
239 2292 274 2314 cf.
288 2298 352 2315 num.
363 2299 412 2320 seq.

215 2382 224 2391 ·
240 2380 271 2401 iv
286 2379 359 2407 Sem„
373 2380 426 2402 dist.

215 2423 273 2455 cotie
284 2411 426 2458 &sssf-¹¹²²:
453 2430 561 2465 pterea
588 2431 671 2464 opus
694 2432 835 2461 novum,
865 2423 955 2464 quod
977 2424 1098 2455 scilicet
1125 2433 1194 2454 non
1217 2423 1312 2454 fuerit
1334 2422 1455 2453 factum
1485 2423 1519 2453 in

214 2466 279 2481 num.
294 2465 328 2481 111.

450 200 525 224 200

449 279 559 304 versa
588 274 643 304 est
679 266 720 303 in
751 277 892 315 corpus
927 273 963 303 et
999 265 1247 313 sanguinem,
1286 271 1328 300 ut
1360 274 1476 321 supra
1494 261 1513 282 '¹‘

450 320 626 357 habitum
655 327 723 379 est,
751 330 831 356 non
850 326 975 368 potest
996 318 1206 355 substantia
1225 316 1335 366 panis
1354 317 1416 353 vel
1434 314 1513 351 vini

450 373 572 410 redire
592 378 604 394 ⁸
633 372 706 409 nisi
733 381 896 421 corpore
916 379 982 409 aut
1001 371 1186 419 sanguine
1207 369 1346 407 Christi
1375 369 1514 405 iterum

450 437 642 463 converso
667 425 707 462 in
735 424 987 462 substantiam
1015 424 1125 474 panis
1151 431 1187 460 et
1206 422 1298 469 vini,
1328 421 1436 471 quod
1460 428 1515 457 est

449 478 706 528 impossibile:
737 478 844 525 sicut,
875 478 905 514 si
934 488 999 515 aer
1020 478 1066 514 sit
1084 484 1294 513 conversus
1315 475 1353 511 in
1373 474 1513 523 ignem,

449 542 531 568 non
558 539 682 581 potest
710 543 775 569 aer
802 531 924 568 redire
960 530 1031 567 nisi
1060 530 1198 566 iterum
1226 527 1321 577 ignis
1354 538 1514 564 conver-

449 593 549 622 tatur
576 584 615 621 in
644 597 784 622 aerem.
816 584 855 622 Si
874 595 968 620 vero
989 582 1197 620 substantia
1217 581 1327 631 panis
1351 587 1416 617 aut
1434 579 1514 616 vini

450 637 495 674 sit
530 637 756 684 annihilata,
795 650 875 675 non
909 644 1034 685 potest
1067 636 1206 672 iterum
1242 633 1384 680 redire,
1423 632 1514 682 quia

450 691 586 750 quod'
577 703 616 727 in
641 690 805 727 nihilum
826 689 976 737 decidit,
992 701 1072 726 non
1092 687 1187 728 redit
1206 687 1310 725 idem
1329 698 1512 723 numero:

450 743 522 780 nisi
549 744 644 780 forte
663 743 811 780 dicatur
830 742 953 780 redire
972 742 1165 791 praedicta
1183 739 1404 786 substantia,
1424 738 1516 788 quia

450 797 558 833 Deus
593 797 640 833 de
668 808 774 833 novo
808 803 909 833 creat
936 794 1113 832 novamt
1142 793 1394 831 substantiam
1429 794 1515 829 loco

450 849 609 899 primae.
640 871 664 875 —
694 849 875 886 Secundo
898 849 1051 886 videtur
1069 849 1145 884 1100
1164 859 1246 884 0330
1266 845 1514 906 impossibile,

451 902 542 952 quia
560 914 641 939 non
656 910 711 939 est
730 902 821 939 dare
841 902 998 961 quando
1019 900 1226 938 substantia
1244 900 1354 949 panis
1374 899 1513 936 redeat.
1521 913 1524 914 ⁷

450 954 699 992 Manifestum
734 962 789 991 est
826 954 928 991 enim
969 966 1015 990 ex
1050 965 1166 1012 supra
1189 953 1209 974 *
1243 951 1351 989 dictis
1385 951 1514 1001 quod,

450 1008 696 1045 manentibus
725 1007 924 1056 speciebus
945 1013 962 1034 η
990 1006 1100 1055 panis
1120 1013 1156 1042 et
1174 1005 1265 1052 vini,
1286 1012 1416 1042 manet
1435 1016 1515 1041 cor-

451 1073 525 1109 pus
553 1068 589 1096 et
617 1060 770 1108 sanguis
791 1059 942 1106 Christi,
964 1071 1063 1108 quae
1083 1070 1164 1095 non
1183 1065 1272 1094 sunt
1291 1057 1406 1094 simul
1424 1069 1516 1093 cum

451 1113 661 1149 substantia
689 1112 799 1161 panis
827 1120 863 1148 et
891 1111 970 1148 vini
999 1111 1039 1147 in
1067 1112 1142 1147 hoc
1171 1117 1429 1155 sacramento,
1459 1121 1516 1145 se-

451 1166 625 1202 cundum
653 1164 875 1214 praehabita
893 1164 923 1201 ³³⁸.
963 1164 1075 1201 Unde
1105 1162 1314 1199 substantia
1341 1161 1452 1211 panis
1480 1169 1516 1198 et

449 1218 529 1255 vini
558 1230 638 1255 non
659 1225 783 1267 potest
803 1217 936 1264 redire,
958 1216 1159 1276 speciebus
1178 1214 1516 1252 sacramentalibus

450 1271 706 1308 manentibus.
738 1270 918 1308 Similiter
945 1270 1060 1307 etiam
1087 1281 1159 1306 nec
1188 1268 1241 1306 eis
1260 1267 1513 1305 cessantibus:

450 1324 542 1374 quia
569 1324 647 1362 iam
675 1323 886 1361 substantia
903 1323 1014 1373 panis
1033 1330 1070 1360 et
1087 1321 1167 1359 vini
1196 1329 1293 1359 esset
1320 1321 1401 1358 sine
1429 1333 1514 1370 pro-

449 1377 540 1427 priis
569 1377 848 1424 accidentibus,
879 1376 986 1436 quod
1015 1384 1070 1413 est
1098 1371 1346 1425 impossibile.
1376 1397 1401 1401 -
1430 1373 1515 1411 Nisi

449 1431 545 1468 forte
573 1430 721 1468 dicatur
749 1406 855 1479 quod
884 1429 924 1467 in
952 1429 1036 1479 ipso
1056 1428 1194 1466 ultimo
1213 1427 1366 1465 instanti
1385 1439 1516 1464 corru-

449 1483 590 1533 ptionis
618 1483 834 1533 specierum
863 1483 976 1528 redit,
1011 1495 1091 1519 non
1118 1481 1278 1531 quidem
1307 1480 1516 1518 substantia

449 1537 560 1586 panis
589 1544 624 1574 et
651 1536 743 1582 vini,
774 1536 865 1586 quia
893 1536 986 1574 illud
1014 1536 1117 1573 idem
1138 1535 1283 1572 instans
1303 1541 1358 1571 est
1377 1533 1416 1571 in
1435 1545 1515 1583 quo

450 1589 577 1640 primo
606 1590 749 1628 habent
777 1601 858 1627 esse
887 1587 1118 1627 substantiae
1146 1595 1346 1648 generatae
1367 1599 1412 1624 ex
1432 1599 1516 1637 spe—

451 1643 603 1680 ciebus:
634 1644 701 1680 sed
729 1643 887 1681 materia
914 1642 1025 1692 panis
1060 1649 1097 1679 et
1123 1641 1203 1679 vini
1231 1641 1352 1689 magis
1378 1640 1488 1690 quasi
1503 1638 1516 1662 ⁰

451 1697 499 1734 de
519 1708 625 1734 novo
645 1705 770 1734 creata
789 1696 979 1734 diceretur
997 1704 1117 1745 quam
1137 1694 1288 1732 rediens
1306 1694 1336 1741 ³¹⁸,
1361 1693 1516 1744 proprie

505 1827 528 1862 ε)
547 1829 644 1854 redire.
666 1842 685 1847 —
708 1829 804 1859 PEsG;
829 1835 975 1853 remanere.
991 1842 1011 1846 -
1028 1834 1156 1853 converso
1180 1827 1231 1852 Dla
1253 1832 1278 1852 et
1297 1827 1422 1852 editiones
1429 1834 1436 1858 ;
1456 1834 1518 1852 con-

451 1864 535 1890 versis
555 1865 582 1894 F,
602 1868 730 1890 conversa
749 1863 834 1889 ceteri.

504 1899 531 1934 ζ)
550 1907 656 1925 novam.
674 1914 693 1919 —
710 1900 793 1925 aliam
813 1907 908 1925 novam
928 1900 1010 1930 tertia,
1028 1907 1083 1924 om.
1101 1906 1127 1924 a.

504 1936 531 1970 η)
550 1936 692 1968 speciebus.
710 1950 729 1954 -
747 1936 786 1960 Fa
805 1941 830 1960 et
848 1936 921 1960 tertia
927 1943 936 1968 ;
954 1935 1087 1967 speciebus
1105 1935 1213 1960 scilicet.

1107 184 1370 232 QUAESTIO
1399 183 1591 228 LXXVII,
1621 181 1914 219 ARTICULUS
1941 181 1975 218 V

1567 261 1776 310 loquendo.
1797 262 1846 298 Et
1860 260 2076 298 secundum
2091 261 2177 307 hoc,
2193 267 2322 309 posset
2335 258 2510 296 sustineri
2524 270 2629 307 prae-

1568 314 1667 351 dicta
1694 314 1845 363 positio.

1620 368 1788 413 Verum,
1825 366 1916 416 quia
1943 378 2023 403 non
2045 372 2051 388 ¹
2081 364 2352 403 rationabiliter
2377 364 2530 402 videtur
2556 363 2631 401 dici

1568 420 1676 469 quod
1712 419 1941 456 miraculose
1978 418 2123 468 aliquid
2160 417 2295 455 accidit
2331 417 2370 454 in
2403 418 2478 454 hoc
2510 428 2630 454 sacra-

1568 480 1700 510 mento
1729 472 1801 509 nisi
1829 485 1875 509 ex
1894 472 1976 521 ipsa
1995 470 2294 517 consecratione,
2314 482 2360 507 ex
2379 482 2458 519 qua
2475 482 2556 507 non
2576 477 2631 506 est

1569 526 1675 575 quod
1703 525 1862 563 materia
1880 532 2030 562 creetur
2046 525 2109 561 vel
2137 524 2286 569 redeat3
2315 523 2453 560 melius
2479 522 2632 560 videtur

1568 578 1778 616 dicendum
1806 578 1913 638 quod
1937 577 1976 614 in
1995 577 2078 627 ipsa
2096 576 2382 614 consecratione
2402 575 2633 612 miraculose

1569 632 1681 668 datur
1709 631 1906 681 quantitati
1940 629 2176 667 dimensivae
2204 628 2315 679 panis
2344 637 2380 665 et
2407 628 2487 665 vini
2524 627 2632 677 quod

1569 684 1614 722 sit
1635 684 1807 734 primum
1827 683 2044 721 subiectum
2066 681 2387 732 subsequentium
2405 681 2630 718 formarum.

1569 739 1656 775 Hoc
1684 745 1815 775 autem
1843 745 1899 774 est
1926 736 2129 786 proprium
2157 734 2350 772 materiae.
2394 735 2442 771 Et
2469 733 2557 770 ideo
2586 745 2633 770 ex

1569 790 1819 840 consequenti
1848 791 1960 828 datur
1986 789 2202 839 praedictae
2230 787 2430 838 quantitati
2452 784 2633 824 dimensi·

1568 856 1640 882 vae
1661 856 1778 881 omne
1798 844 1837 881 id
1856 843 1964 893 quod
1983 843 2032 880 ad
2051 842 2250 880 materiam
2275 839 2448 900 pertinet.
2478 840 2527 876 Et
2545 838 2633 875 ideo

1569 897 1759 947 quidquid
1800 904 1929 947 posset
1966 895 2137 945 generari
2178 907 2225 932 ex
2261 893 2420 932 materia
2456 891 2567 942 panis
2603 890 2635 928 si

1570 958 1667 988 esset
1685 956 1713 997 κ,
1742 957 1868 987 totum
1895 956 2020 999 potest
2042 947 2214 1008 generari
2233 960 2280 984 ex
2299 945 2493 997 praedicta
2512 955 2634 994 quan-

1569 1003 1671 1046 titate
1693 979 1908 1040 dimensiva
1927 1002 2038 1052 panis
2055 1003 2118 1039 vel
2136 1000 2228 1046 vini,
2249 1012 2330 1038 non
2349 998 2509 1049 quidem
2528 1009 2633 1035 novo

1570 1056 1769 1102 miraculo,
1799 1056 1867 1093 sed
1896 1068 1943 1092 ex
1969 1055 2008 1092 vi
2036 1054 2212 1092 miraculi
2238 1053 2345 1103 prius
2372 1052 2458 1090 facti
2476 1051 2507 1088 *.

1624 1110 1681 1145 An
1702 1120 1838 1146 PRIMUM
1859 1119 1958 1145 ERGO
1986 1119 2168 1145 1110οΝ11011
2196 1106 2316 1156 quod,
2347 1104 2526 1155 quamvis
2554 1097 2635 1141 non

1571 1161 1617 1198 sit
1644 1161 1696 1197 ibi
1725 1160 1884 1198 materia
1912 1173 1959 1197 ex
1986 1173 2065 1209 qua
2092 1159 2236 1208 aliquid
2265 1166 2484 1207 generetur,
2513 1169 2635 1207 quan-

1569 1214 1654 1251 titas
1689 1221 1819 1250 tamen
1853 1213 2068 1250 dimensiva
2104 1213 2256 1262 supplet
2283 1211 2410 1248 vicem
2442 1209 2635 1257 materiae,

1570 1274 1613 1304 ut
1641 1266 1787 1303 dictum
1815 1274 1871 1303 est
1888 1266 1919 1303 ²¹⁶.

1623 1321 1681 1357 An
1707 1331 1898 1357 SECUNDUM
1937 1330 2119 1356 monimum
2151 1318 2260 1367 quod
2292 1317 2376 1354 illae
2406 1315 2552 1365 species
2579 1327 2637 1352 sa-

1570 1374 1819 1410 cramentales
1848 1379 1936 1409 sunt
1964 1371 2123 1421 quidem
2160 1370 2380 1417 accidentia,
2414 1369 2557 1406 habent
2584 1376 2637 1405 ta-

1570 1439 1661 1464 men
1690 1434 1820 1463 actum
1849 1433 1884 1462 et
1911 1425 1994 1462 vim
2021 1423 2267 1470 substantiae,
2296 1431 2338 1461 ut
2366 1422 2512 1460 dictum
2536 1429 2591 1459 est
2604 1420 2624 1443 *

1623 1481 1681 1517 An
1701 1491 1861 1517 TERTmM
1885 1491 2067 1516 DicaNDUM
2087 1477 2195 1527 quod
2213 1476 2403 1527 quantitas
2422 1474 2639 1513 dimensiva

1570 1533 1681 1594 panis
1710 1540 1746 1569 et
1773 1532 1853 1570 vini
1881 1540 1918 1570 et
1940 1531 2075 1569 retinet
2093 1539 2271 1568 naturam
2291 1528 2502 1580 propriam,
2522 1535 2559 1565 et
2576 1539 2640 1570 30-

1571 1586 1660 1636 cipit
1688 1584 1917 1623 miraculose
1945 1585 2027 1622 vim
2047 1593 2083 1622 et
2100 1582 2374 1634 proprietatem
2393 1580 2636 1620 substantiae.

1571 1640 1620 1677 Et
1652 1639 1740 1677 ideo
1775 1646 1899 1689 potest
1932 1638 2091 1676 transire
2128 1637 2169 1675 in
2203 1644 2413 1687 utrumque
2426 1665 2435 1681 ‚
2471 1635 2567 1673 idest
2598 1633 2638 1672 in

1572 1692 1824 1730 substantiam
1852 1700 1889 1730 et
1917 1691 2214 1730 dimensionem.

1624 1824 1650 1860 θ)
1670 1826 1757 1859 magis
1775 1826 1863 1858 quasi.
1878 1839 1898 1845 -
1915 1832 1983 1859 quae
2006 1825 2094 1859 magis
2113 1825 2149 1856 1>;
2166 1825 2218 1850 als’
2235 1825 2283 1850 sed
2306 1825 2421 1851 materia
2441 1825 2523 1858 panis
2541 1824 2639 1858 magis,

1571 1862 1650 1895 quasi
1667 1862 1700 1887 de
1718 1869 1786 1887 novo
1807 1864 1909 1890 creata,
1928 1863 1977 1887 etc.
1998 1869 2088 1893 margo
2107 1861 2135 1886 P.

1626 1897 1645 1930 ι)
1665 1904 1727 1923 non.
1745 1911 1765 1916 -
1783 1897 1825 1922 EF
1844 1902 1870 1922 et
1887 1897 1975 1928 ter-tiu
1994 1901 2054 1922 ante
2070 1897 2171 1922 accidit
2191 1897 2264 1929 ponit
2281 1904 2308 1925 a,
2325 1905 2379 1922 om.
2398 1897 2484 1922 ceteri.

1626 1933 1654 1967 κ)
1672 1933 1696 1958 si
1714 1936 1790 1959 esset.
1807 1946 1827 1952 -
1845 1933 1885 1958 vel
1903 1932 1960 1958 vini
1977 1933 2002 1958 si
2019 1936 2087 1958 esset
2105 1931 2222 1966 (adesset
2239 1932 2271 1967 P)
2291 1933 2338 1958 Pa.

1129 2021 1464 2055 Commentaria.
1487 2021 1740 2055 cardinalis
1762 2021 1963 2055 Caietani

457 2121 504 2187 In
527 2113 662 2145 arficulo
687 2113 812 2154 quinto,
837 2113 871 2143 in
887 2122 953 2153 quo
978 2111 1043 2142 fere
1068 2111 1177 2142 omnia
1200 2112 1324 2152 supra*
1340 2110 1423 2142 dicta
1440 2116 1518 2141 con-

483 2159 635 2194 tinentur,
660 2157 802 2193 adverte,
834 2158 868 2188 in
890 2156 1102 2197 responsione
1125 2155 1164 2186 ad
1187 2157 1334 2192 tertium,
1357 2161 1420 2186 tres
1449 2164 1518 2186 esse

453 2204 624 2244 opiniones
640 2201 680 2233 de
698 2202 799 2233 modo
817 2211 883 2242 quo
899 2202 933 2232 in
949 2201 1078 2231 instanti
1093 2201 1306 2240 generationis
1322 2209 1426 2231 novae
1443 2200 1518 2230 sub-

453 2248 585 2278 stantiae.
609 2257 647 2277 ex
670 2247 838 2287 speciebus
861 2245 1141 2277 sacramentalibus
1164 2244 1201 2275 fit
1215 2245 1362 2276 materia:
1387 2245 1438 2275 vel
1461 2254 1519 2285 per

454 2292 665 2327 creationem;
682 2291 733 2322 vel
748 2300 806 2331 per
821 2291 1072 2331 reparationem;
1092 2290 1143 2321 vel
1159 2299 1216 2330 per
1232 2289 1478 2320 conversionem
1491 2289 1517 2319 *.

453 2336 495 2366 Et
509 2336 603 2366 multi
620 2335 752 2375 quidem
767 2340 878 2365 tenent
891 2334 981 2375 quod
996 2345 1055 2376 per
1070 2335 1265 2365 creationem
1281 2333 1362 2364 redit
1376 2334 1517 2364 materia.

453 2380 494 2410 Et
516 2381 596 2410 ratio
621 2379 748 2410 affertur
771 2389 789 2410 a
804 2379 899 2410 Petro
916 2379 955 2410 de
971 2378 1091 2410 Palude
1107 2380 1134 2415 *‚
1159 2379 1235 2419 quia
1250 2378 1377 2409 nullum
1392 2377 1429 2408 fit
1443 2386 1519 2418 pro-

454 2469 605 2509 operibus
627 2478 682 2499 sex
705 2468 839 2499 dierum.
863 2469 947 2498 Nam
971 2469 1089 2498 creatio
1113 2468 1283 2507 antiquum
1307 2476 1390 2507 opus
1414 2472 1470 2503 est,
1488 2472 1520 2497 et

454 2513 607 2543 continue
631 2513 823 2544 admiscetur
846 2513 879 2543 in
902 2513 1107 2553 generatione
1130 2513 1281 2542 hominis.

508 2557 643 2588 Auctori
666 2562 774 2588 autern
804 2557 882 2587 haec
906 2557 956 2587 via
979 2567 1047 2587 non
1070 2556 1190 2597 placet,
1223 2561 1258 2586 ut
1282 2561 1368 2596 patet
1391 2556 1425 2586 in
1449 2565 1519 2586 cor-

453 2610 534 2642 pore
556 2602 652 2632 huius
677 2601 816 2632 articuli:
849 2601 925 2641 quia
954 2611 991 2631 ex
1015 2601 1083 2641 ipsa
1110 2600 1352 2631 consecratione
1382 2609 1450 2630 non
1474 2605 1520 2630 est

453 2651 489 2676 ut
511 2646 643 2676 materia
666 2651 790 2676 creetur
813 2645 863 2676 vel
887 2651 1057 2676 recreetur.

509 2689 545 2720 11.
570 2689 611 2720 Et
634 2695 804 2730 propterea
834 2695 922 2720 tenet
944 2689 1038 2720 aliam
1061 2690 1163 2726 viam,
1195 2689 1316 2720 scilicet
1342 2688 1432 2729 quod
1462 2698 1520 2729 per

453 2734 589 2764 modurn
613 2734 840 2770 conversionis,
864 2743 921 2764 seu
945 2734 1148 2770 transitionis,
1177 2734 1335 2774 quantitas
1357 2734 1468 2764 transit
1485 2734 1520 2764 in

453 2779 635 2809 materiam:
660 2779 703 2809 ita
722 2778 812 2818 quod
827 2778 943 2808 virtute
958 2779 1053 2818 primi
1068 2778 1214 2809 miraculi
1229 2777 1341 2809 datum
1357 2784 1403 2808 est
1419 2787 1520 2818 quan-

453 2824 534 2853 titati
557 2828 594 2853 ut
616 2823 655 2853 sit
677 2823 894 2853 vice-materia
910 2822 1043 2853 durante
1059 2828 1269 2859 sacramento,
1286 2828 1318 2853 et
1332 2823 1366 2852 in
1381 2822 1519 2853 termino

453 2867 651 2903 sacramenti,
675 2867 739 2897 hoc
763 2872 810 2897 est
832 2867 865 2897 in
881 2867 986 2907 primo
1003 2872 1155 2897 non—esse
1171 2867 1369 2903 sacramenti,
1393 2867 1432 2897 sit
1446 2876 1520 2897 vere

453 2912 600 2948 materia;
637 2910 913 2952 quemadmodum
940 2911 973 2941 in
995 2911 1135 2951 politicis
1166 2912 1315 2952 princeps
1338 2912 1437 2942 unico
1460 2912 1520 2941 irn-

454 2956 544 2995 perio
576 2957 784 2986 constitueret
807 2956 949 2995 aliquem
971 2955 1202 2996 proconsulem
1224 2956 1352 2986 vivente
1376 2956 1520 2992 consule,

453 3000 496 3030 ita
520 3000 610 3039 quod
632 3001 665 3030 in
685 3000 776 3030 obitu
802 3000 943 3030 consulis
966 3001 1006 3030 sit
1029 3000 1153 3030 consul.

509 3044 578 3074 Nec
601 3049 771 3084 propterea
793 3050 887 3084 putes
910 3045 1026 3075 sentire
1041 3045 1219 3075 Auctorem
1243 3043 1333 3085 quod
1352 3054 1449 3085 agens
1464 3054 1520 3074 na-

455 3088 556 3118 turale
579 3087 672 3118 faciat
696 3088 735 3119 de
759 3088 1013 3119 dimensionibus
1036 3089 1211 3119 materiam.
1235 3088 1310 3119 Hoc
1334 3089 1420 3119 enim
1443 3089 1521 3119 stul-

455 3138 525 3162 tum
549 3137 613 3162 est:
639 3133 795 3172 quoniam
818 3142 915 3173 agens
937 3133 1080 3163 naturale
1103 3141 1171 3163 non
1190 3132 1266 3163 facit
1289 3133 1430 3173 primum
1446 3133 1521 3163 sub-

455 3176 576 3205 iectum
599 3185 675 3206 suae
699 3176 842 3213 actionis,
867 3176 922 3207 sed
946 3177 1101 3217 supponit
1123 3176 1212 3208 illud.
1241 3176 1303 3208 Sed
1326 3177 1521 3217 perspicien-

457 3219 535 3249 dum
559 3225 605 3250 est
628 3219 718 3259 quod
741 3229 836 3259 agens
859 3221 1002 3251 naturale
1026 3222 1098 3261 agit’
1111 3222 1145 3251 in
1169 3221 1434 3258 vice-materiam,
1459 3221 1521 3252 dis-

456 3263 610 3303 ponendo
634 3264 731 3299 illam,
757 3269 909 3304 tanquam
933 3265 958 3295 si
975 3271 1056 3295 esset
1071 3266 1212 3302 materia,
1237 3265 1277 3295 ad
1292 3265 1430 3296 formam
1446 3266 1521 3296 sub-

458 3308 589 3337 stantiae
611 3307 826 3347 generandae:
852 3314 883 3338 et
898 3309 962 3339 hoc
980 3318 1084 3349 usque
1107 3309 1147 3339 ad
1166 3310 1286 3340 instans
1308 3310 1522 3349 generationis

458 3351 627 3382 exclusive.
663 3351 697 3381 In
720 3352 849 3381 instanti
881 3357 989 3382 autem
1022 3353 1250 3392 generationis,
1275 3353 1365 3393 quod
1389 3358 1435 3383 est
1458 3353 1521 3393 pri-

457 3405 548 3425 mum
571 3405 724 3425 non-esse
748 3397 945 3432 sacramenti,
970 3396 1145 3432 dimensio,
1170 3397 1296 3426 actione
1320 3396 1436 3433 divina,
1460 3397 1522 3426 vir-

457 3445 526 3470 tute
548 3440 642 3479 primi
666 3439 827 3475 miraculi,
859 3440 968 3469 transit
997 3441 1030 3470 in
1053 3441 1218 3470 materiam
1245 3440 1431 3480 dispositam
1461 3450 1520 3480 pro

459 3483 562 3513 forma
584 3483 637 3513 illa
661 3493 696 3513 30
721 3483 746 3513 31
769 3483 966 3524 praefuisset.
992 3484 1033 3514 Et
1056 3485 1100 3514 sic
1124 3485 1157 3514 in
1181 3483 1296 3514 eodem
1315 3485 1443 3515 instanti
1467 3494 1522 3514 na-

1570 2111 1671 2142 turale
1688 2118 1785 2151 agens
1804 2110 1980 2141 introducit
1994 2111 2028 2141 in
2043 2110 2131 2141 illam
2155 2110 2293 2141 fonnam
2308 2110 2548 2141 substantialem
2564 2116 2640 2142 cnm

1572 2156 1748 2196 quantitate
1778 2155 1874 2186 simili
1900 2155 1999 2195 priori
2028 2154 2214 2186 immediate
2236 2160 2310 2186 ante
2331 2153 2412 2186 illud
2438 2154 2594 2187 existenti.
2616 2172 2641 2178 -

1571 2201 1613 2231 Et
1628 2201 1673 2231 sic
1689 2201 1897 2231 inveniuntur
1913 2209 2091 2230 consonare
2107 2200 2217 2230 omnia
2234 2199 2366 2240 reliquis
2380 2199 2640 2240 generationibus

1571 2245 1778 2276 naturalibus.
1798 2245 1883 2275 Nam
1894 2244 2036 2275 naturale
2049 2253 2145 2284 agens
2160 2243 2344 2285 generando
2361 2249 2393 2275 et
2408 2243 2472 2284 agit
2487 2244 2521 2274 in
2537 2253 2639 2284 quan-

1571 2295 1643 2320 tum
1666 2299 1770 2330 usque
1794 2289 1833 2320 ad
1855 2289 1975 2319 instans
1991 2288 2221 2328 generationis3
2247 2293 2278 2318 et
2300 2288 2334 2318 in
2357 2287 2485 2318 instanti
2508 2297 2640 2329 genera-

1572 2335 1669 2365 tionis
1692 2334 1817 2374 attingit
1839 2332 1959 2364 nudam
1979 2333 2147 2363 essentiam
2162 2332 2322 2368 materiae,
2347 2331 2516 2363 educendo
2532 2331 2573 2363 de
2586 2330 2641 2363 illa

1573 2378 1711 2409 formam
1727 2377 1975 2414 substantialem,
1993 2382 2025 2408 et
2039 2375 2222 2417 generando
2238 2377 2457 2417 compositum
2473 2375 2512 2407 de
2523 2385 2640 2417 genere

1574 2423 1781 2458 substantiae,
1805 2421 2109 2462 corrumpendoque
2131 2422 2352 2461 vice-panem;
2387 2426 2424 2451 ut
2447 2421 2491 2451 sic
2515 2428 2643 2462 semper

1572 2467 1744 2509 generatio
1769 2466 1866 2497 unius
1889 2466 1932 2497 sit
1953 2466 2121 2506 corruptio
2145 2465 2281 2496 alterius
2296 2466 2323 2502 *‚
2340 2470 2372 2496 et
2395 2474 2412 2496 e
2429 2470 2550 2497 contra.

1628 2511 1718 2542 Ultra
1741 2516 1851 2542 autem
1872 2511 2031 2541 rationem
2054 2510 2180 2540 allatam
2196 2510 2235 2540 ab
2251 2510 2405 2546 Auctore,
2429 2510 2461 2540 in
2485 2515 2641 2551 promptu

1575 2562 1621 2587 est
1637 2556 1697 2586 3113
1712 2555 1809 2586 ratio:
1834 2555 1954 2585 scilicet
1970 2555 2046 2595 quia
2065 2554 2151 2585 idem
2167 2553 2262 2589 debet
2278 2563 2346 2584 esse
2360 2554 2484 2594 patiens
2504 2559 2535 2585 et
2551 2553 2641 2595 quod

1573 2595 1704 2641 passum'
1720 2605 1766 2630 est
1781 2600 1815 2630 in
1830 2599 2037 2640 generatione
2053 2598 2266 2635 substantiali;
2291 2607 2367 2629 nam
2383 2597 2494 2629 eadem
2510 2598 2642 2633 materia

1575 2650 1621 2676 est
1645 2653 1727 2685 quae
1751 2643 1932 2684 disponitur
1962 2643 2001 2674 ad
2024 2642 2162 2674 formam
2185 2643 2283 2683 ignis,
2308 2648 2340 2673 et
2363 2652 2445 2683 quae
2469 2643 2581 2684 recipit
2602 2643 2641 2674 il·-

1573 2690 1647 2720 lam.
1683 2687 1746 2720 Sed
1770 2687 1949 2719 secundum
1972 2687 2047 2718 alias
2071 2688 2243 2728 opiniones
2272 2693 2340 2718 11011
2365 2693 2412 2718 est
2433 2686 2520 2718 idem
2551 2686 2642 2728 quod

1574 2734 1692 2774 patitur
1715 2738 1746 2764 et
1762 2732 1852 2773 quod
1867 2741 1995 2773 passum
2014 2738 2076 2763 est:
2100 2741 2176 2763 nam
2191 2732 2309 2772 patitur
2324 2732 2447 2772 species
2462 2741 2641 2763 sacramen-

1574 2778 1660 2814 talis;
1686 2783 1717 2808 et
1739 2786 1870 2818 passum
1893 2776 2011 2807 deforis
2034 2777 2131 2812 venit,
2155 2785 2213 2816 per
2235 2776 2432 2807 crean‘onem
2446 2776 2497 2807 vel
2516 2782 2641 2817 repara-

1574 2823 1707 2853 tionem.
1733 2821 1920 2852 Secundum
1943 2821 2026 2851 hanc
2049 2826 2156 2851 autem
2179 2820 2274 2857 viam,
2299 2820 2385 2851 idem
2402 2825 2450 2851 est
2470 2820 2594 2861 patiens
2609 2825 2642 2851 et

1576 2866 1666 2907 quod
1688 2875 1818 2907 passum
1842 2870 1905 2896 est:
1934 2874 2010 2896 nam
2032 2866 2156 2906 patiens
2179 2868 2226 2896 est
2249 2863 2407 2896 dimensio
2430 2869 2467 2895 ut
2487 2864 2642 2896 vice-ma-

1575 2912 1669 2947 teria;
1694 2916 1725 2942 et
1749 2909 1839 2951 quod
1862 2914 1992 2950 passum‘
2016 2915 2063 2940 est
2086 2915 2133 2941 est
2154 2909 2291 2950 ipsamet
2311 2908 2469 2940 dimensio
2488 2909 2552 2939 iam
2566 2915 2641 2940 vera

1575 2956 1716 2986 materia.

1631 3000 1683 3031 111.
1707 2999 1759 3031 Ad
1782 3000 1940 3030 rationem
1963 3004 2072 3030 autem
2101 3008 2161 3039 pro
2185 2998 2281 3028 altera
2304 2997 2460 3038 opinione
2476 2998 2509 3034 *‚
2533 2997 2679 3029 dicem·

1577 3044 1655 3075 dum
1683 3050 1730 3075 est
1753 3044 1843 3095 quod
1875 3043 2054 3075 secundum
2083 3044 2176 3074 istam
2206 3043 2289 3072 viam
2311 3042 2419 3072 minus
2447 3042 2579 3082 ponitur
2601 3041 2642 3074 de

1575 3089 1734 3120 novitate:
1765 3089 1866 3119 immo
1894 3088 2027 3129 ponitur
2052 3097 2102 3118 res
2128 3086 2288 3117 simillima
2313 3085 2469 3116 miraculo
2497 3086 2642 3118 transub-

1575 3133 1796 3164 stantiationis.
1820 3132 1986 3171 Quoniam
2009 3131 2157 3162 transitus
2181 3130 2389 3162 dimensionis
2405 3130 2489 3160 vice·
2477 3128 2642 3163 -materiae

1575 3179 1610 3208 in
1632 3187 1740 3208 veram
1763 3177 1928 3207 materiam
1951 3175 2120 3206 facillimus
2144 3180 2200 3211 est,
2225 3178 2339 3215 utpote
2363 3174 2402 3205 de
2420 3183 2487 3205 uno
2503 3180 2642 3216 propor-

1575 3221 1687 3252 tionali
1709 3222 1743 3252 in
1767 3220 1869 3252 aliud:
1894 3225 1935 3256 et,
1959 3225 1997 3250 ut
2019 3219 2140 3250 dictum
2164 3224 2220 3255 est,
2244 3227 2312 3250 non
2329 3224 2376 3249 est
2399 3225 2482 3259 opus
2506 3226 2641 3257 novum,

1575 3266 1743 3306 supposita
1765 3264 2098 3296 transubstantiatione
2120 3263 2211 3303 panis
2234 3263 2268 3294 in
2292 3272 2410 3303 corpus
2433 3263 2562 3294 Christi.

1631 3309 1793 3340 Praevalet
1823 3314 1931 3339 autem
1956 3313 2064 3338 nostra
2086 3308 2166 3338 haec
2189 3308 2301 3348 opinio
2333 3317 2371 3338 ex
2394 3307 2456 3338 alio
2481 3309 2585 3348 capite
2606 3308 2642 3340 in

1575 3354 1678 3384 littera
1700 3353 1812 3384 allato:
1837 3353 1913 3392 quia
1935 3351 2055 3382 scilicet
2077 3351 2157 3382 nihil
2173 3352 2305 3391 ponitur
2329 3351 2419 3392 quod
2443 3361 2480 3382 ex
2496 3353 2527 3382 vi
2545 3353 2642 3392 primi

1575 3397 1719 3427 miraculi
1743 3406 1811 3427 non
1834 3396 1898 3426 fiat.
1922 3396 1963 3426 Et
1977 3396 2040 3426 hoc
2055 3396 2260 3436 potissimum
2276 3401 2341 3426 erat
2361 3395 2642 3428 considerandum.

1631 3441 1683 3471 IV.
1707 3441 1776 3471 Nec
1799 3440 1914 3470 fallaris
1932 3441 1966 3470 in
1981 3439 2173 3470 refutatione
2189 3440 2322 3470 aliarum
2339 3441 2545 3481 opinionum,
2562 3440 2641 3472 dum

1575 3485 1608 3515 in
1633 3494 1768 3525 corpore
1791 3484 1887 3515 huius
1911 3484 2034 3514 articuli
2056 3484 2135 3525 legis
2158 3484 2259 3515 multa
2282 3490 2398 3515 asserta
2419 3485 2640 3526 impossibilia,

2662 1051 2672 1061 ·
2686 1049 2716 1072 D.
2729 1055 2762 1077 ²3·

2663 1268 2714 1290 'ln
2729 1274 2837 1297 corpore.

2664 1421 2758 1450 qma..
2768 1425 2790 1444 ει
2803 1425 2846 1445 m.
2856 1429 2879 1452 ³—

2666 2468 2883 2500 ἈῆιῑοιΡΙιγείε.

2666 2495 2915 2550 r.qaa

2668 2553 2738 2598 ¹02¹..
2740 2548 2880 2603 aar...
2858 2551 2886 2572 ‘³

2667 2607 2703 2628 ιιι,
2720 2607 2744 2624 n.
2757 2607 2779 2630 7.

2667 2617 2720 2651 1051.
2726 2633 2772 2655 vn·
2763 2617 2883 2684 debari:

2666 2688 2776 2762 angina-³1„
2797 2708 2838 2731 lib.
2852 2698 2884 2738 11',

2693 2999 2764 3023 Num.
2778 3006 2794 3023 1.
