2878 4088
152 1092 160 1100 ·
169 1089 243 1110 Ethic.
254 1090 292 1110 lib.
300 1090 360 1137 vm.

151 1122 201 1143 cap.
209 1123 237 1138 xi.
246 1123 268 1137 ιι.
276 1122 299 1148 ²3
309 1122 335 1137 ca

151 1143 360 1195 1¹32}.”‘.÷;,·‚3.·1.¹

148 1672 157 1680 ·
173 1670 208 1701 Cf.
224 1676 262 1697 qu.
278 1676 299 1696 ι,
314 1674 356 1691 art.

150 1703 211 1718 umc.

148 1802 213 1825 ‘.Cf
236 1810 256 1824 s.
278 1803 349 1825 Ram

147 1829 234 1851 Summ.
256 1831 295 1853 lib.
310 1810 359 1857 ἦν,

148 1856 182 1877 ιιι.
200 1863 254 1882 νιιι
270 1857 299 1878 de
313 1857 357 1878 Co-

144 1885 212 1910 gna!
220 1883 269 1910 Leg
271 1884 302 1905 al.
303 1885 358 1910 ,3¹

148 1911 170 1931 n.
200 1890 290 1932 Aibert.
303 1900 358 1931 nl

146 1936 219 1963 8εη1.,
233 1936 285 1958 dist.
302 1943 359 1963 ιιιι,

146 1966 238 2011 arigisi3
239 1996 295 2015 ιιι-ιι,
306 1996 356 2018 cap.

149 2015 218 2043 Quod
232 2019 317 2039 autem.

148 2068 232 2089 '.Doct
249 2069 357 2096 Perplex.

148 2094 186 2115 lib.
194 2095 225 2116 ΙΙΙ
228 2101 289 2123 ,.σιιρ
297 2102 356 2117 xux.

147 2293 273 2341 AtPOigtion
274 2293 357 2347 wine&

147 2353 201 2395 ‘am
223 2347 283 2373 xm,
294 2353 318 2373 ιι,
328 2336 358 2368 de

216 2363 343 2400 Nupt.‚14.

148 2390 357 2454 decffogisiithffi-

146 2453 214 2484 3ᾳ1.,’
242 2460 292 2475 can.
320 2453 357 2474 Ita

148 2480 192 2501 dili
209 2486 263 2506 ere
295 2486 358 2501 caus.

148 2506 190 2527 XX
215 2513 275 2534 ,qm
290 2513 323 2528 ιιι.

149 2693 159 2703 '
174 2692 209 2714 Cf.
225 2699 288 2720 corp.
304 2696 346 2715 art.

153 3044 162 3053 ·
178 3042 224 3069 Qu.
233 3049 277 3070 ινι,
286 3048 327 3065 art.
337 3051 361 3071 4.

154 3345 235 3367 '¹.Cnn
250 3345 295 3367 Per
305 3346 362 3367 ndo-

170 3372 270 3420 “imm
301 3379 363 3394 caus
390 3353 440 3382 vel
464 3354 752 3393 emancipationem
776 3353 927 3394 adoptati,
951 3361 1058 3395 potest
1081 3357 1268 3386 contrahere
1285 3366 1360 3387 curn
1377 3358 1442 3387 ea*
1444 3366 1494 3388 ‚7⁰

274 3405 297 3420 u.
326 3405 364 3424 ιιι;

178 3389 317 3452 xiioini,
334 3432 364 3449 ιι

215 3451 303 3480 'ptuNu
304 3454 320 3474 Ι.
321 3460 340 3479 ,ι

155 3477 229 3499 lnnit
252 3478 277 3505 1,
292 3485 321 3504 x,
353 3485 366 3500 e

155 3503 233 3532 Nupt.
249 3510 268 3526 α.

155 3555 227 3582 'Q.u
238 3559 364 3584 Lv1,·rt.3

156 3581 185 3603 ad
199 3588 219 3611 3.

403 206 472 241 116

522 328 620 359 ART.
645 329 682 359 ΙΙ.
706 340 811 360 urium
834 341 873 361 ax
896 341 1075 363 ADOPTIONE
1100 343 1328 363 conraAnArua

553 383 692 404 Anauon
715 384 873 405 vmcumm
897 386 1059 407 menorans
1083 387 1302 408 MATRIMONIUM

458 476 477 495 ι)
494 476 656 496 SECUNDUM
672 476 717 497 sic
733 477 937 499 moenum-ua.
959 469 1092 500 Videtur
1116 469 1205 510 quod
1227 479 1264 499 ex
1286 469 1460 509 adoptione

397 481 524 541 Arion
555 511 758 542 contrahatur
791 512 922 553 aliquod
950 514 1116 544 vinculum
1147 513 1325 553 impediens
1352 514 1459 544 matri-

391 555 549 585 monium.
575 555 660 593 Quia
684 565 759 586 cura
782 557 951 597 spiritualis
968 564 1014 588 est
1030 558 1156 597 dignior
1180 567 1277 598 quam
1298 567 1373 588 cura
1389 567 1459 588 cor-

391 600 519 639 poralis.
544 599 607 630 Sed
626 609 664 630 ex
679 601 743 631 hoc
767 601 856 641 quod
880 602 994 642 aliquis
1019 612 1112 632 curae
1136 602 1270 633 alicuius
1294 603 1460 632 subiicitur

391 644 603 684 spiritualiter,
631 654 699 674 non
727 646 885 676 contrahit
911 646 1043 687 aliquod
1074 647 1321 687 propinquitatis
1347 647 1459 677 vincu-

391 688 475 718 lum:
501 689 575 719 alias
606 698 719 719 omnes
750 691 806 729 qui
835 691 978 721 habitant
1004 691 1037 720 in
1064 692 1225 731 parochia,
1254 697 1358 721 essent
1384 701 1459 731 pro-
1475 701 1483 714 ¹

390 733 504 773 pinqui
521 733 702 768 sacerdotis,
721 740 752 764 et
768 744 843 764 cum
860 734 926 765 filio
944 737 1011 765 eius
1028 745 1095 765 non
1111 741 1243 776 possent
1260 736 1457 766 contrahere.

390 777 475 818 Ergo
499 787 559 807 nec
583 778 726 818 adoptio,
752 788 834 818 quae
858 780 951 809 trahit
978 779 1167 819 adoptatum
1190 781 1224 810 in
1249 790 1358 810 curam
1382 780 1459 810 ado-

390 822 516 861 ptantiS,
541 823 604 852 hoc
628 822 731 852 facere
755 829 871 862 potest.

446 876 474 896 2.
501 866 695 902 PRAETEREA,
713 877 750 897 ex
767 867 830 897 hoc
854 868 943 907 quod
968 868 1081 908 aliquis
1105 869 1201 899 alicui
1224 868 1260 899 fit
1283 868 1457 904 beneficus,

389 920 456 940 non
474 911 669 940 contrahitur
686 911 818 951 aliquod
836 913 1084 952 propinquitatis
1100 913 1277 943 vinculum.
1302 913 1364 943 Sed
1380 913 1459 943 nihil
1475 921 1482 934 ¹

390 954 475 985 aliud
500 961 546 984 est
569 955 700 995 adoptio
725 965 823 994 quam
847 957 976 986 collatio
1001 957 1168 987 cuiusdam
1192 957 1348 987 beneficii.
1372 958 1457 997 Ergo

390 1008 427 1029 ex
450 999 624 1038 adoptione
648 1009 715 1029 non
739 999 774 1029 fit
797 1000 929 1039 aliquod
953 1002 1201 1041 propinquitatis
1224 1002 1400 1032 vinculum.

445 1043 473 1073 3.
499 1044 694 1078 PRAETEREA,
712 1050 800 1082 pater
822 1045 973 1074 naturalis
997 1046 1212 1085 principaliter
1228 1045 1295 1075 filio
1312 1045 1458 1085 providet

387 1087 419 1116 in
436 1088 545 1123 tribus,
563 1093 598 1116 ut
614 1088 830 1127 Philosophus
847 1087 923 1118 dicit
935 1089 969 1105 ⁴*
994 1090 1069 1128 quia
1085 1090 1204 1119 scilicet
1220 1090 1346 1129 abipso
1361 1090 1458 1119 habet

388 1141 463 1166 esse,
487 1132 715 1161 nutrimentum
740 1137 770 1162 et
792 1131 1004 1172 disciplinam.
1041 1133 1232 1163 Hereditatis
1256 1139 1363 1163 autem
1387 1143 1459 1163 suc·
1474 1144 1484 1157 ²

388 1177 488 1206 cessio
506 1181 551 1205 est
571 1177 728 1215 posterius
746 1175 785 1206 ad
801 1176 868 1206 ista.
893 1176 955 1207 Sed
971 1186 1028 1216 per
1049 1178 1112 1207 hoc
1128 1177 1218 1217 quod
1234 1177 1347 1217 aliquis
1363 1177 1458 1207 alicui

388 1220 533 1259 providet
556 1221 589 1250 in
611 1220 808 1250 nutrimento
834 1225 865 1250 et
887 1221 1067 1261 disciplina,
1091 1232 1158 1252 non
1183 1223 1379 1252 contrahitur
1402 1221 1457 1251 ali—

388 1264 476 1304 quod
492 1265 738 1304 propinquitatis
755 1265 934 1295 vinculum:
953 1265 1027 1296 alias
1041 1267 1215 1296 nutrientes
1233 1271 1263 1296 et
1279 1266 1457 1306 paedagogi

387 1315 418 1339 et
441 1309 580 1349 magistri
604 1315 709 1339 essent
732 1310 921 1349 propinqui,
946 1309 1036 1350 quod
1060 1310 1175 1341 falsum
1199 1316 1255 1341 est.
1284 1311 1370 1351 Ergo
1394 1319 1455 1341 nec

386 1363 443 1394 per
466 1353 689 1394 adoptionem,
714 1363 771 1393 per
795 1363 893 1393 quam
922 1355 1036 1394 aliquis
1059 1355 1202 1386 succedit
1225 1356 1259 1385 in
1282 1355 1456 1386 hereditate
1471 1364 1482 1377 ²

386 1398 523 1434 alterius,
548 1399 744 1428 contrahitur
767 1399 873 1438 aliqua
896 1400 1129 1439 propinquitas.

441 1451 472 1481 4.
496 1443 692 1479 ΡιιΑιιι-ιῑιιιιᾼ,
717 1449 912 1473 sacramenta
936 1444 1098 1475 Ecclesiae
1115 1454 1183 1474 non
1199 1444 1380 1474 subduntur
1394 1444 1455 1474 hu-

386 1487 487 1517 manis
511 1487 643 1527 legibus.
669 1487 731 1518 Sed
754 1489 996 1518 matrimonium
1020 1494 1067 1519 est
1091 1495 1325 1519 sacramentum
1344 1488 1456 1519 Eccle-

386 1532 460 1561 siae.
479 1531 564 1562 Cum
588 1541 663 1571 ergo
689 1532 820 1572 adoptio
845 1534 884 1562 sit
907 1532 1036 1563 inducta
1060 1543 1117 1574 per
1140 1534 1245 1574 legem
1268 1534 1454 1569 humanam,

387 1576 511 1606 videtur
535 1576 624 1616 quod
648 1586 715 1606 non
739 1577 839 1616 possit
867 1577 1022 1617 impedire
1050 1579 1292 1609 matrimonium
1323 1578 1456 1618 aliquod
1483 1591 1496 1604 0

386 1621 552 1651 vinculum
576 1631 613 1651 ex
637 1621 812 1661 adoptione
837 1627 1047 1652 contractum.

441 1665 502 1696 San
527 1675 660 1701 CONTRA,
678 1667 828 1706 cognatio
852 1667 1096 1697 matrimonium
1119 1666 1254 1707 impedit
1270 1668 1296 1697 *.
1323 1666 1386 1698 Sed
1414 1677 1452 1697 ex

386 1709 561 1750 adoptione
585 1710 743 1750 quaedam
768 1712 917 1751 cognatio
942 1717 1105 1747 causatur,
1130 1712 1250 1742 scilicet
1273 1712 1395 1751 legalis,
1419 1717 1455 1742 ut

386 1760 472 1795 patet
502 1764 558 1795 per
588 1755 656 1784 eius
688 1754 929 1786 definitionem:
964 1762 1011 1787 est
1043 1757 1130 1786 enim
1162 1756 1270 1796 legalis
1303 1757 1454 1796 cognatio

385 1799 542 1840 quaedam
554 1799 750 1839 proximitas
764 1801 960 1840 proveniens
977 1811 1018 1831 ex
1034 1800 1208 1841 adoptione
1223 1802 1249 1831 ’ἢ
1274 1801 1360 1841 Ergo
1378 1801 1455 1831 ado-

386 1845 453 1884 ptio
484 1849 591 1874 causat
614 1844 781 1875 vinculum
805 1855 862 1885 per
885 1845 974 1885 quod
998 1846 1241 1876 matrimonium
1271 1845 1453 1885 impeditur.

442 1898 471 1918 2.
496 1889 698 1925 PRAETEREA,
723 1890 786 1919 hoc
817 1889 903 1920 idem
933 1891 1067 1920 habetur
1091 1900 1129 1920 ex
1152 1890 1392 1921 auctoritatibus
1420 1890 1454 1920 in

386 1933 487 1963 littera
503 1933 519 1949 ἃ
543 1933 665 1972 positis.

439 1978 627 2007 Rnsponmzo
660 1987 819 2008 memnon
847 1978 936 2018 quod
966 1979 1015 2009 lex
1047 1979 1154 2009 divina
1183 1979 1251 2008 illas
1282 1979 1454 2018 praecipue

384 2031 536 2061 personas
556 2031 574 2051 a
592 2022 797 2052 matrimonio
822 2023 955 2053 exclusit
979 2033 1058 2063 quas
1081 2033 1212 2053 necesse
1235 2028 1300 2053 erat
1324 2023 1454 2053 cohabi-

384 2072 466 2096 tare:
495 2076 553 2102 ne,
579 2072 614 2096 ut
637 2066 739 2096 Rabbi
764 2067 893 2107 Moyses
917 2067 993 2097 dicit
1009 2069 1042 2104 ᾗ
1067 2068 1092 2097 si
1117 2067 1156 2097 ad
1180 2077 1232 2097 eas
1255 2067 1364 2097 liceret
1388 2077 1454 2098 car-

384 2110 462 2140 nalis
479 2110 607 2151 copula,
624 2110 723 2140 facilis
742 2117 864 2151 pateret
883 2112 1163 2152 concupiscentiae
1179 2112 1281 2147 locus,
1299 2110 1338 2141 ad
1355 2121 1454 2151 quam

383 2155 618 2195 reprimendam
642 2156 884 2186 matrimonium
909 2162 955 2186 est
978 2156 1172 2186 ordinatum.
1206 2156 1247 2186 Et
1271 2157 1346 2196 quia
1369 2155 1453 2186 filius

383 2200 552 2240 adoptatus
577 2206 783 2230 conversatur
806 2201 838 2230 in
863 2200 962 2230 domo
987 2202 1082 2241 patris
1107 2200 1287 2240 adoptantis
1311 2202 1393 2231 sicut
1416 2199 1453 2231 fi-

383 2245 443 2275 lius
467 2244 636 2280 naturalis,
661 2244 734 2275 ideo
759 2245 882 2285 legibus
905 2246 1054 2275 humanis
1079 2245 1278 2285 prohibitum
1302 2250 1349 2275 est
1372 2246 1454 2275 inter

383 2290 460 2319 tales
484 2290 725 2320 matrimonium
749 2290 894 2320 contrahi
910 2291 936 2319 θ.
966 2290 1007 2320 Et
1029 2290 1099 2320 talis
1128 2290 1303 2330 prohibitio
1328 2295 1374 2320 est
1397 2299 1454 2330 per

384 2333 560 2364 Ecclesiam
585 2335 760 2374 approbata
776 2335 809 2364 ἐ
842 2339 873 2364 et
896 2333 971 2365 inde
994 2335 1129 2365 habetur
1153 2334 1243 2375 quod
1265 2334 1374 2374 legalis
1398 2343 1453 2365 co-

383 2379 491 2419 gnatio
516 2380 757 2410 matrimonium
781 2378 943 2419 impediat.

439 2423 479 2453 Et
494 2433 551 2463 per
566 2424 629 2454 hoc
645 2429 733 2464 patet
756 2423 875 2454 solutio
893 2423 932 2454 ad
948 2424 1050 2463 prima
1074 2424 1150 2453 tria:
1176 2424 1251 2463 quia
1270 2433 1328 2463 per
1343 2424 1454 2454 omnia

383 2467 436 2497 illa
458 2477 526 2498 non
549 2468 712 2499 inducitur
734 2468 804 2498 talis
828 2468 1022 2499 cohabitatio
1047 2477 1129 2508 quae
1151 2469 1252 2508 possit
1271 2467 1453 2499 fomentum

385 2513 664 2552 concupiscentiae
694 2518 861 2553 praestare.
893 2513 934 2543 Et
963 2512 1037 2543 ideo
1066 2522 1103 2543 ex
1132 2513 1176 2543 eis
1206 2522 1274 2543 non
1307 2518 1454 2543 causatur

385 2558 607 2597 propinquitas
630 2567 713 2598 quae
736 2558 978 2588 matrimonium
1002 2556 1165 2597 impediat.

441 2602 491 2631 An
519 2612 667 2632 QUARTUM
693 2612 852 2632 meatuum
879 2601 968 2642 quod
992 2602 1167 2643 prohibitio
1191 2601 1269 2642 legis
1292 2602 1453 2633 humanae

385 2655 452 2676 non
476 2645 633 2677 sufficeret
656 2646 695 2677 ad
718 2646 986 2687 impedimentum
1014 2647 1211 2677 matrimonii
1232 2647 1294 2676 nisi
1317 2646 1453 2677 interve-

384 2691 465 2720 niret
488 2690 650 2721 Ecclesiae
673 2691 853 2727 auctoritas,
879 2700 962 2731 quae
985 2690 1072 2722 idem
1097 2692 1193 2722 etiam
1217 2690 1376 2721 interdicit
1392 2691 1418 2722 '-

407 2756 506 2787 ART.
531 2757 582 2787 111.
607 2767 711 2787 ornum
734 2767 820 2787 TAtrs
845 2767 1003 2787 cooNArro
1029 2767 1094 2788 non
1119 2767 1348 2787 CONTRAHATUR
1371 2768 1431 2789 msx

485 2811 577 2831 mrim
599 2811 720 2831 PATREM
744 2811 951 2832 AbOPTAN'rEM
975 2812 1013 2832 ar
1037 2812 1142 2832 aarum
1165 2811 1354 2832 AnorrAruu

389 2876 471 2939 An
495 2876 629 2896 raa-snm
652 2877 696 2897 sn:
720 2876 924 2897 PROCEDITUR.
944 2867 1079 2898 Videtur
1101 2867 1191 2908 quod
1211 2868 1281 2898 talis
1302 2868 1452 2908 cognatio

452 2920 518 2941 non
546 2911 750 2941 contrahatur
778 2912 838 2941 nisi
861 2912 943 2942 inter
970 2918 1094 2951 patrem
1125 2912 1334 2952 adoptantem
1362 2918 1393 2943 et
1416 2912 1453 2943 fi·
1466 2919 1494 2939 60

387 2955 466 2985 lium
495 2954 692 2995 adoptatum.
729 2955 866 2986 Maxime
899 2956 985 2986 enim
1015 2956 1174 2987 videretur
1205 2956 1295 2996 quod
1325 2956 1454 2988 deberet

388 3000 531 3029 contrahi
560 3001 640 3030 inter
670 3005 791 3040 patrem
822 3000 1029 3040 adoptantem
1058 3007 1088 3031 et
1111 3007 1246 3031 matrem
1275 3001 1453 3032 naturalem

388 3043 544 3084 adoptati:
569 3045 650 3074 sicut
666 3044 779 3074 accidit
799 3045 832 3074 in
849 3046 1042 3085 cognatione
1066 3046 1219 3086 spirituali
1234 3046 1261 3075 ἦ
1287 3045 1350 3076 Sed
1372 3046 1454 3076 inter

388 3087 463 3118 tales
487 3088 574 3118 nulla
597 3094 643 3119 est
666 3089 815 3128 cognatio
838 3089 956 3129 legalis.
986 3090 1070 3129 Ergo
1095 3099 1155 3120 nec
1178 3091 1260 3120 inter
1283 3090 1359 3120 alias
1382 3100 1454 3131 per-

388 3142 481 3162 sonas
505 3138 627 3172 praeter
650 3133 856 3173 adoptantem
880 3140 911 3163 et
935 3133 1133 3174 adoptatum.

445 3186 473 3206 2.
498 3177 699 3213 PRAm-Enm,
734 3178 882 3217 cognatio
916 3178 1095 3218 impediens
1129 3179 1372 3210 matrimonium
1407 3185 1454 3210 est

389 3226 580 3260 perpetuum
603 3221 879 3261 impedimentum.
904 3222 967 3253 Sed
989 3224 1071 3253 inter
1090 3222 1194 3253 filium
1217 3223 1406 3264 adoptatum
1423 3229 1454 3254 et

389 3263 486 3294 filiam
516 3265 692 3295 naturalem
724 3265 902 3306 adoptantis
930 3277 997 3297 non
1027 3273 1073 3297 est
1095 3273 1288 3308 perpetuum
1318 3267 1454 3308 impedi-

390 3314 553 3339 mentum:
579 3310 670 3349 quia,
694 3310 798 3340 soluta
828 3310 1001 3350 adoptione
1026 3321 1082 3351 per
1105 3317 1243 3342 mortem
1274 3311 1454 3353 adoptantis

392 3396 475 3436 Ergo
507 3406 581 3426 cum
605 3407 641 3427 ea
664 3407 731 3427 non
754 3398 864 3429 habuit
894 3399 1035 3438 aliquam
1066 3402 1339 3440 propinquitatem
1370 3410 1453 3442 quae

392 3441 631 3471 matrimonium
654 3441 831 3481 impediret.

449 3484 477 3514 3.
501 3484 695 3520 Pius-raam,
716 3487 865 3524 cognatio
889 3487 1057 3525 spiritualis
1080 3488 1113 3517 in
1137 3488 1259 3518 nullam
1282 3498 1453 3528 personam

393 3529 501 3558 transit
532 3537 614 3578 quae
641 3538 707 3558 non
735 3530 835 3568 possit
859 3529 898 3559 ad
922 3530 1052 3570 aliquod
1082 3538 1315 3563 sacramentum
1345 3539 1452 3564 tenere

1483 479 1491 498 5

1470 1812 1492 1832 35

1468 2033 1495 2053 ⁴⁰

1468 2258 1491 2278 ⁴5

1468 2478 1494 2499 5⁰

1468 2699 1491 2720 55

1466 3140 1491 3166 65

637 207 900 253 QUAESTIO
930 210 1041 256 LVII,
1062 211 1356 249 ARTICULUS
1385 213 1425 257 II,
1448 213 1492 248 III
1512 234 1537 238 -
1559 213 1823 259 QUAESTIO
1853 214 1980 259 LVIII,
2009 215 2302 252 ARTICULUS
2332 217 2345 252 I

1516 291 1631 320 mulier
1661 300 1728 321 non
1759 297 1865 331 potest
1895 291 2067 331 adoptare,
2091 297 2128 322 ut
2155 302 2193 322 ex
2221 292 2312 322 dictis
2328 293 2346 309 ⁴*
2367 298 2464 333 patet.
2499 293 2585 333 Ergo

1517 335 1666 374 cognatio
1690 335 1798 375 legalis
1822 345 1888 365 non
1912 336 2022 366 transit
2045 346 2063 366 a
2086 337 2155 366 viro
2179 337 2212 366 in
2235 346 2380 367 uxorem.

1571 388 1602 417 4.
1634 379 1836 415 PRAaraRaA,
1870 380 2020 420 cognatio
2058 381 2228 420 spiritualis
2259 386 2306 411 est
2337 380 2450 411 fortior
2487 390 2585 421 quam

1515 423 1633 462 legalis.
1664 423 1727 453 Sed
1750 424 1919 463 spiritualis
1942 434 2010 454 non
2033 425 2144 454 transit
2166 425 2199 455 in
2223 430 2387 465 nepotem.
2414 425 2500 465 Ergo
2524 434 2585 456 nec

1515 467 1633 506 legalis.

1571 511 1632 541 Sao
1658 521 1791 547 CONTRA,
1809 512 1880 552 plus
1898 512 2073 543 concordat
2097 513 2246 553 cognatio
2265 513 2374 553 legalis
2391 523 2466 544 cum
2483 514 2585 544 carnis

1515 556 1746 586 coniunctione
1770 557 1819 586 vel
1842 558 2074 596 propagatione
2099 567 2198 597 quam
2221 557 2401 597 spiritualis.
2435 557 2498 588 Sed
2521 559 2584 598 spi-

1514 600 1634 630 ritualis
1658 601 1767 630 transit
1790 601 1823 630 in
1847 600 1978 631 alteram
2001 611 2173 642 personam
2189 603 2216 631 ἦ
2241 602 2326 642 Ergo
2351 606 2383 632 et
2405 602 2524 641 legalis.

1571 654 1600 674 2.
1626 644 1822 682 PaAaramzA,
1839 645 1879 675 ad
1894 646 1957 676 hoc
1977 652 2051 677 sunt
2074 646 2278 676 auctoritates
2301 655 2384 686 quae
2405 646 2437 676 in
2454 646 2584 676 littera*

1514 694 1690 728 ponuntur.

1569 733 1759 764 Rnsponzo
1783 744 1944 764 DICENDUM
1967 734 2057 775 quod
2080 711 2194 775 triplex
2219 739 2265 764 est
2288 734 2397 774 legalis
2421 735 2583 774 cognatio.

1513 777 1629 814 Prima,
1644 778 1734 818 quasi
1750 777 2031 809 descendentium:
2050 789 2133 819 quae
2150 779 2348 809 contrahitur
2362 779 2445 808 inter
2459 784 2584 819 patrem

1514 822 1722 862 adoptantem
1739 829 1770 853 et
1785 822 1889 853 filium
1910 824 2109 864 adoptatum,
2127 829 2158 854 et
2181 823 2285 854 filium
2301 823 2358 853 filii
2381 822 2534 862 adoptivi.
2553 828 2584 854 et

1513 872 1678 906 nepotem,
1697 873 1727 897 et
1744 868 1788 897 sic
1805 867 1956 908 deinceps
1972 869 1998 898 *.
2011 886 2034 890 —
2050 868 2198 899 Secunda
2214 878 2296 908 quae
2314 873 2361 898 est
2383 868 2465 897 inter
2480 866 2622 898 filium·

1514 910 1702 950 adoptivum
1719 917 1751 942 et
1766 911 1870 942 filium
1892 913 2069 943 naturalem
2086 914 2112 943 *.
2131 931 2154 935 -
2165 913 2274 943 Tertia
2290 922 2347 953 per
2367 911 2504 942 modum
2527 921 2583 942 cu—

1513 955 1638 985 iusdam
1662 955 1836 986 affinitatis:
1870 966 1952 996 quae
1982 963 2029 988 est
2056 958 2137 988 inter
2167 963 2290 997 patrem
2321 956 2528 996 adoptantem
2552 962 2584 987 et

1514 1009 1647 1030 uxorem
1671 999 1728 1030 filii
1752 1001 1904 1041 adoptivi,
1923 1002 1975 1032 vel
1999 1011 2016 1032 e
2040 1011 2196 1032 converso
2220 1003 2302 1032 inter
2324 1001 2427 1031 filium
2450 1001 2584 1042 adopta-

1513 1049 1583 1073 tum
1607 1050 1638 1074 et
1661 1054 1796 1075 uxorem
1819 1046 1915 1085 patris
1938 1046 2118 1086 adoptantis
2134 1047 2161 1076 “.

1568 1087 1674 1118 Prima
1701 1098 1777 1128 ergo
1801 1091 1951 1129 cognatio
1977 1095 2008 1120 et
2030 1091 2120 1121 tertia
2150 1095 2308 1141 perpetuo
2339 1090 2583 1120 matrimonium

1513 1131 1703 1171 impediunt.
1739 1133 1888 1163 Secunda
1918 1140 2026 1164 autem
2056 1144 2124 1165 non
2154 1135 2215 1165 nisi
2246 1134 2390 1174 quandiu
2418 1140 2527 1165 manet
2549 1135 2583 1164 in

1512 1181 1670 1215 potestate
1693 1178 1790 1216 patris
1814 1177 2003 1217 adoptantis.
2040 1178 2144 1212 Unde,
2169 1184 2300 1209 mortuo
2324 1184 2412 1219 patre
2435 1179 2487 1209 vel
2513 1177 2582 1209 filio

1513 1221 1726 1260 emancipato,
1750 1226 1857 1261 potest
1881 1223 2026 1252 contrahi
2048 1223 2130 1253 inter
2154 1232 2209 1253 eos
2231 1223 2484 1253 matrimonium.

1567 1264 1618 1294 AD
1638 1275 1755 1295 PRtMUM
1778 1276 1860 1296 ιιιιοο
1885 1276 2045 1296 monimum
2064 1267 2154 1307 quod
2175 1277 2234 1307 per
2256 1267 2496 1307 generationem
2519 1267 2584 1307 spi-

1511 1309 1659 1339 ritualem
1683 1319 1751 1339 non
1774 1311 1907 1340 trahitur
1930 1310 2015 1341 filius
2038 1317 2124 1341 extra
2147 1317 2339 1351 potestatem
2365 1311 2477 1351 patris,
2501 1311 2584 1341 sicut

1511 1352 1547 1382 fit
1570 1362 1627 1392 per
1650 1353 1870 1394 adoptionem.
1898 1355 1939 1385 Et
1962 1356 2007 1385 sic
2030 1354 2114 1386 filius
2138 1356 2308 1396 spiritualis
2331 1361 2476 1386 remanet
2497 1354 2583 1386 filius

1511 1398 1679 1437 utriusque
1703 1399 1808 1435 simul,
1825 1409 1893 1429 non
1909 1405 2017 1430 autem
2041 1399 2125 1430 filius
2149 1400 2329 1441 adoptivus.
2353 1400 2395 1430 Et
2417 1399 2491 1430 ideo
2514 1409 2584 1430 non

1511 1443 1710 1473 contrahitur
1733 1443 1840 1484 aliqua
1866 1445 2090 1484 propinquitas
2117 1445 2200 1476 inter
2223 1450 2346 1485 patrem
2375 1444 2583 1484 adoptantem

1511 1492 1543 1517 et
1565 1493 1700 1518 matrem
1718 1488 1769 1518 vel
1793 1493 1916 1528 patrem
1939 1490 2133 1520 naturalem:
2159 1490 2241 1520 sicut
2257 1490 2372 1520 eratin
2388 1490 2582 1530 cognatione

1510 1532 1674 1572 spirituali.

1565 1577 1615 1606 Αι)
1641 1587 1803 1607 SECUNDUM
1831 1587 1990 1607 monimum
2014 1578 2104 1618 quod
2132 1579 2282 1619 cognatio
2313 1578 2422 1618 legalis
2448 1577 2583 1618 impedit

1509 1622 1753 1652 matrimonium
1776 1628 1908 1662 propter
1931 1623 2204 1653 cohabitationem
2219 1624 2246 1660 ἦ.
2278 1622 2320 1653 Et
2342 1622 2428 1659 ideo,
2449 1622 2582 1663 quando

1509 1665 1644 1696 solvitur
1666 1667 1836 1697 necessitas
1860 1667 2115 1704 cohabitationis,
2139 1678 2207 1698 non
2232 1672 2279 1698 est
2301 1668 2535 1698 inconveniens
2555 1667 2583 1698 si

1509 1710 1710 1750 praedictum
1739 1711 1906 1741 vinculum
1936 1721 2005 1742 non
2034 1718 2178 1743 maneat:
2211 1713 2294 1742 sicut
2323 1711 2455 1752 quando
2486 1712 2583 1743 fuerit

1510 1760 1596 1785 extra
1619 1760 1811 1795 potestatem
1842 1755 1986 1786 eiusdem
2016 1758 2123 1797 patris.
2159 1756 2222 1788 Sed
2251 1762 2341 1796 pater
2370 1756 2527 1797 adoptans
2549 1762 2582 1787 et

1509 1809 1591 1830 uxor
1615 1801 1683 1830 eius
1710 1810 1837 1840 semper
1868 1801 2030 1840 quandam
2063 1802 2286 1832 auctoritatem
2318 1801 2457 1832 retinent
2485 1810 2583 1842 super

1509 1843 1612 1874 filium
1636 1844 1824 1885 adoptatum
1848 1851 1879 1875 et
1902 1855 2035 1876 uxorem
2061 1847 2138 1876 eius.
2167 1846 2208 1876 Et
2230 1851 2363 1886 propter
2385 1846 2449 1877 hoc
2472 1851 2582 1876 manet

1509 1889 1676 1919 vinculum
1699 1890 1781 1920 inter
1804 1899 1870 1920 eos.
1896 1916 1899 1918 .

1564 1933 1615 1963 An
1631 1944 1766 1964 marum
1782 1943 1942 1964 mensuum
1958 1934 2048 1974 quod
2064 1936 2159 1966 etiam
2176 1935 2301 1972 mulier,
2315 1944 2353 1965 ex
2369 1935 2580 1966 concessione

1509 1978 1673 2018 principis,
1698 1978 1850 2019 adoptare
1874 1984 1980 2019 potest
1996 1980 2022 2009 “.
2047 1979 2142 2010 Unde
2166 1985 2197 2010 et
2219 1980 2253 2010 in
2275 1980 2379 2021 ipsam
2398 1980 2508 2010 transit
2524 1988 2580 2010 co-
2608 1983 2618 1993 ·

1509 2022 1618 2061 gnatio
1647 2023 1763 2063 legalis.
1789 2041 1812 2046 —
1835 2023 1876 2053 Et
1898 2029 2077 2063 praeterea,
2101 2033 2170 2054 non
2200 2029 2247 2054 est
2277 2034 2373 2055 causa
2402 2033 2501 2065 quare
2525 2033 2580 2054 co-

1508 2067 1617 2106 gnatio
1642 2067 1812 2107 spiritualis
1835 2077 1903 2098 non
1926 2069 2037 2098 transit
2059 2069 2093 2098 in
2115 2069 2395 2109 non-baptizatum
2415 2070 2491 2110 quia
2511 2077 2580 2099 non

1509 2116 1615 2150 potest
1638 2117 1746 2142 tenere
1770 2111 1809 2142 ad
1833 2118 2085 2143 sacramentum:
2110 2113 2167 2143 sed
2190 2114 2265 2154 quia
2287 2123 2356 2144 non
2380 2119 2427 2144 est
2445 2113 2580 2144 alicuius

1508 2156 1735 2195 spiritualitatis
1759 2166 1868 2196 capax.

1563 2200 1614 2230 Ao
1640 2211 1789 2231 ouAR‘rtm
1812 2211 1972 2231 mmmmm
1991 2201 2081 2242 quod
2096 2211 2153 2242 per
2168 2202 2409 2242 generau'onem
2433 2203 2580 2243 spiritua-

1508 2245 1573 2276 lem
1596 2244 1681 2276 filius
1704 2255 1772 2276 non
1795 2247 1927 2286 ponitur
1949 2246 1982 2276 in
2006 2252 2164 2287 potestate
2183 2252 2214 2277 et
2234 2256 2310 2277 cura
2333 2246 2461 2277 alterius
2483 2247 2581 2288 patris

1509 2290 1689 2330 spiritualis,
1714 2291 1796 2321 sicut
1818 2291 1851 2321 in
1876 2291 2069 2330 cognatione
2092 2291 2195 2331 legali.
2221 2291 2359 2332 Oportet
2382 2292 2468 2322 enim
2490 2290 2580 2332 quod

1509 2334 1668 2375 quidquid
1687 2341 1734 2365 est
1749 2335 1782 2365 in
1798 2341 1956 2375 potestate
1979 2334 2046 2371 filii,
2067 2341 2204 2366 transeat
2218 2336 2253 2366 in
2268 2341 2461 2376 potestatem
2483 2336 2580 2377 patris

1508 2379 1700 2419 adoptantis.
1732 2379 1837 2416 Unde,
1862 2380 2016 2420 adoptato
2040 2386 2139 2420 patre,
2164 2380 2359 2421 adoptantur
2381 2380 2439 2411 filii
2466 2385 2498 2411 et
2522 2390 2580 2412 ne-

1508 2429 1602 2464 potes
1621 2424 1678 2464 qui
1701 2429 1775 2454 sunt
1798 2425 1832 2455 in
1855 2430 2012 2465 potestate
2036 2424 2179 2466 adoptati
2194 2425 2221 2455 ἣ

1592 2497 1845 2541 QUAEsno
1870 2497 2498 2541 QmNQUAGESntAocrAVA

1664 2551 1708 2575 DE
1728 2551 1969 2576 lMPEDIMENTlS
1987 2551 2227 2581 FRIGIDI'I’A'I'IS,
2246 2552 2427 2583 MALEFICII,

1509 2587 1635 2612 FURIAE
1656 2587 1722 2611 VEL
1747 2587 1941 2619 ΛΜΕΝΤΙΑΕ,
1962 2587 2140 2618 INCESTUS.
2159 2587 2205 2612 ET
2225 2587 2405 2613 DEFECTUS
2430 2587 2579 2614 AETATls

1571 2654 1665 2675 amm:
1700 2644 1969 2675 considerandum
2006 2651 2053 2675 est
2087 2644 2127 2676 de
2163 2646 2308 2686 quinque
2339 2645 2579 2686 impedimentis

1513 2654 1768 2720 Dmatrimonii
1793 2690 1908 2720 simul:
1933 2690 2053 2720 scilicet
2075 2690 2115 2720 de
2137 2690 2371 2731 impedimento
2391 2689 2578 2731 frigiditatis,

1508 2733 1667 2769 maleficii,
1685 2733 1785 2764 furiae
1800 2734 1851 2764 vel
1868 2735 2035 2771 amentiae,
2052 2735 2202 2772 incestus,
2219 2740 2251 2766 et
2266 2734 2410 2766 defectus
2429 2735 2538 2766 aetatis
2549 2735 2577 2766 ⁹.

1507 2777 1549 2808 Et
1572 2780 1655 2809 circa
1678 2778 1742 2808 hoc
1766 2785 1964 2819 quaeruntur
1987 2779 2142 2820 quinque.

1563 2823 1689 2854 Primo:
1715 2829 1824 2853 utrum
1848 2823 1999 2863 frigiditas
2022 2824 2265 2855 matrimonium
2287 2823 2450 2864 impediat.

1563 2867 1732 2899 Secundo:
1757 2873 1865 2898 utrum
1889 2867 2094 2899 maleficium.

1563 2913 1693 2943 Tertio:
1719 2918 1827 2943 utrum
1852 2912 1933 2943 furia
1955 2913 2007 2943 vel
2031 2913 2178 2944 amentia.

1563 2957 1707 2995 Quarto:
1732 2962 1842 2988 utrum
1864 2958 2014 2988 incestus.

1564 3001 1707 3039 Quinto:
1733 3007 1842 3032 utrum
1866 3001 2009 3032 defectus
2031 3002 2150 3032 aetatis.

1598 3077 1698 3108 ART.
1722 3077 1744 3108 1.
1769 3087 1875 3108 uranu
1898 3087 2074 3108 rmomrrAs
2097 3085 2317 3107 mramonnm
2339 3086 2488 3107 mannu-

1508 3128 1592 3156 Supra.
1607 3134 1646 3156 qu.
1661 3133 1702 3155 ιιι,
1712 3131 1755 3149 m.
1769 3136 1786 3154 ι,
1801 3127 1830 3149 ad
1844 3130 1873 3154 42
1887 3126 1920 3149 IV
1930 3127 2003 3153 Sem..
2015 3126 2068 3148 dist.
2083 3132 2162 3153 xxxvi,
2173 3130 2216 3148 ιη.
2231 3133 2255 3152 ¹3
2271 3125 2357 3154 Quodl.
2368 3125 2408 3153 XI,
2418 3132 2458 3154 qu.
2468 3133 2491 3154 x,
2502 3130 2544 3150 art.
2554 3133 2575 3150 ².

1572 3189 1593 3209 D
1616 3189 1734 3209 ramim
1757 3189 1803 3209 src
1825 3188 2029 3209 PROCEDrrUR.
2059 3177 2194 3208 Videtur
2221 3176 2311 3218 quod
2334 3176 2486 3218 frigiditas
2508 3187 2576 3208 ma-

1511 3192 1761 3254 Atrimonium
1785 3222 2041 3254 contrahendum
2061 3231 2129 3253 non
2149 3221 2312 3262 impediat.
2336 3221 2466 3262 Copula
2489 3222 2576 3253 enim

1508 3268 1641 3298 carnalis
1663 3277 1732 3298 non
1755 3273 1802 3298 est
1825 3267 1864 3298 de
1888 3267 2023 3298 essentia
2046 3266 2258 3297 matrimonii:
2287 3267 2363 3307 quia
2386 3265 2577 3307 perfectiora

1508 3318 1583 3343 sunt
1612 3312 1816 3343 matrimonia
1845 3312 1914 3352 pari
1943 3316 2021 3342 voto
2052 3311 2298 3342 continentium.
2334 3310 2397 3342 Sed
2423 3310 2576 3351 frigiditas

1507 3357 1587 3387 nihil
1610 3357 1694 3387 tollit
1718 3356 1758 3387 de
1781 3356 1987 3387 matrimonio
2012 3355 2074 3386 nisi
2103 3355 2263 3385 carnalem
2293 3355 2455 3396 copulam.
2488 3355 2575 3395 Ergo

1507 3410 1576 3431 non
1589 3406 1636 3431 est
1650 3401 1920 3442 impedimentum
1936 3399 2088 3430 dirimens
2103 3400 2346 3430 matrimonium
2362 3404 2574 3433 contractum.

1567 3455 1597 3475 2.
1621 3445 1825 3481 Pau-raam,
1849 3445 1932 3475 sicut
1958 3444 2057 3474 nimia
2081 3443 2233 3484 frigiditas
2258 3443 2393 3484 impedit
2416 3444 2576 3476 carnalem

1509 3489 1672 3530 copulam,
1689 3490 1732 3520 ita
1750 3489 1849 3519 nimia
1872 3488 2023 3525 caliditas,
2044 3497 2126 3528 quae
2150 3488 2319 3519 hominem
2342 3489 2487 3519 exsiccat.
2511 3487 2575 3520 Sed

1509 3533 1648 3564 caliditas
1664 3543 1731 3564 non
1747 3533 1878 3574 ponitur
1893 3533 2089 3563 matrimonii
2108 3532 2387 3573 impedimentum.
2411 3532 2498 3573 Ergo
2513 3542 2575 3564 nec

393 3571 443 3602 vel
466 3572 641 3611 suscipere:
666 3571 752 3602 unde
775 3573 807 3602 in
831 3583 912 3603 non·
915 3575 1108 3614 baptizatum
1124 3585 1191 3606 non
1207 3578 1315 3606 transit
1331 3578 1357 3607 ⁴⁶.
1390 3577 1453 3608 Sed
1467 3586 1490 3607 75
1507 3577 1659 3618 frigiditas
1682 3577 1776 3608 debet
1799 3577 1888 3618 poni.

2613 301 2624 311 ²
2638 301 2690 322 Art.
2707 307 2726 327 ι,
2743 307 2790 328 arg.
2805 308 2826 331 3.

2613 608 2826 639 ·.,.,Qui.v¹m3

2611 642 2824 690 ⁴bist.xu1‚mp.

2613 687 2684 715 Quod
2696 690 2784 710 autem.

2636 870 2703 893 Inutit
2725 871 2743 899 1,
2759 877 2782 898 ι,
2794 871 2826 893 de

2611 896 2693 945 Maii.
2714 924 2750 946 Ita
2771 923 2825 946 diti-

2608 949 2824 1005 ,transfluit

2611 1010 2644 1068 Ξι7,
2643 1003 2673 1025 de
2678 993 2734 1026 'itm
2743 1002 2823 1032 Nupt„

2611 1083 2640 1105 de
2636 1055 2784 1112 &maala
2787 1062 2824 1111 ¹¹⁴¹:

2610 1627 2620 1638 ·
2625 1625 2711 1650 Cfmn.
2715 1627 2823 1656 pruoed.

2607 2423 2618 2434 ·
2625 2421 2678 2450 m..
2686 2420 2753 2449 tud„
2759 2426 2780 2450 n,
2788 2427 2821 2451 ις.

2605 2730 2617 2742 ·
2630 2729 2668 2752 et.
2683 2735 2724 2758 qu.
2737 2735 2770 2758 u,
2780 2729 2820 2752 ῐιι-

2606 2755 2668 2779 trod.
