2878 4088
132 507 142 516 ·
156 504 207 526 Art.
223 503 330 531 praeced.

132 1256 141 1265 ‘
156 1254 191 1275 Cf.
208 1259 255 1281 arg.
270 1260 293 1279 4.

373 150 449 198 234

371 235 478 260 autem
501 228 701 259 numerando
725 227 765 258 ad
789 229 1007 258 centenarium
1030 228 1246 269 pervenimus,
1266 227 1306 258 ad
1330 227 1436 258 dexte-

370 283 438 303 ram
462 283 479 303 a
502 273 591 303 laeva
621 273 810 303 transimus:
836 272 922 303 unde
946 282 1003 313 per
1027 274 1246 303 centenarium
1276 272 1436 312 virginitas

371 317 562 357 designatur,
587 326 670 357 quae
693 317 789 347 habet
811 317 1057 358 proportionem
1081 318 1242 358 angelicae
1266 316 1435 357 dignitatis,

371 362 427 402 qui
447 367 521 392 sunt
536 362 570 392 in
586 361 722 397 dextera,
740 361 860 392 scilicet
875 362 909 392 in
925 362 1035 402 gloria,
1052 371 1113 392 nos
1137 367 1244 392 autem
1264 362 1297 391 in
1314 361 1437 391 sinistra

370 411 501 446 propter
524 405 803 446 imperfectionem
826 407 1000 446 praesentis
1023 407 1115 437 vitae.

425 451 615 481 Resporsvnno
631 459 792 482 onesimum
808 450 898 491 quod
913 460 971 491 per
987 451 1230 487 continentiam,
1247 450 1299 480 eui
1315 449 1437 480 fructus

371 494 544 535 respondet
559 496 590 531 *‚
615 495 716 525 homo
740 495 773 525 in
798 495 959 535 quandam
983 495 1235 535 spiritualitatem
1259 493 1436 529 adducitur,

371 539 551 570 carnalitate
576 539 707 570 abiecta.
739 539 780 570 Et
802 539 876 570 ideo
905 539 1084 570 secundum
1113 538 1273 570 diversum
1301 537 1438 568 modum

371 584 596 624 spiritualitatis
620 593 719 623 quam
742 584 939 615 continentia
958 583 1043 620 facit,
1060 583 1175 614 diversi
1190 583 1311 614 fructus
1328 582 1437 613 distin-

370 633 523 668 guuntur.
554 628 611 658 Est
642 629 728 658 enim
760 628 918 668 quaedam
949 628 1150 668 spiritualitas
1180 628 1374 663 necessaria,
1407 631 1438 657 et

371 672 530 712 quaedam
558 672 830 713 superabundans.
862 673 1047 703 Necessaria
1077 671 1209 712 quidem
1237 671 1438 712 spiritualitas

371 722 418 747 est
440 717 474 747 in
497 718 561 748 hoc
585 716 674 757 quod
700 717 858 748 rectitudo
887 717 1015 757 spiritus
1039 726 1077 747 ex
1101 716 1313 747 delectatione
1336 716 1438 746 carnis

370 771 438 791 non
454 766 666 801 pervertatur:
693 761 782 801 quod
798 761 834 792 fit
850 771 925 792 cum
942 761 1056 802 aliquis
1071 771 1128 801 per
1144 766 1267 791 rectum
1292 760 1438 791 ordinem

370 806 501 836 rationis
532 807 631 836 utitur
662 805 926 836 delectationibus
957 806 1068 836 carnis.
1100 805 1142 836 Et
1163 806 1243 835 haec
1271 810 1318 835 est
1348 804 1438 844 spiri-

371 850 495 880 tualitas
519 850 776 890 coniugatorum.
795 868 819 872 —
842 850 1050 889 Spiritualitas
1074 859 1150 880 vero
1175 848 1438 889 superabundans

372 901 418 924 est
442 904 498 934 per
522 903 619 933 quam
643 894 744 923 homo
769 894 807 923 ab
831 893 1018 923 huiusmodi
1042 893 1308 924 delectationibus
1325 893 1437 928 carnis,

371 939 517 978 spiritum
541 937 782 974 suffocantibus,
800 938 935 967 omnino
952 947 986 967 se
1003 938 1162 967 abstrahit.
1191 936 1254 967 Sed
1275 937 1340 967 hoc
1361 946 1438 967 con-

370 983 462 1021 tingit
486 981 663 1022 dupliciter.
690 981 750 1011 Vel
773 986 921 1021 respectu
945 981 1115 1011 cuiuslibet
1137 981 1292 1021 temporis
1315 986 1439 1020 praete-

370 1027 430 1062 riti,
443 1026 616 1066 praesentis
633 1031 664 1056 et
680 1024 788 1056 futuri.
803 1025 843 1056 Et
859 1026 938 1056 haec
955 1030 1002 1055 est
1017 1025 1219 1065 spiritualitas
1234 1025 1406 1064 virginum.
1416 1042 1440 1046 —

369 1070 430 1100 Vel
453 1069 631 1100 secundum
662 1069 794 1110 aliquod
826 1075 965 1110 tempus.
996 1069 1038 1100 Et
1060 1070 1140 1100 haec
1167 1074 1214 1099 est
1237 1068 1439 1109 spiritualitas

370 1114 549 1145 viduarum.

425 1158 629 1189 Servantibus
646 1168 722 1198 ergo
739 1159 971 1188 continentiam
987 1157 1192 1197 coniugalem
1209 1156 1301 1187 datur
1317 1156 1439 1187 fructus

370 1204 564 1243 trigesimus;
581 1202 752 1238 vidualem,
770 1203 999 1242 sexagesimus;
1015 1201 1212 1242 virginalem,
1230 1202 1438 1238 centesimus;

371 1248 493 1278 ratione
517 1247 570 1278 illa
594 1257 691 1287 quarn
715 1246 803 1277 Beda
826 1247 963 1287 assignat
979 1247 1006 1277 ’ἢ

426 1291 582 1330 Quamvis
612 1292 713 1332 possit
737 1297 767 1322 et
791 1291 851 1321 alia
880 1292 961 1321 ratio
993 1291 1143 1331 assignari
1168 1300 1206 1321 ex
1228 1291 1297 1330 ipsa
1326 1295 1440 1321 natura

370 1346 591 1367 numerorum.
620 1336 822 1366 Tricenarius
846 1336 933 1366 enim
957 1345 1111 1366 numerus
1135 1345 1174 1366 ex
1197 1334 1297 1365 ductu
1320 1334 1440 1365 trinarii

370 1381 404 1411 in
420 1380 587 1412 denarium
605 1381 714 1421 surgit.
732 1380 904 1411 Ternarius
923 1381 1010 1410 enim
1027 1385 1074 1410 est
1090 1389 1244 1410 numerus
1260 1379 1365 1409 omnis
1381 1379 1439 1415 rei,

312 1441 345 1451 --
371 1432 406 1455 ut
436 1425 551 1456 dicitur
581 1425 593 1455 1
617 1425 656 1456 de
683 1425 782 1456 Caelo
807 1430 839 1456 et
861 1425 988 1455 Mundo
1005 1425 1036 1461 *,
1062 1430 1093 1455 et
1122 1424 1219 1454 habet
1247 1424 1281 1454 in
1311 1433 1344 1454 se
1368 1433 1440 1464 per-

311 1473 316 1478 ·
371 1469 545 1500 sectionem
563 1469 724 1510 quandam
741 1470 892 1500 omnibus
909 1478 1129 1505 communem,
1143 1468 1264 1498 scilicet
1279 1468 1439 1508 principii,

371 1514 469 1544 medii
498 1520 528 1545 et
558 1514 639 1544 finis.
676 1514 770 1545 Unde
804 1514 1033 1544 convenienter
1067 1513 1253 1544 tricenarius
1286 1522 1440 1543 numerus

373 1559 550 1599 coniugatis
574 1559 765 1599 assignatur,
790 1559 823 1589 in
847 1559 964 1599 quibus
988 1567 1083 1598 supra
1107 1557 1365 1588 observationem
1386 1556 1440 1588 de-

373 1603 486 1644 calogi,
511 1604 567 1643 qui
590 1613 647 1643 per
671 1603 838 1633 denarium
865 1602 1070 1643 significatur,
1094 1612 1163 1633 non
1185 1601 1311 1632 additur
1334 1601 1440 1642 aliqua

372 1647 526 1687 perfectio
550 1648 611 1678 nisi
636 1648 828 1684 communis,
846 1648 913 1678 sine
931 1657 994 1688 qua
1009 1657 1078 1677 non
1093 1652 1200 1687 potest
1220 1655 1287 1676 esse
1308 1646 1403 1676 salus.
1419 1664 1441 1668 —-

374 1692 521 1723 Senarius
545 1698 662 1728 autem,
680 1702 718 1722 ex
734 1693 826 1722 cuius
850 1691 949 1723 ductu
973 1693 1006 1722 in
1030 1691 1197 1722 denarium
1220 1691 1441 1730 sexagenarius

374 1737 489 1776 surgit,
514 1737 608 1766 habet
638 1736 870 1776 perfectionem
895 1746 932 1766 ex
955 1736 1114 1776 partibus:
1147 1745 1223 1766 cum
1254 1740 1380 1765 constet
1403 1744 1442 1765 ex

375 1781 525 1811 omnibus
541 1781 682 1821 partibus
699 1782 763 1811 suis
780 1781 876 1811 simul
892 1781 1076 1820 aggregatis.
1101 1779 1196 1811 Unde
1213 1780 1442 1809 convenienter

373 1825 518 1855 viduitati
541 1825 723 1865 respondet,
748 1826 780 1855 in
805 1835 869 1865 qua
891 1825 1052 1855 invenitur
1075 1823 1215 1865 perfecta
1239 1824 1407 1854 abstractio
1424 1833 1442 1853 a

374 1869 638 1900 delectationibus
662 1870 763 1900 carnis
788 1875 946 1910 quantum
969 1869 1010 1900 ad
1033 1879 1147 1899 omnes
1178 1869 1440 1904 circumstantias,

375 1923 457 1954 quae
481 1919 555 1944 sunt
579 1914 670 1954 quasi
696 1919 801 1954 partes
828 1914 962 1944 virtuosi
992 1919 1098 1944 actus:
1132 1922 1207 1943 cum
1236 1913 1325 1943 nulla
1355 1913 1442 1942 enim

1064 123 1328 196 QUAESTIO
1358 146 1804 195 XCV1,ART1CULUS
1834 148 1867 184 v

1492 236 1704 257 numerorum
1731 227 1771 256 sit
1799 236 1837 257 ex
1863 227 2006 257 humana
2031 227 2249 263 institutione,
2273 232 2382 258 tamen
2409 226 2562 257 fundatur

1492 271 1602 311 aliquo
1625 270 1726 301 modo
1743 280 1840 311 super
1854 280 1962 301 rerum
1977 276 2139 301 naturam:
2164 271 2358 311 inquantum
2381 270 2561 302 secundum

1493 315 1640 346 ordinem
1663 315 1838 355 digitorum
1861 321 1893 345 et
1915 315 2124 346 articulorum
2148 320 2179 345 et
2202 320 2412 346 contactuurn
2434 316 2561 346 numeri

1491 359 1646 400 gradatim
1670 359 1885 400 designantur.

1514 436 1613 467 ART.
1631 435 1669 466 V.
1696 445 1799 465 UTRUM
1820 444 1955 465 1011101111
1977 444 2185 465 wnomrra‘ns
2209 443 2372 464 naamam
2395 442 2539 464 annona

1936 484 2006 512 Infra
2020 488 2063 509 art.
2081 492 2114 512 111

1493 547 1588 610 Αι)
1601 546 1741 567 ommim
1761 546 1807 567 s1c
1827 546 2031 567 PROCEDITUR.
2048 535 2183 566 Videtur
2211 534 2301 586 quod
2323 535 2448 565 ratione
2466 535 2562 575 virgi·

1557 582 1662 612 nitatis
1678 590 1746 611 non
1762 581 1915 612 debeatur
1933 580 2073 611 aureola.
2097 580 2161 611 Ubi
2182 581 2268 610 enim
2289 585 2336 610 est
2355 580 2460 610 maior
2479 578 2560 610 diffi-

1453 637 1479 651 10
1492 626 1616 657 cultas
1607 636 1642 656 m
1658 635 1766 666 opere,
1783 626 1827 656 ibi
1843 625 1977 656 debetur
1991 625 2095 655 maius
2110 625 2301 665 praemium.
2326 623 2390 655 Sed
2404 623 2562 654 maiorem

1493 670 1713 701 difficultatem
1735 670 1900 711 patiuntur
1922 670 1957 700 in
1972 668 2162 700 abstinendo
2178 679 2196 699 a
2212 668 2478 699 delectationibus
2494 677 2561 698 car-

1492 716 1541 745 nis
1557 714 1672 746 viduae
1696 724 1795 755 quarn
1817 715 1970 755 virgines:
1996 713 2072 745 dicit
2093 714 2180 744 enim
2202 714 2423 754 Hieronymus
2438 713 2455 730 ⁴*
2471 711 2609 767 quod·

1493 765 1615 800 quanto
1643 760 1747 790 maior
1774 764 1820 790 est
1848 758 2016 790 difficultas
2044 768 2083 789 ex
2110 763 2199 799 parte
2230 756 2435 798 quorundam
2463 766 2482 787 a
2503 765 2562 787 vo-

1492 805 1622 844 luptatis
1645 804 1802 835 illecebris
1826 804 1993 840 abstinere,
2010 809 2099 834 tanto
2123 803 2227 833 maius
2250 807 2298 833 est
2312 801 2513 842 praemium;
2531 806 2563 831 et

1454 858 1477 878 ες
1493 848 1636 888 loquitur
1658 849 1692 879 in
1716 848 1999 880 commendatione
2021 847 2201 879 viduarum.
2225 846 2442 886 Philosophus
2466 845 2562 876 etiam

1493 892 1585 928 dicit,
1609 894 1642 923 in
1665 893 1748 923 libro
1778 893 1818 924 de
1840 893 2042 923 Animalibus
2057 893 2089 929 *,
2114 891 2204 932 quod
2227 892 2358 922 iuuenes
2387 894 2563 931 corruptae

1493 937 1599 978 magis
1622 942 1776 977 appetunt
1797 937 1927 974 coitum,
1938 942 2076 978 propter
2099 936 2402 967 rememorationem
2424 934 2563 966 delecta-

1494 981 1600 1011 tionis.
1614 981 1700 1021 Ergo
1717 981 1856 1018 aureola,
1869 991 1953 1022 quae
1969 987 2016 1012 est
2030 982 2208 1012 maximum
2223 980 2415 1021 praemium,
2428 979 2563 1011 debetur

1492 1025 1593 1064 magis
1616 1025 1720 1055 viduis
1746 1034 1845 1065 quam
1867 1026 2052 1066 virginibus.

1550 1078 1580 1099 2.
1604 1068 1801 1105 Pluinnam,
1818 1070 1845 1099 si
1860 1069 2032 1109 virginitati
2055 1068 2223 1100 deberetur
2246 1069 2386 1105 aureola,
2403 1068 2460 1099 ubi
2480 1073 2564 1099 esset

1493 1112 1724 1153 perfectissima
1746 1113 1918 1153 virginitas,
1941 1113 2081 1144 maxime
2103 1114 2299 1144 inveniretur
2329 1112 2469 1143 aureola.
2499 1111 2564 1143 Sed

1493 1157 1527 1187 in
1542 1157 1642 1187 Beata
1656 1157 1787 1198 Virgine
1804 1162 1852 1187 est
1865 1156 2096 1197 perfectissima
2110 1157 2287 1198 virginitas:
2307 1156 2395 1187 unde
2411 1162 2442 1187 et
2463 1156 2563 1197 Virgo

1499 1201 1670 1243 Virginum
1693 1202 1879 1232 nominatur
1894 1202 1920 1232 ’ἢ
1945 1202 1987 1232 Ε1
2009 1207 2116 1232 tamen
2133 1202 2163 1231 ei
2178 1211 2246 1231 non
2262 1200 2396 1231 debetur
2419 1200 2562 1231 aureola.

1494 1246 1571 1286 quia
1592 1246 1716 1276 nullam
1739 1255 1882 1287 pugnam
1906 1246 2056 1277 sustinuit
2070 1246 2106 1276 in
2121 1245 2330 1282 continendo,
2355 1253 2431 1276 cum
2454 1254 2564 1276 corru-

1454 1298 1477 1318 25
1493 1290 1607 1331 ptione
1630 1289 1751 1321 fomitis
1766 1300 1835 1321 non
1850 1289 1947 1321 fuerit
1969 1290 2125 1321 infestata.
2144 1290 2231 1330 Ergo
2246 1289 2419 1330 virginitati
2434 1289 2565 1321 aureola

1493 1344 1562 1365 non
1585 1334 1728 1366 debetur.

1512 1385 1515 1393 ¹
1551 1379 1581 1410 3.
1605 1379 1802 1416 Puni-anm,
1820 1380 1850 1410 ei
1865 1378 1956 1420 quod
1970 1389 2040 1410 non
2055 1384 2103 1410 est
2117 1378 2298 1410 secundum
2322 1387 2421 1409 omne
2435 1383 2565 1418 tempus

1494 1422 1664 1460 laudabile,
1688 1434 1757 1454 non
1781 1423 1914 1455 debetur
1940 1424 2120 1464 praemium
2149 1423 2317 1454 excellens.
2349 1422 2413 1454 Sed
2435 1423 2565 1463 virgini-

1494 1473 1594 1499 tatem
1617 1478 1741 1499 servare
1764 1478 1833 1499 non
1855 1468 1967 1499 fuisset
1989 1468 2149 1499 laudabile
2179 1469 2213 1498 in
2236 1473 2319 1498 statu
2342 1467 2563 1498 innocentiae:

1455 1520 1482 1540 ³⁰
1496 1522 1572 1543 cum
1594 1518 1673 1544 tunc
1697 1518 1779 1544 esset
1800 1514 1927 1544 homini
1949 1519 2169 1554 praeceptum,
2193 1513 2334 1543 Crescite
2356 1517 2389 1542 et
2410 1511 2565 1552 multipli—

1495 1557 1616 1588 camini
1636 1563 1667 1588 et
1686 1558 1806 1598 replete
1829 1563 1951 1588 terram
1966 1559 1992 1588 “.
2017 1558 2086 1588 Νο0
2102 1558 2198 1588 0113111
2220 1562 2368 1598 tempore
2383 1556 2472 1597 legis.
2489 1565 2566 1587 cum

1495 1602 1616 1677 ἓῐέζὲξε
1651 1608 1740 1633 013111
1773 1602 1971 1633 maledictae.
2006 1603 2093 1642 Ergo
2127 1602 2299 1642 virginitati
2332 1601 2464 1632 aureola
2495 1609 2565 1632 non

1592 1657 1639 1677 ur.

1550 1700 1582 1730 4.
1606 1691 1804 1727 PRAETEREA,
1828 1701 1897 1722 non
1921 1690 2055 1722 debetur
2077 1689 2165 1721 idem
2190 1691 2372 1731 praemium
2393 1689 2566 1730 virginitati

1457 1746 1479 1765 ες
1495 1741 1636 1766 servatae
1660 1741 1691 1766 et
1714 1735 1885 1775 virginitati
1908 1737 2051 1766 amissae.
2079 1734 2144 1766 Sed
2165 1745 2225 1776 pro
2248 1735 2429 1775 virginitate
2451 1734 2566 1765 amissa

1496 1779 1694 1820 quandoque
1711 1779 1844 1810 debetur
1859 1780 2005 1810 aureola:
2027 1785 2063 1810 ut
2078 1780 2105 1810 si
2120 1780 2228 1820 aliqua
2243 1780 2342 1810 invita
2357 1779 2566 1819 prostituatur

1495 1825 1759 1899 Zggrassrgqtqpia
1771 1823 1936 1855 Christum
1952 1823 2133 1855 confitetur.
2146 1824 2232 1864 Ergo
2248 1824 2420 1865 virginitati
2435 1822 2566 1854 aureola

1553 1913 1582 1943 5.
1606 1913 1803 1949 Plurimum,
1821 1888 1980 1944 excellens
1999 1913 2180 1953 praemium
2195 1922 2264 1943 non
2280 1911 2414 1943 debetur
2430 1913 2460 1942 ei
2476 1910 2567 1952 quod

374 1968 524 1998 persona,
550 1963 581 1988 et
604 1959 638 1988 in
661 1958 752 1988 nullo
780 1959 855 1988 loco
885 1958 1150 1988 delectationibus
1180 1957 1282 1987 carnis
1304 1956 1441 1987 viduitas
1454 1966 1482 1987 ⁴0
1495 1957 1576 1987 inest
1599 1957 1694 1988 nobis
1717 1967 1736 1987 a
1757 1963 1880 1988 natura.
1905 1957 1968 1988 Sed
1990 1957 2151 1997 virginitas
2166 1957 2340 1987 innascitur
2361 1956 2492 1987 cuilibet
2506 1956 2566 1986 ho-

374 2003 486 2038 utitur,
512 2007 543 2032 et
567 2003 610 2032 sic
635 2001 674 2032 de
698 2003 765 2032 aliis
797 2002 1050 2032 circumstantiis.
1085 2001 1184 2040 Quod
1214 2010 1282 2031 non
1313 2006 1379 2031 erat
1402 2000 1442 2031 de

374 2047 571 2077 continentia
594 2047 765 2086 coniugali.
789 2064 810 2069 -
835 2046 899 2077 Sed
921 2047 1122 2077 centenarius
1147 2046 1375 2076 convenienter
1393 2055 1441 2075 re-

374 2090 512 2131 spondet
534 2091 727 2131 virginitati:-
752 2092 828 2131 quia
851 2090 1009 2127 denarius,
1034 2101 1072 2121 ex
1096 2092 1187 2121 cuius
1211 2089 1311 2120 ductu
1335 2095 1442 2120 cente-

374 2136 479 2166 narius
503 2136 611 2175 surgit,
629 2141 676 2166 est
699 2135 790 2166 limes
813 2145 1043 2172 numerorum;
1068 2140 1099 2165 et
1115 2134 1258 2165 similiter
1281 2134 1442 2185 virginitas

1495 2001 1575 2031 mini
1591 2007 1622 2032 et
1638 2002 1727 2032 bono
1744 2007 1775 2032 et
1789 2001 1887 2032 malo.
1906 2002 1992 2041 Ergo
2008 2001 2179 2041 virginitati
2193 2001 2325 2032 aureola
2338 2010 2406 2032 non
2422 2000 2565 2032 debetur.

1553 2046 1583 2076 6.
1607 2045 1803 2082 Pium-mum,
1828 2046 1910 2076 sicut
1927 2055 1959 2076 se
1975 2046 2071 2076 habet
2094 2045 2230 2076 viduitas
2253 2045 2293 2077 ad
2315 2045 2459 2080 ,fructum
2478 2054 2567 2076 sexa-

1496 2090 1680 2130 genarium,
1711 2091 1754 2120 ita
1784 2091 1945 2130 virginitas
1978 2089 2018 2120 ad
2048 2089 2190 2120 fructum
2223 2090 2436 2121 centesimum
2467 2095 2498 2120 et
2527 2088 2568 2120 ad

1497 2135 1671 2165 aureolam.
1696 2133 1759 2165 Sed
1774 2144 1843 2165 non
1859 2134 1990 2165 cuilibet
2005 2133 2122 2165 viduae
2137 2134 2271 2166 debetur
2294 2134 2416 2165 fructus
2440 2143 2568 2174 sexage-

374 2186 461 2210 tenet
484 2180 711 2220 spiritualitatis
738 2180 888 2216 limitem,
914 2180 990 2220 quia
1018 2179 1057 2210 ad
1086 2189 1157 2210 eam
1184 2179 1264 2210 nihil
1288 2178 1328 2210 de
1351 2179 1442 2219 spiri-
1457 2187 1481 2208 41
1496 2179 1614 2216 narius,
1639 2178 1695 2209 sed
1718 2179 1825 2210 solum
1849 2179 2036 2210 viduitatem
2059 2179 2201 2215 voventi,
2226 2185 2262 2210 ut
2286 2178 2419 2220 quidam
2445 2177 2567 2209 dicunt.

374 2225 516 2255 tualitate
531 2223 625 2255 adiici
640 2230 756 2265 potest.
781 2225 888 2255 Habet
912 2225 998 2255 enim
1022 2224 1233 2260 centenarius,
1250 2224 1443 2275 inquantum

375 2274 422 2300 est
436 2278 590 2299 numerus
607 2268 789 2309 quadratus,
802 2269 1036 2309 perfectionem
1052 2278 1090 2299 ex
1102 2268 1214 2308 figura
1227 2268 1345 2308 Figura
1357 2269 1444 2299 enim

375 2312 527 2354 quadrata
550 2313 729 2344 secundum
752 2314 816 2344 hoc
839 2313 981 2354 perfecta
1005 2318 1051 2344 est
1075 2313 1165 2353 quod
1186 2323 1225 2343 ex
1241 2314 1332 2343 omni
1354 2318 1444 2353 parte

375 2358 600 2398 aequalitatem
622 2359 727 2395 habet,
752 2364 867 2398 utpote
890 2359 1011 2388 habens
1035 2358 1144 2388 omnia
1168 2357 1265 2388 latera
1288 2358 1443 2398 aequalia.

1498 2224 1584 2264 Ergo
1596 2222 1722 2254 videtur
1737 2223 1828 2264 quod
1843 2233 1911 2254 11011
1928 2219 2058 2254 cuilibet
2072 2223 2244 2264 virginitan'
2259 2223 2390 2255 aureola
2405 2222 2568 2259 debeatur,

1498 2268 1555 2299 sed
1578 2268 1685 2299 solum
1708 2268 1879 2308 virginitati
1903 2277 1942 2298 ex
1963 2274 2042 2299 voto
2066 2274 2216 2299 servatae.

1552 2323 1583 2352 7.
1600 2313 1798 2349 Pramum,
1809 2313 1991 2353 praemium
2006 2322 2074 2343 non
2089 2312 2263 2353 respondet
2277 2313 2474 2344 necessitati:
2492 2321 2568 2343 cum

1499 2367 1598 2388 omne
1621 2358 1773 2388 meritum
1795 2357 1830 2388 in
1852 2357 2019 2388 voluntate
2042 2357 2204 2388 consistat.
2229 2356 2294 2388 Sed
2316 2356 2476 2398 quaedam
2494 2362 2569 2388 sunt

376 2402 469 2433 Unde
486 2403 642 2443 competit
657 2403 838 2443 virginitati,
851 2403 885 2433 in
897 2412 962 2443 qua
978 2408 1137 2443 quantum
1149 2401 1189 2433 ad
1201 2412 1300 2433 omne
1315 2408 1444 2443 tempus
1460 2416 1485 2436 ςο
1498 2402 1636 2442 virgines
1660 2412 1698 2433 ex
1721 2402 1925 2432 necessitate:
1957 2407 1994 2432 ut
2016 2402 2200 2432 naturaliter
2228 2401 2333 2442 frigidi
2361 2407 2393 2433 et
2416 2401 2568 2432 eunuchi.

375 2447 549 2487 aequaliter
572 2448 771 2487 incorruptio
795 2448 965 2478 invenitur.

430 2491 481 2522 An
505 2502 622 2522 Paruum
650 2502 733 2523 111100
762 2502 923 2522 0101100011
946 2490 1036 2532 quod
1059 2491 1103 2522 ibi
1125 2490 1247 2521 fructus
1270 2500 1339 2521 non
1362 2491 1444 2522 acei-

376 2536 508 2576 piuntur
530 2536 594 2566 hoc
616 2536 718 2567 modo
741 2537 824 2567 sicut
846 2537 897 2567 hic
922 2535 961 2567 de
985 2537 1030 2566 eis
1053 2536 1228 2575 loquimur.

431 2580 482 2610 An
502 2590 665 2610 sacunnum
684 2591 845 2611 0103110011
866 2580 955 2621 quod
978 2580 1058 2610 nihil
1081 2580 1168 2620 cogit
1192 2579 1232 2610 ad
1254 2579 1445 2620 ponendum

1499 2446 1586 2487 Ergo
1609 2447 1780 2487 virginitati
1803 2456 1872 2477 non
1895 2456 2023 2487 semper
2048 2446 2182 2477 debetur
2205 2446 2345 2477 aureola.

1557 2490 1619 2522 Sur>
1651 2501 1775 2521 CONTRA
1805 2501 1859 2521 1151
1890 2490 1981 2531 quod
2010 2491 2145 2522 habetur
2173 2491 2281 2522 Exod.
2305 2501 2366 2522 xxv
2386 2491 2420 2527 *,
2454 2490 2570 2521 Facies

1499 2536 1638 2566 alteram
1662 2545 1819 2566 coronam
1847 2536 2038 2566 aureolam:
2062 2535 2177 2567 Glossa
2192 2536 2218 2572 ff,
2243 2535 2294 2566 Ad
2317 2545 2474 2566 coronam
2491 2544 2570 2576 per-

1500 2581 1580 2611 tinet
1602 2580 1763 2611 canticum
1787 2589 1906 2611 novum
1928 2580 2016 2621 quod
2039 2580 2183 2622 virgines
2206 2589 2318 2611 coram
2341 2581 2438 2621 Agno
2462 2579 2570 2610 conci-

377 2624 517 2655 fructum
534 2634 601 2655 esse
617 2626 797 2665 praemium
813 2635 881 2656 non
898 2625 1049 2656 omnibus
1065 2624 1222 2655 salvandis
1238 2624 1444 2655 conveniens.
1461 2637 1483 2658 ςς
1501 2629 1590 2661 nunt,
1611 2625 1733 2655 scilicet
1759 2638 1772 2652 ‹
1791 2624 1847 2665 qui
1869 2629 2049 2665 sequuntur
2070 2626 2201 2666 Agnum
2224 2634 2426 2666 quocumque
2449 2624 2524 2655 ierit
2540 2636 2568 2662 ¹!-

377 2669 452 2699 Non
469 2669 575 2699 solum
592 2670 678 2700 enim
695 2669 861 2700 essentiale
882 2670 1062 2710 praemium
1087 2678 1263 2699 commune
1279 2674 1326 2699 est
1341 2669 1446 2699 omni-

377 2714 447 2749 bus,
464 2713 520 2743 sed
536 2714 631 2744 etiam
648 2713 780 2754 aliquod
800 2714 1011 2745 accidentale:
1037 2714 1119 2744 sicut
1141 2713 1295 2754 gaudium
1311 2713 1351 2744 de
1367 2723 1446 2753 ope-

378 2758 463 2788 ribus
486 2758 547 2788 illis
571 2758 639 2788 sine
667 2759 785 2799 quibus
807 2768 874 2789 non
906 2764 953 2790 est
976 2758 1070 2789 salus.
1106 2758 1215 2789 Potest
1242 2763 1351 2788 tamen
1384 2757 1447 2788 dici

379 2802 468 2842 quod
498 2801 619 2833 fructus
650 2813 718 2833 non
749 2803 900 2833 omnibus
931 2803 1130 2834 conveniunt
1159 2802 1334 2833 salvandis:
1366 2803 1448 2833 sicut
1501 2808 1532 2834 et
1543 2803 1703 2844 filiabus;
1727 2802 1891 2839 Glossa’,

1500 2670 1586 2709 Ergo
1610 2670 1791 2710 praemium
1816 2669 1906 2709 quod
1928 2670 2099 2710 virginitati
2123 2669 2267 2706 debetur,
2292 2669 2408 2700 dicitur
2430 2668 2569 2700 aureola.

1558 2723 1588 2744 2.
1612 2714 1809 2750 Piraei-nam,
1826 2714 1924 2744 Isaiae
1939 2715 2019 2745 Lvr'
2043 2713 2167 2750 dicitur,
2192 2713 2287 2744 Haec
2309 2714 2388 2744 dicit
2408 2713 2571 2744 Dominus

1501 2758 1676 2794 eunuchis,·
1706 2765 1736 2789 et
1759 2759 1903 2799 sequitur
1918 2759 1952 2794 *,
1981 2758 2074 2789 Dabo
2099 2758 2145 2789 eis
2168 2767 2284 2789 nomen
2313 2758 2427 2789 melius
2451 2767 2471 2788 a
2483 2757 2572 2799 filiis

1923 2803 2097 2844 Propriam
2126 2803 2272 2845 gloriam
2301 2803 2572 2843 excellentemque

378 2852 465 2887 patet
488 2846 528 2878 de
551 2847 599 2877 his
624 2848 680 2888 qui
703 2848 737 2878 in
761 2847 825 2878 fine
849 2848 1027 2888 poenitent,
1048 2853 1079 2878 et
1101 2847 1338 2878 incontinenter
1361 2847 1447 2877 vixe-
1461 2854 1488 2873 6⁰
1501 2847 1675 2889 significat.
1699 2847 1763 2878 Sed
1778 2857 1835 2888 per
1850 2848 2014 2878 eunuchos
2036 2848 2092 2888 qui
2109 2848 2231 2888 seipsos
2254 2851 2481 2878 castraverunt
2489 2855 2571 2887 pro-

378 2897 465 2928 runt;
480 2892 524 2921 eis
542 2892 628 2922 enim
643 2902 711 2922 non
728 2892 859 2929 fructus,
873 2892 929 2923 sed
946 2892 1112 2923 essentiale
1127 2893 1307 2932 praemium
1323 2897 1448 2923 tantum
1497 2897 1573 2933 pter
1588 2902 1726 2933 regnum
1749 2892 1916 2923 caelorum
1932 2893 1959 2929 *,
1978 2893 2116 2932 virgines
2132 2891 2348 2932 designantur.
2372 2892 2458 2931 Ergo
2476 2890 2570 2930 virgi-

379 2935 522 2966 debetur.

1502 2937 1593 2967 nitati
1609 2936 1742 2967 debetur
1758 2936 1890 2976 aliquod
1906 2937 2063 2967 excellens
2087 2937 2278 2977 praemium.
2302 2936 2343 2967 Et
2358 2936 2422 2966 hoc
2437 2938 2571 2966 vocatur

434 2981 485 3010 An
509 2990 643 3010 ram-nm
666 2990 827 3011 0101100011
850 2980 940 3021 quod
968 2980 1130 3011 distinctio
1160 2979 1325 3011 fructuum
1348 2981 1449 3020 magis
1503 2981 1642 3012 aureola.

380 3025 534 3064 accipitur
561 3024 740 3055 secundum
771 3025 893 3066 species
917 3030 948 3056 et
971 3024 1088 3065 figuras
1115 3034 1327 3056 numerorum
1351 3034 1449 3065 quam

1558 3026 1749 3056 Rusponmzo
1781 3035 1941 3056 nrcanmm
1971 3024 2078 3066 quod.
2102 3025 2159 3055 ubi
2189 3029 2236 3055 est
2265 3023 2460 3065 praecellens
2490 3023 2570 3053 ratio

380 3068 559 3099 secundum
583 3070 774 3109 quantitates
797 3070 953 3110 ipsorum.
979 3070 1105 3100 Tamen
1125 3070 1220 3100 etiam
1236 3074 1394 3110 quantum
1410 3068 1450 3100 ad
1463 3075 1487 3101 65
1503 3071 1666 3106 victoriae,
1682 3070 1727 3100 ibi
1743 3069 1877 3100 debetur
1892 3069 1998 3110 aliqua
2014 3069 2160 3110 specialis
2180 3077 2302 3099 corona
2316 3068 2344 3098 “.
2372 3066 2477 3104 Unde,
2494 3077 2571 3098 cum
2599 3071 2608 3081 ·

382 3113 564 3153 quantitatis
588 3123 753 3144 excessum
776 3120 884 3154 potest
907 3114 1014 3154 aliqua
1034 3115 1114 3145 ratio
1139 3114 1298 3154 assignari.
1325 3114 1449 3145 Coniu-

381 3163 471 3197 gatus
496 3157 582 3187 enim
605 3158 740 3188 abstinet
763 3163 888 3189 tantum
912 3169 930 3188 a
952 3168 1020 3189 non
1044 3168 1111 3195 sua,
1135 3158 1233 3189 vidua
1254 3168 1331 3189 vero
1355 3168 1373 3189 a
1389 3168 1448 3189 suo

383 3207 414 3231 et
437 3211 454 3231 a
477 3211 544 3231 non
568 3211 647 3232 suo:
674 3208 705 3232 et
728 3203 773 3233 sic
795 3203 957 3234 invenitur
983 3203 1029 3233 ibi
1052 3202 1212 3243 quaedam
1238 3204 1319 3234 ratio
1348 3202 1448 3243 dupli,

1504 3124 1561 3155 per
1591 3114 1804 3155 virginitatem
1836 3114 1951 3154 aliquis
1984 3113 2179 3153 singularem
2209 3111 2372 3152 quandam
2403 3112 2571 3143 victoriam

1504 3159 1647 3189 obtineat
1670 3158 1709 3189 de
1734 3168 1838 3194 carne,
1863 3164 1974 3189 contra
1997 3166 2095 3198 quam
2118 3157 2273 3188 continue
2296 3156 2418 3187 bellum
2441 3157 2570 3196 geritur,

1503 3209 1540 3234 ut
1562 3208 1650 3244 patet
1673 3202 1712 3234 ad
1730 3203 1836 3234 Galat.
1853 3212 1874 3234 v
1888 3203 1915 3239 ’‚
1939 3202 2079 3242 Spiritus
2101 3200 2299 3240 concupiscit
2320 3201 2475 3232 adversus
2498 3210 2571 3232 car-

382 3246 463 3276 sicut
487 3247 706 3286 sexagenarius
731 3252 778 3277 est
801 3246 920 3287 duplex
944 3246 984 3278 ad
999 3247 1213 3278 tricenarium.
1239 3247 1450 3279 Centenarius
1505 3257 1577 3278 nem
1593 3253 1664 3283 etc.‚
1681 3247 1852 3287 virginitati
1870 3246 2014 3286 specialis
2037 3254 2159 3276 corona
2181 3244 2325 3282 debetur,
2342 3254 2424 3285 quae
2441 3245 2571 3276 aureola

384 3299 458 3319 vero
483 3299 578 3330 supra
601 3292 841 3331 sexagenarium
864 3291 951 3322 addit
975 3291 1274 3332 quadragenarium,
1291 3292 1348 3332 qui
1371 3301 1450 3323 con·
1464 3301 1491 3322 ⁷⁰
1503 3292 1699 3323 nominatur.
1733 3291 1774 3322 Et
1797 3291 1861 3322 hoc
1889 3289 2021 3330 quidem
2049 3289 2264 3320 communiter
2287 3290 2326 3320 ab
2349 3290 2502 3320 omnibus
2524 3295 2571 3320 te·

384 3333 482 3373 surgit
512 3343 550 3364 ex
580 3333 679 3365 ductu
714 3336 905 3375 quaternarii
939 3336 973 3366 in
1009 3335 1185 3367 denarium.
1221 3336 1450 3374 Quaternarius
1504 3341 1607 3367 netur.
1633 3335 1696 3366 Sed
1719 3335 1772 3366 cui
1793 3334 1965 3375 virginitati
1989 3333 2141 3364 debeatur
2168 3333 2312 3371 aureola,
2336 3343 2405 3365 non
2428 3334 2571 3365 similiter

385 3382 492 3407 autem
515 3383 561 3408 est
579 3380 701 3418 primus
724 3389 879 3410 numerus
903 3378 1024 3410 solidus
1041 3385 1072 3410 et
1088 3381 1230 3411 cubicus.
1254 3381 1296 3411 Et
1311 3381 1356 3411 sic
1372 3390 1451 3411 con·
1506 3389 1619 3411 omnes
1643 3379 1764 3410 dicunt.

386 3421 471 3450 venit
499 3421 569 3452 talis
602 3422 721 3454 additio
753 3424 940 3463 virginitati,
970 3433 1053 3463 quae
1088 3434 1184 3464 supra
1218 3424 1451 3465 perfectionem

386 3463 545 3495 viduitatis
568 3471 757 3506 perpetuam
780 3467 1057 3506 incorruptionem
1082 3468 1235 3508 adiungit.

1561 3422 1700 3461 Quidam
1726 3423 1812 3453 enim
1835 3421 1947 3452 dicunt
1969 3421 2134 3452 aureolam
2157 3423 2242 3453 actui
2266 3422 2383 3454 deberi.
2408 3422 2502 3454 Unde
2517 3422 2571 3454 illa

1506 3477 1590 3508 quae
1614 3472 1687 3497 actu
1709 3466 1922 3506 virginitatem
1945 3471 2057 3502 servat,
2082 3467 2245 3498 aureolam
2268 3467 2407 3504 habebit,
2423 3468 2450 3498 si
2473 3467 2513 3498 sit
2530 3466 2571 3498 de

441 3508 491 3538 Ao
512 3519 659 3540 11οΑ111011
682 3521 840 3541 11100111)οΜ
857 3510 957 3551 quod,
975 3513 1121 3551 quamvis
1137 3512 1189 3543 illa
1204 3512 1451 3552 repraesentatio
1465 3520 1489 3541 ⁷⁵
1505 3520 1643 3542 numero
1667 3510 1903 3541 salvandorum.
1927 3528 1950 3533 -—
1973 3509 2035 3541 Sed
2050 3511 2114 3541 hoc
2129 3520 2196 3542 non
2212 3511 2338 3543 videtur
2360 3521 2429 3543 esse
2452 3520 2571 3542 conve-

2645 719 2683 741 i.·t
2697 718 2800 745 cxxnl,

2589 772 2663 799 rach„
2655 745 2673 772 1⁹
2678 745 2736 794 uada.
2735 745 2800 773 ΛΚΕ

2589 896 2600 905 ·
2606 893 2643 916 De
2649 893 2751 916 Animal.
2757 892 2801 915 Ha·-

2589 922 2649 942 τιον.
2673 919 2714 942 lib.

2590 953 2641 975 cap.
2656 952 2671 974 1,
2686 952 2709 968 n.
2723 953 2749 974 4.

2591 1211 2777 1261 araasfffi·

2592 1560 2702 1611 :ref-mas.
2705 1566 2757 1589 ap·
2781 1565 2789 1582 Ι
2797 1575 2804 1588 ’

2597 2494 2688 2518 ·v0n.
2703 2499 2736 2523 ²5·

2597 2538 2777 2562 ·ord.1³·d·=.

2597 2716 2608 2726 ¹
2622 2713 2690 2736 veru.
2703 2719 2727 2740 4.

2597 2759 2608 2770 ·
2623 2756 2690 2780 Vsn.
2703 2762 2724 2785 5.

2598 2807 2676 2862 ΗΑἏ
2668 2802 2810 2829 ,ἀδικία

2597 2864 2810 2914 {22:22⁸th

2597 2911 2773 2939 m,1oe.cit.

2599 2929 2808 2967 ·Μ3’1111.οιρ.ια,

2597 2971 2659 2988 vern.
2675 2971 2708 2988 13.

2598 3206 2608 3217 ·
2622 3204 2690 3227 Vero.
2706 3210 2739 3233 17.
