2918 4088
203 374 214 384 ’
231 373 285 400 Cap.
301 377 338 393 xvi
348 388 353 393 .

202 636 212 645 ’
229 634 292 656 Vers.
307 641 326 662 5.

196 2480 206 2490 ’
222 2480 246 2500 ln
266 2479 310 2500 hoc
329 2482 370 2500 art.
386 2482 408 2500 et

195 2511 236 2529 art.
251 2512 274 2532 4.

448 198 495 222 20
1145 182 1408 230 QUAESTIO
1436 182 1555 229 LXII,
1589 180 1882 219 ARTICULUS
1910 182 1923 218 Ι

444 275 568 300 novae
597 262 686 310 legis
714 262 873 311 gratiam
901 269 1074 299 causant:
1110 261 1341 299 adhibentur
1369 259 1507 297 enirn‘3

443 329 489 353 ex
518 315 647 352 divina
675 315 914 352 ordinatione
940 316 988 352 ad
1016 314 1174 363 gratiam
1200 314 1239 350 in
1268 314 1322 351 eis
1350 325 1506 350 causan-

442 370 544 405 dam.
567 369 677 406 Unde
697 368 932 416 Augustinus
951 368 1051 412 dicit,
1072 368 1160 404 XIX
1178 373 1308 404 contra
1327 369 1450 404 Faust.
1467 366 1504 403 *z

442 423 552 459 Haec
580 423 718 467 omnia,
738 421 876 458 scilicet
895 419 1180 458 sacramentalia
1184 422 1305 468 ‚fiunt
1328 425 1361 456 et
1387 425 1506 456 trans-

442 481 548 511 eunt:
575 477 690 512 virtus
708 480 842 521 tamen,
864 474 1002 511 scilicet
1030 473 1113 518 Dei,
1135 485 1229 523 quae
1241 485 1314 522 per
1332 474 1398 509 ista
1423 484 1504 521 ope-

442 533 558 573 ratur,
579 529 714 578 iugiter
740 533 874 564 manet.
904 527 992 563 Hoc
1019 533 1149 563 autern
1183 525 1336 574 proprie
1370 524 1507 561 dicitur

441 580 750 626 instrumentum,
771 591 841 628 per
868 580 974 629 quod
1003 578 1137 628 aliquis
1166 585 1356 628 operatur.
1394 578 1504 614 Unde

441 642 477 670 et
510 635 576 670 Tit.
598 645 629 670 111
648 633 668 655 ²¹²
688 633 840 670 dicitur:
871 633 1000 670 Salvos
1019 644 1085 668 nos
1102 632 1197 680 fecit
1219 643 1291 681 per
1311 631 1504 668 lavacrum

441 687 744 736 regenerationis.

493 740 549 776 Α1)
579 750 713 776 PRIMUM
741 750 839 775 ERGO
867 749 1047 775 DICENDUM
1083 737 1189 786 quod
1224 748 1339 774 causa
1367 735 1504 785 princi-

439 792 534 841 palis
572 804 652 828 non
689 791 843 841 proprie
871 798 996 850 potest
1028 790 1102 827 dici
1136 790 1288 838 signum
1325 789 1503 835 effectus,

439 845 523 882 licet
551 844 700 891 occulti,
721 844 833 881 etiam
864 843 895 880 si
922 843 1004 892 ipsa
1033 843 1078 880 sit
1106 842 1291 879 sensibilis
1319 849 1355 878 et
1382 841 1504 879 mani-

439 898 542 935 festa.
573 898 649 934 Sed
677 910 792 934 causa
820 896 1133 942 instrumentalis,
1161 895 1192 932 si
1220 895 1266 932 sit
1293 895 1502 941 manifesta,

439 958 563 1000 potest
590 950 665 987 dici
685 950 837 998 signum
865 949 1023 986 effectus
1043 948 1199 986 occulti:
1230 960 1277 985 eo
1298 948 1405 997 quod
1423 959 1504 984 non

439 1005 566 1040 solum
594 1011 649 1040 est
676 1015 803 1050 causa,
832 1003 900 1039 sed
926 1001 1222 1051 quodammodo
1251 1001 1421 1047 effectus,
1450 1000 1503 1036 in-

439 1064 629 1106 quantum
654 1063 834 1092 movetur
861 1067 883 1092 a
909 1053 1107 1104 principali
1127 1062 1271 1102 agente.
1301 1055 1349 1091 Et
1368 1065 1503 1090 secun-

439 1109 535 1145 dum
572 1109 667 1155 hoc,
704 1115 941 1145 sacramenta
978 1119 1102 1144 novae
1137 1107 1227 1155 legis
1264 1106 1379 1143 simul
1415 1113 1504 1142 sunt

438 1174 553 1198 causa
573 1166 588 1188 Υ
616 1169 652 1197 et
679 1161 795 1208 signa.
840 1161 887 1197 Et
915 1160 1004 1196 inde
1033 1167 1088 1196 est
1115 1160 1243 1208 quod,
1274 1159 1370 1196 sicut
1397 1170 1503 1195 com-

438 1213 604 1250 muniter
631 1213 777 1259 dicitur,
800 1214 964 1261 efficiunt
991 1213 1090 1261 quod
1104 1214 1292 1262 figurant.
1329 1212 1387 1248 Ex
1422 1223 1501 1259 quo

438 1267 550 1304 etiam
580 1273 681 1315 patet
709 1266 815 1314 quod
853 1266 996 1302 habent
1023 1265 1185 1314 perfecte
1224 1264 1410 1301 rationem
1445 1274 1502 1300 sa-

438 1319 640 1356 cramenti:
670 1319 901 1368 inquantum
939 1318 1165 1354 ordinantur
1192 1318 1240 1354 ad
1274 1316 1418 1366 aliquid
1446 1328 1501 1352 sa-

437 1385 546 1409 crum
575 1384 654 1409 non
692 1373 818 1408 solum
846 1383 915 1420 per
951 1371 1116 1408 modum
1145 1369 1260 1418 signi,
1291 1369 1357 1406 sed
1387 1368 1500 1405 etiam

436 1438 506 1474 per
533 1426 697 1462 modum
725 1437 874 1461 causae.

1613 261 1670 296 AD
1698 272 1887 297 SECUNDUM
1906 271 2088 296 monimum
2116 260 2223 309 quod
2243 260 2539 299 instrumentum
2560 262 2627 299 ha-

1561 313 1623 350 bet
1642 313 1738 350 duas
1762 312 1950 349 actiones:
1981 324 2099 349 unam
2129 313 2471 362 instrumentalem,
2491 327 2627 352 secun-

1561 366 1657 403 dum
1684 377 1803 415 quarn
1823 372 2004 414 operatur
2031 377 2112 402 non
2140 365 2180 402 in
2205 366 2343 403 virtute
2371 367 2538 416 propria,
2559 368 2627 405 sed

1560 418 1599 455 in
1627 418 1764 455 virtute
1792 417 2009 468 principalis
2037 417 2201 466 agentis;
2230 419 2341 456 aliam
2363 427 2490 457 autem
2512 420 2628 458 habet

1560 471 1751 508 actionem
1769 471 1978 521 propriam,
1999 483 2099 521 quae
2119 471 2302 522 competit
2320 472 2391 509 sibi
2409 474 2626 510 secundum

1559 524 1754 573 propriam
1776 524 1959 570 formam;
1989 524 2085 561 sicut
2105 524 2228 561 securi
2247 525 2430 574 competit
2453 525 2625 563 scindere

1560 577 1705 614 ratione
1743 590 1835 614 suae
1872 577 2054 623 acuitatis,
2083 577 2206 614 facere
2241 585 2372 614 autem
2399 579 2542 615 lectum
2570 578 2626 615 in-

1559 637 1749 679 quantum
1769 638 1824 667 est
1843 630 2142 667 instrumentum
2161 630 2260 667 artis.
2282 631 2375 667 Non
2393 638 2522 668 autem
2543 642 2626 680 per-

1558 683 1636 720 ficit
1682 683 1870 720 actionem
1913 683 2244 720 instrumentalem
2292 683 2364 720 nisi
2410 684 2625 721 exercendo

1559 735 1749 773 actionem
1768 736 1983 785 propriam;
2011 735 2222 774 scindendo
2235 732 2347 773 ’enirn
2366 736 2452 773 facit
2470 737 2623 775 lectum.

1559 789 1607 825 Et
1634 788 1805 826 similiter
1831 797 2068 827 sacramenta
2095 789 2309 839 corporalia
2335 800 2406 839 per
2425 788 2625 839 propriam

1558 841 1824 890 operationem
1852 853 1969 891 quam
2000 849 2177 879 exercent
2204 842 2303 879 circa
2330 853 2486 891 corpus,
2517 842 2624 892 quod

1548 902 1736 943 tangunt,
1775 894 1946 932 efficiunt
1990 894 2256 944 operationem
2292 895 2624 933 instrumentalem

1558 959 1604 984 ex
1632 946 1771 984 virtute
1790 947 1921 985 divina
1939 946 1953 970 δ
1981 947 2080 985 61163
2099 947 2287 986 animam:
2318 948 2415 985 sicut
2438 958 2539 998 aqua
2557 947 2623 986 ba-

1556 999 1698 1049 ptismi,
1718 1000 1912 1038 abluendo
1937 1013 2077 1050 corpus
2097 1001 2314 1038 secundum
2334 1000 2530 1051 propriam
2549 1001 2623 1038 vir-

1556 1061 1690 1100 tutem,
1711 1053 1829 1090 abluit
1857 1053 2027 1091 animam
2056 1054 2287 1104 inquantum
2315 1061 2370 1091 est
2393 1054 2622 1092 instrumen-

1556 1113 1641 1143 tum
1667 1105 1816 1143 virtutis
1844 1106 2018 1153 divinae;
2048 1118 2138 1144 narn
2169 1119 2215 1144 ex
2243 1107 2372 1144 anima
2401 1115 2437 1144 et
2460 1117 2622 1156 corpore

1556 1170 1682 1195 unum
1710 1159 1763 1195 fit.
1807 1159 1855 1196 Et
1883 1159 1959 1196 hoc
1987 1167 2042 1196 est
2075 1160 2182 1209 quod
2210 1160 2447 1208 Augustinus
2475 1160 2565 1198 dicit
2582 1160 2621 1208 *,

1556 1212 1663 1260 quod
1691 1224 1826 1260 corpus
1853 1214 1972 1262 tangit
1999 1219 2032 1249 et
2059 1225 2126 1250 cor
2153 1214 2277 1250 abluit.

1609 1263 1666 1300 AD
1693 1275 1851 1301 TERTIUM
1880 1277 2061 1302 DICENDUM
2090 1267 2197 1325 quod
2235 1266 2330 1303 ratio
2358 1265 2420 1303 illa
2451 1267 2624 1315 procedit

1555 1317 1603 1353 de
1633 1328 1680 1354 eo
1709 1317 1816 1366 quod
1846 1325 1919 1354 est
1927 1329 2043 1355 causa
2071 1318 2210 1366 gratiae
2238 1330 2308 1367 per
2326 1319 2492 1355 modurn
2519 1319 2623 1368 prin-

1555 1367 1686 1418 cipalis
1715 1368 1877 1417 agentis:
1908 1369 1983 1406 hoc
2012 1370 2116 1407 enim
2146 1379 2201 1407 est
2228 1370 2431 1420 proprium
2459 1371 2550 1419 Dei,
2581 1380 2624 1410 ut

1554 1422 1701 1459 dictum
1730 1430 1784 1460 est
1802 1422 1833 1459 *.

490 1539 514 1573 β)
534 1540 613 1564 enim.
631 1554 650 1557 —
668 1539 817 1564 hominibus
837 1539 906 1563 addit
925 1539 954 1568 E,
974 1539 1042 1563 idem
1063 1539 1081 1563 P
1100 1544 1160 1571 post
1178 1538 1358 1563 ordinatione.

489 1576 516 1610 γ)
535 1582 625 1601 causa.
644 1589 662 1593 -
680 1581 778 1600 causae
796 1575 869 1599 tertia
888 1579 913 1599 et
931 1582 957 1599 a.

1610 1537 1635 1572 δ)
1655 1538 1756 1563 divina.
1774 1552 1794 1556 —
1812 1538 1867 1562 DEI
1887 1543 1911 1562 et
1930 1538 2070 1568 editiones;
2090 1544 2147 1563 ante
2167 1538 2266 1563 virtute
2284 1539 2356 1571 ponit
2374 1539 2403 1570 F,
2422 1546 2475 1564 om.
2495 1540 2581 1564 ceteri.

1109 1643 1446 1677 Commentaria
1467 1645 1720 1679 Car-dinatus
1742 1644 1943 1678 Caietam

467 1738 487 1758 N
510 1727 603 1759 titulo
627 1732 704 1757 nota
727 1727 890 1756 terminos.
914 1725 991 1756 Non
1014 1726 1100 1756 enim
1124 1726 1301 1766 quaeritur,
1325 1735 1367 1756 an
1391 1735 1502 1759 sacra-

440 1740 573 1803 Imenta
597 1771 748 1802 dicantur
771 1778 892 1801 causa:
914 1768 980 1806 sed,
1002 1779 1043 1800 an
1063 1770 1128 1800 sint
1150 1779 1259 1801 causa.
1284 1770 1324 1800 Et
1339 1771 1403 1801 hoc
1427 1770 1500 1801 ideo

437 1817 513 1856 quia
535 1825 603 1846 non
624 1814 732 1845 satisfit
756 1815 936 1883 quaestioni
958 1812 1105 1844 vocando
1130 1824 1259 1845 causam
1274 1813 1307 1844 id
1323 1814 1412 1854 quod
1427 1824 1501 1845 vera

436 1870 504 1891 non
527 1866 574 1891 est
597 1869 700 1890 causa.

491 1905 540 1935 De
562 1905 660 1944 gratia
692 1909 800 1934 autem
829 1904 862 1933 in
892 1903 1049 1942 praesenti
1078 1902 1172 1933 titulo
1204 1912 1308 1933 sermo
1334 1908 1380 1933 est
1403 1902 1500 1933 indis-

435 1951 542 1980 tincte.
576 1949 764 1979 Reservatur
797 1948 883 1978 enim
915 1947 1061 1987 sequenti
1093 1947 1227 1978 articulo
1261 1956 1344 1987 quae
1376 1948 1416 1978 sit
1446 1947 1500 1977 illa

435 1994 534 2034 gratia
557 2002 639 2033 quae
662 2002 718 2032 per
741 1996 936 2022 sacramenta
966 1990 1137 2022 confertur.
1171 1990 1265 2022 Unde
1287 2001 1355 2022 non
1379 1997 1500 2032 spectat

436 2037 474 2068 ad
498 2042 696 2078 praesentem
721 2035 943 2076 quaestionem
968 2035 1123 2066 discutere
1139 2036 1172 2065 in
1189 2036 1317 2075 speciali
1341 2035 1380 2066 de
1401 2036 1499 2076 gratia

436 2092 518 2122 quae
534 2086 689 2112 causatur.
714 2099 737 2102 —
758 2081 889 2115 Rursus,
907 2080 932 2110 si
947 2080 1142 2120 principium
1165 2089 1233 2110 non
1253 2080 1375 2110 articuli
1390 2080 1497 2116 huius,

435 2126 489 2156 sed
512 2125 710 2156 introductae
742 2123 936 2164 quaestionis
966 2124 1077 2159 huius,
1102 2125 1314 2164 perspexeris,
1339 2124 1395 2154 ubi
1418 2123 1497 2155 haec

435 2170 579 2210 quaestio
602 2167 936 2208 sexagesimasecunda
959 2177 977 2198 a
1001 2169 1188 2208 quaestione
1211 2169 1498 2208 sexagesimatertia

435 2215 645 2254 distinguitur,
663 2212 810 2249 dicendo,
830 2213 874 2242 Et
889 2212 1010 2252 primo,
1027 2212 1067 2243 de
1085 2212 1199 2253 effectu
1223 2213 1291 2243 eius
1308 2213 1496 2253 principali,

434 2259 488 2300 qui
511 2263 559 2289 est
578 2258 711 2300 gratia;
742 2257 899 2293 secundo,
924 2256 963 2288 de
985 2257 1100 2307 effectu
1132 2257 1343 2293 secundario,
1367 2258 1424 2298 qui
1450 2262 1499 2288 est

434 2303 620 2334 character.
643 2299 764 2332 videbis
787 2300 877 2341 quod
900 2301 958 2332 sub
981 2301 1098 2341 gratiae
1122 2302 1254 2332 nomine
1278 2301 1342 2332 hoc
1365 2302 1398 2332 in
1421 2301 1496 2338 loco

433 2357 501 2378 non
525 2345 807 2387 comprehenditur
837 2345 1013 2381 character,
1040 2355 1114 2375 cum
1145 2345 1355 2385 distinguatur
1386 2350 1497 2376 contra

435 2392 665 2426 characterem;
699 2388 755 2420 sed
787 2390 1001 2420 communiter
1031 2389 1182 2424 sumitur,
1207 2395 1305 2429 prout
1333 2399 1351 2420 a
1374 2389 1496 2420 Sanctis

434 2436 549 2466 dicitur
572 2435 662 2475 quod
683 2438 887 2465 sacramenta
910 2434 1085 2475 conferunt
1105 2433 1259 2475 gratiam.

489 2480 531 2510 Et
546 2480 609 2510 hoc
632 2478 748 2509 manda
771 2478 962 2508 memoriae:
988 2483 1019 2508 et
1034 2478 1246 2514 reminiscere,
1265 2487 1339 2509 curn
1355 2483 1468 2518 postea
1480 2479 1496 2495 ὕ

435 2524 557 2555 dicetur
587 2527 782 2554 sacramenta
812 2532 940 2552 causare
970 2522 1250 2552 instrumentaliter
1279 2523 1428 2563 gratiam,
1461 2527 1498 2553 ut

434 2578 501 2599 non
524 2577 665 2598 recurras
689 2566 729 2597 ad
752 2566 974 2602 characterem,
999 2565 1111 2596 volens
1141 2566 1250 2606 fugere
1282 2566 1372 2606 quod
1395 2567 1496 2607 bapti·

435 2621 522 2643 smus
544 2621 613 2642 non
636 2615 744 2642 causet
766 2611 898 2650 gratiam
920 2615 1045 2650 gratum
1068 2609 1248 2646 facientem,
1272 2611 1347 2651 quia
1363 2615 1495 2647 creatur,

435 2662 467 2687 et
489 2662 631 2686 creatura
652 2665 721 2686 non
743 2659 850 2694 potest
873 2655 968 2684 etiam
990 2655 1270 2685 instrumentaliter
1294 2664 1409 2685 creare.
1433 2654 1495 2685 Hic

435 2701 532 2736 enim,
549 2700 588 2730 de
608 2699 724 2730 effectu
750 2699 916 2739 principali
944 2704 1225 2734 sacramentorum,
1250 2700 1306 2739 qui
1331 2705 1377 2729 est
1399 2700 1496 2739 gratia

435 2745 581 2775 distincta
605 2749 715 2774 contra
742 2744 971 2779 characterem,
996 2742 1174 2779 tractando,
1200 2744 1361 2783 quaeritur
1384 2753 1424 2774 an
1448 2753 1496 2774 sa-

436 2794 634 2819 cramentum
657 2789 696 2818 sit
719 2797 813 2818 causa
835 2788 971 2827 gratiae:
996 2793 1027 2817 et
1042 2788 1074 2817 in
1091 2788 1237 2827 sequenti
1260 2788 1394 2818 articulo
1418 2787 1496 2828 quid

435 2832 528 2863 addat
551 2833 628 2863 haec
651 2833 749 2872 gratia
773 2841 868 2872 supra
890 2831 1023 2872 gratiam
1045 2837 1171 2871 gratum
1197 2830 1367 2863 facientem
1391 2831 1496 2863 discu-

434 2878 520 2907 titur.

490 2921 526 2951 11.
551 2921 587 2951 111
610 2929 746 2961 corpore
770 2920 892 2950 articuli
915 2919 973 2949 tria
996 2918 1096 2950 fiunt:
1120 2920 1236 2960 primo,
1260 2920 1392 2960 ponitur
1414 2920 1447 2951 id
1462 2921 1495 2950 in

435 2975 501 3005 quo
530 2970 658 3005 oportet
687 2973 800 2995 omnes
831 2965 1022 3000 convenire;
1054 2964 1213 3000 secundo,
1238 2965 1386 2995 recitatur
1413 2973 1495 3005 quo-

434 3009 569 3040 rundam
599 3009 729 3049 opinio;
762 3009 872 3044 tertio,
901 3007 1111 3048 respondetur
1142 3010 1287 3048 quaesito
1317 3008 1495 3040 secundum

434 3054 596 3093 propriam
619 3053 817 3093 opinionem.
842 3052 959 3090 Quoad
981 3053 1132 3093 primum,
1150 3053 1316 3084 conclusio
1341 3059 1405 3084 est:
1431 3054 1495 3084 Ne-

435 3107 520 3128 cesse
551 3102 597 3127 est
627 3096 733 3127 dicere
765 3102 967 3127 sacramenta
1003 3107 1106 3128 novae
1140 3098 1222 3140 legis
1256 3098 1365 3138 aliquo
1399 3098 1494 3128 modo

435 3148 572 3171 causare
592 3141 744 3182 gratiam.
767 3141 931 3171 Probatur.
956 3140 1016 3170 Per
1031 3147 1226 3171 sacramenta
1248 3141 1349 3172 homo
1367 3141 1494 3172 Christo

434 3185 665 3224 incorporatur.
682 3183 767 3224 Ergo
783 3185 917 3224 acquirit
931 3185 1072 3224 gratiam.
1088 3203 1110 3206 —
1126 3184 1327 3215 Antecedens
1344 3190 1390 3215 est
1405 3186 1494 3226 Apo-

435 3229 518 3259 stoli.
534 3245 556 3250 -
572 3228 812 3268 Consequentia
834 3233 938 3267 patet:
964 3229 1039 3267 quia
1054 3237 1122 3258 non
1138 3228 1174 3258 fit
1188 3229 1289 3259 horno
1313 3230 1494 3260 membrum

436 3272 554 3302 Christi
576 3273 636 3302 nisi
659 3281 716 3312 per
738 3272 878 3311 gratiam.

490 3315 609 3354 Quoad
631 3316 825 3352 secundum,
848 3316 954 3355 primo
983 3316 1115 3355 ponitur
1145 3316 1257 3356 opinio
1281 3315 1370 3356 quod
1394 3326 1494 3347 sacra-

435 3365 543 3391 menta
566 3365 696 3390 causant
718 3369 786 3390 non
809 3359 972 3399 operando
997 3359 1035 3389 ad
1057 3360 1206 3399 gratiam,
1231 3359 1286 3390 sed
1309 3361 1384 3400 quia
1406 3361 1494 3391 Deus

436 3404 566 3440 assistit;
584 3413 658 3434 cum
682 3404 844 3443 exemplis,
862 3409 893 3433 et
908 3404 1093 3434 auctoritate
1117 3403 1277 3434 Bernardi.
1294 3422 1316 3426 —
1332 3403 1492 3440 Secundo,

436 3449 604 3488 exponitur
635 3447 712 3488 quid
741 3449 892 3487 importet
918 3448 996 3478 haec
1025 3448 1146 3487 opinio,
1172 3447 1290 3478 scilicet
1314 3448 1403 3487 quod
1426 3458 1493 3478 non

435 3493 527 3532 ponit
557 3497 750 3522 sacramenta
779 3501 874 3532 supra
904 3501 1018 3531 genera
1049 3492 1231 3531 signorum:
1262 3497 1291 3521 et
1319 3492 1493 3522 declaratur

1555 1726 1718 1766 exemplis.
1748 1744 1772 1749 -
1799 1726 1927 1763 Tertio,
1951 1726 2151 1766 improbatur
2179 1726 2259 1756 haec
2290 1727 2402 1767 opinio
2432 1725 2620 1758 auctoritate

1554 1771 1746 1802 Sanctorum
1769 1770 1956 1801 addentium
1979 1771 2070 1810 signo
2095 1780 2234 1801 causam.

1610 1813 1728 1853 Quoad
1759 1815 1906 1851 tertium,
1939 1815 2072 1855 ponitur
2103 1815 2208 1855 primo
2242 1814 2402 1845 distinctio
2435 1814 2620 1846 bimembris

1554 1858 1593 1889 de
1624 1869 1719 1889 causa
1751 1865 1882 1899 agente:
1917 1858 2037 1889 scilicet
2069 1857 2252 1899 principali,
2278 1864 2309 1889 et
2331 1859 2574 1890 instrumentali.
2597 1877 2620 1882 -

1554 1902 1715 1939 Secundo,
1739 1903 1872 1943 ponitur
1894 1911 2007 1934 causae
2030 1903 2213 1943 principalis
2243 1902 2398 1939 conditio,
2423 1911 2487 1943 qua
2509 1903 2619 1934 distin-

1552 1948 1660 1988 guitur
1673 1948 1712 1978 ab
1728 1948 1972 1984 instrumentali‚
1989 1948 2128 1978 scilicet:
2151 1947 2335 1987 Principalis
2358 1956 2453 1978 causa
2473 1953 2521 1979 est
2535 1956 2619 1988 quae

1553 1993 1617 2032 agit
1632 1993 1747 2022 virtute
1771 2001 1847 2022 suae
1870 1991 2003 2028 formae,
2022 1993 2075 2022 cui
2097 1991 2286 2022 assimilatur
2309 1991 2451 2022 effectus.
2475 1992 2518 2023 Et
2531 1993 2620 2023 iuxta

1552 2036 1616 2066 hoc
1646 2036 1829 2067 membrum
1861 2037 1993 2076 ponitur
2024 2046 2089 2067 una
2119 2036 2304 2067 conclusio:
2337 2036 2435 2069 Solus
2456 2036 2547 2068 Deus
2573 2041 2621 2068 est

1552 2089 1651 2111 causa
1668 2080 1864 2122 principalis
1884 2081 2025 2122 gratiae.
2049 2079 2215 2110 Probatur.
2240 2078 2335 2111 Solus
2358 2079 2446 2111 Deus
2459 2079 2512 2111 ’est
2527 2081 2619 2111 cuius

1552 2130 1599 2155 est
1621 2125 1808 2165 participata
1831 2123 2006 2155 similitudo
2030 2124 2137 2164 gratia.
2162 2124 2248 2164 Ergo
2272 2124 2360 2155 solus
2383 2125 2471 2156 Deus
2487 2129 2535 2155 est
2548 2133 2603 2166 gra

1551 2169 1613 2199 tiae
1630 2179 1725 2199 causa
1747 2169 1940 2211 principalis.
1964 2168 2167 2199 Antecedens
2184 2174 2231 2199 est
2245 2169 2329 2199 Petri
2344 2167 2509 2209 Apostoli.
2529 2168 2619 2200 Con-

1551 2214 1718 2253 sequentia
1740 2218 1828 2253 patet
1847 2222 1885 2244 ex
1901 2213 2087 2244 conditione
2111 2222 2224 2244 causae
2247 2213 2440 2254 pn'ncipalis.
2455 2231 2479 2236 -
2493 2213 2616 2250 Tertio,

1550 2258 1683 2298 ponitur
1699 2257 1842 2289 conditio
1863 2266 1978 2288 causae
1996 2258 2254 2288 instrumentalis.
2278 2257 2320 2288 Et
2334 2258 2421 2288 iuxta
2435 2258 2500 2289 hoc
2515 2267 2619 2290 mem-

1551 2302 1646 2332 brum
1667 2302 1800 2342 ponitur
1829 2302 1890 2332 alia
1920 2302 2104 2339 conclusio,
2129 2302 2266 2333 scilicet:
2299 2301 2512 2333 Sacramenta
2541 2307 2618 2334 sunt

1550 2355 1670 2376 causae
1701 2351 1834 2388 agentes
1867 2345 2157 2377 instrumentaliter
2187 2345 2231 2376 ad
2260 2345 2415 2388 gratiam.
2450 2346 2616 2377 Probatur.

1551 2389 1656 2420 Causa
1684 2390 1932 2421 instrumentalis
1956 2394 2003 2421 est
2026 2399 2108 2430 quae
2132 2399 2201 2423 non
2225 2390 2288 2430 agit
2309 2390 2425 2421 virtute
2453 2399 2529 2421 suae
2553 2390 2617 2421 for-

1550 2443 1632 2469 mae,
1649 2434 1705 2465 sed
1720 2443 1784 2474 per
1799 2434 1906 2464 solum
1929 2439 2056 2465 motum
2079 2443 2147 2475 quo
2171 2435 2210 2464 ab
2226 2439 2340 2474 agente
2362 2432 2529 2475 principali
2545 2443 2616 2466 mo-

1549 2484 1650 2510 vetur.
1675 2479 1739 2509 Sed
1761 2484 1958 2509 sacramenta
1980 2479 2069 2510 Deus
2091 2478 2220 2509 adhibet
2234 2484 2272 2509 ut
2285 2487 2343 2519 per
2365 2487 2404 2509 ea
2424 2484 2533 2510 causet
2546 2487 2616 2519 gra—

1549 2523 1636 2553 tiam.
1665 2523 1751 2563 Ergo
1782 2528 1855 2553 sunt
1885 2533 1998 2553 causae
2028 2523 2293 2554 instrumentales.
2328 2523 2431 2554 Maior
2460 2528 2548 2564 patet
2576 2533 2617 2557 ex

1550 2568 1653 2608 signo,
1678 2568 1752 2607 quia
1783 2567 1914 2598 effectus
1944 2577 2012 2598 non
2041 2567 2230 2598 assimilatur
2259 2568 2492 2598 instrumento:
2523 2573 2556 2600 et
2577 2577 2616 2598 ex

1550 2611 1698 2652 exemplo
1723 2611 1762 2642 de
1786 2611 1905 2642 lectulo
1935 2617 2083 2652 respectu
2113 2620 2215 2642 serrae
2239 2617 2270 2642 et
2293 2612 2376 2642 artis.
2410 2610 2518 2642 Minor
2539 2621 2616 2653 pro-

1549 2655 1642 2686 batur
1657 2656 1843 2686 auctoritate
1859 2656 2040 2696 Augustini,
2058 2661 2089 2686 et
2103 2655 2263 2696 Apostoli,
2282 2662 2312 2686 et
2327 2655 2417 2686 modi
2439 2653 2613 2696 loquendi:

1550 2700 1625 2739 quia
1641 2700 1704 2730 hoc
1719 2705 1853 2730 vocatur
1875 2700 2123 2730 instrumentum
2146 2709 2203 2740 per
2219 2698 2309 2740 quod
2328 2699 2504 2740 principale
2517 2706 2615 2741 agens

1550 2744 1675 2784 operari
1698 2744 1822 2775 dicitur.
2610 2765 2611 2769 ,

1606 2788 1655 2818 111.
1681 2789 1754 2818 Hoc
1784 2789 1816 2818 in
1847 2788 1921 2818 loco
1954 2788 2184 2820 advertendum
2217 2794 2263 2819 est
2295 2788 2386 2829 quod
2417 2789 2549 2825 Scotus‚
2579 2789 2614 2820 111

1550 2832 1593 2863 IV
1617 2832 1714 2868 Sem„
1739 2832 1808 2863 dist.
1826 2843 1847 2869 1,
1872 2842 1926 2872 qu.
1946 2843 1977 2863 ιν
2001 2839 2032 2864 et
2050 2843 2080 2869 v,
2097 2834 2155 2864 etsi
2177 2833 2321 2864 videatur
2343 2833 2468 2864 tertiam
2490 2842 2612 2873 ponere

1549 2877 1755 2928 opinionem,
1779 2876 1957 2907 seeundum
1988 2883 2095 2908 tamen
2119 2887 2186 2908 rem
2213 2877 2331 2917 positio
2360 2886 2416 2907 sua
2445 2875 2557 2907 incidit
2579 2877 2612 2907 in

1550 2921 1739 2971 opinionem
1769 2921 2006 2961 praerecitatam
2030 2930 2066 2952 ac
2089 2920 2302 2962 improbatam
2329 2921 2362 2951 in
2385 2921 2505 2951 littera·
2537 2912 2617 2951 solis

1550 2966 1636 2995 enim
1651 2965 1754 2996 verbis
1770 2966 1808 2995 ab
1825 2965 1878 2996 illa
1893 2965 1996 2996 differt
2011 2966 2037 2996 ⁴².
2061 2965 2156 2996 Ponit
2179 2965 2266 2995 enim
2280 2965 2339 2995 tria
2353 2965 2387 2995 in
2402 2968 2611 2995 sacramento.

1549 3010 1674 3045 Primo,
1706 3009 1856 3040 effectum
1889 3019 1988 3050 quem
2008 3008 2166 3040 sensibile
2197 3009 2326 3049 signum
2357 3009 2453 3039 habet
2478 3018 2498 3039 3
2519 3009 2610 3039 Deo:

1548 3060 1626 3094 puta
1649 3053 1739 3094 quod
1762 3053 1928 3085 adhibetur
1943 3063 1982 3084 ex
1997 3054 2196 3084 institutione
2219 3052 2326 3083 divina
2349 3053 2410 3083 tale
2433 3058 2470 3083 ut
2485 3062 2504 3084 a
2517 3053 2612 3084 nobis

1549 3098 1737 3138 suscipiatur
1760 3104 1796 3128 ut
1818 3103 2062 3128 sacramentum.
2095 3096 2295 3133 Secundum,
2318 3096 2409 3137 quod
2433 3102 2480 3128 est
2501 3106 2611 3128 neces-

1548 3142 1621 3172 sitas
1644 3142 1830 3172 necessitate
1859 3141 2086 3172 infallibilitatis
2116 3146 2262 3181 respectu
2291 3140 2421 3171 effectus
2444 3140 2611 3182 significati

1548 3195 1605 3225 per
1628 3190 1871 3216 sacramentum.
1903 3185 2065 3221 Tertium,
2090 3184 2179 3225 quod
2202 3183 2297 3215 habet
2323 3185 2480 3216 rationem
2503 3185 2612 3226 dispo-

1548 3230 1688 3260 sitionis:
1714 3239 1773 3269 pro
1797 3235 1918 3269 quanto
1948 3230 2123 3269 suscipiens
2150 3234 2383 3260 sacramentum
2407 3238 2446 3260 ex
2468 3229 2536 3270 ipsa
2559 3239 2612 3260 su-

1548 3274 1712 3313 sceptione
1729 3273 1908 3314 disponitur
1923 3273 1963 3303 ad
1977 3271 2216 3313 suscipiendum
2233 3272 2382 3304 effectum
2397 3273 2610 3313 significatum

1547 3326 1604 3357 per
1627 3323 1870 3354 sacramentum,
1894 3327 1912 3348 a
1935 3317 2006 3348 Deo
2027 3316 2218 3348 immediate
2249 3323 2399 3348 causante
2427 3317 2528 3348 illum.
2562 3318 2611 3349 Ex

1548 3370 1688 3400 quorum
1718 3362 1815 3392 trium
1844 3371 2004 3392 concursu
2034 3361 2128 3392 infert
2151 3361 2240 3402 quod
2263 3367 2513 3398 sacramentum,
2537 3362 2611 3393 licet

1546 3415 1614 3435 non
1630 3406 1668 3435 sit
1685 3405 1862 3436 secundum
1885 3414 1953 3435 rem
1977 3415 2071 3436 causa
2093 3405 2220 3445 gratiae,
2241 3411 2347 3446 potest
2370 3411 2477 3436 tamen
2501 3406 2610 3447 appel-

1546 3449 1602 3479 lari
1626 3459 1720 3480 causa
1742 3449 1988 3480 instrumentalis
2011 3450 2146 3489 gratiae:
2171 3455 2206 3480 ut
2222 3450 2266 3480 sic
2290 3449 2449 3480 salventur
2472 3451 2609 3481 auctori-

1546 3498 1625 3523 tates
1649 3494 1849 3524 Sanctorum.

2651 1165 2724 1186 '¹..loc
2733 1164 2772 1186 cit.
2780 1164 2804 1186 iu
2814 1170 2862 1192 arg.

2650 1191 2700 1213 Sed
2711 1193 2773 1214 cont.

2651 1423 2700 1446 ’111
2714 1429 2822 1452 corpore.

2639 2971 2699 2994 Ἐἰ
2715 2977 2778 2994 num.
2794 2979 2816 2994 v.
