2878 4088
412 196 481 232 132

165 279 175 288 “
191 277 257 298 vers.
271 282 290 304 5-
459 275 520 306 San
546 286 669 306 CONTRA
692 286 746 306 nsr
763 275 852 316 quod
868 275 983 306 dicitur
1006 275 1019 306 I
1038 276 1114 306 Cor.
1130 286 1174 306 vn
1191 277 1224 306 *2
1250 275 1360 305 Nolite
1370 274 1472 315 frau-

403 320 477 350 dari
493 321 637 356 invicem,
656 320 718 350 nisi
734 321 898 351 communi
913 330 1070 351 consensu
1088 320 1131 351 ad
1146 325 1277 361 tempus,
1296 325 1354 349 etc.
1375 318 1471 358 Ergo,

405 365 534 406 quando
559 366 647 405 petit,
665 364 864 395 reddendum
888 371 935 395 est
958 366 997 396 ei.

458 411 648 440 Respommo
670 419 830 439 monimum
847 409 945 449 quod,
964 419 1038 440 cum
1058 410 1172 440 mulier
1195 409 1309 438 habeat
1332 411 1471 447 potesta-

404 460 469 485 tem
492 455 525 484 in
549 464 685 494 corpore
709 455 767 484 viri
791 460 948 494 quantum
973 453 1012 484 ad
1036 460 1143 484 actum
1163 452 1376 493 generationis
1400 460 1471 490 spe—

405 504 484 535 ctat,
509 504 540 529 et
563 508 581 528 e
605 508 779 534 converso,
804 504 930 529 tenetur
954 508 1037 529 unus
1061 498 1149 528 alteri
1174 497 1316 528 debitum
1340 494 1471 525 reddere

405 552 615 583 quocumque
650 549 795 583 tempore
826 549 857 573 et
887 552 1093 584 quacumque
1125 543 1220 576 hora,
1253 541 1336 571 salva
1367 539 1472 569 debita

404 588 571 618 honestate
588 597 670 628 quae
693 588 727 618 in
743 588 857 618 talibus
881 589 1031 628 exigitur;
1057 587 1131 627 quia
1146 595 1213 616 non
1230 590 1358 625 oportet
1382 582 1472 623 quod

405 633 510 663 statim
532 633 566 662 in
590 632 720 672 publico
744 631 855 663 reddat
878 632 1030 663 debiturn.

459 677 510 707 An
534 687 651 707 prunum
667 686 749 706 ERGO
766 686 926 707 monimum
947 675 1036 716 quod
1051 677 1119 711 iste,
1137 679 1295 715 quantum
1315 674 1349 703 in
1365 682 1398 703 se
1414 677 1470 708 est,

405 731 472 752 non
497 722 664 757 consentit,
682 721 737 751 sed
755 720 788 751 id
811 721 901 760 quod
924 722 963 751 ab
988 730 1026 750 eo
1044 720 1178 760 exigitur
1200 719 1318 749 invitus
1342 722 1373 747 et
1397 726 1472 747 curn

406 765 518 796 dolore
541 765 653 796 reddit.
678 765 719 795 Et
741 765 814 795 ideo
834 775 902 796 non
924 770 1045 806 peccat.
1070 764 1144 794 Hoc
1168 764 1255 794 enim
1271 767 1318 792 est
1341 767 1472 802 propter

405 811 564 841 lubricum
592 810 692 840 carnis
723 809 873 842 divinitus
905 809 1104 844 ordinatum,
1130 813 1166 838 ut
1196 816 1322 847 semper
1351 806 1471 846 petenti

406 855 549 885 debitum
573 854 730 890 reddatur,
747 863 789 883 ne
813 854 918 893 aliqua
942 854 1070 884 occasio
1094 852 1217 893 peccati
1241 851 1341 882 detur.

459 899 510 929 AD
534 908 695 929 SECUNDUM
727 908 886 928 mmmmm
917 897 1006 938 quod
1031 907 1100 927 non
1124 902 1170 927 est
1193 896 1299 936 aliqua
1329 896 1408 925 hora
1429 895 1473 924 ita

406 943 612 974 determinata
635 942 674 972 ad
698 941 855 972 orandum
879 942 958 982 quin
982 942 1083 981 possit
1101 946 1213 981 postea
1235 939 1472 979 recompensari

405 988 437 1018 in
461 987 528 1017 aliis
552 987 647 1018 horis.
672 986 713 1016 Et
735 985 808 1016 ideo
834 987 973 1016 obiectio
996 995 1064 1016 non
1089 985 1184 1025 cogit.

545 1083 797 1127 QUAEsrro
822 1081 1338 1125 SEXAGESIMAQUINTA

795 1141 817 1166 D
828 1141 848 1165 E
887 1142 906 1164 B
920 1141 927 1164 1
939 1140 962 1164 G
973 1141 995 1164 Α
1006 1140 1031 1164 Μ
1042 1140 1050 1164 Ι
1062 1140 1079 1164 S

166 1211 174 1219 ·
191 1209 226 1230 Cf.
247 1214 284 1236 qu.
309 1214 376 1235 Lx1v‚

167 1235 243 1256 'mod
409 1214 559 1277 Damna
584 1202 851 1233 considerandum
876 1207 922 1232 est
946 1202 985 1232 de
1009 1202 1187 1242 pluralitate
1210 1211 1349 1232 uxorum
1365 1202 1392 1231 ἥ.

468 1248 560 1278 Circa
584 1247 672 1287 quod
696 1253 892 1288 quaeruntur
916 1247 1071 1287 quinque.

458 1293 582 1323 Primo:
608 1297 716 1322 utrum
749 1292 864 1322 habere
897 1291 1004 1331 plures
1027 1300 1143 1322 uxores
1167 1291 1206 1321 sit
1229 1296 1340 1320 contra
1367 1290 1472 1330 legem

491 1342 631 1367 naturae.

459 1380 626 1412 Secundo:
650 1386 758 1411 utrum
782 1380 956 1420 aliquando
981 1380 1076 1410 fuerit
1098 1380 1232 1410 licitum.

459 1426 586 1455 Tertio:
622 1431 731 1455 utrum
761 1425 877 1455 habere
908 1425 1124 1455 concubinam
1157 1425 1196 1455 sit
1226 1430 1337 1455 contra
1366 1424 1472 1464 legem

491 1475 632 1500 naturae.
1359 1471 1361 1473 '

458 1514 598 1551 Quarto:
623 1520 732 1544 utrum
763 1513 913 1544 accedere
937 1513 976 1544 ad
1001 1514 1217 1544 concubinam
1240 1514 1280 1544 sit
1302 1519 1472 1554 peccatum

491 1559 636 1589 mortale.

459 1603 600 1640 Quinto:
625 1609 732 1633 utrum
752 1603 924 1643 aliquando
948 1603 1072 1633 licitum
1095 1601 1191 1633 fuerit
1209 1603 1325 1633 habere
1350 1612 1471 1632 concu-

493 1648 610 1677 binam.

589 1745 729 1775 ART.1.
754 1755 858 1775 urium
881 1755 1002 1775 HABERE
1025 1755 1139 1775 prunas
1163 1755 1282 1775 uxomzs

697 1800 742 1820 SIT
766 1799 889 1819 CONTRA
912 1800 1015 1820 LEGEM
1039 1800 1182 1819 NATURAE

444 1840 474 1861 111
490 1840 556 1861 Cont.
573 1839 648 1867 Genu,
665 1845 715 1867 cap.
732 1845 811 1864 cxxtv:
828 1839 853 1861 In
868 1840 934 1866 lsai„
949 1846 1001 1866 cap.
1019 1845 1056 1866 1v;
1073 1839 1081 1860 l
1096 1838 1130 1860 ad
1145 1839 1209 1866 Cor„
1226 1845 1277 1867 cap.
1293 1845 1331 1866 vn,
1346 1839 1398 1860 lect.
1414 1845 1429 1860 ι.

366 1905 368 1908 ’
469 1923 488 1943 n
513 1923 629 1943 mnium
652 1923 697 1943 s1c
725 1923 929 1943 pnomzmrrm.
954 1913 1088 1944 Videtur
1112 1913 1202 1954 quod
1225 1914 1340 1944 habere
1364 1914 1471 1954 plures

405 1927 583 1988 Auxores
600 1967 668 1988 non
683 1958 722 1987 sit
738 1964 849 1987 contra
864 1958 968 1997 legem
985 1964 1126 1988 naturae.
1148 1958 1360 1989 Consuetudo
1385 1959 1471 1989 enim

403 2002 465 2042 legi
488 2002 622 2032 naturali
646 2012 714 2032 non
738 2001 942 2042 praeiudicat.
978 2002 1041 2033 Sed
1071 2003 1187 2032 habere
1217 2002 1324 2042 plures
1354 2013 1470 2033 uxores

164 2053 177 2081 “,
198 2050 264 2071 Cont-
291 2050 374 2072 Faust-
397 2051 566 2086 peccatum
591 2056 655 2076 non
680 2051 753 2076 erat
774 2047 904 2087 quando
929 2056 998 2077 mos
1021 2052 1101 2082 erat,
1126 2052 1162 2077 ut
1184 2047 1223 2077 ab
1247 2047 1430 2087 Augustino
1454 2048 1470 2064 ⁴*

164 2077 303 2125 2253..3‘X¹¹’
324 2083 375 2104 ⁰⁸¹³*
402 2091 536 2121 habetur
558 2091 591 2120 in
615 2091 717 2121 littera
741 2092 766 2120 θ’.
803 2091 888 2131 Ergo
912 2091 1028 2121 habere
1056 2091 1163 2132 plures
1187 2101 1302 2122 uxores
1332 2101 1400 2122 non
1424 2097 1471 2122 est

164 2131 253 2185 {minii
277 2136 361 2158 ¹¹¹¹¹¹v
403 2140 513 2165 contra
536 2135 640 2175 legem
663 2140 805 2165 naturae.

209 2174 213 2179 ”
459 2189 488 2210 2.
513 2180 708 2216 PRAETEREA,
731 2180 930 2220 quicumque
954 2179 1028 2210 facit
1060 2185 1171 2210 contra
1193 2180 1298 2220 legem
1322 2187 1469 2217 naturae,

402 2223 476 2254 facit
500 2229 610 2254 contra
633 2229 857 2264 praeceptum:
883 2225 958 2264 quia
982 2225 1063 2255 sicut
1087 2225 1136 2255 lex
1160 2225 1276 2265 scripta
1298 2225 1394 2255 habet
1414 2235 1471 2255 sua

164 2272 223 2303 tDe
237 2272 303 2293 Bono
315 2271 375 2292 Con-
403 2274 580 2308 praecepta,
598 2269 640 2298 ita
664 2274 695 2298 et
710 2269 760 2298 lex
780 2274 921 2299 naturae.
947 2268 1010 2299 Sed
1025 2269 1225 2309 Augustinus
1249 2269 1324 2300 dicit
1339 2270 1356 2286 ⁴*
1381 2269 1470 2310 quod

164 2305 375 2355 ’(Ῐῗιῖὶιῖἕέιῗᾶιῖῗονεῗ
403 2313 518 2343 habere
549 2313 655 2352 plures
680 2322 795 2343 uxores
820 2323 884 2343 non
914 2318 986 2343 erat
1008 2319 1124 2344 contra
1148 2319 1368 2355 praeceptum,
1393 2314 1470 2355 quia

164 2356 202 2374 οη.
403 2358 495 2387 nulla
507 2357 579 2398 lege
594 2363 665 2388 erat
675 2357 884 2397 prohibitum.
905 2358 990 2398 Ergo
1008 2359 1125 2389 habere
1144 2359 1251 2399 plures
1268 2368 1383 2390 uxores
1402 2368 1469 2390 non

404 2407 450 2432 est
473 2407 583 2432 contra
606 2402 711 2442 legem
733 2408 874 2432 naturae.

460 2446 489 2476 3.
514 2446 709 2483 PRAETEREA‚
733 2447 975 2477 matrimonium
998 2447 1214 2488 principaliter
1244 2447 1408 2478 ordinatur
1431 2447 1471 2478 ad

403 2490 501 2530 prolis
517 2492 783 2530 procreationem.
808 2491 870 2522 Sed
886 2501 970 2522 unus
994 2497 1100 2532 potest
1124 2501 1162 2522 ex
1178 2492 1322 2532 pluribus
1345 2493 1471 2532 prolem

404 2535 557 2574 accipere,
574 2535 680 2575 plures
704 2535 919 2566 fecundando.
948 2537 1034 2576 Ergo
1058 2546 1125 2567 non
1149 2542 1196 2567 est
1226 2542 1337 2567 contra
1366 2537 1471 2577 legem

403 2584 534 2609 naturae
556 2579 672 2610 habere
695 2580 801 2620 plures
825 2590 950 2611 uxores.

459 2632 489 2661 4.
514 2623 709 2660 Pius-rmum,
728 2625 777 2655 ius
793 2625 944 2655 naturale
962 2630 1010 2656 est
1025 2625 1112 2666 quod
1127 2630 1247 2656 natura
1267 2626 1376 2656 omnia
1400 2626 1471 2657 ani-

166 2672 242 2719 JDig.
263 2671 296 2719 1‚1
303 2677 333 2697 ιι,
349 2671 378 2692 de
404 2667 503 2697 malia
527 2667 652 2704 docuit,
678 2674 714 2699 ut
736 2669 769 2699 in
797 2670 956 2710 principio
980 2670 1192 2711 Digestorum
1208 2671 1225 2687 ⁴*
1249 2670 1373 2701 dicitur.
1409 2671 1472 2702 Sed

177 2700 239 2720 '‘⁸¹¹'‘
251 2700 275 2720 ε’
294 2704 343 2725 '‘²⁶‘’
358 2705 376 2720 ¹*
404 2717 514 2742 natura
530 2722 597 2742 non
614 2712 724 2743 docuit
739 2714 802 2744 hoc
820 2715 929 2744 omnia
945 2715 1102 2751 animalia,
1117 2714 1207 2755 quod
1223 2715 1262 2745 sit
1277 2725 1341 2746 una
1357 2716 1470 2746 unius:

405 2765 479 2786 cum
503 2766 587 2787 unus
610 2767 677 2787 mas
694 2758 727 2787 in
750 2758 858 2788 multis
882 2759 1071 2790 animalibus
1091 2759 1235 2799 pluribus
1252 2759 1378 2790 feminis
1395 2770 1472 2790 con-

403 2801 561 2840 iungatur.
587 2802 671 2841 Ergo
695 2812 762 2832 non
786 2808 832 2832 est
856 2809 967 2833 contra
990 2804 1095 2844 legem
1114 2809 1245 2834 naturae
1268 2805 1384 2835 habere
1400 2805 1472 2845 plu-

403 2854 452 2874 res
475 2855 600 2876 uxores.

463 2889 491 2919 5.
508 2889 703 2927 PRAETRREA,
717 2891 895 2922 secundum
911 2892 1156 2933 Philosophum,
1171 2893 1228 2923 XV
1241 2893 1280 2924 de
1291 2894 1431 2924 Animal.
1445 2895 1471 2930 *‚

406 2933 438 2962 in
454 2935 658 2973 generatione
674 2935 772 2975 prolis
788 2946 855 2966 mas
872 2946 905 2966 se
929 2937 1024 2967 habet
1047 2937 1087 2967 ad
1107 2936 1260 2968 feminam
1277 2938 1359 2968 sicut
1376 2948 1472 2978 agens

406 2976 445 3007 ad
461 2979 583 3017 patiens
600 2984 631 3009 et
647 2979 755 3010 artifex
779 2980 819 3010 ad
834 2981 1010 3012 materiam.
1035 2981 1098 3012 Sed
1113 2991 1181 3012 non
1198 2988 1244 3012 est
1260 2988 1371 3013 contra
1387 2982 1473 3014 ordi-

406 3031 481 3051 nem
504 3028 634 3053 naturae
665 3024 754 3063 quod
785 3034 887 3055 unum
911 3035 1007 3065 agens
1030 3026 1064 3056 in
1087 3026 1179 3066 plura
1202 3027 1354 3066 patientia
1384 3033 1471 3067 agat,

408 3070 461 3095 aut
483 3076 566 3096 unus
590 3068 699 3098 artifex
723 3079 760 3099 ex
785 3069 914 3099 diversis
944 3070 1082 3100 materiis
1111 3076 1271 3111 operetur.
1303 3071 1388 3111 Ergo
1412 3082 1473 3102 nec

409 3115 455 3139 est
485 3116 594 3141 contra
618 3112 721 3152 legem
752 3119 882 3143 naturae
907 3114 996 3154 quod
1019 3124 1104 3145 unus
1135 3124 1203 3145 mas
1226 3115 1333 3156 plures
1357 3126 1473 3147 uxores

408 3153 531 3184 habeat.

463 3198 524 3228 San
549 3209 681 3236 CONTRA,
698 3201 776 3231 illud
799 3202 971 3242 praecipue
994 3203 1119 3233 videtur
1135 3213 1203 3234 esse
1226 3203 1265 3234 de
1289 3205 1357 3235 iure
1380 3210 1473 3236 natu-

408 3241 462 3271 rali
480 3243 569 3282 quod
584 3245 708 3274 homini
724 3246 758 3275 in
773 3256 831 3276 sua
846 3247 1045 3277 institutione
1068 3247 1206 3278 inditum
1223 3253 1279 3279 est.
1304 3248 1367 3279 Sed
1383 3249 1473 3289 quod

409 3286 448 3315 sit
471 3296 534 3316 una
557 3289 651 3318 unius
675 3290 708 3319 in
731 3290 799 3329 ipsa
810 3291 1017 3321 <institutione
1041 3292 1200 3322 humanae
1219 3298 1350 3323 naturae
1374 3299 1421 3324 est
1444 3294 1473 3324 ei

171 3332 380 3359 ‘Vers.²4;Mn¹th-
408 3329 554 3367 inditum,
571 3338 607 3362 ut
622 3338 708 3372 patet
726 3333 804 3364 Gen.
821 3344 843 3363 11
859 3335 892 3364 ⁴:
917 3335 1025 3365 Erunt
1040 3336 1104 3366 duo
1122 3336 1154 3366 in
1171 3346 1270 3367 carne
1286 3347 1362 3368 una.
1386 3337 1472 3378 Ergo

169 3365 380 3413 ‘5³‚²⁹'¹'¹'v⁰‘⁸'4'
409 3379 456 3403 est
479 3374 518 3405 de
541 3375 610 3415 lege
633 3382 772 3408 naturae.

465 3427 494 3448 2.
519 3419 714 3457 Pani-enm,
731 3427 841 3452 contra
864 3422 968 3462 legem
991 3429 1122 3454 naturae
1139 3430 1186 3455 est
1209 3425 1298 3465 quod
1321 3426 1423 3456 homo
1439 3435 1473 3456 se

168 2898 176 2907 ·
184 2896 235 2918 Did.
243 2896 376 2917 deAm'mal.

168 2922 279 2944 Generat.
299 2923 338 2944 lib.
353 2922 379 2950 1,

167 2955 218 2975 cap.
234 2955 279 2971 xxi.

1113 195 1378 243 QUAESTIO
1408 194 1529 241 LXV,
1551 195 1845 232 ARTICULUS
1874 195 1887 231 Ι

1527 274 1664 312 petierit.
1688 275 1774 314 Ergo
1791 279 1902 304 contra
1925 273 2029 313 legem
2046 279 2093 304 est
2116 274 2141 303 si
2164 279 2278 314 postea
2293 274 2382 305 alteri
2405 280 2597 315 potestatem

1528 318 1577 347 sui
1601 319 1744 358 corporis
1768 317 1886 348 tradat:
1912 318 1987 358 quia
2010 327 2108 348 nemo
2132 323 2242 358 posset
2256 319 2352 349 simul
2375 319 2503 359 utrique
2526 319 2597 350 red·

1528 360 1602 392 dere
1626 362 1780 398 debitum,
1798 363 1824 392 si
1847 363 1943 392 simul
1966 367 2121 403 peterent.

1583 406 1612 436 3.
1637 407 1834 442 Pnizmm,
1855 406 1895 436 de
1918 406 1988 447 lege
2011 412 2142 437 naturae
2166 412 2231 442 est,
2261 406 2358 443 Quod
2380 407 2436 438 tibi
2460 417 2525 438 non
2549 408 2597 438 m's

1494 457 1503 477 ς
1515 451 1607 491 fieri,
1625 451 1722 481 alteri
1745 461 1784 481 ne
1797 451 1924 492 feceris
1935 452 1961 481 *.
1994 450 2057 481 Sed
2079 451 2127 481 vir
2149 451 2240 481 nullo
2264 450 2365 481 modo
2389 452 2485 482 vellet
2507 451 2597 492 quod

1487 682 1512 696 10

1487 905 1509 925 ¹5

1486 1125 1512 1139 20

1486 1346 1510 1366 25

1487 1569 1513 1589 30

1486 1795 1509 1816 35

1485 2016 1512 2036 4⁰

1484 2238 1508 2258 45

1486 2460 1512 2481 50

1487 2682 1509 2702 55

1486 2902 1513 2923 60

1486 3124 1511 3150 ⁶5

1486 3349 1513 3370 70

1527 505 1608 525 uxor
1641 495 1739 525 alium
1771 495 1875 525 virum
1898 496 2038 525 haberet.
2075 495 2161 535 Ergo
2191 501 2302 526 contra
2330 495 2436 536 legem
2465 501 2597 526 naturae

1527 538 1645 569 faceret
1668 540 1693 569 si
1717 549 1852 570 uxorem
1876 539 1970 570 aliam
1993 539 2265 579 superinduceret.

1581 593 1612 623 4.
1637 584 1834 620 Palmam,
1852 583 2011 624 quidquid
2030 589 2076 614 est
2100 590 2211 614 contra
2225 584 2369 615 naturale
2392 583 2596 621 desiderium,

1527 633 1574 658 est
1597 634 1709 658 contra
1731 629 1837 668 legem
1860 634 2001 659 naturae.
2034 628 2097 659 Sed
2126 629 2214 659 zelus
2244 629 2302 659 viri
2326 628 2366 659 ad
2388 638 2541 665 uxorem,
2566 634 2598 660 et

1526 673 1634 703 uxoris
1654 673 1693 703 ad
1716 674 1831 709 virum,
1848 673 1999 703 naturalis
2023 678 2085 703 est:
2111 673 2187 713 quia
2201 674 2235 703 in
2259 674 2411 704 omnibus
2426 674 2596 704 invenitur.

1526 718 1623 757 Ergo,
1635 727 1710 748 cum
1721 717 1810 748 zelus
1822 719 1861 748 sit
1873 727 1968 748 amor
1980 727 2044 748 non
2051 718 2183 758 patiens
2194 718 2395 748 consortium
2407 718 2440 748 in
2453 723 2563 748 amato
2569 719 2596 754 ³,

1526 762 1651 792 videtur
1667 762 1757 802 quod
1780 768 1891 793 contra
1906 762 2012 803 legem
2035 768 2167 792 naturae
2186 763 2226 792 sit
2249 762 2340 802 quod
2355 762 2462 803 plures
2481 772 2598 793 uxores

1526 807 1664 837 habeant
1686 817 1789 837 unum
1811 807 1927 837 virum.

1581 851 1771 881 Rsssronmzo
1802 861 1963 882 mmmmm
1986 851 2076 891 quod
2100 852 2251 882 omnibus
2279 852 2374 882 rebus
2400 851 2598 882 naturalibus

1526 894 1636 925 insunt
1659 895 1817 935 quaedam
1841 896 1997 936 principia
2021 896 2138 936 quibus
2167 905 2236 926 non
2263 896 2371 926 solum
2394 896 2599 936 operationes

1526 941 1671 980 proprias
1688 939 1813 970 efficere
1829 945 1975 980 possunt,
1988 940 2044 971 sed
2057 941 2174 980 quibus
2189 941 2284 971 etiam
2301 950 2353 971 eas
2369 941 2599 971 convenientes

1527 983 1584 1014 fini
1600 994 1659 1014 suo
1676 984 1827 1015 reddant:
1852 985 1918 1015 sive
1934 985 1996 1015 sint
2011 986 2153 1015 actiones
2172 994 2255 1025 quae
2275 990 2515 1025 consequantur
2529 995 2599 1016 rem

1527 1028 1668 1067 aliquam
1685 1038 1722 1058 ex
1737 1034 1851 1059 natura
1873 1029 1923 1059 sui
1943 1030 2078 1069 generis,
2095 1030 2160 1060 sive
2177 1035 2417 1069 consequantur
2432 1039 2471 1060 ex
2485 1035 2599 1060 natura

1527 1073 1664 1112 speciei;
1689 1078 1725 1102 ut
1747 1074 1888 1113 magneti
1912 1074 2068 1113 competit
2091 1073 2164 1104 ferri
2188 1073 2340 1104 deorsum
2359 1084 2398 1104 ex
2413 1080 2526 1105 natura
2548 1075 2599 1105 sui

1526 1117 1661 1156 generis,
1679 1122 1710 1146 et
1725 1118 1880 1147 attrahere
1903 1116 2023 1147 ferrum
2046 1127 2083 1148 ex
2104 1124 2217 1148 natura
2232 1118 2360 1158 speciei.
2385 1118 2475 1149 Sicut
2489 1124 2599 1149 autem

1526 1161 1560 1190 in
1583 1161 1678 1190 rebus
1706 1161 1873 1201 agentibus
1902 1171 1940 1191 ex
1963 1163 2150 1192 necessitate
2179 1167 2311 1193 naturae
2341 1168 2415 1193 sunt
2442 1163 2600 1203 principia

1527 1205 1693 1235 actionum
1709 1206 1796 1244 ipsae
1812 1205 1945 1241 formae,
1963 1215 1980 1236 a
1996 1206 2113 1246 quibus
2133 1207 2336 1246 operationes
2359 1207 2508 1247 propriae
2523 1216 2599 1247 pro-

1527 1248 1627 1278 deunt
1643 1250 1872 1286 convenientes
1891 1249 1967 1286 fini;
1992 1251 2035 1280 ita
2048 1251 2082 1280 in
2098 1251 2146 1280 his
2163 1260 2246 1290 quae
2267 1252 2487 1291 cognitionem
2503 1252 2599 1291 parti-

1528 1293 1644 1333 cipant,
1669 1294 1826 1334 principia
1850 1294 1965 1334 agendi
1988 1300 2063 1325 sunt
2086 1295 2229 1335 cognitio
2255 1300 2286 1325 et
2309 1296 2480 1336 appetitus.
2504 1295 2600 1326 Unde

1527 1343 1656 1378 oportet
1680 1338 1770 1378 quod
1792 1339 1825 1368 in
1842 1339 1874 1368 vi
1893 1339 2055 1379 cognitiva
2079 1340 2118 1369 sit
2140 1340 2292 1370 naturalis
2315 1340 2500 1380 conceptio,
2518 1346 2550 1371 et
2564 1340 2599 1371 in

1526 1383 1558 1412 vi
1581 1383 1755 1422 appetitiva
1777 1383 1929 1413 naturalis
1952 1383 2135 1419 inclinatio,
2161 1383 2279 1423 quibus
2307 1385 2452 1424 operatio
2479 1394 2599 1415 conve—

1526 1427 1618 1457 niens
1633 1428 1742 1467 generi
1758 1428 1824 1458 sive
1840 1428 1959 1468 speciei
1983 1427 2132 1458 reddatur
2156 1434 2345 1468 competens
2360 1427 2427 1459 fini.
2444 1428 2508 1460 Sed
2523 1430 2600 1469 quia

1526 1472 1628 1502 homo
1645 1472 1727 1502 inter
1743 1477 1847 1502 cetera
1863 1472 2011 1502 animalia
2031 1473 2189 1503 rationem
2205 1472 2278 1503 finis
2294 1474 2462 1513 cognoscit
2477 1479 2508 1504 et
2523 1483 2599 1514 pro-

1526 1517 1712 1556 portionem
1735 1517 1931 1557 operationis
1955 1516 1995 1547 ad
2018 1516 2128 1554 finem,
2152 1517 2227 1548 ideo
2250 1518 2402 1548 naturalis
2425 1519 2598 1559 conceptio

1527 1561 1557 1591 ei
1579 1560 1695 1597 indita,
1720 1570 1785 1601 qua
1813 1560 1957 1601 dirigitur
1981 1561 2020 1592 ad
2043 1561 2264 1602 operandum,
2288 1563 2518 1593 convenienter
2544 1563 2600 1594 Iex

1527 1605 1689 1636 naturalis
1711 1605 1763 1636 vel
1787 1606 1837 1636 ius
1861 1606 2012 1637 naturale
2035 1605 2160 1637 dicitur.
2185 1606 2221 1637 In
2245 1608 2357 1637 ceteris
2381 1613 2488 1638 autem
2504 1607 2600 1638 aesti—

1526 1650 1625 1680 matio
1652 1651 1814 1681 naturalis
1836 1656 1987 1681 vocatur:
2013 1651 2104 1681 bruta
2127 1651 2214 1681 enirn
2231 1661 2269 1682 ex
2284 1652 2316 1682 vi
2331 1657 2463 1682 naturae
2485 1652 2600 1693 impel-

1525 1694 1636 1724 luntur
1659 1694 1699 1725 ad
1723 1695 1923 1735 operandum
1947 1696 2176 1726 convenientes
2200 1696 2352 1732 actiones,
2376 1697 2477 1737 magis
2500 1705 2600 1737 quam

1525 1739 1720 1778 regulentur‚
1745 1739 1837 1779 quasi
1859 1741 1992 1780 proprio
2017 1740 2145 1770 arbitrio
2170 1741 2305 1780 agentia.

1582 1783 1648 1813 Lex
1661 1793 1737 1823 ergo
1750 1784 1901 1814 naturalis
1917 1784 1996 1814 nihil
2013 1784 2099 1814 aliud
2111 1789 2158 1815 est
2170 1794 2269 1824 quam
2285 1786 2458 1825 conceptio
2473 1785 2599 1816 homini

1525 1828 1710 1858 naturaliter
1732 1828 1831 1858 indita
1859 1838 1923 1868 qua
1950 1828 2093 1869 dirigitur
2117 1828 2156 1859 ad
2180 1829 2409 1860 convenienter
2437 1829 2599 1870 agendum

1525 1873 1560 1902 in
1576 1873 1756 1903 actionibus
1771 1874 1908 1912 propriis
1921 1883 1928 1903 :
1949 1874 2014 1903 sive
2034 1879 2220 1913 competant
2237 1874 2266 1904 ei
2282 1883 2320 1904 ex
2335 1879 2448 1904 natura
2462 1875 2598 1914 generis,

1526 1922 1562 1947 ut
1585 1926 1746 1956 generare,
1764 1917 1945 1953 comedere,
1963 1923 1994 1948 et
2013 1917 2218 1954 huiusmodi;
2243 1919 2310 1948 sive
2333 1927 2371 1948 ex
2394 1924 2508 1949 natura
2527 1928 2599 1960 spea-

1527 1962 1596 1996 ciei,
1613 1966 1650 1991 ut
1665 1962 1846 1991 ratiocinari
1869 1967 1900 1992 et
1920 1962 2117 1992 huiusmodi.
2143 1962 2250 1993 Omne
2273 1967 2382 1993 autem
2404 1962 2484 1993 illud
2507 1963 2599 2003 quod

1527 2006 1688 2036 actionem
1711 2006 1995 2036 inconvenientem
2011 2006 2113 2036 reddit
2128 2006 2186 2036 fini
2201 2016 2300 2047 quem
2315 2012 2429 2037 natura
2444 2017 2483 2037 ex
2499 2016 2598 2048 opere

1526 2050 1635 2089 aliquo
1659 2049 1806 2086 intendit,
1831 2056 1943 2081 contra
1966 2051 2071 2090 legem
2094 2056 2226 2082 naturae
2250 2060 2318 2081 esse
2342 2051 2468 2082 dicitur.

1581 2094 1690 2124 Potest
1713 2099 1821 2124 autem
1845 2095 1929 2125 actio
1953 2104 2020 2125 non
2045 2104 2114 2125 esse
2138 2096 2334 2126 conveniens
2357 2095 2414 2126 fini
2435 2096 2488 2127 vel
2510 2097 2598 2136 prin·

1526 2138 1630 2178 cipali,
1650 2138 1699 2168 vel
1724 2138 1934 2170 secundario:
1959 2144 2000 2175 et,
2025 2140 2091 2170 sive
2115 2140 2160 2170 sic
2183 2141 2249 2170 sive
2273 2140 2328 2176 sic,
2352 2140 2416 2171 hoc
2439 2140 2599 2182 contingit

1526 2182 1705 2222 dupliciter.
1737 2183 1812 2214 Uno
1836 2183 1954 2219 modo,
1981 2193 2018 2214 ex
2042 2184 2152 2224 aliquo
2181 2184 2271 2225 quod
2299 2185 2435 2215 omnino
2462 2185 2598 2226 impedit

1525 2226 1645 2258 finem:
1681 2232 1717 2257 ut
1751 2228 1850 2258 nimia
1884 2227 2087 2268 superfluitas
2122 2234 2177 2259 aut
2211 2228 2354 2260 defectus
2389 2230 2598 2262 comesn'onis

1524 2272 1660 2312 impedit
1682 2272 1818 2302 salutem
1842 2273 1997 2313 corporis,
2018 2273 2109 2313 quasi
2132 2273 2343 2314 principalem
2365 2273 2464 2304 finem
2487 2283 2598 2306 come-

1525 2317 1653 2352 stionis;
1679 2322 1711 2347 et
1734 2317 1853 2347 bonam
1877 2317 2098 2348 habitudinem
2114 2318 2147 2348 in
2162 2318 2300 2358 negotiis
2325 2318 2519 2356 exercendis,
2541 2320 2598 2360 qui

1526 2366 1573 2391 est
1588 2360 1660 2391 finis
1677 2361 1893 2392 secundarius
1918 2362 1992 2392 Alio
2009 2361 2120 2398 modo,
2137 2372 2175 2392 ex
2191 2363 2301 2403 aliquo
2320 2363 2411 2403 quod
2426 2362 2501 2394 facit
2516 2363 2597 2395 diffi-

1526 2405 1620 2436 cilem
1644 2411 1699 2435 aut
1721 2406 1829 2436 minus
1853 2406 2022 2437 decentem
2045 2407 2290 2447 perventionem
2306 2406 2346 2438 ad
2361 2406 2460 2439 finem
2479 2409 2597 2448 princi·-

1525 2450 1631 2490 palem
1646 2450 1698 2480 vel
1714 2450 1952 2481 secundarium:
1971 2451 2053 2482 sicut
2068 2451 2248 2482 inordinata
2263 2453 2421 2483 comestio
2437 2458 2596 2493 quantum

1526 2494 1566 2525 ad
1589 2500 1717 2535 tempus
1740 2495 1930 2526 indebitum.
1958 2495 1991 2526 Si
2015 2505 2091 2536 ergo
2115 2496 2199 2526 actio
2223 2497 2263 2526 sit
2285 2497 2516 2528 inconveniens
2538 2496 2597 2528 fini

1526 2539 1618 2579 quasi
1646 2540 1782 2570 omnino
1813 2540 1988 2579 prohibens
2017 2539 2116 2570 finem
2146 2540 2373 2581 principalem,
2398 2541 2516 2572 directe
2538 2551 2598 2582 per

1525 2583 1631 2623 legem
1654 2589 1786 2614 naturae
1809 2585 1997 2624 prohibetur
2019 2584 2130 2625 primis
2153 2586 2330 2626 praeceptis
2353 2586 2431 2626 legis
2453 2591 2596 2624 naturae,

1527 2637 1610 2668 quae
1627 2634 1701 2659 sunt
1716 2629 1749 2658 in
1766 2629 1982 2668 operabilibus
1997 2630 2080 2660 sicut
2102 2635 2178 2660 sunt
2201 2639 2393 2661 communes
2409 2631 2597 2672 conceptio-

1525 2682 1583 2703 nes
1598 2673 1632 2702 in
1649 2673 1851 2713 speculativis
1867 2674 1893 2704 *ἢ
1919 2673 1951 2704 Si
1968 2679 2077 2704 autem
2101 2674 2141 2704 sit
2162 2675 2387 2715 incompetens
2402 2674 2459 2706 fini
2482 2685 2597 2707 secun-

1527 2717 1616 2747 dario
1641 2727 1853 2758 quocumque
1880 2718 1998 2754 modo,
2022 2724 2078 2749 aut
2105 2719 2201 2749 etiam
2227 2719 2396 2760 principali
2419 2725 2456 2750 ut
2478 2719 2597 2752 faciens

1527 2761 1690 2792 difficilem
1713 2762 1763 2792 vel
1786 2763 1894 2792 minus
1924 2772 2101 2804 congruam
2132 2764 2377 2804 perventionem
2403 2764 2444 2795 ad
2471 2765 2596 2805 ipsum,

1527 2806 1716 2846 prohibetur
1730 2816 1799 2837 non
1815 2806 1948 2847 quidem
1963 2808 2074 2847 primis
2095 2809 2274 2848 praeceptis
2289 2808 2367 2848 legis
2381 2814 2524 2845 naturae,
2540 2809 2597 2840 sed

1528 2850 1686 2887 secundis,
1703 2860 1787 2891 quae
1811 2861 1848 2882 ex
1872 2852 1983 2891 primis
2007 2852 2199 2889 derivantur,
2216 2853 2298 2883 sicut
2321 2853 2596 2884 conclusionesin

1527 2895 1729 2935 speculativis
1746 2906 1783 2926 ex
1799 2897 1963 2936 principiis
1979 2906 2036 2936 per
2052 2906 2085 2927 se
2101 2897 2186 2927 notis
2201 2896 2298 2927 fidem
2314 2897 2433 2928 habent
2443 2898 2470 2927 *.
2494 2897 2536 2928 Et
2550 2898 2597 2928 sic

1527 2939 1611 2970 dicta
1634 2940 1718 2970 actio
1742 2946 1852 2970 contra
1875 2941 1980 2981 legem
2004 2946 2135 2971 naturae
2159 2950 2227 2972 esse
2251 2941 2375 2972 dicitur.

1583 2984 1827 3015 Matrimonium
1850 2995 1926 3025 ergo
1949 2986 2045 3016 habet
2060 2995 2120 3025 pro
2136 2984 2200 3016 fine
2216 2985 2384 3026 principali
2406 2985 2506 3025 prolis
2520 2995 2596 3026 pro—

1527 3029 1724 3059 creationem
1751 3034 1783 3059 et
1811 3029 2055 3060 educationem:
2090 3029 2147 3069 qui
2175 3029 2306 3070 quidem
2336 3028 2409 3059 finis
2439 3031 2597 3070 competit

1526 3073 1653 3103 homini
1675 3073 1855 3104 secundum
1870 3079 2018 3104 naturam
2041 3074 2091 3104 sui
2113 3074 2254 3113 generis3
2279 3073 2366 3104 unde
2382 3078 2414 3104 et
2429 3074 2505 3104 aliis
2525 3075 2596 3105 ani-

1527 3117 1664 3148 malibus
1687 3122 1735 3148 est
1756 3118 1952 3154 communis,
1977 3123 2013 3148 ut
2035 3117 2150 3148 dicitur
2171 3118 2205 3148 in
2228 3117 2300 3148 VIII
2322 3117 2427 3148 Ethic.
2443 3119 2460 3135 ’
2488 3118 2529 3149 Et
2551 3119 2596 3150 sic

1527 3162 1652 3192 bonum
1668 3163 1865 3192 matrimonii
1881 3163 2057 3202 assignatur
2067 3161 2180 3202 proles
2191 3162 2218 3192 0.
2243 3161 2306 3192 Sed
2320 3171 2381 3202 pro
2400 3161 2466 3193 fine
2481 3172 2596 3194 secun-

1528 3206 1634 3242 dario,
1659 3211 1695 3236 ut
1719 3206 1795 3237 dicit
1818 3206 2034 3246 Philosophus
2049 3206 2080 3242 ⁶⁷,
2105 3205 2200 3236 habet
2221 3205 2255 3236 in
2278 3206 2465 3237 hominibus
2489 3208 2596 3239 solum

1528 3251 1859 3280 communicationem
1889 3259 2025 3290 operum
2054 3258 2137 3289 quae
2165 3255 2239 3280 sunt
2265 3252 2441 3281 necessaria
2464 3252 2498 3282 in
2521 3253 2594 3283 vim.

1527 3295 1569 3324 Et
1585 3294 1764 3325 secundum
1780 3294 1948 3336 hocfidem
1961 3294 2019 3324 sibi
2035 3294 2173 3324 invicem
2190 3293 2316 3330 debent,
2331 3304 2414 3335 quae
2430 3301 2477 3326 est
2492 3306 2596 3328 unum

1528 3338 1568 3368 de
1583 3339 1678 3368 bonis
1693 3338 1889 3368 matrimonii
1904 3339 1931 3368 “.
1956 3338 2062 3368 Habet
2080 3337 2213 3368 ulterius
2229 3339 2327 3369 alium
2343 3339 2443 3370 finem
2459 3341 2596 3381 inquan-

1526 3387 1597 3413 tum
1612 3383 1646 3412 in
1661 3381 1809 3413 fidelibus
1826 3387 1882 3418 est,
1895 3382 2016 3412 scilicet
2030 3381 2297 3422 significationem
2310 3383 2427 3415 Christi
2441 3390 2472 3415 et
2483 3385 2596 3416 Eccle-

1526 3427 1591 3456 siae
1606 3427 1633 3457 ἦ
1662 3426 1703 3456 Et
1726 3426 1771 3456 sic
1794 3426 1918 3456 bonum
1941 3426 2136 3456 matrimonii
2159 3426 2274 3458 dicitur
2295 3434 2534 3460 sacramentum
2549 3430 2594 3461 ”.

2625 457 2635 467 '¹
2646 455 2735 478 TobIae
2742 462 2769 478 ea
2788 473 2792 478 .
2805 463 2835 483 ιν,

2625 488 2683 505 vers.
2701 483 2740 509 ¹6;
2794 483 2837 506 nh.

2625 514 2738 559 3311*ss?
2741 515 2840 565 imit:

2624 562 2670 590 cip.
2685 562 2775 585 neerei.

2625 715 2686 747 ’.Οἱ
2707 715 2738 739 111
2756 715 2838 745 Sext„

2625 743 2678 766 dm.
2691 748 2756 769 xxvi,
2788 749 2811 765 ιι.
2821 749 2838 771 ι,

2625 769 2767 798 ιτα-ςςιῑαό
2790 775 2839 798 on,

2624 802 2676 823 cap.
2692 802 2728 823 xi,
2742 796 2793 818 leet.
2808 802 2824 820 ι,

2623 2674 2789 2703 'eid-'²11⁴‘¹
2796 2680 2837 2704 qu·

2623 2707 2672 2730 ιω,
2685 2705 2728 2725 ιη.
2742 2708 2762 2731 3.

2622 2897 2634 2908 ⁶
2648 2894 2685 2918 Cf.
2699 2895 2757 2918 ibid.

2623 3119 2700 3168 'gezz-
2710 3125 2752 3168 ¹¹11.
2759 3125 2783 3142 n.
2792 3125 2814 3148 7.
2824 3129 2834 3136 -

2623 3161 2704 3222 :fimi
2709 3151 2770 3202 q?
2785 3152 2836 3201 xm,

2623 3225 2835 3255 ‘Lampon-dt.-

2623 3252 2657 3275 Cf⁴
2668 3259 2707 3282 qu.
2714 3255 2834 3298 fnum-e.

2622 3344 2749 3394 ssa-
2767 3351 2834 3371 u·

2623 3434 2634 3445 ·
2640 3432 2775 3462 Msphee„
2783 3438 2834 3461 up.

409 3460 448 3491 ad
479 3462 675 3502 impossibile
705 3465 840 3505 obliget,
864 3471 895 3496 et
918 3472 953 3496 ut
983 3468 1072 3507 quod
1095 3469 1152 3498 uni
1176 3468 1286 3499 datum
1315 3475 1362 3500 est
1384 3469 1473 3500 alteri
1527 3470 1621 3501 Unde
1636 3471 1759 3510 primus
1781 3469 1854 3500 finis
1876 3469 2050 3510 respondet
2072 3471 2278 3502 matrimonio
2302 3473 2443 3504 hominis
2457 3474 2595 3514 inquan-
2622 3466 2644 3498 3²
2659 3465 2757 3514 (21qu
2760 3476 2834 3512 ἰαι,

409 3504 509 3536 detur.
534 3507 597 3538 Sed
618 3509 720 3539 homo
744 3511 934 3540 contrahens
951 3521 1026 3541 cum
1049 3521 1113 3542 una
1136 3522 1236 3544 uxore
1260 3514 1309 3543 sui
1329 3514 1472 3553 corporis

1526 3519 1597 3544 tum
1620 3520 1667 3544 est
1690 3514 1826 3550 animal;
1858 3513 2018 3544 secundus
2046 3515 2238 3555 inquantum
2262 3521 2309 3547 est
2332 3517 2453 3554 homo3
2484 3519 2595 3550 tertius

408 3554 598 3589 potestatem
614 3553 673 3582 sibi
688 3553 824 3590 tradidit,
841 3560 876 3584 ut
891 3564 1020 3586 necesse
1036 3556 1075 3586 sit
1090 3555 1222 3587 reddere
1237 3557 1380 3587 debitum
1396 3566 1472 3587 cum
1485 3567 1510 3588 νς
1526 3558 1719 3597 inquantum
1743 3562 1790 3588 est
1812 3557 1925 3588 fidelis.

2621 3515 2700 3536 nrt-⁸·
