2678 4126
340 202 385 225 XII

343 272 407 312 cui
431 272 605 312 assentit
628 270 671 311 S.
696 262 1007 315 BonaVentura‚
1032 267 1092 307 IV
1109 267 1234 314 Sent.‚
1261 267 1354 307 dist.
1378 279 1402 314 1,
1426 280 1465 321 p.
1489 279 1528 315 11,
1553 272 1626 307 art.
1651 278 1688 313 2,
1714 279 1782 319 qu.
1809 266 1857 313 3;
1887 278 2054 305 necnon
2077 266 2124 305 B.
2149 266 2300 307 Petrus
2318 267 2502 314 Tarant.,

341 333 400 372 IV
434 333 559 379 Sent.‚
586 332 679 372 dist.
703 344 727 378 1,
753 344 822 383 qu.
846 343 900 376 111,
925 335 998 369 art.
1023 340 1062 379 4.
1097 329 1143 368 In
1171 328 1361 383 margine
1384 341 1459 382 per
1481 340 1666 368 errorem
1690 326 1972 367 indicavimus
1995 326 2254 367 Gulielmum
2287 327 2502 367 Autissio-

341 393 578 434 dorensem.
614 392 675 432 Cf.
710 397 795 431 not.
830 389 1021 444 praeced.

463 454 544 506 Qu.
569 465 682 500 Lxm,
707 458 779 498 art.
807 464 844 499 2,
869 465 955 506 arg.
981 452 1028 491 3:
1069 467 1086 487 ‹
1115 451 1156 490 A
1191 450 1447 504 quibusdam
1483 451 1695 491 character
1727 450 1786 490 sic
1825 448 2038 489 definitur:
2086 448 2322 489 Character
2352 452 2417 489 est
2443 450 2501 489 si-

334 529 472 569 gnum
503 517 698 555 sanctum
731 512 1035 553 communionis
1050 512 1166 563 fidei
1194 514 1237 552 et
1264 515 1439 552 sanctae
1470 511 1750 552 ordinationis
1781 510 1931 551 datum
1964 523 1992 549 a
2024 510 2257 550 hierarcha
2285 527 2320 551 ν.

461 575 671 623 Halensis,
697 575 901 614 Summae
923 587 961 627 p.
986 573 1058 620 IV,
1084 586 1153 627 qu.
1178 585 1263 621 V111,
1288 573 1443 614 memb.
1476 586 1509 621 1,
1533 579 1606 614 art.
1638 586 1670 622 1,
1696 576 1719 624 ξ
1749 586 1782 621 1,
1808 572 1905 612 data
1929 570 2079 612 eadem
2109 571 2355 612 definitione
2378 584 2502 612 exce—

338 643 411 690 pto
435 636 650 677 accedenti
668 642 763 676 ante
786 635 945 681 datum,
971 635 1106 688 ipsam
1140 635 1366 688 Dionysio,
1390 634 1442 675 de
1471 635 1773 675 Ecclesiastica
1794 633 2068 680 Ilierarchia,
2100 633 2312 673 adscribit.
2347 633 2395 673 Β.
2420 634 2501 674 Pe-

338 704 425 738 trus
460 699 629 738 Tarant.
665 697 775 745 dicit,
800 696 917 750 quod
952 709 1007 736 ex
1037 696 1177 736 verbis
1207 696 1408 749 Dionysii
1435 697 1650 750 accipitur,
1677 696 1744 737 lib.
1769 696 1821 736 de
1849 695 2008 736 Eccles.
2032 695 2165 742 Hier..
2192 700 2232 735 et
2253 694 2385 748 ponit,
2410 697 2501 734 tra-

337 758 472 799 ditum
504 773 532 800 a
564 759 796 799 hierarcha
829 757 1052 798 accedenti.

461 821 507 861 B.
533 821 747 868 Albertus,
772 820 833 859 IV
856 819 982 866 Sent.‚
1015 819 1108 859 dist.
1145 830 1196 867 V1,
1221 825 1294 859 art.
1326 831 1365 870 4,
1398 819 1564 859 Dicunt
1592 822 1735 860 autem
1767 818 1958 872 quidam,
1994 818 2144 872 inquit,
2178 819 2228 858 B.
2247 817 2502 870 Dionysium

336 883 380 922 in
412 882 571 923 Eccles.
594 882 715 922 liier.
739 882 800 922 ita
833 881 1057 934 definire...
1092 883 1233 921 tamen
1266 881 1310 921 in
1343 880 1464 921 nulla
1496 881 1696 933 Dionysii
1713 880 1995 921 translatione
2016 880 2232 920 invenitur
2260 880 2368 920 haec
2399 878 2501 932 defi-

336 944 439 984 nitio
471 957 547 984 nec
569 946 655 998 per
682 943 812 983 verba
844 956 919 982 nec
942 945 1029 996 per
1057 955 1254 982 sensum:
1287 948 1328 982 et
1369 938 1492 982 allata
1534 942 1668 983 veteri
1701 942 1900 996 Dionysii
1942 941 2218 982 translatione
2255 941 2337 981 loci
2371 953 2500 994 quem

337 1006 531 1061 allegant,
557 1005 674 1045 dicit:
709 1017 791 1045 non
814 1017 935 1044 sumo
956 1017 1052 1044 eam
1085 1003 1407 1058 (definitionem)
1434 1006 1486 1044 ut
1513 1017 1541 1044 a
1574 1004 1741 1050 Sancto,
1765 1003 1845 1044 sed
1867 1017 1894 1044 a
1926 1003 2183 1044 Doctoribus
2204 1002 2500 1057 approbatam.

459 1067 513 1108 D.
537 1066 740 1114 Thomas,
765 1066 825 1106 IV
859 1066 984 1112 Sent.‚
1011 1065 1104 1106 dist.
1127 1078 1184 1113 1V,
1209 1079 1278 1119 qu.
1301 1078 1326 1114 1,
1350 1071 1424 1106 art.
1451 1078 1489 1112 2,
1514 1065 1634 1113 dicit,
1664 1065 1783 1119 quod
1815 1065 1891 1106 illa
1924 1065 2108 1118 definitio
2139 1077 2352 1118 nusquam
2384 1065 2500 1104 inve-

335 1128 455 1168 nitur
474 1142 501 1167 a
523 1129 728 1180 Dionysio
741 1128 896 1182 posita,
915 1127 995 1167 sed
1014 1129 1156 1180 potest
1184 1128 1323 1181 accipi
1351 1140 1406 1167 ex
1435 1127 1574 1167 verbis
1605 1128 1696 1167 eius
1715 1129 1850 1181 supra
1884 1127 1972 1180 (art.
1999 1125 2209 1180 praeced.)
2243 1125 2436 1172 inductis,
2462 1128 2506 1165 et

335 1189 599 1243 acciperetur
637 1189 780 1229 adhuc
817 1188 1128 1228 convenientius
1167 1189 1210 1228 si
1241 1189 1303 1229 sic
1341 1188 1572 1230 diceretur:
1610 1188 1848 1229 Character
1887 1191 1952 1228 est
1982 1189 2155 1241 signum
2196 1187 2502 1228 communionis

325 1251 552 1304 potestatis
583 1250 823 1290 divinorum
855 1252 898 1289 et
925 1262 1079 1289 sacrae
1110 1249 1391 1290 ordinationis
1395 1250 1609 1302 fidelium,
1633 1250 1783 1290 datum
1815 1263 1843 1290 a
1875 1250 2022 1290 divina
2052 1249 2320 1289 beatitudine.
2355 1249 2502 1289 Locus

335 1312 534 1365 Dionysii
573 1311 687 1352 unde
732 1311 906 1351 trahitur
948 1310 1155 1357 definitio,
1193 1317 1257 1351 est
1290 1311 1393 1364 Cap.
1416 1323 1456 1358 11,
1481 1317 1584 1364 part.
1607 1324 1663 1358 111,
1687 1314 1710 1361 g
1744 1323 1784 1362 4,
1807 1311 1967 1351 Eccles.
1991 1310 2290 1350 llierarchiae.

458 1373 539 1426 Qu.
564 1386 664 1421 LXV,
689 1379 762 1413 art.
787 1374 826 1421 3,
852 1372 1092 1412 Comment.
1119 1372 1250 1412 Caiet.
1276 1385 1389 1412 num.
1413 1384 1462 1412 11:
1502 1388 1520 1409 ‹
1549 1372 1666 1413 Usus
1699 1378 1841 1412 autem
1875 1371 2164 1425 postponendi
2195 1370 2502 1423 (Eucharistiae

334 1435 579 1489 sumptioni)
614 1441 844 1475 extremam
878 1434 1123 1474 unctionem
1146 1433 1316 1474 aliunde
1349 1433 1549 1473 sumitur:
1586 1433 1638 1473 de
1663 1447 1750 1487 quo
1776 1433 1879 1473 infra
1907 1449 1941 1474 ›.
1976 1433 2068 1473 Nec
2096 1432 2137 1472 in
2172 1431 2501 1473 Commentariis

334 1497 611 1550 sequentibus
634 1509 762 1550 super
783 1496 971 1536 Tertiam
994 1496 1174 1543 Partem,
1199 1508 1276 1536 nec
1299 1495 1340 1535 in
1364 1495 1688 1548 quaestionibus
1723 1508 1830 1549 quas
1856 1494 1910 1535 ad
1945 1494 2249 1535 commentaria
2282 1494 2500 1548 complen—

335 1558 436 1598 dum
469 1558 645 1612 scripsit,
675 1558 728 1598 de
762 1558 843 1598 hoc
877 1570 956 1597 usu
989 1563 1138 1597 tractat
1180 1557 1420 1597 Caietanus.

459 1620 540 1672 Qu,
563 1631 694 1667 LXVII,
719 1625 791 1659 art.
820 1630 858 1672 7,
881 1632 969 1673 arg.
995 1618 1085 1658 Sed
1101 1621 1205 1659 cont.
1216 1633 1230 1658 .·
1261 1634 1279 1655 ‹
1308 1618 1545 1671 Dionysius
1569 1618 1668 1659 dicit
1696 1631 1724 1659 11
1757 1631 1845 1672 cap.
1881 1618 1996 1658 Eccl.
2019 1618 2139 1658 Hier.
2170 1634 2188 1655 ›
2226 1618 2273 1658 In
2307 1617 2501 1673 margine

334 1694 411 1734 pro
441 1687 543 1735 part.
566 1694 607 1729 11,
631 1684 654 1731 ξ
690 1692 727 1734 7,
752 1679 982 1735 legendum
1016 1686 1119 1734 part.
1142 1693 1168 1728 1,
1192 1683 1215 1730 ξ
1241 1691 1279 1733 7.
2156 1694 2159 1697 ·

459 1743 540 1794 Qu.
564 1755 694 1790 LXXII,
719 1749 792 1783 art.
813 1744 852 1790 6,
877 1742 931 1782 ad
961 1755 974 1782 1
996 1756 1003 1782 :
1043 1758 1061 1778 ‹
1085 1742 1231 1782 Virtus
1255 1741 1399 1781 divina
1422 1755 1508 1782 non
1533 1748 1596 1782 est
1619 1741 1788 1796 alligata
1811 1742 2086 1782 sacramentis
2115 1758 2149 1782 ι.
2186 1742 2253 1781 EX
2276 1741 2498 1796 Magistro,

333 1805 394 1844 IV
427 1805 553 1851 Sent.‚
579 1804 672 1844 dist.
696 1817 721 1852 1,
746 1817 835 1858 cap.
859 1803 974 1843 Sunt
1001 1806 1155 1843 autem.

488 1865 739 1917 Qu.LXX111,
764 1872 837 1906 art.
863 1867 902 1912 3,
926 1865 979 1905 ad
1021 1878 1062 1905 1:
1103 1881 1120 1901 «
1151 1865 1278 1905 Unde
1311 1865 1420 1905 sicut
1453 1865 1543 1919 ipse
1577 1864 1878 1920 (Augustinus)
1911 1864 2012 1904 dicit
2033 1865 2075 1905 in
2107 1865 2301 1919 Epistola
2334 1863 2397 1904 ad
2413 1864 2499 1904 Bo·

333 1926 551 1980 nifacium,
576 1927 706 1967 Nulli
723 1930 788 1967 est
804 1927 1076 1980 aliquatenus
1098 1926 1400 1979 ambigendum
1427 1943 1446 1964 »
1486 1933 1561 1968 etc.
1586 1927 1687 1967 Non
1711 1932 1782 1967 estv
1797 1926 2042 1982 Augustini,
2069 1926 2145 1967 etsi
2169 1926 2301 1980 ipsius
2325 1925 2500 1966 nomine

333 1988 548 2036 habeatur,
572 1988 623 2029 de
650 1988 837 2029 Consecr.
863 1988 957 2028 dist.
977 1989 1025 2035 II,
1045 2001 1134 2028 can.
1154 1989 1225 2036 36,
1245 1988 1339 2029 dist.
1357 1989 1430 2036 IV,
1455 2002 1544 2029 can.
1577 1990 1671 2036 131,
1697 1989 1828 2029 immo
1852 1994 1893 2028 et
1915 2002 1940 2028 a
1962 1988 2078 2043 Mag.
2095 1988 2156 2028 IV
2180 1988 2306 2035 Sent.‚
2329 1987 2423 2028 dist.
2441 1999 2499 2036 Ix,

333 2055 374 2089 et
407 2051 596 2090 Auctore
631 2051 871 2090 Comment.
895 2050 975 2090 sub
1010 2051 1182 2090 nomine
1217 2050 1372 2097 Bedae‚
1397 2051 1414 2090 Ι
1437 2050 1500 2090 ad
1532 2050 1634 2097 Cor.,
1661 2064 1749 2104 cap.
1774 2064 1815 2098 x,
1838 2063 1948 2090 vers.
1980 2052 2044 2090 16.

457 2111 538 2163 Qu.
572 2122 719 2159 LXXIV,
744 2117 817 2152 art.
843 2123 869 2162 4
905 2112 945 2151 in
970 2124 1102 2164 corp.:
1143 2128 1161 2148 «ι
1190 2111 1304 2151 Dicit
1327 2111 1439 2151 enim
1473 2113 1520 2152 B.
1546 2112 1781 2166 Gregorius
1805 2112 1846 2151 in
1869 2111 2091 2166 Registro:
2125 2112 2328 2152 Romana
2349 2110 2498 2151 Eccle-

330 2173 397 2213 sia
429 2173 556 2225 offert
573 2186 745 2225 azymos
763 2175 912 2226 panes,
929 2175 1160 2226 propterea
1182 2172 1300 2225 quod
1319 2173 1534 2213 Dominus
1559 2174 1650 2214 sine
1671 2173 1763 2213 ulla
1786 2174 2083 2213 commixtione
2106 2173 2294 2227 suscepit
2310 2185 2496 2213 carnem.

332 2234 422 2274 Sed
449 2238 612 2275 ceterae
642 2234 860 2274 Ecclesiae
891 2234 1077 2287 offerunt
1091 2234 1425 2288 fermentatum,
1453 2237 1538 2289 pro
1571 2248 1618 2275 eo
1650 2234 1767 2288 quod
1794 2235 1981 2276 Verbum
2018 2235 2168 2276 Patris
2205 2234 2403 2275 indutum
2436 2237 2503 2275 est

331 2309 468 2343 carne,
487 2297 599 2336 sicut
618 2299 660 2336 et
670 2295 932 2350 fermentum
955 2297 1157 2336 miscetur
1164 2295 1348 2350 farinae
1376 2313 1410 2336 ».
1445 2296 1576 2345 Idem,
1593 2297 1739 2350 paucis
1757 2297 2000 2345 immutatis,
2024 2297 2114 2338 Cat.
2132 2297 2243 2337 Aur.
2262 2296 2306 2336 in
2323 2296 2494 2343 Mattlz„

332 2370 420 2410 cap.
445 2369 563 2406 XXVI,
581 2371 624 2411 g,
648 2363 689 2397 et
713 2358 793 2411 Op.
823 2357 937 2398 Cont.
966 2358 1116 2397 Error.
1157 2358 1306 2398 Graec.
1336 2359 1445 2398 Part.
1477 2359 1525 2406 ΙΙ,
1555 2372 1644 2412 cap.
1672 2371 1762 2400 XXII
1801 2358 1906 2410 (Ed.
1942 2358 2113 2405 Uecelli,
2146 2359 2313 2398 Romae
2342 2357 2495 2411 1880).

331 2419 502 2459 Praeter
533 2425 749 2459 auctorem
783 2424 982 2459 tractatus
1017 2419 1178 2459 Contra
1211 2420 1388 2460 Errores
1420 2420 1694 2468 Graecorum,
1718 2420 1760 2459 in
1783 2420 1975 2475 margine
1998 2420 2182 2467 citatum,
2206 2419 2248 2459 id
2281 2419 2363 2459 sub
2387 2419 2496 2459 Gre-

330 2480 441 2534 gorii
474 2480 647 2535 Dialogi
682 2481 852 2521 nomine
886 2481 1014 2521 habet
1055 2481 1264 2534 Iosephus
1303 2481 1597 2522 Methonensis
1640 2482 1881 2535 Episcopus
1915 2482 1956 2522 in
1990 2495 2068 2522 sua
2099 2481 2378 2535 Expositione
2409 2483 2498 2534 pro

332 2541 494 2581 Sancta
526 2545 569 2582 et
602 2543 878 2582 OEcumenica
912 2542 1079 2594 Synodo
1111 2543 1371 2590 Florentina,
1403 2556 1492 2597 cap.
1515 2556 1556 2592 11,
1579 2543 1632 2583 de
1662 2543 1828 2596 Azymo
1861 2546 1904 2584 et
1932 2543 2216 2590 FermentatO,
2253 2545 2275 2593 ἓ
2311 2554 2394 2583 V111.
2431 2542 2494 2583 Cf.

331 2603 400 2643 De
433 2603 607 2651 Rubeis,
631 2604 811 2644 Dissert.
841 2603 981 2646 Critic.
1004 2605 1180 2652 XXXII,
1205 2618 1293 2658 cap.
1319 2616 1358 2652 V,
1383 2618 1496 2645 num.
1522 2616 1561 2645 V.

455 2665 535 2716 Qu.
560 2677 690 2711 LXXV,
716 2671 789 2705 art.
814 2667 841 2705 6
875 2665 916 2705 in
952 2679 1086 2719 corp.:
1127 2683 1144 2702 ‹<
1175 2666 1360 2717 Quidam
1394 2672 1630 2720 posuerunt
1662 2666 1793 2720 quod,
1818 2667 1925 2707 facta
1954 2667 2287 2715 consecratione,
2311 2679 2398 2706 non
2421 2678 2494 2706 so-

330 2725 416 2766 lum
451 2732 669 2766 remanent
701 2726 933 2767 accidentia
965 2727 1098 2781 panis,
1122 2727 1199 2767 sed
1233 2728 1358 2768 etiam
1392 2728 1528 2768 forma
1560 2728 1848 2769 substantialis
1883 2728 1973 2768 eius
2001 2745 2036 2769 ».
2071 2729 2139 2768 De
2172 2728 2251 2768 hac
2291 2727 2495 2782 opinione

330 2793 478 2827 tractat
512 2788 757 2828 Alexander
790 2789 1000 2835 Halensis,
1025 2789 1239 2836 Summae,
1265 2803 1303 2843 p.
1328 2790 1400 2838 IV,
1426 2803 1495 2843 qu.
1518 2803 1558 2838 X,
1584 2790 1740 2830 memb.
1767 2789 1805 2838 5,
1830 2796 1903 2830 art.
1929 2791 1968 2837 3,
1993 2793 2016 2841 ἓ
2053 2802 2097 2830 2:
2134 2791 2245 2837 item,
2274 2789 2318 2830 S.
2348 2790 2492 2830 Bona-

329 2855 517 2896 ventura,
543 2850 603 2889 IV
637 2850 761 2897 Sent.‚
789 2850 881 2890 dist.
906 2862 960 2898 XI,
985 2864 1024 2904 p.
1048 2863 1072 2898 1,
1098 2864 1167 2904 qu.
1194 2863 1238 2899 2;
1274 2857 1421 2891 neuter
1453 2857 1594 2892 tamen
1628 2858 1845 2892 auctorem
1880 2851 2087 2907 designat.

453 2910 534 2961 Qu.
558 2923 705 2958 LXXVI,
729 2917 803 2951 art.
828 2913 867 2959 3,
892 2925 979 2967 arg.
1005 2911 1096 2952 Sed
1121 2915 1250 2952 cont.-
1287 2928 1305 2949 α
1334 2913 1604 2967 Augustinus
1638 2913 1738 2953 dicit
1770 2913 1811 2953 in
1846 2913 2036 2967 quodam
2060 2912 2286 2954 Sermone:
2322 2912 2500 2965 Singuli

328 2972 543 3025 accipiunt
576 2972 792 3012 Christum
825 2973 1059 3013 Dominum
1069 2988 1083 3013 .·
1116 2977 1158 3013 et
1186 2974 1230 3013 in
1261 2974 1445 3027 Singulis
1457 2975 1727 3029 portionibus
1749 2978 1860 3015 totus
1894 2977 1964 3022 est,
1990 2987 2066 3014 nec
2088 2976 2176 3028 per
2194 2974 2392 3027 singulas
2412 2974 2492 3014 mi-

327 3033 483 3080 nuitur,
506 3033 586 3073 sed
611 3034 825 3087 integrum
857 3048 903 3075 se
925 3035 1111 3089 praebet
1139 3035 1182 3075 in
1214 3036 1397 3089 singulis
1424 3052 1458 3076 ›.

451 3095 569 3134 Haec
603 3096 818 3150 Magister,
844 3097 904 3136 IV
938 3097 1064 3143 Sent.‚
1091 3097 1184 3137 dist.
1208 3110 1279 3145 XII,
1305 3111 1393 3151 cap.
1418 3098 1507 3138 Sed
1535 3098 1648 3151 quia,
1674 3097 1942 3151 Hieronymo
1965 3097 2162 3137 attribuit.
2194 3097 2297 3138 Can.
2322 3096 2499 3150 Singuli

329 3158 470 3195 autem
494 3155 596 3209 (77),
621 3156 713 3196 dist.
738 3158 774 3196 II
797 3157 849 3197 de
876 3158 1078 3205 Consecr.,
1098 3158 1237 3199 eidem
1259 3159 1303 3199 in
1326 3160 1462 3199 Serm.
1479 3159 1733 3200 Dominicae
1754 3159 1802 3199 V
1800 3161 1904 3214 post
1924 3159 1965 3198 T
1956 3158 2256 3213 heophaniam.
2292 3158 2490 3213 Algerus,

327 3216 397 3255 De
419 3216 613 3257 Sacram.
643 3217 762 3271 Corp.
787 3221 830 3258 et
848 3219 982 3271 Sang.
1005 3220 1131 3259 Dom.
1155 3220 1225 3260 lib.
1250 3221 1279 3268 1,
1304 3233 1393 3274 cap.
1417 3232 1489 3268 XV,
1515 3220 1630 3261 dicit:
1654 3221 1760 3261 Item
1790 3220 2056 3268 Ambrosius,
2081 3220 2310 3260 Dominica
2337 3219 2385 3259 V
2391 3222 2498 3274 post

328 3277 643 3331 Epiphaniam.-
681 3294 698 3315 ⁴<
727 3279 902 3332 Singuli
929 3280 1146 3333 accipiunt
1175 3287 1250 3321 etc.
1276 3297 1294 3318 ›
1324 3282 1626 3330 Guitmundus',
1654 3283 1724 3322 De
1750 3282 1880 3322 Verit.
1910 3281 2030 3336 Corp.
2063 3285 2106 3322 et
2134 3282 2268 3335 Sang.
2301 3281 2488 3330 Domini,

327 3338 396 3378 lib.
421 3339 450 3386 I,
475 3339 572 3379 citat
603 3340 906 3393 praefationem
941 3341 982 3381 in
1016 3341 1094 3381 ritu
1129 3343 1434 3391 Ambrosiano,
1458 3357 1577 3396 quae,
1603 3350 1650 3384 ut
1683 3343 1793 3392 dicit,
1816 3346 1903 3398 per
1933 3346 2065 3384 totum
2103 3344 2311 3383 Latinum
2349 3343 2491 3384 orbem

327 3399 440 3439 inter
458 3401 751 3454 Epiphaniam
774 3405 817 3441 et
834 3402 1214 3456 Septuagesimam,
1234 3405 1277 3444 in
1304 3404 1493 3457 quadam
1515 3405 1583 3446 die
1602 3405 1831 3446 Dominica
1853 3405 2045 3445 habetur.
2080 3405 2199 3445 Haec
2221 3405 2425 3458 praefatio
2449 3405 2491 3445 in

329 3460 679 3502 Sacramentario
713 3462 756 3503 S.
794 3463 990 3518 Gregorii
1025 3465 1172 3519 Magni
1206 3465 1420 3506 invenitur
1452 3480 1530 3521 pro
1564 3468 1693 3507 Dom.
1726 3467 1766 3506 V
1800 3472 1899 3520 post
1938 3466 2233 3520 Epiphaniam.
2275 3466 2490 3516 Halensis,

328 3522 532 3563 Summae
563 3537 601 3576 p.
626 3524 698 3571 IV,
723 3537 791 3577 qu.
817 3538 856 3573 x,
882 3526 1037 3566 memb.
1065 3537 1102 3579 7,
1126 3533 1199 3567 art.
1224 3529 1263 3575 3,
1288 3530 1311 3578 ξ
1347 3527 1384 3576 5,
1409 3529 1542 3569 verba
1575 3529 1699 3569 allata
1731 3529 2005 3568 Damasceno
2039 3527 2262 3568 adiudicat.
