2918 4088
229 708 282 730 'Cf-
288 708 330 730 Vit.
337 709 361 731 S.
368 708 433 736 Greg
415 715 440 736 g.

229 751 294 783 nisse.
297 739 372 788 “felib
375 735 442 788 .¹⁰’ff;

230 815 241 825 '¹
269 795 441 836 cf.4¹i3nchas.

229 840 339 866 Ratbert„
348 841 393 863 loc.
402 840 441 862 cit.

230 857 440 895 ·Cf.Supp1em.,

230 899 261 940 gg
263 899 361 948 guartv'
357 925 377 948 3.
370 897 441 941 nnc}

229 952 311 999 {¹:353
331 952 370 993 ‘¹21¹
374 951 440 1000 2²¹3:

229 1002 270 1020 art.
285 1005 305 1027 3.

227 1499 237 1508 ·
252 1497 316 1520 Vers.
331 1504 365 1525 3¹·

226 1617 282 1639 ’(Ξῇ
292 1617 336 1638 Gui
339 1617 437 1644 anund„

227 1643 256 1664 de
273 1643 342 1665 νει-ἰὴ
366 1633 437 1675 Corp.

226 1670 437 1718 έηὶῗιηςξαιίῗῖηἰίἱη

474 214 543 251 192

524 281 774 330 Quandoque
802 294 895 319 vero
925 282 1107 330 contingit
1133 282 1215 319 talis
1237 281 1423 332 apparitio
1452 293 1531 317 non

468 346 538 383 per
566 335 688 371 solam
717 334 1027 372 immutationem
1055 335 1280 379 videntium,
1310 334 1376 371 sed
1406 333 1530 382 specie

470 398 569 435 quae
597 386 749 424 videtur
776 387 923 424 realiter
954 387 1117 425 exterius
1146 387 1336 425 existente.
1380 387 1428 423 Et
1455 386 1532 421 hoc

470 439 628 488 quidem
647 438 660 462 ὃ
689 440 841 478 videtur
868 453 949 477 esse
979 441 1135 489 quando
1164 439 1235 476 sub
1255 439 1318 476 tali
1337 438 1462 487 specie
1482 437 1530 474 ab

471 492 652 530 omnibus
671 506 696 530 v
699 493 843 540 idetur;
873 501 909 530 et
936 505 1016 530 non
1036 493 1084 530 ad
1104 494 1254 536 horam,
1275 491 1341 527 sed
1361 502 1430 539 per
1449 491 1530 526 lon-

469 557 563 593 gum
590 553 743 596 tempus
772 546 822 583 ita
849 553 1059 595 permanet
1090 546 1138 581 Et
1166 544 1205 580 in
1233 545 1309 580 hoc
1328 555 1419 579 casu
1448 541 1531 590 qui—

470 597 561 634 dam
593 598 726 635 dicunt
762 599 868 647 quod
906 606 961 634 est
991 596 1146 647 propria
1183 595 1327 644 species
1360 594 1531 643 corporis

472 649 622 687 Christi.
652 652 736 688 Nec
755 651 877 688 obstat
901 651 1007 699 quod
1027 649 1262 698 quandoque
1282 659 1361 683 non
1380 646 1532 683 videtur

470 702 522 739 ibi
550 711 651 740 totus
681 703 865 749 Christus,
896 703 962 739 sed
991 702 1117 760 aliqua
1144 713 1232 749 pars
1261 699 1383 736 carnis
1402 699 1440 746 *3
1469 700 1532 736 vel

470 755 581 792 etiam
612 756 763 793 videtur
790 768 869 792 non
898 755 937 792 in
957 754 1082 803 specie
1101 752 1272 798 iuvenili,
1302 752 1369 788 sed
1390 751 1431 788 in
1450 751 1530 789 effi-

469 807 526 856 gie
555 808 728 857 puerili*
741 808 868 857 ·quia
895 807 933 843 in
952 813 1135 856 potestate
1165 813 1219 842 est
1252 804 1424 853 corporis
1452 805 1530 852 glo-

469 860 570 906 riosi,
591 869 633 898 ut
651 861 746 898 infra
764 860 784 882 '¹‘
812 861 958 897 dicetur
975 864 987 880 ε
990 859 1126 908 ‚quod
1147 857 1321 894 videatur
1348 857 1397 894 ab
1416 859 1530 894 oculo

469 925 549 950 non
584 913 792 962 glorificato
820 914 881 949 vel
910 888 1125 949 secu⁷ndum
1153 918 1278 947 totum
1306 911 1368 947 vel
1396 922 1531 947 secun-

468 966 564 1003 dum
591 973 751 1014 partem,
781 973 817 1002 et
844 965 882 1002 in
902 963 1024 1011 effigie
1044 964 1105 999 vel
1123 962 1280 1013 propria
1307 964 1369 1000 vel
1395 962 1530 1012 aliena,

467 1026 509 1054 ut
536 1018 632 1055 infra
659 1018 815 1055 dicetur.

521 1071 596 1108 Sed
616 1071 692 1107 hoc
710 1070 861 1107 videtur
880 1081 961 1106 esse
981 1068 1269 1105 inconveniens.
1294 1068 1426 1106 Primo
1446 1068 1529 1118 qui-

467 1123 568 1169 dem,
598 1123 687 1171 quia
716 1134 856 1172 corpus
879 1121 1018 1159 Christi
1046 1134 1126 1159 non
1154 1129 1279 1171 potest
1306 1121 1346 1158 in
1373 1121 1529 1171 propria

466 1175 590 1224 specie
618 1175 739 1212 videri
767 1175 838 1212 nisi
866 1175 906 1212 in
928 1186 1009 1212 uno
1029 1176 1126 1222 loco,
1156 1175 1195 1211 in
1223 1186 1303 1224 quo
1332 1173 1527 1212 definitive

465 1227 690 1265 continetur.
720 1228 843 1275 Unde,
864 1240 955 1265 curn
974 1227 1151 1265 videatur
1168 1227 1208 1265 in
1226 1227 1383 1277 propria
1402 1227 1527 1277 specie

465 1288 500 1317 et
528 1281 708 1317 adoretur
734 1280 773 1317 in
802 1282 920 1327 caelo,
950 1280 1023 1318 sub
1042 1281 1198 1330 propria
1217 1280 1343 1330 specie
1372 1293 1452 1318 non
1471 1280 1527 1317 vi-

465 1334 576 1370 detur
594 1333 633 1369 in
652 1334 728 1370 hoc
747 1341 998 1372 sacramento.
1020 1356 1045 1360 -
1067 1334 1260 1380 Secundo,
1277 1333 1368 1383 quia
1387 1346 1527 1383 corpus

464 1385 685 1434 gloriosum,
716 1387 822 1435 quod
851 1394 1008 1435 apparet
1026 1394 1069 1423 ut
1086 1388 1180 1434 vult,
1209 1394 1297 1436 post
1324 1386 1526 1436 apparitio-

464 1451 553 1476 nem
585 1451 674 1476 cum
707 1439 871 1476 voluerit
902 1439 1088 1489 disparet:
1125 1439 1222 1477 sicut
1253 1439 1400 1487 dicitur,
1429 1441 1525 1477 Luc.

464 1493 529 1528 ult.
545 1491 575 1539 ²⁸,
597 1493 703 1540 quod
723 1492 916 1529 Dominus
935 1495 982 1530 ab
1010 1493 1126 1530 oculis
1153 1494 1416 1541 discipulorum
1445 1506 1527 1531 eva-

466 1546 552 1581 nuit.
582 1545 669 1581 Hoc
697 1552 826 1582 autem
854 1545 961 1594 quod
989 1545 1062 1582 sub
1090 1545 1216 1595 specie
1244 1546 1367 1583 carnis
1394 1546 1433 1583 in
1452 1547 1528 1583 hoc

465 1605 703 1634 sacramento
745 1606 912 1647 apparet,
946 1597 1014 1635 diu
1045 1606 1269 1648 permanet:
1308 1598 1527 1648 quinimmo

465 1651 701 1700 quandoque
729 1651 862 1699 legitur
890 1663 972 1688 esse
1000 1651 1212 1699 inclusum,
1251 1659 1287 1689 et
1314 1653 1528 1690 multorum

465 1703 738 1753 episcoporum
773 1703 963 1741 consiliot
991 1703 1031 1741 in
1065 1704 1193 1754 pixide
1230 1713 1462 1742 reservatum
1488 1705 1527 1752 *;

517 1834 542 1868 δ)
560 1836 675 1868 quidem.
694 1850 713 1854 —
730 1836 825 1867 PFsG;
844 1836 922 1862 idem.

516 1871 539 1902 ε)
558 1875 588 1897 ut
605 1872 679 1904 infra
698 1871 809 1897 dicetur.
827 1885 847 1891 —-
865 1872 925 1897 Om.
945 1873 991 1897 Pa.

516 1906 541 1939 ζ)
560 1907 679 1933 consilio.
696 1921 715 1926 -
732 1908 843 1933 concilio
862 1908 910 1933 Ea.

1136 1995 1470 2031 commentaria
1494 1997 1747 2031 Cardinalis
1768 1999 1972 2042 Caietani

468 2092 516 2155 ΙΝ
495 2083 673 2113 narticulo
697 2088 822 2119 octavo,
847 2083 974 2114 adverte
995 2085 1078 2115 circa
1092 2094 1183 2115 veras
1197 2086 1397 2126 apparentias
1413 2095 1451 2116 ex
1466 2087 1527 2117 mi-

495 2127 604 2157 raculo
627 2127 661 2157 in
683 2127 747 2158 hoc
770 2134 980 2165 sacramento,
1004 2128 1094 2169 quod
1117 2129 1379 2169 distinguendum
1392 2130 1528 2162 videtur

465 2170 505 2202 de
527 2170 747 2211 magnitudine
773 2173 891 2212 speciei
918 2174 1108 2213 apparentis.
1142 2174 1226 2204 Nam
1250 2175 1276 2205 si
1298 2183 1347 2206 res
1372 2184 1528 2215 apparens

464 2213 559 2246 fuerit
582 2221 647 2246 tam
662 2225 850 2256 magnarum
866 2215 1106 2249 dimensionum
1120 2223 1158 2248 ut
1173 2219 1235 2249 sint
1250 2219 1527 2260 incompossibiles

464 2259 656 2290 substantiae
680 2269 862 2297 conversae,
885 2267 964 2301 puta
987 2262 1022 2298 si,
1046 2267 1231 2292 consecrato
1255 2263 1385 2294 modico
1401 2263 1477 2294 vino
1493 2264 1527 2294 in

465 2301 566 2334 fundo
595 2304 716 2340 calicis,
747 2309 783 2334 ut
806 2304 875 2335 fieri
898 2307 1081 2343 consuevit,
1110 2312 1260 2347 appareat
1289 2313 1321 2338 et
1343 2313 1528 2348 permaneat

463 2352 551 2378 totus
574 2348 654 2378 calix
677 2357 812 2388 magnus
834 2349 951 2389 plenus
972 2351 1078 2390 specie
1101 2351 1273 2390 sanguinis,
1297 2356 1375 2382 tunc
1396 2361 1465 2382 non
1480 2353 1527 2382 vi-

465 2391 557 2422 detur
579 2401 741 2422 remanere
764 2402 857 2423 verus
881 2393 999 2424 Christi
1022 2395 1149 2434 sanguis
1175 2395 1234 2425 sub
1257 2394 1318 2426 illis
1341 2397 1528 2436 speciebus:

466 2436 621 2475 quoniam
636 2445 704 2467 non
718 2442 850 2467 manent
866 2437 1082 2469 dimensiones
1096 2439 1164 2469 vini
1179 2440 1334 2470 conversi.
1358 2440 1400 2470 Et
1414 2441 1447 2471 in
1462 2441 1527 2471 hoc

465 2487 541 2510 casu
564 2481 686 2520 species
706 2481 866 2520 sanguinis
892 2481 1047 2521 significat
1063 2482 1180 2513 Christi
1202 2484 1390 2523 sanguinem
1413 2494 1527 2515 verum

466 2523 622 2554 contineri
646 2524 704 2554 sub
729 2530 936 2561 sacramento,
954 2531 985 2556 et
1007 2535 1075 2556 non
1098 2526 1254 2557 contineri
1278 2528 1337 2558 sub
1360 2528 1472 2568 seipsa.

519 2567 552 2597 Si
575 2576 652 2598 vero
683 2568 898 2599 dimensiones
927 2579 995 2600 non
1018 2570 1081 2601 sint
1102 2571 1147 2601 ita
1172 2571 1205 2601 in
1227 2572 1356 2602 veritate
1380 2578 1526 2603 extensae

1106 205 1369 251 QUAESTIO
1398 205 1574 250 LXXVI,
1608 202 1900 240 ARTICULUS
1928 203 2009 243 VIII

1585 281 1691 329 quod
1711 280 1815 316 nefas
1834 287 1890 316 est
1917 280 1965 316 de
1986 280 2138 317 Christo
2158 281 2295 318 sentire
2324 282 2539 319 secundum
2558 294 2647 332 pro-

1584 332 1708 381 priam
1738 332 1917 380 speciem.

1637 385 1686 421 Et
1704 384 1792 421 ideo
1812 383 2022 421 dicendum
2041 385 2159 433 quod,
2179 386 2424 424 manentibus
2443 386 2647 424 dimensio-

1584 437 1698 473 nibus
1718 448 1817 485 quae
1835 436 1942 485 prius
1959 437 2125 485 fuerunt,
2145 437 2189 474 fit
2207 438 2435 476 miraculose
2454 439 2644 488 quaedam

1584 489 1801 526 immutatio
1829 488 1929 526 circa
1956 489 2028 527 alia
2055 489 2276 538 accidentia,
2297 499 2391 540 puta
2417 491 2583 540 figuram
2610 499 2648 529 et

1585 543 1755 578 colorem
1784 549 1820 578 et
1847 541 1920 579 alia
1947 542 2184 590 huiusmodi,
2205 550 2247 580 ut
2266 544 2442 581 videatur
2468 556 2557 581 caro
2585 546 2648 582 vel

1585 593 1748 642 sanguis,
1765 602 1831 631 aut
1845 594 1959 632 etiam
1978 607 2087 644 puer.
2103 595 2162 643 Et,
2179 595 2275 633 sicut
2293 596 2400 646 prius
2418 596 2565 634 dictum
2578 604 2646 644 est,

1584 647 1660 683 hoc
1675 658 1756 683 non
1771 654 1825 684 est
1839 647 2030 697 deceptio:
2051 648 2143 697 quia
2156 647 2199 685 fit
2218 650 2254 686 in
2259 651 2436 699 figuram
2455 649 2646 686 cuiusdam

1583 701 1758 746 veritatis,
1779 699 1917 737 scilicet
1935 701 1984 737 ad
2011 701 2295 739 ostendendum
2318 714 2388 751 per
2409 702 2511 740 hanc
2533 701 2648 740 mira·

1584 753 1758 789 culosam
1777 752 2058 801 apparitionem
2072 754 2179 803 quod
2193 753 2234 791 in
2248 755 2325 792 hoc
2339 762 2578 792 sacramento
2593 762 2649 792 est

1583 817 1674 842 vere
1695 817 1835 854 corpus
1852 805 1991 843 Christi
2006 813 2042 843 et
2056 806 2210 854 sanguis
2225 813 2255 844 η.
2275 808 2324 844 Et
2338 807 2392 845 sic
2405 814 2508 857 patet
2526 807 2647 857 quod,

1584 858 1872 895 remanentibus
1909 858 2228 908 dimensionibus,
2262 871 2362 909 quae
2397 867 2486 897 sunt
2513 860 2648 898 funda-

1584 918 1714 948 menta
1748 910 1914 949 aliorum
1951 912 2206 950 accidentium
2219 943 2228 960 ,
2257 921 2299 950 ut
2326 912 2423 951 infra
2441 913 2461 935 ’¹‘
2489 913 2646 960 dicetur,

1584 971 1756 1001 remanet
1775 977 1864 1001 vere
1879 962 1892 986 θ
1913 977 2053 1015 corpus
2074 965 2214 1003 Christi
2232 965 2271 1003 in
2290 967 2367 1004 hoc
2394 973 2646 1004 sacramento.

1636 1018 1694 1054 An
1722 1029 1859 1055 Palmum
1886 1030 1984 1055 ERGO
2008 1030 2190 1056 DICENDUM
2218 1019 2338 1068 quod,
2366 1019 2463 1057 facta
2490 1019 2555 1057 tali
2582 1032 2647 1069 ap-

1582 1069 1782 1118 paritione,
1812 1070 1957 1119 species
1986 1073 2279 1109 sacramentales
2307 1073 2544 1122 quandoque
2564 1072 2648 1122 qui—

1583 1122 1674 1160 dem
1701 1122 1863 1160 totaliter
1890 1131 2047 1160 manent
2075 1123 2114 1161 in
2142 1123 2287 1174 seipsis,
2316 1125 2552 1175 quandoque
2580 1137 2648 1163 au-

1583 1182 1662 1212 tem
1690 1176 1907 1213 secundum
1935 1175 2028 1213 illud
2056 1177 2164 1226 quod
2193 1185 2248 1214 est
2274 1177 2484 1228 principale
2513 1177 2553 1215 in
2581 1178 2646 1227 eis,

1583 1236 1625 1265 ut
1653 1228 1797 1266 dictum
1828 1236 1883 1266 est
1901 1228 1932 1265 *.

1636 1283 1693 1318 AD
1713 1294 1903 1319 SECUNDUM
1930 1294 2112 1319 DICENDUM
2141 1283 2248 1332 quod
2276 1282 2316 1319 in
2337 1282 2563 1321 huiusmodi
2581 1296 2647 1334 ap—

1581 1334 1846 1384 parifionibus,
1876 1334 1973 1371 sicut
1996 1334 2142 1372 dictum
2161 1343 2217 1372 est
2230 1336 2262 1382 *,
2291 1348 2371 1373 non
2389 1336 2542 1374 videtur
2558 1349 2647 1386 pro-

1582 1386 1665 1437 pria
1693 1387 1838 1447 species
1867 1387 2027 1425 Christi:
2058 1388 2125 1425 sed
2153 1388 2299 1448 species
2327 1388 2556 1427 miraculose
2574 1390 2647 1427 for-

1582 1448 1686 1478 mata
1712 1442 1775 1478 vel
1802 1440 1841 1477 in
1870 1440 1990 1478 oculis
2019 1440 2262 1489 intuentium,
2282 1443 2344 1479 vel
2363 1441 2479 1480 etiam
2497 1442 2538 1479 in
2555 1442 2648 1493 ipsis

1582 1492 1922 1531 sacramentalibus
1949 1493 2268 1541 dimensionibus,
2297 1503 2339 1532 ut
2367 1494 2513 1533 dictum
2541 1503 2598 1533 est
2614 1495 2645 1534 *.

1635 1548 1693 1583 An
1720 1558 1879 1584 TER-mm
1904 1559 2086 1585 mcx-:unum
2113 1548 2222 1597 quod
2249 1525 2510 1586 dimensiones
2537 1548 2648 1598 panis

1583 1607 1619 1636 et
1646 1599 1726 1636 vini
1754 1599 1965 1637 consecrati
1987 1609 2157 1648 manent,
2178 1601 2446 1639 immutatione
2465 1601 2565 1639 circa
2583 1614 2648 1640 eas

1582 1652 1811 1690 miraculose
1839 1653 1936 1690 facta
1963 1661 2154 1703 quantum
2182 1654 2231 1691 ad
2260 1653 2332 1692 alia
2359 1653 2580 1703 accidentia,
2605 1663 2648 1693 ut

1583 1705 1729 1743 dictum
1758 1714 1813 1743 est
1830 1705 1861 1743 ³¹⁸.

1601 1844 1604 1847 ’
1636 1837 1663 1870 η)
1685 1837 1787 1863 Christi
1804 1841 1831 1863 et
1847 1838 1967 1872 sanguis.
1984 1853 2004 1858 -
2021 1843 2048 1864 et
2065 1839 2178 1873 sanguis
2199 1839 2300 1865 OEristi
2318 1839 2364 1870 Ρ1;
2383 1840 2416 1866 cf.
2431 1845 2479 1867 nrt.
2493 1846 2518 1866 1.
2534 1839 2560 1870 ζ.
2603 1855 2606 1859 ·

1634 1871 1660 1907 θ)
1680 1880 1750 1900 uere.
1766 1887 1787 1893 -
1804 1874 1867 1899 Om.
1885 1874 1914 1918 Ρ.

2575 2027 2651 2060 ’1)ξι

1581 2087 1659 2127 quin
1675 2087 1838 2118 afficerent
1861 2095 2048 2118 conversam
2063 2087 2273 2118 substantiam
2296 2088 2322 2118 si
2336 2088 2492 2124 subesset,
2504 2087 2649 2119 *sennem

1581 2132 1660 2163 dum
1683 2137 1730 2163 est
1752 2137 1788 2162 ut
1810 2132 1913 2163 littera
1935 2131 2038 2163 tradit.
2073 2131 2240 2170 Quoniam
2262 2131 2374 2168 tandiu
2402 2137 2512 2163 manet
2533 2131 2649 2167 veritae

1580 2177 1778 2212 sacramenti,
1799 2175 1942 2216 quandiu
1958 2182 2101 2207 maneret
2115 2176 2206 2216 panis
2227 2181 2284 2208 aut
2306 2176 2419 2208 vinum
2441 2176 2468 2208 si
2493 2176 2649 2218 subesset-5

1582 2219 1717 2251 Constat
1740 2226 1848 2252 autem
1871 2220 1971 2261 quod,
1996 2220 2140 2260 quandiu
2169 2226 2302 2251 manent
2331 2218 2548 2252 dimensiones
2573 2210 2649 2258 111αέ

1580 2265 1648 2295 sine
1675 2265 1830 2301 subiecto,
1847 2270 1956 2295 manet
1979 2274 2096 2315 corpus
2121 2270 2175 2295 aut
2198 2265 2327 2305 sanguis
2350 2263 2478 2295 Christi.
2564 2268 2566 2272 ’

1635 2308 1740 2345 Unde,
1757 2317 1832 2339 cum
1848 2314 1914 2339 tam
1929 2309 2090 2339 extensive
2112 2308 2329 2339 dimensiones
2343 2309 2565 2345 immutantur,
2584 2308 2645 2339 imi

1579 2353 1716 2383 mutatio
1738 2362 1807 2383 non
1829 2358 1878 2383 est
1895 2353 2002 2383 solum
2017 2348 2230 2388 accidentalis,
2254 2352 2311 2383 sed
2331 2352 2553 2383 substantialis.
2576 2352 2645 2383 Au·

1580 2402 1650 2428 ctor
1673 2402 1781 2428 autem
1812 2397 1955 2437 loquitur
1979 2396 2109 2437 quando
2140 2397 2276 2428 mutatio
2300 2402 2348 2428 est
2374 2396 2483 2428 solum
2505 2396 2540 2428 in
2562 2396 2648 2429 aeci-

1582 2440 1739 2472 dentibus.

1636 2485 1678 2516 Et
1700 2485 1726 2516 si
1749 2490 1917 2525 quaeratur
1940 2494 2004 2525 qua
2019 2484 2205 2516 adoratione
2220 2484 2420 2516 venerandus
2436 2490 2518 2517 esset
2535 2484 2645 2529 huius*

1581 2528 1671 2559 modi
1695 2529 1822 2569 sanguis
1837 2529 2058 2565 miraculosus,
2083 2528 2256 2560 dicendum
2271 2529 2396 2560 videtur
2410 2528 2497 2560 idem
2513 2537 2582 2560 esse
2594 2526 2645 2560 iu·

1582 2572 1702 2603 dicium
1726 2572 1765 2603 de
1788 2574 1859 2614 ipso
1884 2578 1915 2604 et
1937 2573 1977 2604 de
2000 2578 2088 2604 veste
2112 2573 2231 2604 Christi
2246 2574 2273 2604 ἢ

2645 2573 2830 2614 ³m.4‚nd⁸3.

2674 920 2685 931 '
2694 919 2742 947 Qu.
2750 925 2837 947 mvn,
2845 923 2891 943 nrt.

2674 1241 2686 1252 '
2699 1239 2725 1263 In
2739 1245 2850 1269 corpore.

2674 1347 2685 1358 ¹
2697 1346 2759 1370 nvid-

2674 1502 2685 1513 ·
2698 1501 2760 1525 lbid.

2673 1714 2685 1726 ¹
2697 1712 2759 1736 lbid.

2701 2556 2737 2580 Cf.
2761 2563 2801 2606 qu.
2824 2563 2889 2586 xxv,
