2918 4088
976 225 1240 274 QUAESTIO
1268 225 1392 272 va,
1421 223 1715 262 ARTICULUS
1743 225 1793 262 ιν
2420 222 2468 259 61

1066 359 1385 403 ARTICULUS
1422 360 1697 409 QUARTUS

641 491 643 493 ,
697 454 854 487 UTRUM
877 453 1020 487 OMNIA
1042 450 1341 485 sAanMENrA
1363 451 1462 484 sm'r
1484 450 1543 483 DE
1565 450 1864 483 NECESSITATE
1887 452 2066 484 SALUTIS

366 536 408 560 '1v
427 535 510 564 sent„
529 534 588 561 dist.
607 541 651 564 vn,
671 542 717 567 qu.
734 541 752 565 1,
771 539 818 559 art.
839 540 862 565 1,
882 533 931 567 qu·
952 540 982 564 23
1001 533 1061 558 dist.
1080 539 1135 571 vin,
1155 539 1199 564 qu.
1217 539 1235 563 1,
1255 537 1301 557 an.
1322 538 1346 563 2,
1365 531 1415 564 qu⁸
1435 537 1446 555 1
1457 539 1465 562 ;
1485 530 1543 556 dist.
1561 538 1630 562 xxm,
1649 539 1694 564 qu.
1715 538 1738 562 1,
1758 536 1804 556 art.
1826 538 1848 562 1,
1868 531 1918 564 qu·
1939 531 1961 560 3.
1981 532 2013 556 ad
2033 538 2062 563 1;
2082 532 2123 557 De
2142 533 2240 558 Eccles.
2259 533 2381 560 Sacram.

325 634 386 665 χω.
408 639 475 677 ,ᾗ
502 627 525 652 1)
554 626 726 657 QUARTUM
745 625 796 650 510
812 623 1046 650 PROCEDITUR.
1067 610 1228 648 Videtur
1247 611 1354 660 quod

317 659 470 729 ”””ῑ»”ᾼὶζῖσ
503 667 637 705 omnia
674 672 911 703 sacramenta
937 671 1026 701 sunt
1058 663 1107 701 de
1133 663 1354 701 necessitate

307 713 389 801 ’,ᾖξ’
368 738 427 766 ν,
438 707 644 762 Δ1511111115.
673 719 716 756 Id
743 717 848 756 enim
875 717 983 767 quod
1005 729 1086 754 non
1107 724 1163 754 est
1181 728 1353 754 necessa-

311 768 321 777 *
398 767 489 808 *ΨΧ
502 772 630 819 rium,
664 771 818 809 videtur
853 782 936 807 esse
975 769 1233 829 superfluum.
1275 770 1354 807 Sed

290 826 443 864 nullum
466 832 754 880 sacramentum
770 831 825 860 est
843 822 1106 873 superfluum:
1136 822 1228 872 quia
1251 823 1354 860 Deus

36 887 64 903 '·
97 889 198 912 Armot
234 888 264 911 de
291 880 382 917 mlul
388 879 488 927 facit
495 879 645 927 frustra
663 877 694 914 ²⁸.
723 877 825 925 Ergo
845 876 978 914 omnia
1000 883 1238 913 sacramenta
1265 884 1354 913 sunt

49 915 263 993 ἓὼὲἷέῗῗάῧ
290 932 339 970 de
366 930 588 968 necessitate
615 928 756 968 salun‘s

344 995 379 1021 2.
409 984 642 1031 PRAETEREA,
661 982 758 1020 sicut
783 982 832 1020 de
850 981 1042 1032 baptismo
1062 981 1200 1019 dicitur
1217 981 1248 1030 ³²,
1268 983 1356 1020 Nisi

237 1027 370 1088 '¹’quis
387 1042 536 1074 renatus
551 1041 569 1059 ⁶²
576 1037 699 1085 fuerit
717 1048 766 1073 ex
783 1048 882 1085 aqua
901 1041 934 1072 et
952 1037 1089 1085 Spiritu
1108 1037 1256 1082 Sancto,
1278 1048 1352 1072 non

283 1095 403 1139 potest
429 1091 584 1127 introire
609 1092 647 1126 in
675 1100 838 1139 regnum
865 1090 948 1135 Dei,
969 1087 1020 1126 ita
1047 1088 1095 1126 de
1115 1087 1354 1126 Eucharistia

287 1141 702 1186 dicitur‚10an.V1*:
739 1142 828 1180 Nisi
861 1142 1172 1179 manducaveritis
1199 1153 1353 1178 carnem

288 1195 377 1234 Filii
391 1196 552 1233 hominis
578 1201 612 1232 et
637 1196 799 1233 biberitis
826 1196 903 1232 eius
928 1195 1163 1245 sanguinem,
1184 1206 1259 1232 non
1287 1196 1352 1232 ha-

69 1285 79 1293 ,
287 1250 414 1287 &ebitis
439 1250 554 1287 vitam
582 1250 620 1286 in
646 1250 761 1287 vobis.
790 1249 904 1308 Ergo,
933 1248 1030 1285 sicut
1056 1247 1270 1297 baptismus
1298 1256 1354 1285 est

55 1315 94 1351 ¹¹?
243 1338 246 1340 ,
289 1309 575 1340 sacramentum
602 1301 844 1343 necessitatis
874 1301 924 1338 ita
951 1309 988 1338 et
1015 1300 1265 1338 Eucharistia.

78 1352 87 1372 '⁴
345 1354 381 1392 3.
399 1354 634 1403 13154ΜΕΑ,
663 1354 746 1391 sine
772 1361 1012 1392 sacramento
1032 1353 1212 1403 baptismi
1229 1361 1354 1403 potest

287 1407 427 1458 aliquis
455 1408 583 1445 salvus
610 1406 712 1455 fieri,
741 1407 960 1444 dummodo
993 1419 1074 1444 non
1111 1414 1354 1458 contemptus

290 1460 493 1509 religionis,
523 1461 590 1498 sed
617 1460 821 1497 necessitas
847 1468 1132 1498 sacramentum
1167 1460 1352 1507 excludat,

35 1020 210 1049 *me-p.

41 1050 145 1077 ms

45 1142 143 1197 yn:
156 1149 192 1174 5⁴·

290 1522 334 1552 ut
360 1514 458 1551 infra
474 1513 495 1536 *
521 1513 679 1551 dicetur.
718 1514 796 1551 Sed
833 1513 873 1550 in
906 1512 1079 1562 quolibet
1114 1520 1353 1550 sacramento

271 1574 536 1616 ,contemptus
566 1565 758 1614 religionis
789 1565 950 1615 impedit
975 1565 1145 1603 hominis
1179 1567 1352 1602 salutem.

290 1621 405 1669 Ergo,
438 1619 521 1669 pari
557 1618 714 1666 ratione,
748 1618 881 1655 omnia
916 1626 1154 1655 sacramenta
1190 1626 1279 1655 sunt
1306 1618 1354 1655 de

289 1671 511 1710 necessitate
539 1671 679 1708 salutis.

343 1725 418 1763 San
446 1736 591 1761 CONTRA
618 1728 684 1761 EST
712 1723 820 1773 quod
847 1722 958 1772 pueri
986 1724 1181 1760 salvantur
1207 1735 1278 1773 per
1296 1735 1354 1760 so-

289 1778 373 1816 lum
399 1776 648 1826 baptismum,
677 1776 759 1814 sine
787 1775 868 1813 aliis
896 1775 1143 1813 sacramentis
1161 1775 1191 1813 *.

341 1831 567 1868 REsponnzo
585 1841 768 1867 mcssNDUM
783 1829 891 1879 quod
905 1829 1165 1866 necessarium
1179 1836 1355 1879 respectu

289 1882 392 1930 finis,
412 1882 460 1920 de
488 1895 568 1932 quo
588 1894 694 1920 nunc
721 1882 930 1932 loquimur,
950 1882 1088 1920 dicitur
1115 1881 1258 1932 aliquid
1285 1883 1355 1919 du-

146 1933 163 1971 F
284 1935 446 1989 pliciter.
474 1937 564 1974 Uno
593 1936 732 1983 modo,
762 1935 843 1972 sine
871 1947 951 1995 quo
978 1947 1060 1973 non
1087 1942 1212 1985 potest
1239 1947 1321 1972 esse
1341 1934 1356 1965 β

282 1985 399 2028 finis:
430 1988 531 2027 sicut
553 1988 662 2026 cibus
689 1996 746 2026 est
763 1988 1001 2026 necessarius
1028 1988 1128 2026 vitae
1147 1989 1355 2026 humanae

283 2043 340 2081 -Et
366 2043 443 2080 hoc
469 2049 526 2079 est
553 2041 774 2092 simpliciter
801 2041 1060 2079 necessarium
1088 2041 1137 2079 ad
1164 2041 1297 2078 finem.
1331 2063 1356 2068 -

280 2095 378 2134 'Alio
404 2095 526 2133 modo
553 2095 693 2132 dicitur
719 2107 802 2132 esse
830 2094 1090 2132 necessarium
1109 2094 1148 2132 id
1167 2094 1249 2132 sine
1277 2107 1357 2144 quo

289 2156 372 2187 non
398 2148 563 2187 habetur
588 2148 677 2186 finis
705 2148 755 2186 ita
782 2148 1074 2186 convenienter:
1109 2147 1206 2185 sicut
1233 2159 1358 2197 equus

1 1519 3 1523 ⁴
46 1515 192 1546 ‘Qu-mm.
198 1519 263 1540 um-

35 1558 41 1570 ,

83 1785 264 1836 mum:

124 1823 244 1863 -ns'om

343 2289 360 2306 α
390 2285 509 2307 renatus.
526 2295 547 2300 —
563 2281 626 2306 EFa
645 2286 671 2306 et
688 2280 777 2312 tertia3
796 2284 978 2314 regeneratus.

343 2280 372 2388 βξ
388 2324 453 2343 esse.
470 2331 491 2336 -
508 2317 601 2342 haberi
619 2317 648 2342 P.

283 2375 287 2378 .
340 2361 360 2388 γ
389 2353 578 2379 necessarium.
595 2366 614 2371 -
632 2352 704 2385 quod
721 2352 758 2377 sit
775 2352 954 2378 necessarium
974 2352 1002 2377 P.

352 2556 504 2587 membris
527 2555 567 2586 de
589 2557 768 2586 necessario
789 2555 829 2586 ad
850 2555 959 2591 finem,
975 2565 1052 2586 cum
1071 2555 1203 2595 singulis
1225 2555 1357 2586 conclu-

291 2600 446 2631 sionibus.
470 2599 640 2631 Distinctio
663 2605 719 2630 est.
743 2600 966 2631 Necessarium
985 2599 1025 2631 ad
1040 2599 1139 2630 finem
1155 2605 1203 2630 est
1216 2599 1268 2630 vel
1283 2599 1357 2630 sim-

229 2653 232 2656 ’
291 2643 432 2685 pliciter;
454 2643 506 2674 vel
528 2649 566 2674 ut
588 2643 801 2674 commodius.

194 2713 206 2725 ἧ,
258 2699 265 2727 ;
346 2687 452 2718 Prima
475 2687 640 2718 conclusio
663 2693 726 2718 est:
750 2688 860 2719 Primo
883 2688 979 2719 modo
996 2687 1201 2723 necessitatis,
1219 2687 1282 2718 tria
1305 2696 1358 2718 sa-

291 2737 458 2763 eramenta
488 2737 565 2763 sunt
587 2732 769 2763 necessaria
791 2732 835 2762 ad
855 2732 1013 2763 salutem:
1041 2732 1163 2763 scilicet
1184 2731 1358 2772 baptismus

168 2775 173 2785 ¹
291 2776 447 2813 absolute,
465 2776 668 2817 poenitentia
683 2776 847 2816 supposito
857 2781 992 2817 peccato
1009 2776 1142 2807 mortali
1157 2781 1236 2817 post
1257 2776 1357 2816 bapti-

290 2829 405 2857 smum,
430 2826 462 2851 et
484 2820 565 2851 ordo
590 2825 734 2861 respectu
756 2820 930 2851 Ecclesiae.

347 2863 496 2896 Secunda
519 2865 685 2896 conclusio
703 2870 765 2895 est:
783 2864 922 2906 Reliqua
940 2868 1144 2895 sacramenta
1159 2869 1236 2895 sunt
1251 2874 1357 2895 neces-

290 2909 383 2940 saria
405 2909 546 2940 secundo
570 2909 677 2940 modo.

255 2488 260 2489 ⁷
293 2521 460 2585 Trruzus
483 2511 596 2543 01111115.
618 2529 642 2534 -
664 2511 700 2543 111
723 2521 860 2552 corpore
882 2512 1014 2551 ponitur
1042 2521 1108 2542 una
1130 2510 1291 2542 distinctio
1309 2511 1357 2541 bi·
1381 2509 1385 2549 Ι

1409 610 1645 648 necessarius
1673 617 1729 647 est
1756 611 1804 648 ad
1823 610 1903 648 iter.
1932 612 2021 648 Hoc
2040 619 2167 649 autem
2196 625 2276 650 non
2302 621 2357 650 est
2381 613 2469 651 sim-

1409 663 1556 713 pliciter
1581 663 1843 700 necessarium
1870 664 1919 701 ad
1946 663 2078 701 finem.

1462 716 1594 754 Primo
1628 716 1741 765 igitur
1774 717 1894 754 modo
1923 717 2152 755 necessitatis
2188 726 2276 755 sunt
2309 718 2379 756 tria
2413 732 2470 757 sa-

1407 777 1605 807 cramenta
1622 769 1846 806 necessaria.
1875 770 1966 807 Duo
1993 769 2153 819 quidem
2180 783 2367 820 personae
2395 772 2470 810 sin-

1407 822 1546 871 gulari:
1576 821 1790 872 baptismus
1809 822 1969 872 quidem
1988 822 2207 873 simpliciter
2225 831 2262 861 et
2279 825 2468 872 absolute3

1408 875 1643 925 poenitentia
1661 882 1803 922 autem,
1819 875 2018 925 supposito
2037 884 2194 926 peccato
2214 877 2365 915 mortali
2383 885 2471 928 post

1408 928 1657 978 baptismum.
1687 929 1982 966 Sacramentum
2009 937 2140 967 autem
2168 930 2312 968 ordinis
2331 938 2387 967 est
2404 930 2470 968 ne-

1408 981 1618 1019 cessarium
1646 981 1859 1019 Ecclesiae:
1893 981 1995 1031 quia,
2015 984 2079 1020 ubi
2105 995 2180 1020 non
2208 989 2259 1020 est
2284 985 2470 1034 guberna-

1407 1041 1477 1081 tor,
1492 1035 1654 1085 populus
1681 1040 1840 1081 corruet,
1861 1042 1903 1072 ut
1930 1034 2067 1072 dicitur
2093 1036 2270 1074 Proverb.
2291 1048 2326 1073 x1
2344 1036 2375 1073 *.
2442 1036 2446 1038 ’

1463 1088 1541 1126 Sed
1559 1088 1731 1125 secundo
1751 1088 1871 1125 modo
1891 1095 1980 1125 sunt
2006 1089 2219 1126 necessaria
2249 1089 2321 1127 alia
2348 1101 2469 1127 sacra-

1409 1149 1615 1179 cramenta.
1654 1141 1760 1178 Nam
1787 1141 2030 1179 confirmatio
2058 1141 2207 1191 perficit
2233 1142 2469 1192 baptismum

1409 1194 1721 1244 quodamm0d03
1741 1201 1910 1231 extrema
1929 1194 2059 1232 unctio
2077 1195 2370 1244 poenitentiam;
2390 1207 2469 1233 ma-

1407 1247 1635 1285 trimonium
1653 1259 1748 1284 vero
1767 1246 1958 1284 Ecclesiae
1981 1247 2267 1286 multitudinem
2287 1259 2358 1298 per
2380 1260 2469 1298 pro-

1408 1300 1654 1350 pagationem
1681 1307 1892 1337 conservat.

1461 1355 1519 1391 An
1547 1365 1682 1390 PmMUM
1710 1365 1808 1390 ERGO
1835 1364 2017 1391 mersimus(
2044 1353 2152 1402 quod
2179 1354 2229 1390 ad
2258 1354 2335 1390 hoc
2361 1355 2469 1403 quod

1409 1405 1553 1456 aliquid
1580 1418 1661 1443 non
1680 1405 1726 1443 sit
1744 1405 2000 1455 superfluum,
2019 1405 2159 1443 sufficit
2176 1406 2435 1443 necessarium
2453 1412 2469 1435 Υ

1407 1459 1536 1509 primo
1554 1460 1619 1496 vel
1644 1459 1816 1496 secundo
1835 1459 1967 1496 modo.
1997 1459 2045 1496 Et
2072 1458 2126 1495 sic
2150 1467 2239 1496 sunt
2257 1459 2470 1497 necessaria

1397 1519 1647 1550 *sacramenta
1665 1510 1691 1558 ⁶,
1720 1519 1763 1548 ut
1789 1511 1936 1549 dictum
1963 1519 2019 1549 est
2035 1511 2066 1548 ²⁸.

1463 1566 1520 1602 An
1548 1576 1738 1602 SECUNDUM
1760 1576 1942 1602 DICENDUM
1965 1565 2073 1613 quod
2095 1565 2188 1602 illud
2206 1565 2372 1602 verbum
2391 1565 2469 1602 Do-

1409 1617 1505 1654 mini
1533 1624 1588 1654 est
1615 1616 1903 1664 intelligendum
1930 1617 1978 1653 de
1998 1617 2180 1666 spirituali
2207 1617 2470 1654 manducatio-

1409 1682 1470 1717 ne,
1500 1677 1538 1706 et
1563 1681 1644 1706 non
1672 1669 1720 1706 de
1748 1670 1829 1706 sola
1857 1670 2136 1706 sacramentali:
2166 1678 2208 1707 ut
2234 1670 2470 1718 Augustinus

1409 1722 1577 1772 exponit,
1604 1734 1716 1772 super
1741 1724 1927 1759 Ioannem
1946 1722 1976 1758 *.

1462 1777 1520 1812 An
1550 1787 1710 1812 TERTIUM
1737 1786 1930 1812 mcssNDUM
1944 1775 2070 1824 quod,
2098 1774 2183 1812 licet
2210 1775 2389 1813 omniurn
2416 1788 2471 1813 sa-

1409 1835 1699 1866 cramentorum
1733 1835 1978 1877 contemptus
2014 1827 2060 1864 sit
2096 1827 2206 1865 saluti
2242 1829 2470 1875 contrarius,

1410 1894 1491 1919 non
1523 1889 1655 1919 tamen
1691 1888 1747 1918 est
1782 1888 2026 1930 contemptus
2060 1881 2286 1918 sacramenti
2323 1893 2370 1918 ex
2396 1882 2473 1919 hoc

1410 1935 1517 1984 quod
1554 1933 1691 1984 aliquis
1726 1945 1807 1971 non
1842 1941 1950 1971 curat
1981 1933 2151 1983 accipere
2188 1935 2472 1972 sacramentum

1411 1987 1519 2038 quod
1538 1999 1619 2025 non
1638 1995 1694 2024 est
1712 1987 1760 2024 de
1779 1986 1999 2024 necessitate
2019 1986 2159 2024 salutis.
2181 1986 2364 2037 Alioquin
2383 1987 2472 2037 quis

1411 2053 1492 2079 non
1520 2040 1711 2090 accipiunt
1739 2039 1936 2087 ordinem,
1965 2047 2003 2077 et
2029 2039 2097 2089 qui
2124 2051 2205 2078 non
2242 2041 2473 2078 contrahunt

1410 2093 1722 2141 matrimonium,
1759 2100 2049 2130 contemnerent
2089 2092 2314 2131 huiusmodi
2350 2105 2472 2131 sacra-

1383 2170 1387 2197 1
1411 2154 1552 2184 menta.

1381 2280 1386 2383 Ι
1463 2279 1489 2349 2³3

964 2424 1301 2464 Commentaria
1323 2430 1577 2464 Cardinaljs
1598 2428 1803 2462 Caietam

1507 2282 1685 2304 sacramenta.
1702 2292 1722 2298 —
1740 2278 1830 2304 omnia
1848 2281 2018 2304 sacramenta
2035 2278 2106 2304 PIsG
2124 2283 2150 2303 et
2167 2286 2190 2304 c.

1507 2315 1560 2348 qui.
1578 2328 1598 2333 —
1615 2321 1705 2339 omnes
1722 2314 1769 2347 qui
1786 2313 1807 2338 E
1826 2319 1852 2338 et
1869 2314 1951 2340 tertia.

1465 2510 1502 2541 11.
1525 2509 1665 2540 Adverte
1693 2509 1746 2539 hic
1777 2508 1882 2549 quod,
1907 2517 1983 2540 cum
2013 2507 2094 2539 ordo
2124 2508 2256 2549 ponitur
2277 2509 2472 2539 necessan'us

1409 2554 1595 2594 simpliciter
1624 2553 1664 2584 ad
1694 2553 1828 2584 salutem
1850 2553 2027 2589 Ecclesiae,
2051 2558 2099 2584 est
2127 2561 2232 2583 sermo
2263 2552 2303 2583 de
2329 2553 2473 2583 Ecclesia

1409 2599 1596 2639 simpliciter
1626 2603 1658 2628 et
1685 2597 1844 2628 absolute:
1876 2603 1907 2628 et
1935 2606 2004 2628 non
2037 2596 2078 2628 de
2106 2602 2196 2637 parte
2225 2597 2332 2637 aliqua
2361 2596 2472 2627 Eccle-

1410 2644 1484 2679 siae,
1502 2652 1585 2683 quae
1609 2641 1760 2672 ecclesiae
1777 2650 1900 2672 nomen
1919 2646 1950 2671 et
1972 2641 2128 2672 rationem
2143 2650 2212 2671 non
2233 2640 2294 2671 nisi
2317 2640 2472 2671 defective

1409 2688 1558 2724 haberet;
1591 2691 1670 2726 puta
1692 2685 1732 2716 de
1761 2685 1897 2726 collegio
1920 2685 2129 2722 monialium,
2154 2690 2208 2715 aut
2237 2685 2472 2715 monachorum

1409 2741 1467 2762 seu
1501 2731 1704 2761 eremitarum
1735 2730 1803 2760 sine
1833 2729 1964 2760 clericis.
1998 2729 2087 2760 Haec
2118 2730 2205 2760 enim
2232 2730 2282 2759 sui
2311 2728 2472 2759 defectum

1408 2775 1613 2806 manifestant
1639 2784 1678 2805 eo
1701 2775 1773 2814 ipso
1805 2773 1896 2814 quod
1924 2774 1992 2804 sine
2023 2779 2295 2804 sacramentorum
2326 2773 2471 2804 ministro

1408 2825 1492 2850 sunt.

901 3166 1855 3246 &Qas—

2496 1043 2507 1053 ·
2519 1041 2586 1063 Vers.
2602 1048 2638 1068 ¹4,

2593 1417 2610 1442 Υ

2593 1512 2608 1537 δ

2495 1548 2506 1558 ·
2520 1547 2546 1568 111
2560 1552 2666 1574 corpore.

2497 1727 2508 1737 ·
2525 1725 2603 1747 τηατ.
2622 1725 2712 1751 xxm>

2497 1751 2592 1773 xxvu.
