2878 4088
109 1023 123 1034 ·
137 1020 204 1044 Ven.
219 1019 274 1042 ¹8.-
285 1018 322 1041 Cf.

112 1053 164 1076 ap.
174 1052 208 1074 ιιι,
222 1051 283 1068 vert-
298 1052 321 1067 ιι

111 1079 164 1102 “m-

111 1282 124 1294 “’
136 1279 224 1305 Romi.
238 1279 282 1302 xn
299 1279 324 1301 in

111 1306 205 1336 Q.

113 1456 125 1468 ·
138 1455 196 1478 Luc.
216 1460 269 1482 cap.
282 1460 326 1479 ιιι,

113 1487 172 1504 vera.
199 1487 237 1508 4²-
255 1491 266 1496 -
289 1480 320 1502 Cf

557 182 820 230 QUAESTIO
849 182 1020 228 XXXVI,
1045 178 1337 219 ARTICULUS
1365 178 1400 214 V
1419 198 1444 202 —
1464 177 1728 224 QUAESTIO
1758 178 1947 224 XXXVII,
1975 179 2266 217 ARTICULUS
2294 181 2308 216 I
2474 180 2523 226 67

402 272 431 293 2.
456 262 652 297 Parim-anm,
669 261 812 291 Ecclesia
834 270 903 291 non
926 261 1032 291 solum
1055 259 1176 299 indiget
1198 258 1347 289 ministris
1371 256 1411 287 ad
1465 256 1691 296 Demophilum
1707 257 1739 285 *ε
1769 255 1866 290 Talis,
1884 256 2003 286 scilicet
2018 258 2074 296 qui
2094 267 2162 288 non
2185 264 2231 288 est
2245 258 2451 295 illuminatus,
2468 268 2526 290 au-

345 307 616 347 dispensationem
635 306 856 345 spiritualium,
873 304 928 335 sed
944 304 983 335 ad
1005 303 1269 344 gubernationem
1284 307 1410 342 tempo-
1465 300 1533 331 dax
1548 300 1676 330 videtur
1689 299 1944 330 sacerdotalibus
1963 309 2094 330 manum
2110 309 2294 341 apponens;
2313 308 2344 333 et
2358 313 2423 334 non
2440 303 2528 334 timet

346 351 470 382 ralium.
495 349 559 381 Sed
582 349 779 390 quandoque
802 350 847 380 illi
871 350 928 389 qui
950 358 1018 379 non
1041 348 1159 379 habent
1181 347 1346 377 scientiam
1360 345 1411 375 vel
1466 354 1568 385 neque
1590 343 1827 375 verecundatur
1849 344 1959 374 divina
1976 349 2111 384 praeter
2132 346 2321 386 dignitatem
2350 357 2526 388 exequens,

347 397 545 426 sanctitatem
574 395 676 430 vitae,
703 399 839 434 possunt
867 402 935 424 esse
962 393 1055 423 utiles
1078 391 1118 422 ad
1147 390 1412 431 gubernationem
1466 394 1498 419 et
1513 393 1635 429 putans
1656 388 1762 418 Deum
1786 388 1943 429 ignorare
1965 397 2047 428 quae
2079 389 2144 428 ipse
2167 390 2198 419 in
2222 391 2324 430 seipso
2355 392 2508 433 cognovit
2516 399 2528 428 ;

346 439 590 479 temporalium:
606 438 657 469 vel
672 443 803 478 propter
814 437 991 478 potentiam
1007 436 1210 471 saecularem,
1221 435 1271 465 vel
1282 439 1412 474 propter
1434 439 1443 459 ⁵
1467 438 1498 463 et
1519 432 1665 473 decipere
1686 432 1849 463 existimat
1861 432 1955 473 salso
1973 432 2102 462 nomine
2123 433 2251 463 Patrem
2274 435 2314 464 ab
2330 435 2397 474 ipso
2421 436 2528 476 appel-

347 483 535 514 industriam
561 483 748 513 naturalem.
778 482 864 522 Ergo
887 481 1011 511 videtur
1035 479 1124 521 quod
1146 479 1224 510 tales
1247 479 1314 508 sine
1337 487 1412 518 pec·
1467 477 1588 513 latum:
1610 482 1642 507 et
1663 476 1761 507 audet
1783 476 1882 516 ipsius
1898 475 2078 506 immundas
2102 477 2268 518 infamias,
2286 488 2350 508 non
2374 480 2458 509 enim
2481 479 2528 510 di-

349 533 420 558 cato
444 533 577 568 possent
598 527 792 567 promoveri.
1467 530 1538 552 cam
1563 521 1736 556 orationes,
1757 530 1855 561 super
1877 520 1987 550 divina
2014 520 2111 561 signa
2137 521 2407 562 Christiformiter
2429 533 2529 554 enun-

405 572 435 602 3.
456 572 651 607 Prummu,
669 571 802 610 quilibet
817 575 943 600 tenetur
957 570 1055 599 vitare
1071 572 1240 608 peccatum
1256 571 1414 606 quantum
1468 566 1560 596 tiare.
1586 565 1671 605 Ergo
1688 565 1835 595 sacerdos
1859 570 1906 595 est
1924 564 2015 604 quasi
2033 564 2237 604 blasphemus
2261 571 2292 595 et
2307 566 2458 606 deceptor
2474 568 2530 607 qui

349 621 465 656 potest.
490 615 523 647 Si
546 625 622 655 ergo
646 616 817 655 episcopus
840 619 951 654 peccat
966 612 1115 652 indignos
1137 620 1342 651 promovens,
1360 609 1414 640 de-
1467 609 1597 649 indigne
1621 619 1716 640 suum
1733 608 1880 639 ordinem
1903 609 2080 648 exequitur.
2105 609 2146 638 Et
2161 610 2205 639 sic
2221 610 2394 640 mortaliter
2409 619 2528 650 peccat.

350 661 404 691 bet
433 659 581 690 adhibere
610 659 783 690 maximam
809 657 1006 698 diligentiam
1030 655 1070 686 ad
1102 654 1269 686 sciendum
1299 664 1340 684 an
1369 653 1455 683 illim
1468 653 1510 683 Et
1532 653 1644 684 eadem
1667 653 1789 683 ratione
1812 653 1947 693 quilibet
1969 652 2048 682 alius
2071 652 2244 683 ordinatus.

350 705 407 744 qui
431 703 587 735 accedunt
609 703 649 734 ad
672 702 799 733 ordines
822 702 885 732 sint
908 701 1006 741 digni,
1029 705 1066 730 ut
1088 698 1178 729 fieret
1210 698 1343 738 diligens
1365 698 1414 727 in·
1525 707 1554 727 2.
1578 697 1774 732 paam-nux,
1791 697 1938 727 sanctitas
1966 697 2136 736 requiritur
2158 698 2191 727 in
2215 699 2418 738 susceptione
2449 698 2532 728 ordi-

351 749 480 789 quisitio
505 747 545 778 de
567 747 711 778 moribus
727 751 758 776 et
780 746 911 776 scientia
931 753 1054 775 eorum.
1079 742 1178 780 Quod
1200 751 1268 772 non
1290 741 1415 772 videtur
1468 741 1518 770 nis
1540 746 1577 771 ut
1600 742 1639 771 sit
1661 740 1799 771 idoneus
1823 740 1862 771 ad
1886 740 2120 780 exequendum.
2145 740 2208 772 Sed
2223 747 2335 781 peccat
2357 743 2531 772 mortaliter

351 793 467 823 alicubi
490 792 660 822 observari.
1470 786 1527 824 qui
1550 794 1625 815 curn
1648 790 1782 825 peccato
1805 785 1931 815 mortali
1956 784 1995 815 ad
2019 784 2146 815 ordines
2166 785 2296 816 accedit.
2321 786 2406 826 Ergo
2429 787 2532 817 multo

406 836 468 867 Seu
493 845 626 871 conum,
642 834 734 874 peius
758 838 805 864 est
826 841 1019 873 promovere
1048 831 1151 861 malos
1174 829 1214 860 ad
1236 839 1324 860 sacra
1345 838 1415 870 my-
1469 828 1583 859 fortius
1601 834 1714 868 peccat
1728 829 1903 859 mortaliter
1918 829 1952 859 in
1968 829 2108 869 qualibet
2132 830 2320 860 executione
2336 831 2385 860 sui
2401 830 2530 861 ordinis.

350 881 443 911 steria
466 889 563 920 quam
586 879 650 908 iam
673 882 841 918 promotos
863 886 931 907 non
954 875 1120 915 corrigere.
1146 873 1209 905 Sed
1231 873 1307 904 Heli
1329 882 1416 903 mor·
1431 882 1453 902 ις
1524 873 1714 903 Rrsronneo
1738 883 1896 903 mcumnm
1919 873 2009 913 quod
2023 873 2073 903 lex
2096 875 2249 914 praecipit
2271 880 2307 904 ut
2329 875 2429 905 homo
2454 875 2535 905 iuste

350 924 452 955 taliter
474 922 618 963 peccavit
640 931 709 952 non
732 922 892 961 corrigens
922 919 1006 950 filios
1028 929 1105 949 suos
1128 918 1168 949 de
1197 917 1317 948 malitia
1340 927 1414 948 sua:
1470 926 1508 947 ea
1532 927 1614 957 quae
1636 922 1713 948 sunt
1735 917 1819 948 iusta
1843 923 2017 957 exequatur
2032 918 2058 947 ὓ.
2089 918 2130 948 Et
2152 917 2226 948 ideo
2251 919 2449 959 quicumque
2472 920 2534 949 hoc

350 967 446 1003 unde,
464 972 642 997 retrorsum
665 965 784 996 cadens
813 969 962 995 mortuus
985 969 1040 999 est,
1065 969 1102 994 ut
1125 962 1240 993 dicitur
1262 962 1416 1003 lRegum
1471 961 1561 1001 quod
1583 962 1643 991 sibi
1667 962 1822 1001 competit
1845 972 1882 992 ex
1906 961 2018 992 ordine
2041 961 2116 992 facit
2138 962 2277 1002 indigne,
2303 963 2392 1003 quod
2414 964 2534 994 iustum

350 1021 383 1042 rv
397 1012 423 1041 ⁹.
447 1011 534 1050 Ergo
556 1019 624 1040 non
639 1010 707 1040 sine
730 1014 864 1049 peccato
888 1007 992 1039 evadit
1015 1009 1041 1038 si
1063 1006 1213 1047 indignos
1235 1011 1415 1046 promovet.
1471 1011 1518 1036 est
1539 1006 1655 1036 iniuste
1679 1006 1855 1045 exequitur,
1874 1011 1904 1036 et
1927 1011 2038 1036 contra
2060 1013 2267 1047 praeceptum
2290 1007 2367 1047 legis
2390 1007 2474 1044 facit,
2498 1018 2535 1038 ac

406 1064 436 1085 2.
456 1055 653 1087 Pimarxnna,
666 1054 839 1094 spiritualia
855 1052 1084 1093 temporalibus
1100 1056 1175 1082 sunt
1190 1050 1418 1091 praeponenda
1470 1059 1528 1090 per
1549 1050 1614 1080 hoc
1628 1050 1803 1080 mortaliter
1818 1055 1939 1090 peccat.
1963 1050 2171 1090 Quicumque
2187 1057 2295 1081 autem
2311 1061 2386 1082 cum
2401 1058 2534 1092 peccato

349 1100 384 1130 in
407 1098 559 1129 Ecclesia.
584 1097 648 1129 Sed
662 1098 837 1128 mortaliter
859 1102 1005 1138 peccaret
1021 1097 1077 1136 qui
1096 1105 1145 1126 res
1161 1095 1322 1125 Ecclesiae
1336 1100 1417 1125 tem·
1431 1102 1457 1116 ²⁰
1470 1094 1598 1124 mortali
1614 1094 1746 1134 aliquod
1761 1104 1886 1125 sacrum
1903 1094 2046 1125 officium
2061 1100 2239 1134 pertractat,
2256 1105 2324 1126 non
2340 1101 2386 1126 est
2401 1096 2535 1127 dubium

350 1143 477 1184 porales
499 1143 635 1173 scienter
658 1142 716 1172 sub
739 1142 884 1182 periculo
901 1146 1045 1182 poneret.
1070 1140 1156 1180 Ergo
1180 1139 1284 1170 multo
1305 1138 1418 1169 fortius
1472 1139 1551 1178 quin
1566 1137 1697 1178 indigne
1712 1138 1791 1169 illud
1807 1138 1891 1169 facit.
1909 1138 2002 1169 Unde
2018 1144 2105 1179 patet
2121 1139 2210 1179 quod
2224 1140 2398 1170 mortaliter
2413 1147 2534 1180 peccat.

351 1187 409 1227 qui
431 1192 567 1227 poneret
589 1196 638 1217 res
661 1186 839 1226 spirituales
856 1186 914 1216 sub
938 1185 1092 1226 periculo.
1117 1183 1180 1215 Sed
1195 1184 1254 1214 sub
1273 1183 1416 1224 periculo
1526 1182 1577 1212 An
1600 1193 1717 1212 PRIMUM
1740 1192 1823 1213 aaoo
1847 1193 2007 1213 mcuNDUM
2030 1183 2119 1224 quod
2141 1193 2209 1214 non
2234 1190 2280 1214 est
2302 1184 2482 1224 perplexus,
2499 1191 2536 1215 ut

351 1231 445 1272 ponit
467 1241 516 1261 res
539 1230 716 1271 spirituales
739 1231 938 1270 quicumque
956 1229 1105 1269 indignos
1128 1233 1317 1268 promovet:
1343 1228 1418 1267 quia
1471 1227 1693 1257 necessitatem
1715 1227 1870 1267 peccandi
1899 1227 2031 1257 habeat:
2063 1228 2138 1267 quia
2160 1234 2267 1268 potest
2296 1234 2466 1269 peccatum
2489 1229 2536 1259 di-

352 1275 444 1306 cuius
467 1275 533 1306 vita
556 1275 739 1316 despicitur,
764 1280 801 1305 ut
823 1274 900 1305 dicit
930 1273 1103 1314 Gregorius
1119 1274 1146 1309 *,
1170 1277 1270 1303 restat
1292 1277 1328 1303 ut
1350 1272 1418 1302 eius
1471 1271 1606 1307 mittere,
1627 1271 1678 1301 vel
1701 1271 1809 1302 officio
1832 1272 1991 1311 resignare
2017 1281 2054 1302 ex
2078 1281 2144 1312 quo
2169 1273 2366 1313 obligabatur
2389 1273 2429 1303 ad
2452 1273 2536 1304 ordi-

346 1319 552 1361 praedicatio
573 1324 807 1354 contemnatur,
825 1324 856 1350 et
872 1318 983 1349 eadem
1003 1318 1126 1348 ratione
1148 1317 1258 1347 omnia
1273 1317 1418 1356 spiritua·
1432 1327 1455 1347 ις
1471 1316 1520 1345 nis
1544 1316 1777 1346 executionem.

316 1368 326 1369 ‘⁷
351 1362 394 1394 lia
417 1364 456 1394 ab
480 1364 525 1394 eis
549 1363 696 1394 exhibita.
730 1363 816 1403 Ergo
839 1362 988 1403 indignos
1018 1371 1213 1402 promovens
1245 1360 1419 1391 mortaliter
1527 1359 1578 1389 An
1602 1369 1763 1389 SECUNDUM
1786 1369 1944 1390 memnon
1961 1359 2050 1399 quod
2072 1361 2122 1390 ius
2138 1361 2281 1391 naturale
2304 1367 2351 1391 est
2373 1361 2536 1401 indispen-

353 1413 475 1449 peccat.
1473 1403 1579 1433 sabile.
1604 1404 1678 1434 Hoc
1701 1409 1809 1434 autem
1832 1410 1879 1434 est
1902 1404 1942 1434 de
1971 1405 2039 1434 iure
2062 1405 2213 1441 naturali,
2236 1411 2273 1435 ut
2299 1406 2399 1436 homo
2430 1412 2537 1436 sancta

407 1452 597 1482 Rnsponnno
614 1461 772 1481 mmmmm
797 1450 887 1491 quod
902 1461 920 1481 a
935 1451 1078 1480 Domino
1094 1451 1111 1466 ³*
1134 1448 1321 1480 describitur
1332 1448 1419 1490 fide-
1473 1452 1580 1478 sancte
1596 1453 1774 1488 pertractet.
1791 1448 1885 1479 Unde
1901 1454 2012 1479 contra
2027 1448 2090 1478 hoc
2105 1449 2213 1479 nullus
2224 1454 2331 1489 potest
2346 1449 2535 1489 dispensare.

353 1496 394 1527 lis
409 1505 530 1531 servus,
551 1496 607 1536 qui
629 1501 676 1526 est
697 1495 889 1526 constitutus
910 1503 1010 1534 supra
1024 1494 1204 1536 familiam,
1222 1498 1258 1523 ut
1280 1493 1333 1524 det
1355 1493 1420 1523 illis
1528 1492 1579 1521 AD
1604 1502 1737 1522 TERTIUM
1753 1502 1912 1522 monimum
1936 1492 2035 1532 quod,
2053 1493 2195 1532 quandiu
2210 1494 2354 1523 minister
2376 1494 2537 1524 Ecclesiae

113 1507 192 1532 m.
201 1513 252 1536 ΒΡ.
262 1496 327 1534 Ἀπ’,

113 1540 174 1558 νει-ι
187 1540 223 1564 46·
259 1561 261 1563 .

61 2064 63 2066 ’
115 2071 127 2084 ·
135 2069 209 2099 Epist.
219 2069 329 2092 dea-ern.

114 2095 328 2147 ἶὲέαυοῐῗ-Ῡοῗῗῗὲ

116 2155 168 2173 m.
179 2149 260 2177 raus,
275 2148 328 2171 am.

120 2551 213 2575 ·ven.
227 2557 262 2574 π.

354 1540 454 1571 tritici
468 1549 662 1571 mensuram.
692 1539 734 1569 Et
756 1539 829 1570 ideo
861 1538 1053 1569 infidelitatis
1076 1547 1148 1568 reus
1172 1543 1219 1568 est
1242 1538 1298 1577 qui
1325 1537 1419 1568 alicui
1435 1547 1460 1568 3⁰
1474 1536 1530 1575 qui
1554 1541 1600 1566 est
1622 1537 1656 1566 in
1679 1542 1812 1576 peccato
1835 1537 1961 1566 mortali
1985 1538 2023 1566 ab
2051 1537 2193 1567 Ecclesia
2222 1538 2409 1574 sustinetur,
2436 1539 2474 1568 ab
2497 1548 2537 1568 eo

353 1593 450 1624 supra
471 1593 655 1615 mensuram
679 1584 747 1614 eius
771 1582 877 1613 divina
899 1582 1002 1613 tradit.
1026 1582 1100 1612 Hoc
1120 1587 1228 1612 autem
1251 1581 1326 1611 facit
1349 1582 1420 1621 qui·
1474 1585 1670 1610 sacramenta
1693 1581 1761 1610 eius
1784 1580 1928 1611 subditus
1951 1581 2091 1621 recipere
2108 1580 2219 1611 debet:
2245 1582 2320 1621 quia
2343 1582 2382 1612 ad
2405 1583 2468 1612 hoc
2492 1588 2539 1612 est

354 1637 495 1668 cumque
510 1627 659 1668 indignos
683 1632 862 1667 promovet.
887 1627 928 1657 Et
943 1626 1017 1657 ideo
1042 1627 1163 1656 crimen
1178 1626 1313 1656 mortale
1330 1635 1420 1656 com-
1475 1624 1504 1653 ei
1520 1624 1688 1663 obligatus·
1714 1623 1777 1654 Sed
1791 1629 1909 1661 tamen,
1926 1630 2049 1664 praeter
2064 1626 2256 1655 necessitatis
2277 1626 2455 1662 articulum,
2471 1635 2539 1656 non

353 1673 460 1708 mittit,
484 1672 575 1712 quasi
597 1681 725 1702 summo
749 1671 892 1701 Domino
917 1670 1067 1701 infidelis:
1093 1675 1124 1700 et
1146 1670 1318 1710 praecipue
1346 1679 1421 1700 cum
1475 1673 1556 1697 esset
1578 1673 1685 1698 tutum
1718 1668 1807 1708 quod
1831 1678 1906 1698 eum
1939 1668 2104 1699 induceret
2134 1669 2174 1699 ad
2197 1669 2317 1709 aliquid
2340 1671 2389 1700 sui
2421 1670 2539 1700 ordinis

353 1716 418 1746 hoc
440 1716 474 1746 in
497 1715 724 1746 detrimentum
758 1715 918 1745 Ecclesiae
951 1719 1059 1754 vergat
1090 1719 1121 1744 et
1143 1714 1276 1744 honoris
1305 1713 1420 1750 divini,
1475 1711 1701 1751 exequendum
1724 1712 1857 1742 durante
1875 1713 1931 1742 tali
1954 1713 2147 1743 conscientia
2170 1713 2259 1753 quod
2274 1714 2328 1743 ille
2350 1714 2383 1743 in
2406 1719 2539 1754 peccato

354 1760 412 1800 qui
432 1769 490 1800 per
513 1760 617 1790 bonos
640 1760 802 1789 ministros
824 1764 1044 1799 promovetur.
1069 1758 1161 1788 Esset
1183 1759 1270 1788 enim
1285 1757 1421 1788 infidelis
1437 1756 1601 1790 „mortali
1626 1761 1716 1786 esset.
1741 1755 1849 1794 Quam
1871 1762 1979 1786 tamen
2003 1756 2164 1796 deponere
2187 1763 2314 1797 posset:
2340 1758 2414 1797 quia
2436 1759 2470 1788 in
2492 1759 2541 1788 in-

353 1809 480 1835 teri-eno
496 1803 630 1834 domino
647 1804 704 1843 qui
718 1804 752 1833 in
769 1804 837 1833 eius
853 1802 961 1833 officio
978 1802 1103 1842 aliquos
1126 1802 1254 1833 inutiles
1276 1807 1421 1842 poneret.
1476 1800 1570 1830 stanti
1592 1800 1694 1830 homo
1718 1810 1736 1830 a
1759 1800 1865 1830 divina
1887 1801 1985 1840 gratia
2008 1801 2208 1831 emundatur.

409 1849 461 1879 Ar>
484 1858 602 1878 ramum
617 1857 700 1878 eaeo
723 1857 882 1877 mcxmnuu
899 1846 988 1887 quod
1011 1847 1099 1877 Deus
1121 1856 1290 1886 nunquam
1310 1847 1352 1877 ita
1368 1846 1421 1877 de·
1531 1844 1582 1874 An
1607 1854 1754 1874 unaarum
1777 1854 1937 1875 mmmmm
1953 1845 2052 1885 quod,
2070 1845 2342 1885 quandocumque
2367 1846 2493 1876 exhibet
2508 1856 2541 1877 se

354 1893 429 1924 serit
451 1892 628 1923 Ecclesiam
644 1901 735 1922 suam
751 1892 830 1931 quin
853 1891 1056 1922 inveniantur
1071 1890 1180 1921 idonei
1203 1891 1338 1921 ministri
1356 1890 1422 1921 suf·
1476 1888 1510 1918 in
1534 1888 1643 1928 aliquo
1667 1894 1740 1919 actu
1764 1894 1799 1919 ut
1822 1889 1965 1919 minister
1983 1889 2154 1924 Ecclesiae,
2178 1890 2351 1920 mortaliter
2373 1896 2494 1930 peccat,
2511 1897 2542 1921 et

354 1937 498 1968 ficientes
521 1935 562 1967 ad
583 1937 805 1967 necessitatem
828 1936 940 1976 plebis,
957 1936 983 1966 si
1006 1935 1093 1976 digni
1108 1941 1376 1975 promoverentur
1391 1941 1423 1966 et
1476 1933 1571 1962 toties
1595 1933 1723 1972 quoties
1746 1933 1932 1964 huiusmodi
1955 1939 2062 1964 actum
2085 1933 2175 1964 facit:
2201 1935 2285 1974 quia,
2310 1940 2346 1964 ut
2368 1935 2541 1975 Dionysius

354 1981 478 2021 indigni
499 1980 737 2021 repellerentur.
762 1980 812 2016 Et,
829 1981 856 2010 si
871 1989 939 2010 non
962 1985 1098 2019 possunt
1113 1984 1162 2010 tot
1176 1979 1312 2010 ministri
1334 1980 1423 2010 inve·
1437 1990 1463 2010 4⁰
1477 1976 1562 2012 dicit,
1578 1987 1590 2006 1
1613 1986 1683 2017 cap-
1698 1977 1821 2008 EccleS·
1838 1977 1932 2008 Hier·
1950 1979 1976 2014 ἦ
1999 1978 2170 2008 immundis
2194 1988 2252 2009 nec
2272 1979 2436 2019 symbola,
2462 1979 2542 2010 idest

354 2026 416 2056 uiri
440 2030 521 2066 quot
543 2024 644 2056 modo
667 2030 758 2061 sunt,
782 2024 896 2055 melius
926 2029 1007 2054 esset
1029 2024 1146 2054 habere
1169 2033 1297 2064 paucos
1328 2024 1423 2054 mini-
1477 2021 1715 2051 sacramentalia
1730 2022 1828 2061 signa,
1846 2022 2050 2064 tangerefas
2066 2027 2120 2053 est·
2138 2022 2241 2058 Unde,
2259 2022 2388 2063 quando
2408 2028 2542 2063 tangunt

354 2075 441 2101 stros
455 2070 557 2100 bonos
571 2078 669 2110 quam
691 2069 810 2099 multos
825 2068 939 2104 malos,
957 2073 992 2098 ut
1008 2067 1084 2098 dicit
1099 2068 1210 2098 beatus
1227 2067 1378 2099 Clemens
1394 2069 1421 2098 ’ἦ
1476 2074 1526 2095 res
1549 2074 1652 2095 sacras
1675 2066 1766 2105 quasi
1789 2075 1849 2096 suo
1873 2065 1980 2096 officio
2004 2071 2140 2103 utentes,
2156 2073 2291 2106 peccant
2313 2068 2496 2098 mortaliter.

410 2114 462 2144 An
486 2123 648 2145 sncunmm
663 2122 822 2143 mmmmm
843 2112 934 2152 quod
948 2112 1137 2152 temporalia
1151 2121 1219 2142 non
1236 2117 1310 2142 simt
1326 2121 1423 2152 quae·
1533 2108 1632 2139 Secus
1655 2115 1763 2140 autem
1786 2115 1868 2140 esset
1891 2111 1916 2140 si
1939 2111 1972 2140 in
1996 2110 2102 2150 aliqua
2124 2111 2310 2141 necessitate
2341 2111 2471 2151 aliquod
2495 2121 2542 2142 sa-

355 2158 453 2189 tenda
475 2159 537 2189 nisi
559 2163 691 2198 propter
712 2157 896 2197 spiritualia.
931 2156 1025 2187 Unde
1049 2166 1146 2186 omne
1176 2156 1423 2186 incommodum
1478 2162 1568 2183 crum
1592 2154 1814 2194 contingerent
1835 2155 1886 2184 vel
1917 2160 2150 2194 exequerentur
2172 2156 2204 2185 in
2233 2155 2289 2185 illo
2320 2165 2395 2185 casu
2418 2156 2451 2186 in
2475 2165 2541 2196 quo

356 2202 533 2243 temporale
556 2201 686 2232 deberet
708 2201 791 2241 eligi,
815 2207 847 2231 et
877 2210 975 2231 omne
997 2201 1124 2231 lucrum
1152 2201 1269 2241 sperni,
1292 2206 1424 2241 propter
1437 2210 1461 2230 45
1478 2202 1510 2227 et
1532 2197 1620 2228 laicis
1643 2198 1766 2228 liceret:
1792 2199 1874 2229 sicut
1896 2199 1922 2228 si
1945 2199 2117 2238 baptizaret
2132 2200 2165 2229 in
2189 2200 2322 2230 articulo
2337 2200 2540 2236 necessitatis,

357 2247 520 2287 spirituale
543 2246 668 2276 bonum
690 2244 960 2286 promovendum.
1478 2241 1529 2272 vel
1552 2243 1579 2272 si
1602 2251 1719 2282 corpus
1743 2242 1860 2273 Christi
1883 2243 1916 2273 in
1939 2248 2054 2273 terram
2078 2244 2257 2283 proiectum
2281 2244 2453 2283 colligeret.

413 2291 463 2321 An
487 2300 623 2320 marum
645 2299 804 2320 DICRNDUM
836 2289 925 2329 quod
956 2289 996 2320 ad
1018 2290 1125 2319 minus
1157 2289 1220 2319 hoc
1253 2290 1423 2329 requiritur

359 2334 450 2375 quod
472 2335 592 2365 nesciat
615 2333 764 2364 ordinans
783 2333 903 2374 aliquid
927 2334 1121 2364 contrarium
1137 2334 1292 2364 sanctitati
1315 2335 1348 2364 in
1372 2343 1423 2364 or-
1623 2325 1875 2369 QUAESTIO
1898 2325 2393 2360 TRIGESIMASEPTIMA

359 2378 515 2420 dinando„
525 2388 602 2409 esse.
631 2378 694 2409 Sed
717 2379 813 2408 etiam
843 2378 977 2418 exigitur
1000 2378 1136 2418 amplius
1164 2383 1218 2414 ut,
1244 2377 1424 2408 secundum
1577 2392 1621 2416 DE
1641 2391 1880 2416 DISTINCTIONE
1900 2392 2066 2421 0RD1NUM,
2086 2392 2132 2417 ET
2150 2393 2272 2417 EORUM
2291 2393 2444 2423 ACTIBUS,

359 2432 543 2454 mensuram
566 2422 685 2453 ordinis
708 2423 760 2453 vel
783 2421 880 2453 officii
909 2421 1115 2462 iniungendi,
1141 2421 1322 2462 diligentior
1349 2432 1424 2453 cura
1439 2430 1464 2451 50
1737 2427 1784 2452 ET
1802 2427 2043 2452 CHARACTERIS
2062 2428 2287 2453 IMPRESSIONE

360 2473 542 2508 apponatur
564 2472 600 2497 ut
622 2467 775 2497 habeatur
804 2465 961 2497 certitudo
985 2466 1024 2497 de
1049 2467 1199 2507 qualitate
1229 2476 1424 2507 promoven-
2135 2498 2141 2504 ‚
2174 2498 2180 2504 ,
2241 2499 2246 2504 ,
2397 2500 2403 2506 ·

361 2511 488 2547 dorum,
505 2511 616 2542 saltem
640 2521 678 2541 ex
701 2511 886 2541 testimonio
917 2510 1063 2541 aliorum.
1098 2511 1140 2541 Et
1162 2511 1226 2541 hoc
1259 2516 1306 2541 est
1336 2510 1426 2552 quod
1482 2507 1769 2572 CONSEOUENTER
1792 2497 1952 2537 agendum
1973 2503 2019 2528 θεῖ
2042 2497 2081 2549 de
2095 2498 2313 2549 *dsstmcflone
2337 2499 2496 2536 Osdmum²
2514 2506 2545 2530 et

361 2556 538 2597 Apostolus
554 2555 639 2591 dicit,
653 2555 665 2585 1
681 2555 760 2585 Tim.
773 2565 793 2584 v
804 2556 835 2585 *z
852 2555 982 2586 Nemini
997 2555 1060 2586 cito
1077 2564 1208 2585 manum
1225 2556 1424 2596 imposueris.
1511 2587 1518 2593 ,
1547 2552 1660 2572 eorum
1683 2540 1814 2578 actffiusv
1832 2548 1863 2572 et
1886 2543 2071 2594 Chasa-aens
2093 2552 2302 2583 ¹mPfe⁵⁵¹0sse
2318 2544 2344 2573 *-

1481 2586 1575 2617 Circa
1598 2586 1688 2626 quod
1711 2592 1907 2626 quaeruntur
1930 2596 2084 2627 quinque.

1442 2655 1464 2675 55
1535 2631 1660 2671 Primo:
1686 2636 1794 2661 utrum
1818 2630 1898 2661 ordo
1922 2631 2035 2662 debeat
2057 2632 2091 2661 in
2114 2632 2221 2672 plures
2244 2631 2404 2671 distingui.

1537 2674 1703 2706 Secundo:
1729 2681 1810 2716 quot
1833 2676 1905 2706 sint.

487 2622 586 2653 ART.
605 2622 642 2652 V.
667 2631 772 2652 urium
795 2631 917 2652 Amoms
940 2632 972 2652 m
995 2631 1134 2652 peccaro
1158 2632 1300 2652 nmsrnns

519 2676 623 2697 Possm·
646 2676 713 2696 snm
736 2675 874 2696 peccaro
899 2675 1015 2696 onoma
1038 2676 1188 2696 suscerro
1212 2677 1264 2696 οτι

427 2742 447 2762 n
476 2742 616 2762 omnum
643 2742 689 2762 sm
721 2741 925 2762 Pnocumrun.
960 2731 1093 2762 Videtur
1126 2731 1216 2771 quod
1250 2732 1364 2772 aliquis
1394 2733 1427 2763 in
1537 2720 1666 2750 T0sti0²
1687 2725 1796 2750 Utrum
1809 2719 1945 2750 debeant
1956 2719 2107 2771 dj?tingUi
2117 2729 2174 2760 pes
2186 2730 2291 2771 ⁵³·CsOS
2308 2725 2339 2750 et
2350 2730 2417 2771 ¹¹09
2429 2730 2544 2751 sacros·

364 2745 560 2817 Apeccato
585 2777 721 2806 existens
743 2776 845 2816 possit
874 2776 942 2806 sine
972 2781 1105 2815 peccato
1135 2775 1247 2806 ordine
1277 2782 1426 2817 suscepto
1537 2764 1679 2815 Quffftoe
1700 2769 1808 2794 Utrum
1825 2764 2079 2815 acmSPrdeIR
2095 2770 2322 2815 convenleptes
2333 2770 2545 2815 ,³⁵⁵¹gnemur·

362 2821 420 2852 uti.
456 2820 541 2859 Quia
564 2825 677 2861 peccat
699 2821 726 2850 si
748 2830 816 2851 non
847 2825 969 2856 utatur,
994 2829 1069 2850 cum
1093 2830 1131 2850 ex
1155 2819 1263 2851 officio
1290 2826 1426 2852 tenetur.
1537 2808 1678 2846 Qumt0²
1704 2808 1834 2849 quando
1859 2808 2008 2839 Ordffium
2032 2809 2225 2839 Chasactefes
2247 2814 2482 2849 ΠΠΡῙἸΠΠΠΠἯ·

363 2865 397 2896 Si
420 2874 496 2905 ergo
520 2864 642 2895 utendo
658 2870 779 2904 peccat,
795 2874 863 2895 non
887 2869 992 2904 potest
1012 2870 1182 2904 peccatum
1197 2865 1304 2895 vitare.
1329 2864 1429 2903 Quod
1441 2870 1468 2890 ⁶0

363 2914 410 2940 est
433 2909 674 2940 inconveniens.

420 2963 450 2984 2.
474 2953 669 2989 Prummu,
693 2952 887 2993 dispensatio
912 2958 959 2983 est
981 2952 1063 2983 iuris
1093 2953 1254 2983 relaxatio
1270 2954 1297 2983 *.
1332 2953 1428 2993 Ergo,

1563 2879 1702 2910 ART.1.
1727 2889 1832 2909 UTRUM
1855 2889 1996 2909 DEBEANT
2019 2889 2132 2909 PLURES
2156 2889 2286 2910 onmmzs
2310 2890 2465 2910 msTlNoUi

1834 2934 1865 2955 1v
1882 2934 1947 2956 Cont.
1964 2934 2041 2961 Gent„
2056 2940 2108 2962 cap.
2123 2940 2190 2956 txxv.

330 3017 335 3022 -
364 2999 510 3038 quamvis
537 2997 576 3028 de
599 2998 668 3027 iure
699 3002 780 3027 esset
804 2998 834 3027 ei
863 2996 1010 3027 illicitum
1040 2997 1086 3027 uti
1115 2996 1226 3027 ordine
1258 3003 1428 3037 suscepto,
1484 3008 1568 3071 Ab
1592 3007 1709 3028 pamma
1732 3008 1778 3028 διε
1805 3007 2009 3028 PROCEDITUR.
2033 2997 2166 3028 Videtur
2194 2997 2283 3038 quod
2310 3007 2378 3028 non
2411 2997 2546 3028 debeant

363 3047 471 3073 tamen
495 3051 533 3073 ex
556 3041 791 3082 dispensatione
815 3042 845 3071 ei
867 3041 984 3071 liceret.
1549 3042 1656 3082 plures
1687 3042 1814 3072 ordines
1843 3042 2003 3082 distingui.
2037 3042 2168 3080 Quanto
2198 3043 2283 3072 enim
2314 3042 2420 3082 aliqua
2449 3042 2547 3072 virtus

421 3086 451 3117 3.
474 3086 670 3122 Pueritiam,
687 3086 886 3126 quicumque
902 3086 1120 3116 communicat
1136 3086 1232 3116 alicui
1246 3086 1280 3116 in
1295 3092 1429 3126 peccato
1443 3090 1467 3116 ⁶5
1485 3092 1532 3117 est
1554 3087 1666 3122 maior,
1682 3091 1772 3117 tanto
1795 3087 1902 3117 minus
1925 3092 1972 3116 est
1994 3086 2203 3126 multiplicata
2218 3088 2244 3116 *.
2274 3086 2336 3117 Sed
2359 3087 2421 3116 hoc
2445 3095 2546 3116 sacra-

364 3130 501 3167 mortali,
518 3135 630 3171 peccat
652 3130 836 3160 mortaliter.
861 3129 894 3160 Si
909 3139 984 3169 ergo
1008 3135 1158 3169 peccator
1177 3130 1210 3160 in
1233 3140 1295 3160 usu
1311 3130 1430 3161 ordinis
1484 3136 1631 3161 mentum
1654 3136 1701 3161 est
1724 3130 1850 3170 dignius
1874 3131 1941 3161 aliis
1965 3131 2182 3161 sacramentis:
2215 3132 2406 3171 inquantum
2429 3131 2546 3160 consti-

365 3179 477 3214 peccat
499 3175 682 3210 mortaliter,
698 3180 776 3205 tunc
800 3175 895 3205 etiam
917 3179 1030 3214 peccat
1051 3174 1226 3204 mortaliter
1248 3175 1305 3214 qui
1327 3175 1366 3205 ab
1390 3184 1430 3205 eo
1484 3176 1545 3205 tuit
1567 3175 1775 3215 suscipientes
1797 3175 1831 3205 in
1855 3175 1963 3215 aliquo
1993 3174 2092 3215 gradu
2124 3185 2219 3215 super
2242 3175 2329 3205 alios.
2361 3174 2447 3205 Cum
2471 3184 2546 3214 ergo

367 3217 488 3257 aliquid
509 3217 692 3250 divinorum
715 3219 840 3259 accipit,
856 3218 907 3249 vel
931 3219 969 3248 ab
993 3228 1033 3248 eo
1058 3218 1162 3258 exigit.
1187 3218 1287 3256 Quod
1306 3218 1431 3249 videtur
1485 3219 1546 3249 alia
1567 3224 1762 3249 sacramenta
1784 3228 1852 3249 non
1875 3219 2107 3259 distinguantur
2122 3220 2155 3249 in
2179 3219 2269 3259 plura
2293 3228 2374 3259 quae
2394 3219 2547 3258 recipiant

367 3261 550 3292 absurdum.
1485 3263 1755 3304 praedicationem
1778 3264 1886 3300 totius,
1902 3273 1962 3294 nec
1986 3264 2048 3294 hoc
2068 3269 2299 3294 sacramentum
2315 3263 2409 3293 debet
2426 3263 2460 3293 in
2475 3262 2547 3303 plu-

423 3314 454 3344 4.
477 3305 672 3343 Pium-ma,
688 3307 715 3337 si
737 3306 859 3338 utendo
883 3306 995 3338 ordine
1018 3316 1078 3338 suo
1098 3312 1220 3346 peccat,
1237 3316 1313 3347 ergo
1337 3307 1431 3347 quili-
1445 3316 1472 3337 70
1485 3318 1535 3338 res
1558 3307 1685 3338 ordines
1709 3307 1869 3347 distingui.

368 3349 423 3379 bet
445 3355 533 3380 actus
548 3350 668 3381 ordinis
690 3360 789 3391 quem
804 3351 889 3388 facit,
906 3357 954 3382 est
968 3357 1137 3392 peccatum
1152 3351 1296 3382 mortale.
1321 3352 1363 3382 Et
1377 3352 1430 3388 ita,
1542 3361 1571 3382 2.
1595 3352 1791 3388 Primnum,
1804 3352 1830 3382 si
1846 3351 2004 3388 dividitur,
2021 3357 2076 3382 aut
2092 3358 2138 3383 est
2154 3351 2265 3382 divisio
2281 3352 2379 3382 totius
2394 3352 2428 3381 iii
2443 3356 2547 3391 partes

369 3402 445 3423 cum
467 3393 502 3424 in
524 3403 588 3424 una
618 3396 807 3426 executione
836 3395 955 3426 ordinis
984 3396 1078 3426 multi
1108 3401 1196 3426 actus
1221 3401 1430 3432 concurrant,
1485 3396 1662 3436 integrales,
1679 3401 1734 3426 aut
1756 3396 1790 3426 in
1813 3401 1917 3436 partes
1940 3396 2137 3427 subiectivas.
2162 3397 2237 3426 Non
2258 3402 2365 3426 autem
2387 3397 2420 3425 in
2443 3400 2547 3435 partes

369 3436 493 3467 videtur
525 3437 615 3477 quod
643 3438 744 3469 multa
771 3446 902 3480 peccata
931 3440 1076 3471 mortalia
1109 3440 1297 3470 committat.
1333 3440 1432 3478 Quod
1485 3440 1666 3480 integrales:
1693 3441 1768 3480 quia
1791 3441 1835 3470 sic
1857 3450 1926 3470 non
1949 3441 2125 3480 reciperent
2148 3440 2415 3481 praedicationem
2438 3440 2546 3470 totius.

370 3480 461 3512 valde
485 3479 602 3512 durum
623 3482 758 3514 videtur.
1485 3485 1571 3524 Ergo
1595 3489 1642 3515 est
1665 3484 1778 3515 divisio
1797 3485 1831 3514 in
1854 3490 1958 3524 partes
1973 3485 2170 3515 subiectivas.
2195 3484 2258 3515 Sed
2281 3490 2384 3525 partes
2399 3484 2547 3514 subiecti-

426 3525 488 3556 Snn
513 3535 635 3557 eom-m
658 3537 711 3557 zsr
735 3527 824 3567 quod
847 3527 922 3559 dicit
949 3528 1123 3569 Dionysius
1135 3553 1143 3566 ‚
1165 3529 1200 3559 in
1222 3528 1367 3569 Epistola
1389 3529 1432 3559 ad
1446 3538 1469 3559 75
1485 3538 1543 3559 vae
1559 3529 1717 3569 recipiunt
1732 3529 1765 3559 in
1780 3529 1895 3569 plurali
1910 3528 2179 3569 praedicationem
2195 3530 2318 3569 generis
2333 3529 2448 3559 remoti
2467 3529 2547 3558 sicut

2553 265 2563 275 ·
2577 264 2620 292 Ep.
2636 263 2697 285 Vl11.

2562 923 2571 933 ·
2586 922 2652 943 Deut.
2663 927 2713 949 eep.
2724 928 2771 949 xvi,

2561 954 2620 970 vers.
2634 954 2671 970 20.

2570 1985 2637 2013 '55-

2571 2550 2581 2560 ‘
2597 2549 2631 2571 Cf.
2649 2555 2689 2576 qu.
2703 2554 2782 2575 xxxiv,

2572 2575 2658 2597 lun-od.

2574 3095 2583 3104 ”
2594 3093 2629 3115 Cf.
2640 3093 2679 3114 lib.
2691 3092 2720 3114 de
2728 3093 2786 3114 Cau-

2573 3120 2614 3146 sis,
2646 3126 2695 3148 top.
2708 3126 2733 3151 ¹7
2744 3120 2785 3144 (in-

2573 3148 2784 3195 §rThqq'egtvzzirt
