2878 4088
160 546 169 555 ·
185 544 317 572 Metaphys.
332 544 371 566 lib.

160 571 189 597 V,
204 574 270 592 tract.
286 577 308 592 v.

239 1574 245 1588 1
261 1573 369 1595 n.12‚¹3.-

249 1584 308 1617 lect.
319 1600 341 1615 ιι.

156 1567 236 1616 §.ciis

155 2277 237 2299 ‘Ca.

156 2304 180 2325 S.
190 2303 211 2325 T
230 2321 234 2325 .
251 2283 309 2326 iscis
319 2277 345 2325 ἒ·
357 2289 367 2294 ”

156 3474 238 3524 ἓῌςΐιὶιι,
245 3480 346 3524 Ιὲἓῑιῗίἓ·
359 3487 368 3492 .

407 197 478 234 180

401 277 460 307 ciei
484 277 701 316 consequitur.
727 275 768 306 Et
783 276 963 306 secundum
979 277 1062 307 hanc
1079 277 1269 317 opinionem
1285 277 1465 307 humanitas

401 320 579 351 secundum
603 330 670 351 rem
694 330 762 351 non
786 326 833 351 est
856 320 942 351 aliud
966 330 1064 361 quam
1088 322 1193 351 anima
1223 321 1393 351 rationalis.
1427 321 1467 350 Et

401 365 455 401 sic,
481 375 556 395 cum
580 365 686 395 anima
709 366 871 395 rationalis
895 364 1008 396 eadem
1031 375 1168 396 numero
1196 371 1389 400 resumatur,
1415 374 1465 395 ea·

401 409 474 440 dem
498 419 634 440 numero
659 410 717 440 erit
739 410 929 440 humanitas.
955 410 995 440 Et
1015 411 1110 440 etiam
1133 416 1208 450 post
1229 415 1368 440 mortem
1399 418 1466 439 ma-

400 460 470 484 net:
496 455 642 494 quamvis
670 463 737 484 non
768 455 827 484 sub
859 455 982 485 ratione
1013 455 1235 490 humanitatis,
1262 455 1336 494 quia
1360 463 1397 484 ex
1429 462 1466 483 ea
1489 465 1497 485 ς

401 499 618 538 compositum
642 499 799 529 rationem
823 499 939 539 speciei
964 509 1031 529 non
1055 499 1272 538 consequitur.

454 543 526 573 Alia
550 543 663 583 opinio
684 548 730 573 est
753 543 938 574 Avicennae
954 544 980 579 *,
998 553 1080 583 quae
1097 544 1201 573 verior
1217 542 1358 573 videtur:
1376 540 1466 582 quod

400 586 502 617 forma
526 588 624 618 totius
647 597 715 618 non
739 593 786 618 est
810 587 912 618 forma
935 589 1031 628 partis
1055 593 1190 623 tantum,
1206 597 1267 617 nec
1291 586 1395 616 forma
1410 586 1465 616 ali-

400 642 463 672 qua
487 632 546 662 alia
569 637 693 672 praeter
717 631 853 662 formam
877 633 991 672 partis;
1017 631 1072 662 sed
1101 637 1147 662 est
1175 637 1281 662 totum
1311 631 1466 661 resultans

400 686 438 706 ex
461 677 699 717 compositione
723 676 845 707 formae
876 682 907 707 et
936 677 1105 713 materiae,
1131 675 1408 716 comprehendens
1432 676 1465 705 in

400 730 433 751 se
449 726 642 761 utrumque;
668 726 699 751 et
713 722 792 752 haec
809 720 911 751 forma
927 722 1023 761 partis
1039 722 1138 751 totius
1155 721 1290 751 essentia
1305 720 1356 750 vel
1373 719 1465 760 quid-

400 765 479 796 ditas
503 765 627 796 dicitur.
658 765 743 803 Quia
774 775 850 806 ergo
880 766 913 796 in
945 766 1177 796 resurrectione
1207 765 1294 795 idem
1327 772 1464 795 numero

400 819 517 850 corpus
548 810 605 840 erit
635 815 666 840 et
698 810 810 840 eadem
840 819 976 840 numero
1001 810 1107 840 anima
1136 810 1314 845 rationalis,
1340 810 1398 839 erit
1425 807 1465 839 de

399 855 586 884 necessitate
611 854 722 884 eadem
746 855 935 885 humanitas.

454 899 548 928 Ratio
573 904 680 929 autem
704 898 898 938 procedebat
914 908 950 929 ac
967 899 992 928 si
1007 899 1188 929 humanitas
1205 904 1286 928 esset
1307 897 1465 938 quaedam

399 943 458 972 alia
483 942 585 973 forma
616 943 843 982 superveniens
874 942 996 973 formae
1027 948 1058 973 et
1088 943 1247 973 materiae.
1280 942 1380 980 Quod
1408 941 1465 972 fal-

400 996 472 1017 sum
496 993 553 1017 est.

454 1030 600 1061 Secunda
624 1036 731 1060 autem
755 1031 834 1061 ratio
859 1031 955 1060 etiam
978 1040 1045 1060 non
1070 1036 1176 1071 potest
1190 1030 1389 1060 identitatem
1405 1030 1464 1060 hu-

398 1076 556 1105 manitatis
573 1074 737 1115 impedire.
759 1075 845 1112 Quia
861 1075 1048 1105 coniunctio
1066 1074 1222 1114 significat
1237 1074 1397 1104 actionem
1413 1074 1464 1103 vel

398 1120 590 1159 passionem.
625 1119 717 1156 Quae
741 1119 887 1159 quamvis
911 1118 1033 1149 diversa
1056 1120 1105 1155 sit,
1130 1128 1197 1149 non
1220 1123 1327 1158 potest
1348 1115 1464 1148 'identi-

397 1169 494 1194 tatem
510 1164 715 1194 humanitatis
731 1163 902 1203 impedire:
929 1164 1004 1203 quia
1020 1164 1104 1194 actio
1121 1169 1153 1193 et
1168 1163 1274 1203 passio
1292 1172 1329 1192 ex
1347 1162 1464 1202 quibus

398 1213 462 1238 erat
485 1208 676 1244 humanitas,
700 1218 768 1238 non
791 1213 866 1238 sunt
889 1207 928 1238 de
957 1209 1092 1238 essentia
1122 1207 1345 1243 humanitatis;
1378 1205 1464 1237 unde

397 1262 511 1283 eorum
546 1252 707 1282 diversitas
741 1262 809 1282 non
843 1252 967 1283 inducit
998 1252 1212 1283 diversitatem
1246 1251 1462 1282 humanitatis.

398 1296 532 1327 Constat
549 1298 635 1327 enim
651 1297 741 1337 quod
756 1297 919 1337 generatio
945 1302 975 1328 et
998 1297 1186 1327 resurrectio
1204 1305 1271 1326 non
1288 1301 1362 1326 sunt
1377 1295 1464 1326 idem

396 1347 504 1372 motus
527 1351 681 1372 numero:
713 1351 773 1372 nec
803 1347 911 1372 tamen
942 1347 1074 1382 propter
1097 1342 1161 1372 hoc
1184 1340 1331 1371 identitas
1361 1349 1464 1371 resur-

396 1386 499 1426 gentis
514 1386 697 1426 impeditur.
714 1404 737 1408 —
752 1386 904 1417 Similiter
920 1387 1015 1416 etiam
1039 1395 1099 1416 nec
1120 1385 1294 1426 impeditur
1317 1384 1464 1416 identitas

397 1431 601 1460 humanitatis
631 1431 657 1460 si
687 1431 861 1471 accipiatur
885 1431 1072 1461 coniunctio
1105 1440 1164 1471 pro
1195 1431 1263 1470 ipsa
1299 1430 1463 1460 relatione.

397 1475 482 1512 Quia
505 1475 616 1505 relatio
640 1475 692 1505 illa
708 1485 775 1505 non
800 1481 847 1506 est
869 1475 909 1505 de
933 1475 1068 1505 essentia
1083 1474 1299 1511 humanitatis,
1315 1473 1371 1504 sed
1387 1483 1465 1504 con—

396 1520 567 1550 comitatur
591 1529 678 1550 cam:
704 1529 744 1550 eo
769 1519 858 1560 quod
874 1520 1056 1550 humanitas
1072 1529 1141 1550 non
1157 1525 1204 1550 est
1220 1519 1259 1549 de
1275 1518 1336 1549 illis
1352 1518 1464 1549 formis

396 1573 478 1604 quae
502 1569 576 1594 sunt
599 1565 793 1604 compositio
810 1570 840 1595 et
858 1564 949 1600 ordo,
966 1569 1003 1595 ut
1018 1563 1133 1595 dicitur
1150 1564 1175 1594 11
1192 1564 1320 1604 physic.
1338 1564 1365 1599 *ζ
1382 1564 1465 1594 sicut
1479 1573 1505 1593 ιο

1481 690 1507 705 10

1481 912 1503 932 ¹5

1480 1351 1503 1372 ²5

395 1614 469 1639 sunt
493 1608 615 1639 formae
639 1607 895 1645 artificiatorum;
921 1608 1017 1645 unde,
1035 1609 1188 1639 existente
1212 1609 1271 1639 alia
1300 1609 1463 1648 composi—

394 1653 482 1683 tione
505 1662 654 1689 numero,
679 1663 747 1684 non
771 1659 818 1684 est
842 1653 954 1684 eadem
977 1663 1114 1684 numero
1139 1652 1244 1684 forma
1267 1652 1394 1683 domus.

449 1698 500 1728 Αυ
525 1708 659 1728 ram-mm
683 1708 842 1728 memnon
866 1697 956 1738 quod
979 1698 1059 1728 ratio
1084 1698 1136 1728 illa
1159 1698 1282 1738 optime
1299 1697 1463 1728 concludit

396 1747 507 1772 contra
521 1742 593 1772 illos
606 1743 662 1782 qui
674 1748 802 1782 ponunt
818 1743 958 1773 animam
973 1742 1156 1773 sensibilem
1169 1747 1201 1773 et
1216 1742 1404 1773 rationalem
1416 1741 1463 1773 di·

395 1796 498 1817 versas
514 1787 547 1817 in
563 1787 696 1818 homine
713 1797 797 1818 esse:
824 1788 900 1827 quia
916 1786 1096 1818 secundum
1111 1787 1175 1817 hoc
1192 1787 1298 1817 anima
1312 1786 1462 1817 sensitiva

394 1832 428 1861 in
443 1832 576 1862 homine
591 1841 660 1862 non
673 1837 754 1862 esset
765 1832 1026 1872 incorruptibilis,
1042 1832 1124 1862 sicut
1135 1841 1195 1862 nec
1208 1832 1241 1862 in
1258 1831 1326 1861 aliis
1342 1832 1463 1861 anima-

394 1876 488 1907 libus.
513 1875 607 1907 Unde
630 1877 663 1906 in
687 1877 920 1907 resurrectione
942 1886 1010 1907 non
1027 1877 1084 1906 erit
1108 1875 1220 1906 eadem
1241 1877 1347 1906 anima
1362 1876 1461 1906 sensi-

395 1920 481 1956 bilis;
507 1926 538 1950 et
558 1930 615 1960 per
631 1930 833 1961 consequens
849 1931 910 1951 nec
925 1920 1011 1951 idem
1027 1921 1154 1957 animal,
1171 1930 1232 1951 nec
1248 1919 1334 1951 idem
1350 1921 1461 1951 homo.

450 1964 483 1995 Si
506 1971 615 1995 autem
637 1975 798 2005 ponamus
822 1965 912 2006 quod
935 1965 1047 1996 eadem
1071 1966 1178 1996 anima
1193 1965 1372 1996 secundum
1388 1965 1463 1995 sub-

395 2010 542 2039 stantiam
565 2010 598 2040 in
622 2010 755 2040 homine
785 2010 824 2040 sit
853 2010 1015 2040 rationalis
1039 2015 1070 2040 et
1093 2010 1268 2046 sensibilis,
1298 2009 1401 2040 nullas
1430 2010 1463 2039 in
1477 2017 1504 2037 4⁰

394 2055 458 2084 hoc
481 2054 641 2094 angustias
665 2054 833 2094 patiemur.
858 2054 944 2092 Quia
960 2054 1077 2085 animal
1094 2053 1244 2085 definitur
1260 2063 1317 2095 per
1332 2062 1463 2084 sensum

395 2099 451 2138 qui
483 2104 529 2129 est
563 2099 670 2129 anima
699 2099 863 2134 sensitiva,
889 2099 971 2130 sicut
1001 2108 1058 2139 per
1081 2098 1219 2129 formam
1244 2099 1461 2135 essentialem3

394 2153 451 2183 per
474 2152 604 2173 sensum
629 2148 736 2174 autem
761 2144 817 2183 qui
842 2149 888 2174 est
911 2144 1055 2183 potentia
1079 2144 1237 2179 sensitiva,
1255 2143 1463 2184 cognoscitur

395 2188 463 2218 eius
487 2187 631 2218 definitio
663 2188 745 2218 sicut
767 2197 825 2228 per
848 2187 986 2218 formam
1015 2187 1263 2224 accidentalem,
1287 2197 1371 2228 quae
1395 2196 1462 2218 ma—

393 2233 516 2262 ximam
534 2237 664 2273 partem
688 2233 818 2274 confert
840 2233 883 2263 ad
905 2232 1165 2274 cognoscendum
1189 2232 1277 2273 quod
1299 2232 1376 2274 quid
1406 2237 1462 2269 est,
1477 2244 1500 2264 45

395 2282 430 2307 ut
445 2277 479 2307 in
495 2277 508 2307 I
524 2277 563 2307 de
578 2277 695 2307 Anima
708 2278 724 2294 ⁴*
741 2277 864 2308 dicitur.
889 2277 966 2307 Post
986 2282 1124 2308 mortem
1141 2287 1217 2318 ergo
1233 2283 1342 2308 manet
1357 2277 1463 2308 anima

394 2322 569 2357 sensibilis,
594 2322 675 2352 sicut
708 2327 739 2352 et
767 2323 873 2352 anima
900 2322 1079 2358 rationalis,
1104 2321 1283 2353 secundum
1318 2322 1463 2352 substan-

394 2367 480 2396 tiam.
517 2366 580 2397 Sed
609 2367 773 2406 potentiae
801 2367 969 2397 sensitivae
999 2367 1178 2397 secundum
1210 2366 1367 2407 quosdam
1395 2376 1463 2397 non

394 2416 535 2441 manent.
571 2410 664 2449 Quae
693 2410 824 2451 quidem
854 2412 1017 2451 potentiae
1051 2421 1127 2441 cum
1159 2411 1221 2441 sint
1253 2411 1463 2441 accidentales

394 2456 613 2496 proprietates,
631 2465 741 2486 earum
756 2456 888 2486 varietas
912 2455 1111 2486 identitatem
1127 2456 1271 2486 animalis
1287 2456 1386 2486 totius
1406 2464 1463 2486 au·
1478 2466 1504 2486 ςο

394 2499 475 2530 ferre
490 2509 558 2530 non
574 2505 690 2540 potest,
707 2509 767 2530 nec
784 2500 880 2530 etiam
896 2500 1035 2540 partium
1052 2500 1206 2530 animalis.
1228 2500 1296 2530 Nec
1313 2499 1463 2530 dicuntur

394 2545 557 2584 potentiae
580 2543 794 2584 perfectiones
810 2545 860 2574 vel
877 2549 966 2575 actus
989 2554 1186 2585 organorum
1202 2545 1263 2574 nisi
1278 2545 1360 2575 sicut
1376 2545 1462 2584 prin-

396 2589 478 2629 cipia
502 2588 626 2628 agendi,
650 2594 687 2619 ut
711 2589 798 2619 calor
819 2590 853 2619 in
876 2589 960 2628 igne.

1479 1795 1501 1816 ³5

450 2633 500 2663 An
518 2643 667 2663 QUARTUM
683 2643 842 2663 mcssxmm
858 2633 947 2673 quod
963 2638 1065 2664 statua
1078 2633 1246 2673 dupliciter
1262 2638 1368 2673 potest
1385 2641 1462 2663 con—

395 2677 539 2708 siderari:
563 2677 614 2708 vel
638 2677 816 2708 secundum
841 2677 931 2718 quod
947 2683 994 2708 est
1014 2678 1189 2708 substantia
1213 2677 1387 2718 quaedam;
1411 2678 1463 2708 vel
1478 2688 1500 2708 55

395 2721 574 2752 secundum
599 2721 689 2762 quod
713 2729 759 2752 est
782 2721 945 2752 artificiale
969 2721 1143 2762 quoddam.
1176 2722 1216 2752 Et
1248 2722 1324 2762 quia
1351 2723 1385 2752 in
1407 2731 1462 2762 ge—

395 2776 471 2797 nere
495 2767 686 2796 substantiae
719 2767 851 2806 ponitur
880 2767 1004 2797 ratione
1027 2776 1104 2797 suae
1127 2767 1294 2803 materiae,
1318 2766 1411 2803 ideo,
1437 2767 1462 2797 si

395 2810 613 2841 consideretur
636 2811 815 2842 secundum
839 2811 930 2851 quod
953 2817 1000 2842 est
1023 2812 1198 2842 substantia
1221 2810 1390 2851 quaedam,
1415 2817 1462 2842 est

395 2855 507 2886 eadem
530 2865 666 2886 numero
691 2861 793 2886 statua
817 2865 899 2896 quae
925 2865 962 2886 ex
987 2855 1098 2886 eadem
1129 2857 1260 2886 materia
1290 2861 1461 2896 reparatur.

395 2899 457 2930 Sed
481 2900 514 2930 in
537 2909 653 2940 genere
677 2899 889 2931 artificialium
922 2901 1055 2941 ponitur
1087 2900 1267 2931 secundum
1298 2900 1388 2940 quod
1417 2906 1504 2931 est6o

396 2943 508 2974 forma.
533 2944 626 2982 Quae
650 2944 797 2975 accidens
821 2944 987 2985 quoddam
1011 2951 1067 2981 est,
1093 2951 1124 2975 et
1147 2945 1266 2981 transit,
1291 2950 1393 2975 statua
1409 2945 1463 2975 de-

395 2994 521 3019 structa.
547 2989 587 3019 Et
610 2989 655 3019 sic
678 2998 745 3019 non
769 2989 849 3020 redit
871 2989 958 3020 idem
973 2999 1127 3020 numero:
1153 2998 1214 3020 nec
1234 2994 1336 3020 statua
1351 2989 1463 3020 eadem

394 3042 530 3063 numero
555 3043 622 3064 esse
647 3039 762 3074 potest.
795 3033 857 3064 Sed
887 3033 991 3064 forma
1014 3034 1171 3070 hominis,
1196 3034 1316 3064 scilicet
1346 3035 1461 3070 anima,

396 3083 503 3108 manet
526 3082 601 3118 post
624 3077 869 3108 dissolutionem
893 3079 1048 3119 corporis.
1081 3079 1122 3109 Et
1152 3078 1226 3109 ideo
1256 3087 1323 3109 non
1353 3084 1399 3109 est
1422 3079 1462 3109 si—

396 3122 479 3152 milis
502 3122 592 3152 ratio.
1476 3128 1501 3154 ⁶5

440 3187 538 3218 ART.
556 3187 607 3218 111.
632 3197 736 3218 unum
760 3198 923 3219 OPORTEAT
947 3199 1101 3220 Purvaans
1124 3199 1244 3220 numm
1268 3199 1417 3220 conroms

477 3242 518 3262 An
534 3241 597 3263 nm
612 3242 734 3263 PARTEM
751 3243 901 3264 conroms
918 3244 1000 3264 oum:
1017 3244 1049 3264 m
1065 3244 1110 3264 ms
1127 3243 1296 3264 mssomsra
1312 3244 1376 3270 ηδτ,

685 3287 742 3307 mm
765 3288 1039 3308 RESURRECTIONRM
1064 3288 1176 3308 nunnus

399 3353 481 3415 Ar>
505 3353 639 3373 TERTIUM
655 3353 700 3374 s1e
721 3344 925 3375 PROCEDITt'JR.
950 3344 1084 3375 Videtur
1106 3344 1196 3385 quod
1220 3350 1367 3385 oporteat
1389 3345 1461 3385 pul·
1475 3359 1503 3381 70

462 3397 550 3419 vetes
577 3388 710 3418 humani
733 3389 876 3428 corporis
900 3389 939 3419 ad
964 3398 1033 3419 eam
1062 3395 1185 3429 partem
1209 3390 1353 3430 corporis
1378 3398 1461 3430 quae

396 3431 430 3460 in
453 3431 497 3461 eis
521 3431 674 3462 dissoluta
698 3438 758 3467 est,
782 3441 840 3472 per
862 3433 1126 3464 resurrectionem
1157 3433 1268 3464 redire.
1297 3433 1382 3472 Quia
1413 3443 1460 3464 se-

397 3474 540 3505 cundum
570 3475 821 3516 Philosophum,
845 3477 878 3506 in
902 3477 927 3506 11
953 3477 991 3507 de
1017 3478 1134 3508 Anima
1150 3478 1183 3513 θ,
1207 3478 1291 3508 sicut
1312 3486 1346 3508 se
1368 3478 1462 3508 habet

397 3523 464 3549 tota
488 3519 597 3549 anima
621 3519 665 3549 ad
688 3525 789 3550 totum
812 3529 940 3560 corpus,
965 3521 1010 3550 ita
1030 3531 1112 3561 pars
1134 3522 1263 3552 animae
1278 3521 1322 3552 ad
1331 3527 1460 3562 partem

396 3563 560 3603 corporis,
585 3568 621 3594 ut
644 3564 729 3594 visus
759 3563 798 3594 ad
828 3564 994 3604 pupillam.
1027 3565 1090 3596 Sed
1114 3570 1243 3605 oportet
1266 3565 1355 3605 quod
1386 3571 1460 3605 post
1474 3577 1497 3598 75

804 197 1068 243 QUAESTIO
1098 197 1268 244 LXXIX,
1291 197 1585 235 ARTICULUS
1615 198 1659 234 III
1679 219 1704 224 -
1724 197 1989 244 QUAESTIO
2019 201 2163 237 LXXX

1522 278 1788 308 resurrectionem
1813 287 1930 318 corpus
1954 284 2132 309 resumatur
2155 280 2194 310 ab
2218 279 2330 311 eadem
2354 282 2469 312 anima.
2503 282 2589 322 Ergo

1522 326 1652 361 oportet
1675 322 1765 362 quod
1789 323 1885 352 etiam
1909 328 2012 362 partes
2037 324 2180 363 corporis
2204 331 2406 356 resumantur
2421 325 2461 356 ad
2477 326 2589 357 eadem

1521 366 1665 396 membra
1689 367 1722 396 in
1746 367 1862 406 quibus
1887 366 2007 397 eisdem
2030 367 2173 407 partibus
2188 369 2313 399 animae
2328 369 2543 409 perficiantur.

1580 420 1608 440 2.
1633 410 1829 447 Pnazranssa,
1862 410 2023 441 diversitas
2047 412 2198 442 materiae
2222 411 2297 443 facit
2319 412 2533 445 diversitatem
2555 415 2589 445 in

1521 464 1669 485 numero.
1695 454 1768 491 Sed,
1786 456 1810 484 si
1834 455 1982 495 pulveres
2005 465 2073 486 non
2097 456 2228 486 redeant
2251 456 2291 487 ad
2322 457 2450 488 easdem
2473 464 2587 499 partes,

1521 499 1664 539 singulae
1687 504 1791 539 partes
1815 509 1883 530 non
1906 499 2089 530 reficientur
2112 510 2150 531 ex
2174 500 2286 531 eadem
2310 502 2439 532 materia
2465 510 2502 533 ex
2526 512 2590 543 qua
2618 499 2621 501 ⁴

1521 544 1609 583 prius
1633 544 1830 573 constabant.
1855 543 1942 584 Ergo
1966 552 2034 574 non
2053 550 2147 575 erunt
2162 544 2294 576 eaedem
2310 554 2458 576 numero·
2483 546 2547 578 Sed
2561 548 2588 578 si

1521 593 1624 627 partes
1648 593 1722 618 sunt
1745 587 1896 624 diversae,
1922 594 1953 618 et
1975 593 2082 619 totum
2105 590 2164 619 erit
2187 589 2364 620 diversum:
2390 592 2464 630 quia
2485 597 2589 631 partes

1521 638 1748 673 comparantur
1772 632 1811 662 ad
1834 637 1941 663 totum
1964 633 2047 663 sieut
2069 634 2200 664 materia
2223 634 2263 664 ad
2287 633 2434 671 formam,
2451 641 2487 665 ut
2502 641 2589 676 patet

1520 677 1554 707 in
1571 677 1597 707 11
1614 677 1741 718 Physic.
1758 678 1775 693 ⁴*
1798 677 1884 717 Ergo
1908 686 1975 707 non
2000 677 2058 707 erit
2081 677 2167 708 idem
2190 687 2328 709 numero
2352 679 2463 710 homo.
2489 678 2588 718 Quod
2617 687 2626 695 ·

1521 726 1567 751 est
1591 727 1702 752 contra
1725 722 1890 752 veritatem
1914 723 2163 752 resurrectionis.

1578 766 1606 796 3.
1631 766 1828 802 Pium-naas,
1845 767 2033 797 resurrectio
2057 766 2096 797 ad
2120 767 2183 798 hoc
2199 766 2365 798 ordinatur
2380 768 2471 808 quod
2486 767 2587 799 homo

1520 819 1657 851 operum
1681 820 1815 841 suorum
1839 810 2021 841 mercedem
2037 811 2182 851 accipiat.
2207 811 2270 842 Sed
2286 811 2416 842 diversis
2436 813 2588 853 operibus

1519 855 1690 886 meritoriis
1713 855 1763 885 vel
1788 854 1998 885 demeritoriis
2022 855 2163 886 diversae
2186 861 2291 896 partes
2315 858 2459 897 corporis
2483 856 2587 887 deser-

1519 899 1620 930 viunt.
1646 900 1731 940 Ergo
1756 905 1885 940 oportet
1908 899 1999 940 quod
2022 900 2055 930 in
2078 901 2311 931 resurrectione
2335 901 2496 941 quaelibet
2515 909 2588 941 pars

1520 944 1559 974 ad
1582 954 1679 975 suum
1703 949 1820 974 statum
1843 944 1961 980 redeat,
1986 950 2022 975 ut
2045 954 2104 985 pro
2128 954 2188 975 suo
2212 945 2314 976 modo
2339 946 2542 986 praemietur.

1575 988 1638 1019 San
1663 998 1796 1024 com-rm,
1818 988 1992 1019 artificialia
2014 990 2115 1029 magis
2131 989 2314 1029 dependent
2331 1000 2368 1020 ex
2384 1000 2442 1021 sua
2457 990 2587 1021 materia

1519 1040 1618 1072 quam
1642 1033 1796 1062 naturalia
1811 1033 1838 1063 *.
1864 1032 1928 1063 Sed
1950 1034 1983 1063 in
2008 1033 2232 1070 artificialibus,
2249 1033 2289 1064 ad
2308 1035 2372 1065 hoc
2395 1034 2486 1075 quod
2500 1034 2587 1065 idem

1519 1075 1720 1106 artificiatum
1745 1085 1781 1106 ex
1799 1076 1911 1107 eadem
1927 1078 2059 1107 materia
2074 1083 2246 1118 reparetur,
2263 1087 2331 1109 non
2348 1084 2476 1120 oportet
2497 1078 2587 1119 quod

1492 1131 1505 1144 ο
1518 1125 1623 1160 partes
1647 1119 1840 1150 reducantur
1863 1120 1902 1151 ad
1926 1120 2066 1151 eundem
2088 1122 2195 1152 situm.
2220 1122 2306 1163 Ergo
2329 1132 2390 1154 nec
2405 1124 2439 1154 in
2454 1124 2587 1154 homine

1519 1170 1658 1205 oportet.

1576 1218 1605 1238 2.
1630 1208 1827 1245 Panum,
1851 1209 1982 1239 variatio
2005 1209 2178 1240 accidentis
2193 1219 2261 1240 non
2277 1209 2352 1241 facit
2374 1211 2588 1243 diversitatem

1518 1254 1552 1284 in
1567 1262 1715 1283 numero.
1737 1253 1800 1284 Sed
1814 1253 1892 1294 situs
1904 1254 2042 1294 partium
2056 1259 2102 1284 est
2117 1253 2265 1285 accidens
2281 1255 2446 1295 quoddam
2457 1257 2484 1286 ·.
2501 1254 2587 1297 Ergo

1519 1295 1682 1328 diversitas
1698 1298 1766 1328 eius
1782 1299 1815 1328 in
1831 1298 1963 1328 homine
1979 1307 2047 1328 non
2063 1297 2138 1329 facit
2161 1298 2374 1330 diversitatem
2389 1301 2424 1330 in
2439 1308 2587 1331 numero.

1575 1343 1765 1373 Responnzo
1782 1351 1943 1373 mmmmm
1958 1342 2048 1383 quod
2064 1343 2097 1373 in
2112 1343 2173 1373 hac
2189 1344 2378 1384 quaestione
2391 1344 2494 1375 differt
2509 1353 2588 1376 con-

1519 1386 1656 1418 siderare
1680 1386 1759 1427 quid
1781 1386 1851 1417 fieri
1881 1388 1982 1427 possit
2011 1387 2080 1418 sine
2110 1387 2282 1419 identitatis
2314 1388 2532 1428 praeiudicio,
2557 1394 2589 1420 et

1520 1431 1599 1472 quid
1622 1431 1678 1462 fiet
1701 1436 1737 1462 ut
1761 1432 1971 1472 congruentia
1994 1437 2146 1463 servetur.
2170 1432 2338 1470 Quantum
2362 1442 2439 1474 ergo
2462 1433 2503 1464 ad
2523 1433 2588 1474 pri·

1519 1484 1622 1512 mum,
1646 1475 1815 1507 sciendum
1839 1481 1886 1507 est
1908 1475 1998 1516 quod
2020 1477 2054 1506 in
2078 1477 2210 1507 homine
2242 1483 2379 1518 possunt
2409 1478 2511 1519 accipi
2541 1477 2588 1509 di·

1518 1530 1628 1551 versae
1651 1526 1755 1561 partes
1779 1520 1964 1561 dupliciter:
1989 1528 2057 1552 uno
2080 1521 2191 1557 modo,
2209 1521 2350 1552 diversae
2369 1528 2474 1563 partes
2488 1523 2588 1554 totius

1518 1566 1725 1606 homogenei‚
1749 1565 1832 1595 sicut
1855 1564 1996 1596 diversae
2011 1570 2115 1606 partes
2132 1566 2244 1606 carnis,
2259 1566 2311 1597 vel
2327 1566 2468 1598 diversae
2483 1572 2588 1608 partes

1519 1610 1617 1646 ossis;
1638 1610 1701 1640 alio
1725 1609 1843 1646 modo,
1867 1609 2010 1640 diversae
2038 1615 2143 1650 partes
2177 1609 2374 1644 diversarum
2407 1612 2588 1652 specierum

1517 1655 1617 1685 totius
1641 1655 1858 1694 heterogenei‚
1882 1655 1964 1685 sicut
1988 1663 2024 1685 os
2049 1659 2080 1685 et
2103 1662 2188 1685 caro.
2213 1655 2245 1686 Si
2266 1663 2344 1696 ergo
2359 1655 2483 1687 dicatur
2498 1655 2588 1697 quod

1518 1708 1589 1740 pars
1605 1699 1756 1730 materiae
1779 1699 1894 1729 redibit
1909 1698 1949 1729 ad
1964 1698 2059 1729 aliam
2074 1705 2197 1740 partem
2213 1700 2332 1740 speciei
2348 1700 2503 1737 eiusdem,
2523 1701 2587 1732 hoe

1517 1753 1586 1774 non
1609 1743 1703 1774 faciet
1732 1743 1794 1774 nisi
1823 1744 2007 1774 varietatem
2037 1742 2071 1774 in
2101 1744 2163 1775 situ
2187 1745 2336 1784 partium.
2370 1745 2456 1776 Situs
2479 1750 2587 1776 autem

1517 1789 1657 1829 partium
1679 1788 1816 1819 variatus
1839 1797 1908 1818 non
1930 1788 2029 1818 variat
2051 1789 2193 1828 speciem
2215 1789 2249 1819 in
2272 1789 2348 1820 totis
2363 1789 2586 1830 homogeneis.

1517 1833 1559 1863 Et
1581 1833 1637 1868 sic,
1661 1833 1687 1862 si
1709 1833 1841 1863 materia
1871 1833 1967 1863 unius
1999 1833 2096 1873 partis
2118 1832 2227 1864 redeat
2257 1832 2297 1864 ad
2324 1833 2435 1870 aliam,
2459 1834 2587 1865 nullum

1517 1876 1751 1918 praeiudicium
1774 1877 1976 1917 generabitur
1999 1876 2156 1908 identitati
2178 1878 2287 1908 totius.
2312 1878 2354 1908 Et
2368 1878 2412 1909 ita
2427 1879 2523 1909 etiam
2539 1883 2587 1910 est

1517 1922 1551 1952 in
1575 1921 1724 1962 exemplo
1756 1921 1846 1962 quod
1876 1922 2009 1961 ponitur
2038 1922 2072 1952 in
2101 1921 2205 1952 littera
2219 1923 2253 1952 *ε
2283 1923 2359 1963 quia
2386 1928 2489 1954 statua
2517 1930 2586 1955 non

1517 1965 1599 1997 redit
1622 1965 1735 1996 eadem
1763 1975 1901 1996 numero
1932 1965 2113 1997 secundum
2142 1965 2295 2003 formam,
2319 1966 2376 1998 sed
2406 1967 2586 1999 secundum

1517 2011 1700 2047 materiam,
1725 2010 1906 2041 secundum
1936 2019 2034 2051 quam
2065 2015 2112 2041 est
2139 2011 2313 2042 substantia
2337 2011 2516 2052 quaedam;
2541 2012 2587 2043 sic

1518 2061 1627 2086 autem
1650 2060 1754 2085 statua
1777 2060 1824 2085 est
1846 2055 2060 2095 homogmea,
2077 2056 2224 2096 quamvis
2243 2064 2311 2086 non
2326 2055 2506 2087 secundum
2521 2055 2586 2088 for—

1517 2109 1604 2131 mam
1628 2099 1836 2130 artificialem.

1573 2144 1606 2175 Si
1630 2149 1738 2175 autem
1762 2143 1884 2175 dicatur
1908 2143 1998 2185 quod
2021 2145 2152 2175 materia
2181 2145 2278 2175 unius
2307 2145 2404 2185 partis
2437 2144 2518 2176 redit
2547 2144 2587 2176 ad

1517 2189 1612 2219 aliam
1635 2194 1759 2229 partem
1782 2189 1910 2219 alterius
1933 2189 2068 2229 speciei,
2094 2189 2138 2219 sic
2162 2189 2202 2220 de
2232 2189 2420 2220 necessitate
2449 2190 2587 2221 variatur

1517 2243 1586 2265 non
1609 2234 1716 2264 solum
1740 2234 1818 2264 situs
1841 2233 1991 2274 partium,
2016 2233 2071 2264 sed
2095 2234 2191 2264 etiam
2214 2233 2362 2264 identitas
2390 2242 2518 2265 earum:
2543 2234 2587 2266 ita

1517 2284 1626 2309 tamen
1649 2279 1675 2308 si
1698 2283 1766 2308 tota
1789 2278 1930 2314 materia,
1955 2282 2009 2309 aut
2033 2277 2153 2318 aliquid
2177 2277 2267 2318 quod
2291 2283 2356 2309 erat
2387 2278 2426 2309 de
2455 2279 2585 2310 veritate

1517 2323 1678 2354 humanae
1694 2328 1826 2353 naturae
1840 2323 1874 2352 in
1890 2331 1964 2358 una,
1982 2323 2014 2352 in
2031 2322 2124 2353 aliam
2140 2321 2362 2359 transferatur3
2386 2332 2454 2354 non
2477 2328 2585 2354 autem

1518 2369 1543 2398 si
1567 2366 1687 2408 aliquid
1711 2367 1801 2407 quod
1825 2372 1890 2397 erat
1906 2367 1939 2397 in
1955 2376 2019 2397 una
2034 2373 2123 2407 parte
2147 2365 2357 2407 superfluum,
2382 2367 2586 2399 transferatur

1517 2413 1551 2442 in
1575 2411 1678 2442 aliam.
1703 2412 1817 2442 Ablata
1841 2417 1950 2441 autem
1973 2411 2138 2442 identitate
2161 2412 2299 2452 partium
2324 2411 2466 2443 aufertur
2494 2412 2584 2444 iden-

1517 2457 1589 2487 titas
1611 2457 1721 2492 totius‚
1742 2456 1767 2486 si
1791 2456 1956 2496 loquimur
1972 2455 2011 2486 de
2027 2456 2169 2496 partibus
2185 2456 2420 2487 essentialibus:
2445 2466 2512 2487 non
2528 2465 2584 2488 au-

1517 2507 1583 2532 tem
1607 2501 1632 2530 si
1663 2501 1827 2540 loquimur
1858 2499 1897 2530 de
1927 2501 2069 2540 partibus
2100 2500 2366 2537 accidentalibus,
2399 2501 2480 2532 sicut
2510 2507 2585 2533 sunt

1518 2545 1623 2585 capilli
1648 2551 1679 2575 et
1702 2555 1847 2585 ungues,
1872 2544 1911 2575 de
1936 2545 2052 2585 quibus
2076 2544 2201 2576 videtur
2224 2545 2315 2585 loqui
2339 2546 2539 2586 Augustinus
2556 2547 2583 2576 '.

1571 2589 1613 2620 Et
1643 2590 1688 2620 sic
1718 2595 1805 2629 patet
1835 2589 1970 2629 qualiter
1999 2589 2161 2620 translatio
2190 2590 2340 2620 materiae
2369 2589 2409 2621 de
2439 2595 2528 2631 parte
2549 2591 2584 2622 in

1517 2639 1640 2675 partem
1663 2634 1746 2664 tollit
1770 2633 1968 2664 identitatem
1991 2635 2100 2670 totius,
2125 2639 2157 2664 et
2180 2634 2315 2674 qualiter
2338 2643 2416 2665 non.

1573 2678 1636 2709 Sed
1659 2678 1827 2718 loquendo
1851 2678 2030 2709 secundum
2055 2679 2314 2719 congruentiam,
2339 2679 2440 2719 magis
2469 2679 2585 2720 proba-

1516 2723 1579 2754 bile
1603 2728 1650 2754 est
1673 2723 1763 2763 quod
1787 2723 1882 2753 etiarn
1906 2724 1984 2754 situs
2007 2723 2145 2764 partium
2168 2723 2255 2754 idem
2275 2724 2450 2754 servabitur
2475 2724 2509 2754 in
2536 2732 2584 2755 re·

1517 2768 1714 2799 surrectione
1727 2791 1734 2803 ,
1759 2768 1932 2808 praecipue
1963 2773 2121 2808 quantum
2152 2767 2191 2798 ad
2221 2773 2325 2809 partes
2349 2768 2530 2799 essentiales
2553 2771 2585 2800 et

1517 2813 1703 2852 organicas:
1729 2813 1875 2852 quamvis
1903 2811 1985 2842 forte
2015 2822 2083 2843 non
2112 2818 2270 2853 quantum
2294 2812 2334 2843 ad
2363 2812 2584 2849 accidentales,

1517 2858 1599 2888 sicut
1623 2862 1698 2887 sunt
1721 2866 1845 2897 ungues
1870 2862 1901 2887 et
1925 2857 2039 2897 capilli.

1570 2902 1621 2931 An
1645 2911 1762 2931 panum
1785 2911 1869 2932 naoo
1893 2910 2053 2932 memnon
2076 2900 2166 2942 quod
2190 2900 2330 2932 obiectio
2354 2901 2408 2932 illa
2438 2900 2584 2942 procedit

1518 2945 1557 2976 de
1581 2946 1723 2986 partibus
1747 2946 1914 2986 organicis,
1939 2951 1971 2976 et
1993 2950 2066 2976 non·
2085 2945 2124 2976 de
2148 2946 2290 2986 partibus
2313 2946 2478 2976 similibus.

1573 2991 1624 3021 An
1649 2999 1812 3021 sacunmm
1827 2999 1987 3020 mmmmm
2003 2989 2094 3031 quod
2109 2991 2188 3021 situs
2203 2990 2345 3021 diversus
2361 2990 2499 3030 partium
2515 2997 2582 3020 ma-

1517 3036 1614 3066 teriae
1637 3044 1705 3065 non
1736 3034 1810 3065 facit
1842 3034 2055 3065 diversitatem
2087 3034 2121 3065 in
2150 3043 2306 3066 numero:
2337 3034 2482 3074 quamvis
2512 3042 2583 3065 eam

1518 3079 1611 3110 faciat
1635 3079 1797 3110 diversitas
1820 3080 1980 3110 materiae.

1573 3124 1623 3154 An
1648 3132 1782 3154 ram-nm
1803 3132 1963 3154 mem-mm
1981 3123 2071 3164 quod
2087 3123 2243 3163 operatio,
2259 3122 2389 3162 proprie
2404 3122 2581 3162 loquendo,

1516 3177 1584 3199 non
1608 3174 1655 3199 est
1677 3168 1783 3209 partis,
1808 3167 1863 3199 sed
1886 3168 1995 3199 totius.
2027 3167 2122 3199 Unde
2145 3167 2323 3207 praemium
2353 3175 2421 3197 non
2450 3166 2583 3198 debetur

1516 3213 1607 3254 parti,
1632 3212 1688 3243 sed
1710 3213 1780 3243 toti.

1751 3274 2004 3322 Quales-no
2028 3273 2350 3310 ocrocasnuA

1649 3332 1693 3356 DE
1713 3330 1949 3356 INTEGRITATE
1969 3329 2161 3354 CORPORUM
2182 3329 2451 3358 RESURGENTIUM

1579 3398 1672 3419 moa
1701 3386 1970 3419 considerandum
1994 3391 2041 3417 est
2064 3385 2103 3416 de
2127 3387 2306 3426 integritate
2335 3395 2510 3426 corporum
2533 3394 2582 3418 re·

1521 3399 1779 3473 Dsurgentium
1794 3431 1820 3461 *.

1517 3476 1610 3507 Circa
1633 3476 1723 3516 quod
1746 3480 1943 3516 quaeruntur
1966 3475 2120 3515 quinque.

1570 3521 1696 3550 Primo:
1720 3526 1829 3550 utrum
1852 3518 1961 3550 omnia
1984 3520 2127 3550 membra
2152 3520 2296 3560 corporis
2311 3520 2445 3551 humani
2460 3520 2493 3550 in
2509 3520 2580 3560 ipso

1604 3569 1776 3604 resurgant.

2689 699 2695 706 .
2705 689 2738 708 m.
2749 690 2774 706 n.
2782 691 2801 714 5.
2815 695 2828 701 ·

2691 727 2697 732 .
2713 712 2763 733 lect.
2779 718 2800 733 v.

2616 1043 2626 1054 ·
2640 1042 2677 1064 Cf.
2696 1045 2738 1064 ιη.
2761 1048 2829 1071 pne—

2733 1076 2778 1096 4

2616 1261 2626 1272 ·
2634 1260 2732 1283 Aristot.
2743 1260 2828 1289 θείη.

2616 1292 2667 1315 cap.
2682 1293 2708 1314 u,
2722 1293 2745 1309 n.
2760 1287 2783 1309 6.

2614 1929 2765 1978 iffi-aa*

2771 1935 2826 1979 3:31

2613 2548 2622 2558 ·
2633 2545 2755 2568 Endiru-
2773 2551 2800 2568 en
2818 2561 2824 2567 .

2612 2562 2766 2622 aem*

2612 2625 2825 2675 i‘riffiffif'naf

2612 2679 2652 2702 eit.
2665 2669 2752 2708 apul
2801 2659 2824 2681 μ’

2754 2588 2770 2627 ,‘
2784 2579 2827 2622 ιὶυῗ

2610 3426 2725 3475 rar-²·
2741 3431 2822 3452 ω’
2875 3451 2878 3459 -
