2878 4088
12 1455 13 1466 ⁴
10 1378 29 1444 ,ψ
12 1360 15 1362 .

87 336 157 358 'As-1.
169 341 192 362 4,
207 334 236 356 ad
252 341 270 357 ι.

73 1702 224 1732 ‘lavam
235 1709 278 1733 up

71 1736 181 1785 ”affl
189 1736 288 1780 ἴω.

71 1789 241 1813 annuam
251 1790 290 1813 ¹9-

69 2057 124 2080 ·In
139 2063 246 2087 eoi-pore.

995 169 1258 216 QUAESTIO
1288 167 1490 215 XXXVIII,
1512 168 1804 206 ARTICULUS
1833 170 1847 205 I

326 257 447 278 secrare
471 257 588 288 corpus
612 247 740 278 Christi.
765 247 828 279 Sed
851 248 891 279 ad
913 248 977 279 hoc
1001 248 1092 279 datur
1115 249 1174 279 sibi
1197 253 1336 288 potestas
1357 247 1391 277 in

326 292 514 332 acceptione
538 292 653 322 calicis.
678 293 764 332 Ergo
788 298 866 322 tunc
888 293 1082 332 imprimitur
1105 293 1273 323 character.

379 336 568 366 Ruspormao
593 346 751 366 memnon
775 336 875 377 quod,
892 337 974 367 sicut
997 336 1119 367 dictum
1140 342 1187 367 est
1202 338 1228 373 θ,
1246 335 1388 366 eiusdem

325 385 371 410 est
393 379 531 410 formam
561 380 701 420 aliquam
730 380 898 417 inducere,
924 386 955 411 et
977 382 1141 411 materiam
1173 379 1212 411 de
1239 380 1388 421 proximo

322 433 509 464 praeparare
532 424 572 454 ad
594 424 742 455 formam.
767 424 860 456 Unde
880 425 1051 465 episcopus
1066 426 1100 455 in
1117 425 1288 455 collatione
1304 423 1388 454 ordi·
1411 433 1421 453 ς

322 477 403 498 num
426 467 492 498 duo
515 467 609 499 facit:
633 474 798 509 praeparat
821 470 908 499 enim
932 468 1126 499 ordinandos
1145 468 1185 499 ad
1201 468 1320 499 ordinis
1336 477 1389 498 su-

323 512 540 552 sceptionem3
566 518 597 543 et
620 513 739 543 ordinis
761 518 953 553 potestatem
975 512 1078 543 tradit.

376 556 545 597 Praeparat
568 556 700 597 quidem
716 562 747 587 et
762 556 949 587 instruendo
974 566 1029 587 eos
1048 556 1088 587 de
1103 556 1235 597 proprio
1260 555 1387 592 officim

323 605 354 630 et
376 600 497 641 aliquid
513 601 595 631 circa
610 610 666 632 eos
689 601 853 641 operando
870 606 906 631 ut
928 600 1037 631 idonei
1053 601 1115 631 sint
1130 605 1321 640 potestatem
1337 609 1388 629 ac-

2459 183 2504 218 71

1678 278 1777 308 ART.
1795 278 1816 308 Ι.
1841 288 1945 308 UTRUM
1968 289 2093 310 TANTUM
2115 291 2275 312 EPISCOPUS

1697 332 1821 352 onmms
1845 332 2068 353 SACRAMENTUM
2092 334 2252 355 CONFERAT

1497 377 1556 400 Part.
1571 377 1611 401 111.
1626 383 1666 405 qu.
1680 383 1732 404 uv,
1748 380 1790 399 art.
1805 383 1825 405 3,
1840 377 1868 398 nd
1882 383 1909 403 ας
1924 377 1956 398 1v
1970 377 2042 403 Seni„
2058 378 2111 401 dist.
2126 385 2158 400 vn

1603 403 1656 425 dist.
1672 409 1722 430 xm,
1737 410 1776 431 qu.
1792 410 1808 430 ι,
1823 407 1864 425 art.
1882 411 1900 430 ι,
1915 404 1959 431 qu⁸
1974 410 1993 430 2,
2010 404 2037 425 ad
2052 411 2079 431 κς
2096 395 2180 433 ριιοᾹΙ.
2198 386 2220 401 u'
2235 386 2267 406 Μ’
2278 384 2319 402 ‘m'
2337 388 2355 406 ι’
2370 382 2415 410 qu*
2427 388 2453 411 35

2207 407 2236 433 V,
2252 413 2290 435 qu.
2305 413 2346 429 vn.

1507 477 1527 498 r>
1557 478 1674 498 ramum
1702 477 1747 498 sic
1775 476 1978 497 pnoeanrrun.
2006 466 2139 497 Videtur
2169 468 2258 508 quod
2285 478 2352 499 non
2382 475 2507 500 tanturn

1444 480 1678 552 Aepiscopus
1701 511 1820 542 ordinis
1843 516 2076 541 sacramentum
2100 511 2250 542 conferat.
2282 512 2366 550 Quia
2392 523 2506 544 manus

1442 557 1606 597 impositio
1631 555 1671 586 ad
1694 556 1968 587 consecrationem
1991 554 2111 595 aliquid
2134 555 2217 586 facit.
2242 556 2305 586 Sed
2337 558 2506 588 sacerdoti-

1442 601 1502 631 bus
1526 601 1582 640 qui
1606 600 1792 631 ordinantur
1814 609 1882 630 non
1905 599 2012 630 solum
2035 600 2206 639 episcopus
2221 609 2335 630 manus
2357 601 2504 641 imponit,

322 644 471 684 cipiendi.
495 645 588 683 Quae
608 644 739 685 quidem
755 645 898 685 operatio
917 645 951 675 in
966 645 1066 675 tribus
1081 645 1243 675 consistit:
1269 644 1388 674 scilicet
1404 658 1429 673 ιο
1442 644 1498 675 sed
1521 645 1616 675 etiam
1640 644 1819 675 sacerdotes
1842 643 2009 674 adstantes.
2033 643 2119 683 Ergo
2142 653 2210 674 non
2226 644 2313 674 solus
2337 645 2506 686 episcopus

321 688 555 726 benedictione,
571 699 685 720 manus
708 689 924 729 impositione,
941 694 972 719 et
994 689 1158 720 unctione.
1182 688 1242 718 Per
1257 686 1387 718 benedi-

322 733 463 764 ctionem
487 732 600 764 divinis
623 734 785 773 obsequiis
800 733 1032 772 mancipantur.
1056 732 1098 762 Et
1115 731 1189 762 ideo
1205 731 1386 761 benedictio

322 777 473 808 omnibus
496 777 597 808 datur.
615 795 639 800 -
661 777 724 808 Sed
739 786 796 817 per
810 786 924 806 manus
947 776 1189 816 impositionem
1213 774 1304 806 datur
1318 775 1387 815 ple-

321 821 436 852 nitudo
463 822 597 861 gratiae,
620 830 679 860 per
701 830 799 860 quam
822 819 862 850 ad
884 829 999 860 magna
1029 819 1134 850 officia
1164 825 1238 850 sunt
1265 819 1384 849 idonei.

1442 688 1566 719 confert
1589 688 1708 719 ordinis
1731 693 1974 718 sacramentum.

1497 742 1527 763 2.
1551 733 1747 768 Pium-imm,
1772 738 1850 762 tunc
1882 732 2059 772 unicuique
2093 731 2185 762 datur
2215 737 2355 772 potestas
2387 732 2506 764 ordinis

1441 776 1571 816 quando
1596 777 1625 807 ei
1649 777 1814 807 exhibetur
1837 775 1927 816 quod
1950 775 1990 806 ad
2013 781 2120 806 actum
2143 777 2192 806 sui
2215 776 2334 807 ordinis
2360 778 2505 816 pertinet.

1440 819 1503 851 Sed
1526 820 1723 851 subdiacono
1740 820 1832 851 datur
1854 820 2003 851 urceolus
2020 829 2095 850 curn
2118 830 2211 861 aqua,
2228 821 2321 851 bacili
2338 826 2369 851 et
2391 831 2505 852 manu-

320 865 362 895 Et
383 864 458 895 ideo
481 865 557 895 solis
581 864 768 895 diaconibus
791 869 823 894 et
845 863 1060 894 sacerdotibus
1084 863 1120 894 fit
1142 873 1256 894 manus
1279 864 1385 903 impo-
1401 865 1550 905 15tergio,
1563 865 1602 895 ab
1614 865 1856 895 archidiacono:
1873 865 2016 895 similiter
2027 865 2181 906 acolythis
2194 865 2418 896 candelabrum
2430 875 2506 896 cum

320 909 402 945 sitio,
420 909 496 949 quia
512 909 556 939 eis
572 909 727 948 competit
743 907 935 948 dispensatio
959 913 1247 938 sacramentorum:
1273 916 1385 948 quam-

319 953 366 983 vis
382 953 439 983 uni
454 953 536 983 sicut
551 952 729 992 principali,
746 952 835 982 alteri
850 953 933 982 sicut
947 952 1103 982 ministro.
1114 970 1138 974 -
1153 951 1216 982 Sed
1231 952 1384 982 unctione

319 996 359 1027 ad
373 995 505 1036 aliquod
520 1001 754 1027 sacramentum
777 995 976 1027 tractandum
1000 1002 1235 1027 consecrantur.
1255 996 1296 1026 Et
1310 995 1384 1026 ideo

318 1041 429 1071 unctio
453 1040 528 1071 solis
552 1039 768 1071 sacerdotibus
791 1040 837 1077 fit,
862 1041 918 1081 qui
940 1041 1077 1081 propriis
1099 1041 1247 1071 manibus
1267 1049 1384 1080 corpus

1439 918 1532 939 cereo
1557 914 1588 939 et
1610 909 1761 940 urceolus
1775 919 1906 940 vacuus.
1930 909 2015 949 Ergo
2039 918 2107 939 non
2126 909 2213 940 solus
2232 910 2403 950 episcopus
2427 919 2505 941 con-

1438 952 1499 984 fert
1521 953 1640 984 ordinis
1663 959 1907 984 sacramentum.

1494 997 1523 1028 3.
1548 998 1744 1034 PRAETEREA,
1761 998 1815 1028 illa
1830 1007 1913 1037 quae
1929 996 2048 1028 ordinis
2071 1003 2155 1034 sunt,
2171 1007 2239 1029 non
2257 1003 2393 1038 possunt
2409 999 2504 1030 alicui

1438 1042 1597 1072 committi
1629 1043 1685 1082 qui
1708 1052 1775 1072 non
1798 1043 1894 1072 habet
1917 1041 2073 1072 ordinem.
2107 1041 2169 1073 Sed
2202 1042 2346 1073 conferre
2377 1042 2504 1074 ordines

318 1084 436 1115 Christi
458 1089 612 1125 tangunt:
636 1085 718 1115 sicut
741 1085 836 1116 etiam
853 1085 932 1115 calix
947 1085 1121 1125 inungitur,
1139 1086 1195 1125 qui
1210 1090 1297 1116 tenet
1313 1094 1384 1115 san-
1398 1098 1424 1113 20
1437 1087 1577 1116 minores
1594 1087 1803 1117 committitur
1819 1086 1977 1126 aliquibus
1994 1087 2050 1126 qui
2073 1096 2140 1116 non
2157 1092 2230 1117 sunt
2250 1088 2404 1127 episcopi,
2421 1088 2503 1118 sicut

317 1129 460 1169 guinem,
485 1134 516 1159 et
538 1134 663 1169 patena,
688 1138 771 1169 quae
796 1129 939 1160 continet
963 1139 1090 1170 corpuS.

374 1172 438 1204 Sed
455 1174 620 1213 potestatis
644 1173 772 1204 collatio
788 1173 824 1204 fit
839 1183 896 1214 per
911 1174 975 1204 hoc
991 1173 1081 1214 quod
1097 1172 1188 1204 datur
1203 1173 1248 1204 eis
1263 1172 1384 1214 aliquid

318 1217 408 1258 quod
423 1217 464 1248 ad
478 1218 646 1258 proprium
662 1223 770 1248 actum
784 1219 932 1258 pertinet.
949 1218 990 1248 Et
1006 1219 1082 1258 quia
1095 1218 1279 1258 principalis
1295 1223 1383 1248 actus

317 1261 488 1292 sacerdotis
505 1267 552 1292 est
567 1271 754 1293 consecrare
781 1272 898 1302 corpus
915 1267 946 1293 et
961 1263 1149 1303 sanguinem
1165 1261 1292 1298 Christi,
1308 1261 1382 1292 ideo

1436 1131 1626 1171 presbyteris
1651 1130 1880 1161 Cardinalibus.
1915 1131 2000 1171 Ergo
2033 1130 2177 1162 conferre
2201 1130 2328 1161 ordines
2358 1141 2426 1162 non
2456 1138 2503 1163 est

1438 1174 1627 1215 episcopalis
1651 1174 1780 1205 ordinis.

1492 1228 1522 1258 4.
1547 1219 1743 1255 Pani-nam,
1759 1219 1947 1260 cuicumque
1967 1219 2177 1250 committitur
2186 1219 2378 1260 principale,
2395 1225 2427 1250 et
2448 1230 2502 1251 ac-

1437 1263 1612 1294 cessorium
1628 1264 1654 1293 ὶ
1680 1263 1742 1294 Sed
1759 1263 1878 1294 ordinis
1894 1269 2126 1294 sacramentum
2143 1263 2306 1294 ordinatur
2321 1263 2360 1294 ad
2375 1264 2501 1294 Eucha-

317 1306 352 1336 in
373 1306 445 1347 ipsa?
465 1305 595 1338 datione
617 1306 739 1343 calicis,
763 1307 822 1337 sub
846 1306 949 1337 forma
970 1307 1143 1337 verborum
1166 1306 1382 1342 determinata,
1397 1318 1421 1339 ις
1437 1308 1556 1338 ristiam
1572 1308 1653 1338 sicut
1669 1309 1882 1338 accessorium
1898 1307 1937 1338 ad
1952 1308 2136 1348 principale.
2161 1308 2247 1338 Cum
2263 1318 2339 1348 ergo
2355 1308 2502 1339 sacerdos

308 1350 478 1381 character
500 1350 702 1381 sacerdotalis
724 1352 926 1391 imprimitur.

371 1394 424 1425 An
439 1405 556 1425 ramim
571 1404 654 1425 anco
667 1405 826 1425 mmmmm
839 1395 928 1435 quod
939 1395 972 1425 in
985 1394 1229 1426 confirmatione
1244 1404 1313 1425 non
1329 1394 1383 1425 da-

317 1444 369 1469 tur
384 1438 528 1469 officium
544 1439 698 1479 operandi
722 1449 817 1479 super
840 1440 980 1479 aliquam
1001 1441 1167 1470 materiam
1183 1439 1381 1469 exteriorem.

316 1483 359 1514 Et
377 1482 451 1514 ideo
467 1483 627 1514 character
645 1484 690 1514 ibi
712 1493 780 1514 non
796 1484 988 1524 imprimitur
1007 1484 1041 1514 in
1063 1484 1169 1523 aliqua
1189 1483 1383 1514 exhibitione
1401 1482 1403 1485 ’

271 1551 274 1554 .
316 1526 450 1558 alicuius
466 1528 521 1563 rei,
534 1527 590 1558 sed
604 1528 638 1558 in
654 1527 721 1557 sola
736 1537 850 1558 manus
866 1528 1072 1568 impositione
1089 1533 1120 1558 et
1135 1527 1298 1558 unctione.
1320 1527 1383 1558 Sed
1398 1539 1423 1558 ιο

315 1571 350 1601 in
365 1570 478 1602 ordine
501 1571 688 1602 sacerdotali
703 1571 792 1602 aliter
808 1577 864 1602 est.
881 1572 922 1602 Et
944 1571 1018 1602 ideo
1038 1581 1107 1602 non
1123 1577 1170 1602 est
1185 1572 1297 1602 simile.

370 1615 422 1645 An
445 1625 608 1645 SECUNDUM
630 1625 789 1646 mmmmm
812 1615 902 1655 quod
924 1615 1084 1646 Dominus
1109 1615 1272 1655 discipulis
1296 1615 1382 1646 dedit

314 1663 506 1699 potestatem
529 1659 757 1690 sacerdotalem
781 1665 938 1699 quantum
961 1659 1001 1690 ad
1023 1659 1232 1700 principalem
1256 1665 1380 1695 actum,

314 1707 388 1733 ante
410 1703 594 1743 passionem
617 1703 650 1733 in
667 1703 766 1739 Cena,
785 1703 914 1743 quando
939 1703 1016 1733 dixit
1031 1705 1064 1733 *z
1088 1703 1230 1744 Accipite
1245 1708 1276 1733 et
1290 1713 1381 1734 man-

1438 1357 1602 1382 consecret
1618 1352 1858 1388 Eucharisfiam,
1871 1353 1939 1392 ipse
1955 1353 2050 1382 etiarn
2065 1353 2183 1392 poterit
2198 1351 2325 1382 ordines
2346 1351 2501 1383 conferre.

1493 1396 1523 1426 5.
1546 1396 1742 1432 PRAETEREA,
1758 1396 1831 1436 plus
1851 1396 1943 1426 distat
1965 1396 2112 1426 sacerdos
2131 1406 2149 1426 a
2165 1395 2302 1427 diacono
2320 1406 2418 1437 quarn
2434 1398 2501 1438 epi-

1437 1449 1555 1481 scopus
1578 1440 1617 1470 ab
1642 1441 1807 1481 episcopo.
1832 1440 1895 1471 Sed
1911 1437 2081 1481 episcop'us
2097 1446 2203 1480 potest
2226 1450 2411 1472 consecrare
2435 1442 2502 1482 epi-

1436 1494 1582 1524 scopum.
1607 1485 1693 1525 Ergo
1712 1490 1743 1515 et
1766 1484 1912 1515 sacerdos
1931 1490 2038 1525 potest
2059 1494 2251 1525 promovere
2273 1484 2456 1516 diaconum.

1492 1528 1554 1559 San
1579 1538 1717 1565 CONTRA,
1742 1529 1893 1559 nobiliori
1924 1528 2024 1559 modo
2055 1529 2256 1569 applicantur
2287 1529 2326 1559 ad
2357 1529 2501 1560 divinum

1436 1572 1560 1603 cultum
1582 1573 1717 1603 ministri
1739 1582 1796 1613 per
1819 1572 1946 1603 ordines
1965 1582 2062 1613 quam
2085 1583 2158 1603 vasa
2181 1583 2277 1603 sacra.
2302 1573 2365 1604 Sed
2388 1584 2501 1605 conse-

1436 1617 1534 1647 cratio
1556 1626 1706 1647 vasorum
1729 1618 1865 1657 pertinet
1888 1616 1927 1647 ad
1950 1617 2055 1647 solum
2073 1618 2271 1657 episcopum.
2296 1618 2381 1658 Ergo
2397 1619 2500 1649 multo

1435 1660 1548 1691 fortius
1572 1662 1769 1691 consecratio
1794 1661 2021 1691 ministrorum.

1492 1714 1521 1735 2.
1537 1705 1733 1741 PRAETEREA,
1747 1710 1980 1735 sacramentum
1993 1704 2112 1735 ordinis
2125 1710 2171 1735 est
2186 1705 2390 1735 excellentius
2403 1715 2501 1746 quam

314 1746 438 1778 ducale.
463 1746 558 1778 Unde
581 1748 744 1778 subiunxit
758 1748 791 1777 ἐ
816 1747 893 1778 Hoc
897 1748 1005 1789 facite
1021 1748 1053 1778 in
1070 1757 1173 1778 meam
1189 1757 1380 1778 commemo·
1396 1759 1419 1779 ις
1435 1748 1697 1779 confirmationis.
1722 1748 1784 1779 Sed
1800 1749 1887 1779 solus
1904 1750 2074 1789 episcopus
2094 1748 2270 1779 confirmat.
2296 1750 2381 1790 Ergo
2397 1750 2500 1781 multo

314 1791 484 1822 rationem.
517 1790 581 1822 Sed
602 1797 678 1832 post
709 1793 975 1822 resurrectionem
998 1791 1085 1822 dedit
1114 1793 1158 1822 eis
1187 1797 1381 1832 potestatem

313 1835 543 1866 sacerdotalem
565 1841 723 1876 quantum
746 1839 786 1867 ad
809 1842 917 1867 actum
940 1835 1174 1872 secundarium,
1196 1837 1253 1876 qui
1277 1842 1324 1867 est
1344 1836 1381 1867 li-

313 1889 386 1921 gare
410 1885 442 1910 et
464 1880 597 1911 solvere.

367 1924 418 1955 An
442 1934 577 1955 mariun
600 1934 759 1955 mezxmm
783 1924 873 1965 quod
895 1926 927 1956 in
952 1925 1092 1955 vestibus
1115 1934 1183 1956 non
1210 1925 1381 1965 requiritur

1434 1793 1535 1833 magis
1558 1793 1646 1824 solus
1669 1792 1794 1823 confert
1817 1793 1936 1823 ordinis
1959 1798 2202 1823 sacramentum.

1491 1837 1520 1868 3.
1545 1837 1741 1874 Pium-aruzii,
1758 1838 1894 1877 virgines
1918 1847 1975 1877 per
2003 1837 2261 1868 benedictionem
2284 1847 2352 1868 non
2382 1839 2500 1869 consti-

1434 1887 1569 1912 tuuntur
1584 1882 1618 1912 in
1633 1882 1742 1922 aliquo
1758 1881 1858 1922 gradu
1881 1882 2051 1922 spiritualis
2069 1883 2244 1922 potestatis,
2261 1883 2342 1912 sicut
2365 1882 2500 1913 ordinati

1435 1927 1682 1956 constituuntur.
1708 1925 1771 1956 Sed
1793 1926 1930 1966 virgines
1949 1926 2136 1956 benedicere
2161 1932 2207 1956 est
2230 1927 2328 1957 solius
2345 1928 2498 1968 episcopi.

312 1968 374 1999 alia
396 1970 594 2000 consecratio
618 1970 679 1999 nisi
702 1969 791 2010 quod
815 1969 923 2000 divino
948 1969 1049 2000 cultui
1072 1970 1306 2010 mancipentur.
1340 1970 1381 1999 Et
1394 1980 1421 2000 40
1434 1970 1520 2010 Ergo
1543 1970 1647 2000 multo
1671 1971 1772 2010 magis
1795 1970 1882 2000 solus
1905 1970 1973 2010 ipse
1996 1976 2103 2010 potest
2126 1970 2250 2010 aliquos
2274 1970 2430 2002 ordinare.

278 2033 280 2035 >
311 2012 387 2044 ideo
411 2012 527 2044 sufficit
551 2014 595 2044 eis
618 2023 677 2054 pro
709 2015 950 2044 consecratione
980 2013 1172 2044 benedictio.
1207 2013 1270 2044 Sed
1293 2014 1380 2044 aliter

313 2062 360 2088 est
382 2056 422 2088 de
445 2057 606 2094 ordinatis,
631 2063 667 2088 ut
690 2068 727 2088 ex
751 2058 841 2088 dictis
857 2059 874 2075 ξ
897 2063 993 2098 patet.

366 2101 418 2132 An
443 2112 591 2132 ausurum
614 2112 774 2132 memnon
798 2101 887 2142 quod
910 2103 1004 2132 vestis
1024 2101 1226 2132 sacerdotalis
1249 2111 1316 2132 non
1340 2103 1380 2132 si-

1489 2015 1678 2044 Rasponmzo
1702 2024 1862 2044 mmmmm
1879 2014 1968 2054 quod
1990 2020 2130 2054 potestas
2147 2015 2336 2055 episcopalis
2355 2016 2450 2046 habet
2465 2025 2499 2046 se

1434 2058 1474 2088 ad
1489 2064 1680 2098 potestatem
1700 2058 1849 2089 ordinum
1865 2058 2053 2089 inferiorum
2068 2059 2150 2088 sicut
2165 2059 2305 2099 politica,
2322 2069 2405 2100 quae
2421 2070 2499 2090 con-

1433 2103 1528 2133 iectat
1551 2103 1675 2133 bonum
1699 2112 1892 2138 commune,
1919 2102 1958 2132 ad
1987 2102 2152 2133 inferiores
2175 2108 2255 2133 artes
2287 2109 2318 2134 et
2347 2104 2497 2141 virtutes,

279 2150 285 2156 ·
310 2144 441 2186 gnificat
463 2151 655 2186 potestatem
678 2146 834 2176 sacerdoti
858 2145 973 2183 datam,
994 2146 1050 2176 sed
1065 2146 1272 2176 idoneitatem
1297 2156 1380 2186 quae
1434 2156 1516 2187 quae
1541 2147 1721 2177 coniectant
1736 2147 1868 2187 aliquod
1884 2147 2008 2177 bonum
2031 2147 2177 2187 speciale,
2194 2153 2230 2178 ut
2249 2157 2287 2177 ex
2303 2147 2394 2179 dictis
2410 2150 2426 2165 ⁴*
2442 2159 2498 2189 pa-

70 3289 186 3340 ingssdqu.
200 3295 281 3318 xxxxv,

311 2190 345 2220 in
369 2199 409 2220 eo
433 2191 603 2230 requiritur
626 2190 666 2220 ad
682 2196 790 2221 actum
812 2191 976 2231 potestatis
997 2190 1231 2231 exequendum.
1249 2191 1290 2221 Et
1305 2190 1378 2221 ideo
1393 2201 1417 2221 45
1433 2196 1487 2221 tet.
1511 2191 1644 2222 Politica
1667 2196 1784 2227 autern,
1809 2196 1845 2221 ut
1868 2191 1983 2221 dicitur
2008 2192 2041 2222 in
2066 2191 2078 2221 1
2100 2191 2204 2222 Ethic.
2221 2192 2248 2227 ἦ
2271 2193 2364 2232 ponit
2393 2193 2498 2233 legem

311 2243 372 2264 nec
395 2234 552 2265 sacerdoti
574 2244 635 2264 nec
659 2234 755 2265 alicui
785 2235 838 2265 alii
860 2235 1054 2275 imprimitur
1084 2235 1244 2265 character
1266 2235 1299 2265 in
1323 2235 1379 2265 ali-
1432 2235 1636 2266 inferioribus
1659 2236 1792 2266 artibus:
1817 2235 1952 2271 scilicet,
1979 2236 2051 2276 quis
2075 2245 2173 2275 quam
2196 2235 2309 2266 debeat
2332 2246 2496 2274 exercere,

312 2278 403 2309 cuius
426 2279 520 2308 vestis
544 2277 682 2309 datione.
1433 2285 1464 2310 et
1487 2285 1645 2320 quantum
1667 2285 1698 2310 et
1726 2279 1869 2320 qualiter.
1905 2280 1946 2310 Et
1968 2279 2041 2310 ideo
2071 2279 2110 2310 ad
2143 2281 2332 2320 episcopum
2360 2282 2498 2321 pertinet

367 2322 418 2352 An
442 2333 582 2353 nummu
605 2333 764 2353 meizxmm
787 2322 877 2364 quod
891 2328 1032 2364 potestas
1055 2322 1182 2354 diaconi
1205 2329 1252 2354 est
1273 2323 1379 2354 media
1432 2325 1466 2354 in
1489 2324 1639 2354 omnibus
1662 2323 1776 2354 divinis
1799 2324 1978 2354 ministeriis
2002 2324 2080 2354 alios
2109 2324 2277 2355 collocare.
2307 2325 2402 2356 Unde
2428 2326 2497 2366 ipse

311 2366 394 2396 inter
415 2372 607 2406 potestatem
637 2367 825 2397 subdiaconi
849 2373 880 2398 et
903 2367 1090 2398 sacerdotis:
1121 2367 1268 2398 sacerdos
1292 2369 1378 2398 enirn
1432 2368 1519 2398 solus
1545 2367 1728 2398 confirmat:
1755 2369 1830 2408 quia
1853 2367 2032 2398 confirmati
2064 2369 2097 2398 in
2121 2368 2262 2408 quodam
2287 2369 2394 2400 officio
2419 2380 2497 2401 con·
2532 2405 2535 2407 ¹

313 2409 430 2441 directe
454 2405 549 2441 hab‘et
571 2416 763 2451 potestatem
786 2421 881 2452 super
909 2421 1026 2452 corpus
1050 2412 1186 2448 Christi,
1210 2411 1378 2443 subdiaco-
1393 2422 1418 2442 50
1432 2412 1543 2443 fitendi
1566 2412 1664 2442 fidem
1680 2413 1927 2443 constituuntur.
1952 2412 2028 2443 Ideo
2053 2413 2148 2442 etiam
2164 2413 2251 2443 solus
2273 2414 2341 2453 ipse
2361 2414 2496 2454 virgines

310 2464 372 2485 nus
395 2460 503 2486 autern
527 2465 623 2496 super
645 2466 719 2486 vasa
741 2461 876 2492 tantum,
893 2456 949 2487 sed
972 2456 1126 2487 diaconus
1149 2466 1246 2497 super
1261 2466 1377 2497 corpus
1431 2456 1600 2493 benedicit,
1618 2466 1700 2497 quae
1723 2456 1858 2496 figuram
1881 2462 1996 2496 gerunt
2018 2457 2179 2487 Ecclesiae
2207 2457 2335 2488 Christo
2359 2458 2496 2499 despon-

311 2499 346 2529 in
368 2509 441 2530 vase
470 2505 670 2530 contentum.
703 2500 796 2531 Unde
830 2501 898 2531 eius
930 2510 998 2531 non
1021 2506 1068 2531 est
1097 2506 1226 2541 tangere
1259 2510 1376 2541 corpus
1431 2506 1525 2537 satae,
1543 2502 1635 2531 cuius
1659 2511 1734 2531 cura
1757 2502 1817 2541 ipsi
1833 2501 2047 2541 principaliter
2071 2502 2289 2532 committitur.
2315 2502 2385 2542 Ipse
2402 2504 2497 2534 etiam

312 2542 439 2579 Christi,
457 2543 512 2574 sed
535 2550 662 2584 portare
686 2554 803 2585 corpus
825 2545 859 2575 in
882 2550 1014 2585 patena,
1041 2550 1072 2576 et
1095 2544 1276 2585 dispensare
1306 2555 1376 2576 san-
1431 2546 1464 2576 in
1486 2545 1667 2576 ministeriis
1691 2544 1842 2575 ordinum
1866 2544 2060 2575 ordinandos
2085 2551 2258 2581 consecrat,
2277 2551 2308 2576 et
2330 2557 2403 2577 vasa
2426 2548 2496 2587 qui-

310 2587 442 2627 guinem
466 2598 539 2618 cum
565 2588 672 2619 calice.
697 2589 738 2619 Et
760 2588 833 2620 ideo
850 2590 918 2620 eius
941 2594 1081 2630 potestas
1105 2589 1145 2620 ad
1160 2595 1268 2620 actum
1290 2590 1376 2631 prin·
1430 2590 1491 2620 bus
1514 2589 1632 2620 debent
1654 2590 1702 2620 uti
1725 2590 1770 2620 eis
1793 2589 1982 2620 determinat
2004 2599 2062 2620 sua
2085 2591 2342 2620 consecratione:
2368 2592 2449 2622 sicut
2466 2597 2496 2622 et

311 2632 446 2671 cipalem
462 2642 530 2662 non
546 2634 652 2672 potuit
667 2634 800 2673 exprimi
817 2643 878 2664 nec
894 2643 951 2674 per
966 2633 1129 2664 dationem
1144 2635 1225 2664 vasis
1241 2639 1375 2671 tantum,
1391 2643 1414 2664 55
1431 2634 1536 2665 officia
1559 2634 1729 2673 saecularia
1745 2634 1778 2664 in
1802 2634 1980 2664 civitatibus
1996 2633 2227 2664 distribuuntur
2250 2635 2288 2665 ab
2305 2644 2344 2665 eo
2369 2637 2425 2676 qui
2441 2637 2496 2666 ha-

310 2685 371 2706 nec
393 2686 451 2716 per
475 2676 637 2707 dationem
660 2678 819 2708 materiae.
845 2677 907 2709 Sed
931 2678 1116 2718 exprimitur
1144 2683 1285 2719 potestas
1308 2679 1376 2709 eius
1430 2680 1484 2709 bet
1507 2678 1765 2709 excellentiorem
1784 2683 1987 2719 potestatem,
2004 2679 2085 2708 sicut
2104 2688 2123 2708 a
2145 2688 2227 2719 rege.

310 2719 351 2750 ad
373 2726 481 2751 actum
505 2721 739 2758 secundarium,
756 2723 790 2752 in
805 2723 869 2753 hoc
893 2722 982 2762 quod
1005 2722 1096 2753 datur
1118 2724 1147 2753 ei
1170 2723 1249 2753 liber
1271 2723 1376 2754 Evan-
1484 2723 1535 2753 Ar>
1551 2733 1668 2753 panum
1683 2732 1766 2753 ERGO
1783 2733 1942 2752 monimum
1962 2722 2051 2763 quod
2065 2723 2098 2753 in
2114 2723 2319 2763 impositione
2339 2733 2494 2755 manuum

309 2763 485 2804 geliorum:
512 2771 543 2796 et
565 2766 600 2796 in
622 2766 681 2796 hac
705 2772 861 2807 potestate
880 2767 1065 2807 intelligitur
1088 2767 1157 2798 alia.
1182 2767 1224 2798 Et
1245 2767 1319 2798 ideo
1342 2768 1376 2798 in
1429 2777 1497 2798 non
1513 2767 1605 2798 datur
1621 2767 1782 2798 character
1797 2767 1998 2797 sacerdotalis
2015 2767 2144 2804 ordinis,
2161 2773 2197 2798 ut
2210 2778 2247 2798 ex
2263 2767 2353 2798 dictis
2365 2769 2381 2785 ⁴*
2396 2774 2493 2808 patet,

309 2809 378 2849 ipsa
400 2809 471 2839 libri
494 2809 622 2840 datione
645 2810 838 2850 imprimitur
861 2811 1030 2842 character.
1430 2811 1486 2843 sed
1507 2812 1606 2852 gratia
1628 2811 1807 2842 secundum
1831 2821 1928 2852 quam
1951 2811 1991 2841 ad
2015 2811 2239 2851 exequendum
2263 2812 2408 2842 ordinem
2432 2814 2494 2844 sint

364 2853 415 2883 An
439 2863 558 2884 snx‘rum
581 2864 740 2885 mcssumm
770 2855 860 2895 quod
888 2855 1095 2896 principalior
1117 2861 1206 2886 actus
1236 2856 1376 2898 acolythi
1389 2865 1416 2886 60
1429 2856 1548 2887 idonei.
1572 2856 1614 2886 Et
1636 2857 1712 2896 quia
1726 2855 1870 2896 indigent
1887 2856 2079 2896 amplissima
2097 2857 2205 2896 gratia,
2221 2856 2295 2886 ideo
2315 2857 2493 2888 sacerdotes

310 2901 356 2927 est
379 2907 446 2937 quo
470 2898 627 2929 ministrat
649 2899 682 2929 in
705 2899 838 2930 urceolo
862 2909 960 2940 quam
984 2909 1050 2940 quo
1067 2900 1223 2930 ministrat
1245 2901 1278 2931 in
1302 2911 1376 2932 can-
1429 2910 1543 2931 manus
1559 2910 1635 2931 cum
1659 2901 1813 2941 episcopo
1830 2901 2004 2940 imponunt
2026 2901 2070 2930 eis
2094 2901 2149 2940 qui
2172 2901 2206 2930 in
2221 2900 2399 2931 sacerdotes
2418 2911 2492 2942 pro-

309 2941 458 2972 delabro:
484 2943 629 2983 quamvis
653 2943 879 2974 denominetur
901 2945 940 2974 ab
973 2949 1046 2975 actu
1069 2944 1274 2982 secundario,
1300 2955 1375 2985 pro-
1428 2950 1614 2976 moventur:
1638 2944 1695 2975 sed
1717 2944 1860 2975 diaconis
1883 2945 1970 2975 solus
1989 2945 2170 2984 episcopus.

308 2991 379 3026 pter
401 2987 465 3017 hoc
490 2987 580 3027 quod
603 2993 650 3018 est
672 2989 772 3028 magis
795 2994 891 3019 notus
916 2994 947 3019 et
969 2989 1068 3028 magis
1091 2989 1241 3029 proprius
1265 2990 1304 3020 ei.
1334 2990 1376 3021 Et
1483 2989 1535 3019 An
1563 2999 1725 3020 sacrm-mm
1755 2999 1915 3019 mcaunmr
1945 2988 2048 3029 quod,
2072 2989 2147 3029 quia
2176 2989 2416 3020 archidiaconus
2446 2996 2493 3021 est

307 3029 382 3060 ideo
405 3031 439 3061 in
455 3030 583 3062 datione
599 3032 720 3062 urceoli
743 3033 935 3072 imprimitur
957 3033 1107 3074 acolytho
1129 3033 1298 3070 character,
1314 3035 1375 3065 vir-
1430 3034 1521 3074 quasi
1530 3034 1684 3074 princeps
1697 3033 1876 3069 ministerii,
1896 3032 1970 3063 ideo
1993 3034 2103 3063 omnia
2118 3043 2200 3073 quae
2223 3033 2262 3063 ad
2282 3034 2491 3065 ministerium

308 3078 377 3105 tute
399 3075 573 3106 verborum
595 3076 634 3106 ab
659 3077 814 3117 episcopo
837 3077 1046 3117 prolatorum.

463 3134 716 3179 QUAESTIO
739 3136 1225 3171 TRIGESIMAOCTAVA

479 3193 525 3218 DE
545 3193 830 3220 CONFERENTIBUS
850 3195 922 3220 Hoc
941 3195 1201 3220 SACRAMENTUM

313 3259 465 3322 Damna
488 3251 754 3283 considerandum
778 3258 825 3284 est
848 3252 887 3284 de
919 3252 1159 3284 conferentibus
1179 3253 1242 3284 hoc
1273 3264 1374 3285 sacra-

1429 3123 1523 3152 servit
1546 3127 1619 3152 ante
1641 3122 1852 3162 Evangelium
1874 3122 1982 3162 ipsum
2004 3121 2173 3162 portando,
2198 3127 2229 3152 et
2252 3132 2399 3159 urceum,
2424 3132 2491 3163 quo

1428 3167 1524 3196 servit
1546 3165 1765 3203 subdiacono;
1791 3172 1822 3196 et
1853 3166 1996 3197 similiter
2019 3166 2071 3196 dat
2093 3166 2291 3196 subdiacono
2315 3176 2351 3197 ea
2374 3167 2491 3207 quibus

1428 3211 1645 3250 superioribus
1668 3210 1833 3241 ordinibus
1856 3211 1959 3241 servit.
1985 3210 2047 3241 Sed
2067 3216 2174 3241 tamen
2197 3211 2230 3240 in
2246 3211 2305 3240 illis
2329 3221 2395 3241 non
2413 3221 2490 3242 con-

1428 3255 1508 3285 sistit
1529 3254 1712 3295 principalis
1735 3260 1823 3285 actus
1839 3254 2037 3291 subdiaconi,
2054 3254 2109 3285 sed
2124 3255 2158 3285 in
2180 3255 2243 3285 hoc
2259 3255 2348 3295 quod
2372 3265 2490 3296 coope—

371 3299 519 3325 mentum
534 3296 560 3326 ’ἢ
1388 3313 1415 3335 70
1427 3304 1513 3329 ratur
1536 3299 1618 3329 circa
1639 3299 1804 3329 materiam
1828 3299 2025 3329 sacramenti.
2050 3299 2091 3329 Et
2112 3298 2186 3329 ideo
2203 3299 2415 3330 characterem
2438 3309 2490 3330 ac-

310 3337 404 3368 Circa
426 3338 516 3378 quod
538 3346 735 3379 quaeruntur
757 3340 834 3372 duo.
1428 3343 1505 3383 cipit
1527 3343 1561 3373 in
1585 3352 1624 3374 eo
1650 3343 1739 3384 quod
1762 3343 1853 3374 datur
1876 3344 1906 3374 ei
1929 3344 2008 3374 calix
2032 3344 2070 3373 ab
2095 3344 2258 3383 episcopo.
2294 3343 2356 3374 Sed
2383 3344 2490 3385 acoly-

363 3382 488 3412 Primo:
513 3388 621 3414 utrum
643 3384 730 3415 solus
746 3386 918 3426 episcopus
940 3386 1042 3426 possit
1060 3386 1123 3417 hoc
1139 3392 1372 3418 sacramentum
1427 3388 1500 3418 thus
1524 3388 1639 3428 accipit
1662 3388 1875 3418 characterem
1898 3397 1936 3418 ex
1959 3388 2062 3418 verbis
2085 3388 2228 3428 episcopi
2258 3388 2291 3417 in
2314 3388 2377 3418 hoc
2401 3388 2491 3428 quod

398 3425 552 3457 conferre.
1427 3431 1543 3472 accipit
1564 3431 1724 3472 praedicta
1747 3432 1785 3462 ab
1809 3431 2052 3463 archidiacono:
2078 3437 2109 3462 et
2131 3432 2230 3472 magis
2245 3432 2279 3462 in
2302 3433 2490 3472 acceptione

364 3470 531 3501 Secundo:
556 3476 665 3502 utrum
679 3472 864 3510 haereticus,
881 3474 931 3505 vel
951 3475 1149 3515 quicumque
1169 3476 1207 3505 ab
1232 3475 1373 3507 Ecclesia
1426 3477 1514 3506 urcei
1537 3485 1635 3516 quarn
1655 3475 1843 3507 candelabri.
1868 3476 1962 3507 Unde
1977 3486 2044 3507 non
2068 3477 2211 3517 sequitur
2226 3475 2315 3516 quod
2337 3476 2489 3507 archidia-

397 3515 567 3555 praecisus,
582 3516 684 3556 possit
706 3517 769 3548 hoc
792 3524 1025 3549 sacramentum
1049 3518 1203 3550 conferre.
1386 3535 1410 3556 75
1427 3530 1528 3551 conus
1552 3520 1698 3551 ordinem
1721 3520 1873 3552 conferat.

1388 3087 1413 3112 65
1428 3078 1590 3118 pertinent
1611 3078 1680 3118 ipse
1702 3077 1811 3108 tradit:
1836 3078 1918 3108 sicut
1933 3087 2071 3113 cereum,
2089 3087 2154 3118 quo
2171 3077 2337 3118 acolythus
2353 3078 2501 3109 diacono·

2554 1271 2589 1294 cf.
2607 1278 2658 1300 cap.
2679 1272 2741 1294 Pru-

2529 1298 2632 1320 dentiam
2638 1301 2709 1325 tuam,
2712 1299 2742 1320 de

2528 1325 2738 1379 fflic'agltegotm'

2549 2157 2610 2180 nist.
2621 2164 2683 2186 xm,
2699 2165 2738 2187 qu.

2525 2189 2556 2209 ιιι,
2567 2187 2610 2206 art.
2626 2190 2649 2212 2,
2662 2186 2707 2213 qu·
2716 2192 2737 2214 3.

2524 2210 2579 2259 'sci
2597 2227 2603 2259 :
2617 2212 2714 2260 ἷὲεέῗιῗ·
2725 2223 2736 2229 “

2520 2806 2531 2828 5

2539 2773 2586 2801 Qu.
2595 2779 2681 2801 mvn,
2690 2777 2732 2795 art.
