2878 4088
0 2363 31 2396 ..¹

312 962 318 970 ,
348 941 428 972 ‘non
452 935 612 970 peterent:
639 929 729 969 quod
752 929 936 969 frequenter
959 928 1090 959 faciunt.

114 1245 128 1258 “
142 1243 200 1273 εις).
218 1243 252 1268 R
269 1245 333 1267 colet

113 1271 211 1300 qnam.

849 102 1112 148 QUAESTIO
1142 103 1212 139 DE
1241 101 1600 146 PURGATORIO,
1627 102 1918 140 ARTICULUS
1946 105 1992 150 V,
2012 105 2062 141 VI
2464 107 2537 143 253

420 181 495 211 Alio
519 179 619 210 modo
644 179 758 210 dicitur
781 180 902 220 aliquid
924 180 1142 210 voluntarium
1165 180 1328 210 voluntate
1349 189 1427 210 con·
1537 189 1567 218 4.
1592 180 1787 215 Palmum,
1812 190 1906 220 supra
1922 182 1938 198 ⁴*
1962 181 2084 212 dictum
2107 188 2153 213 est
2177 183 2265 223 quod
2289 185 2382 224 culpa
2409 186 2539 218 actualis

365 225 535 255 ditionata:
561 225 643 255 sicut
666 225 750 255 ustio
767 230 814 254 est
828 224 1007 254 voluntaria
1021 229 1152 264 propter
1167 225 1333 254 sanitatem
1350 233 1427 254 con·
1482 233 1548 254 non
1573 223 1695 254 deletur
1717 224 1777 253 nisi
1800 233 1857 263 per
1880 226 2115 257 contritionem.
2149 227 2212 258 Sed
2234 233 2308 267 post
2336 229 2418 259 hanc
2441 230 2538 260 vitam

365 269 572 309 sequendam.
604 269 644 299 Et
672 269 716 299 sic
747 269 852 308 aliqua
883 278 989 308 poena
1018 274 1124 308 potest
1154 277 1222 298 esse
1249 267 1427 298 voluntaria
1481 277 1548 298 non
1573 268 1630 297 erit
1653 268 1814 303 contritio,
1839 277 1920 307 quae
1945 275 1991 299 est
2015 276 2102 300 actus
2125 272 2321 302 meritorius:
2356 274 2431 312 quia
2461 279 2538 304 tunc

365 313 542 353 dupliciter.
568 313 642 344 Uno
666 313 776 349 modo,
801 313 876 353 quia
899 322 956 352 per
978 321 1119 352 poenam
1143 312 1274 351 aliquod
1302 312 1425 342 bonum
1480 321 1547 342 non
1572 312 1630 342 erit
1652 312 1803 342 meritum
1826 321 1932 351 neque
1956 313 2155 350 demeritum,
2181 325 2266 351 cum,
2281 317 2459 348 secundum
2475 318 2538 347 Da-

364 358 577 398 acquirimus:
604 363 635 387 et
651 358 694 387 sic
711 358 779 397 ipsa
798 357 944 387 voluntas
961 357 1092 386 assumit
1115 365 1254 396 poenam
1275 356 1424 395 aliquam,
1448 363 1457 383 5
1480 365 1667 386 mascenum
1682 357 1715 385 ’ἢ
1732 355 1808 386 Hoc
1823 361 1871 386 est
1884 357 2064 387 hominibus
2080 369 2168 389 mors
2186 360 2272 400 quod
2290 362 2417 401 angelis
2432 371 2536 392 casus.

364 408 400 432 ut
423 408 509 442 patet
531 402 564 432 in
588 401 811 433 satisfactione.
836 401 896 431 Vel
920 401 1015 431 etiam
1039 401 1115 440 quia
1137 400 1190 430 ille
1205 400 1339 430 libenter
1355 409 1424 429 eam
1480 400 1564 440 Ergo
1587 406 1661 440 post
1683 400 1765 430 hanc
1789 400 1886 430 vitam
1917 410 1985 430 non
2016 401 2182 433 dimittitur
2213 405 2246 433 in
2276 406 2459 444 purgatorio
2483 415 2536 436 ve-

364 447 488 486 accipit,
513 452 544 476 et
567 455 633 476 non
657 446 752 476 vellet
775 455 846 475 eam
861 454 929 475 non
945 454 1031 475 esse:
1057 445 1138 474 sicut
1161 444 1274 474 accidit
1289 444 1322 474 in
1342 453 1424 474 mar-
1479 444 1562 474 niale
1586 444 1693 484 quoad
1718 444 1856 484 culpam.

349 491 456 531 tyrio.
480 509 503 512 —
525 490 599 520 Alio
623 489 723 520 modo
755 490 846 530 quia,
872 490 1018 529 quamvis
1047 498 1104 528 per
1131 498 1271 528 poenam
1298 487 1424 518 nullum
1536 489 1565 518 5.
1589 489 1784 524 Pinax-muza,
1808 488 1931 518 veniale
1954 498 2021 518 non
2046 494 2092 518 est
2115 490 2147 520 in
2163 492 2255 521 nobis
2270 493 2331 522 nisi
2350 494 2471 523 ratione
2488 492 2536 523 fo-

363 535 488 565 bonum
510 534 604 564 nobis
628 539 794 570 accrescat,
819 539 926 564 tamen
950 533 1018 563 sine
1038 542 1143 572 poena
1158 532 1198 562 ad
1213 533 1337 562 bonum
1353 541 1423 571 per·
1478 533 1580 562 mitis:
1605 532 1692 562 unde
1715 533 1748 562 in
1772 533 1876 572 primo
1900 538 1983 562 statu
2005 532 2109 562 Adam
2133 536 2296 565 venialiter
2317 546 2385 567 non
2408 547 2536 577 peccas-

362 580 470 609 venire
493 588 560 609 non
584 588 775 618 possumus:
800 578 882 608 sicut
906 583 992 617 patet
1015 576 1055 607 de
1077 582 1181 606 morte
1204 575 1348 606 naturali.
1383 575 1424 605 Et
1440 590 1464 604 xo
1478 581 1534 611 set,
1552 582 1588 606 ut
1611 577 1644 606 in
1669 576 1695 606 11
1719 577 1810 612 libro,
1833 576 1902 606 dist.
1920 586 1972 606 xxr
1987 577 2014 612 *,
2038 576 2160 607 dictum
2184 585 2239 608 est.
2274 580 2336 610 Sed
2359 587 2432 621 post
2454 582 2536 612 hanc

362 629 438 653 tunc
462 623 610 653 voluntas
633 632 700 652 non
724 622 855 652 assumit
877 630 1028 661 poenam,
1053 626 1085 650 et
1105 620 1201 650 vellet
1223 620 1261 649 ab
1287 629 1323 649 ea
1346 619 1424 649 libe·
1478 620 1575 650 vitam
1598 621 1632 650 in
1655 621 1840 660 purgatorio
1859 630 1928 650 non
1951 621 2010 650 erit
2032 621 2227 658 sensualitas,
2245 622 2357 654 fomite
2374 632 2537 666 corrupto,

361 668 432 703 rari,
456 666 512 697 sed
536 676 606 697 eam
630 672 811 706 supportat:
838 671 869 696 et
899 670 1056 705 quantum
1086 664 1126 694 ad
1153 664 1217 693 hoc
1246 663 1424 693 voluntaria
1477 664 1510 693 in
1523 665 1628 693 anima
1640 669 1800 703 separata:
1822 665 1897 704 quia
1913 664 2016 695 fomes
2032 664 2147 695 dicitur
2158 666 2212 696 lex
2223 668 2342 703 carnis,
2354 669 2445 699 Rom.
2459 671 2536 700 vn‘.
2565 674 2574 683 ·

362 712 486 742 dicitur.
511 711 552 741 Et
575 711 620 741 sic
643 720 748 750 poena
771 709 946 750 purgatorii
969 714 1016 738 est
1039 708 1226 738 voluntaria.
1478 707 1563 746 Ergo
1587 717 1652 737 non
1679 709 1736 737 erit
1751 708 1795 738 ibi
1811 709 1941 738 venialis
1963 709 2067 748 culpa.
2092 709 2133 739 Et
2147 711 2190 740 ita
2209 721 2275 741 non
2292 717 2398 751 potest
2421 715 2538 754 expiari

417 754 558 792 Quidam
582 761 689 785 autem
713 754 824 784 dicunt
847 752 935 793 quod
958 762 1025 782 non
1049 757 1096 782 est
1118 751 1227 790 aliquo
1248 750 1349 781 modo
1366 760 1423 780 vo-
1477 761 1534 791 per
1558 753 1777 791 purgatorium
1800 753 1918 792 ignem.

360 799 510 831 luntaria:
535 799 610 838 quia
633 803 707 828 sunt
730 798 773 828 ita
796 797 937 837 absorpti
960 797 1074 836 poenis
1098 795 1188 835 quod
1211 795 1358 825 nesciunt
1390 804 1423 825 se
1439 808 1461 828 ις
1534 795 1596 826 sm>
1621 806 1743 826 CONTRA
1767 806 1821 827 esi·
1844 797 1934 836 quod
1958 796 2131 837 Gregorius
2154 798 2239 835 dicit,
2256 800 2289 830 in
2305 800 2347 830 IV
2362 801 2496 843 Dialog.
2510 803 2537 838 *,

360 853 418 883 per
440 852 581 883 poenam
603 842 742 882 purgari,
766 840 822 872 sed
844 845 958 881 putant
981 849 1014 870 se
1038 849 1106 870 esse
1130 839 1306 869 damnatos.
1322 858 1344 861 —
1361 838 1423 870 Sed
1479 845 1510 870 et
1532 840 1741 880 Augustinus,
1765 841 1804 871 de
1826 841 1907 871 Vera
1922 842 2123 873 Poenitentia
2139 843 2165 879 ᾗ
2190 844 2279 883 quod
2295 844 2452 884 quaedam
2471 847 2538 877 cul-

359 888 423 918 hoc
446 892 492 917 est
515 886 640 917 falsum.
665 885 760 923 Quia,
783 886 845 916 nisi
868 885 984 915 scirent
1006 893 1039 914 se
1063 873 1253 920 libeiandoa
1277 883 1445 923 suffragia·
1477 894 1538 924 pae
1553 885 1639 915 leves
1654 886 1687 915 in
1703 885 1812 916 futuro
1828 886 2042 916 remittuntur.
2066 887 2134 917 Nec
2157 893 2264 927 potest
2279 889 2412 930 intelligi
2430 891 2537 930 quoad

1477 938 1636 969 poenam:
1662 930 1737 969 quia
1754 930 1798 959 sic
1815 939 1928 960 omnes
1944 931 2068 970 culpae,
2093 938 2394 974 quantumcumque
2415 944 2536 975 graves,

1478 979 1636 1013 quantum
1659 974 1699 1004 ad
1722 979 1845 1004 reatum
1868 984 1993 1014 poenae
2016 984 2073 1014 per
2094 976 2203 1015 ignem
2233 979 2455 1018 purgatorium
2485 989 2537 1010 ex-

1437 1030 1464 1045 ιο
1478 1019 1605 1058 piantur
1616 1019 1642 1048 ἦ
1664 1019 1749 1058 Ergo
1766 1019 1899 1049 venialia
1915 1025 2072 1059 quantum
2088 1020 2127 1050 ad
2147 1021 2275 1061 culpam
2290 1029 2466 1062 purgantur
2480 1033 2537 1064 per

1476 1063 1585 1103 ignem
1608 1063 1839 1102 purgatorium.

1485 1140 1488 1143 Δ
1535 1116 1563 1137 2.
1587 1107 1787 1143 PRAETEREA,
1812 1107 1824 1137 Ι
1847 1107 1923 1137 Cor.
1941 1117 1974 1137 111
1990 1109 2024 1142 ³,
2048 1117 2105 1148 per
2128 1109 2270 1149 lignum,
2286 1111 2405 1151 fenum
2429 1117 2461 1142 et
2482 1112 2537 1142 sti—

423 1164 444 1184 n
469 1163 609 1184 ommim
641 1163 687 1183 src
716 1162 921 1183 rnocanrrun.
953 1151 1089 1182 Videtur
1119 1151 1208 1191 quod
1237 1152 1362 1181 animae
1389 1151 1422 1181 in
1471 1151 1595 1191 pulam,
1612 1157 1647 1181 ut
1667 1151 1788 1181 dictum
1805 1157 1852 1182 est
1867 1152 1894 1186 ⁴⁶,
1911 1152 2045 1182 venialia
2068 1153 2297 1192 intelliguntur.
2323 1155 2386 1185 Sed
2401 1155 2535 1195 lignum,

360 1166 609 1238 Apurgatorio
625 1207 682 1238 per
705 1196 879 1227 daemones
902 1197 1086 1236 puniantur.
1114 1196 1209 1234 Quia,
1226 1196 1308 1225 sicut
1330 1195 1420 1231 infra,
1477 1191 1588 1225 fenum
1613 1201 1644 1226 et
1667 1196 1783 1235 stipula
1812 1205 1869 1235 per
1891 1197 2112 1236 purgatorium
2142 1205 2378 1229 consumuntur
2393 1200 2419 1229 ὓ.
2450 1201 2536 1241 Ergo

359 1242 429 1273 dist.
443 1253 535 1281 nm
543 1243 570 1279 *,
587 1241 664 1272 dicit
688 1242 846 1281 Magister,
872 1241 946 1272 illos
968 1240 1084 1271 habent
1106 1245 1246 1270 tortores
1262 1240 1295 1269 in
1306 1240 1423 1280 poenis
1437 1251 1460 1271 ²5
1477 1240 1564 1279 ipsae
1586 1240 1725 1270 veniales
1749 1240 1862 1279 culpae
1885 1245 1960 1280 post
1982 1241 2064 1271 hanc
2087 1242 2185 1272 vitam
2209 1243 2421 1274 remittuntur.

357 1281 644 1328 quosViabuerunt
667 1286 849 1316 incentores
875 1285 907 1315 in
933 1285 1038 1325 culpa.
1063 1284 1126 1315 Sed
1150 1284 1322 1314 daemones
1344 1284 1422 1314 inci-
1530 1285 1719 1315 Raspoxnsso
1747 1294 1906 1314 mmmmm
1930 1285 2018 1324 quod
2042 1285 2173 1325 quidam
2194 1286 2340 1318 dixerunt
2355 1288 2446 1328 quod
2463 1294 2537 1329 post

356 1337 424 1362 tant
446 1331 486 1362 ad
509 1331 638 1371 culpam
654 1340 722 1361 non
738 1330 845 1366 solum
867 1329 1047 1364 mortalem,
1064 1328 1119 1359 sed
1141 1329 1236 1359 etiam
1252 1328 1420 1364 venialem,
1476 1328 1559 1359 hanc
1582 1329 1679 1358 vitam
1701 1338 1770 1358 non
1794 1328 1960 1359 dimittitur
1983 1329 2114 1369 aliquod
2137 1336 2306 1370 peccatum
2330 1333 2438 1371 quoad
2469 1333 2537 1363 cul-

415 975 456 1006 Et
478 983 536 1015 per
558 975 621 1005 hoc
641 979 732 1015 ,patet
755 974 873 1005 solutio
898 973 937 1004 ad
961 973 1096 1003 obiecta.

403 1046 502 1078 ΛΒΤ.
523 1047 562 1077 V.
587 1056 691 1077 UTRUM
715 1056 831 1076 ANIMAE
855 1056 887 1076 m
911 1055 1110 1076 PURGATomo
1134 1056 1191 1075 PER
1214 1055 1378 1075 DAEMONES

803 1100 978 1120 PUNIANTUR

306 1380 307 1384 ’
358 1375 487 1416 quando
504 1375 591 1405 aliud
613 1384 682 1405 non
705 1380 849 1414 possunt.
874 1374 960 1413 Ergo
985 1374 1079 1403 etiam
1104 1373 1137 1402 in
1152 1373 1338 1413 purgatorio
1361 1372 1422 1413 ipsi
1476 1382 1561 1412 pam.
1586 1372 1626 1403 Et
1649 1373 1675 1403 si
1699 1382 1774 1403 cum
1796 1373 1923 1403 mortali
1946 1374 2042 1413 culpa
2065 1375 2136 1414 quis
2152 1374 2293 1411 decedat,
2311 1376 2488 1413 damnatur,
2505 1382 2537 1407 et

116 1559 131 1572 ·
143 1558 183 1582 10⁶
193 1564 244 1588 etp.
258 1565 275 1587 ι,
289 1565 315 1582 ιι.

356 1420 478 1450 animas
500 1429 560 1460 pro
584 1419 722 1459 peccatis
744 1418 920 1448 venialibus
943 1418 1150 1457 torquebunt.
1398 1433 1400 1436 ·
1476 1417 1671 1447 remissionis
1696 1427 1794 1457 capax
1818 1427 1884 1447 non
1909 1423 1965 1447 est.
1998 1418 2072 1448 Non
2097 1424 2204 1449 autem
2227 1425 2334 1459 potest
2357 1430 2424 1451 esse
2447 1421 2536 1461 quod

413 1473 444 1494 2.
467 1464 664 1499 Palmum,
688 1463 835 1503 purgatio
860 1473 878 1492 a
900 1462 1039 1502 peccatis
1062 1462 1217 1502 competit
1232 1461 1322 1491 iustis
1338 1466 1370 1491 et
1388 1460 1420 1491 in
1438 1472 1463 1490 ιο
1477 1471 1552 1492 cum
1575 1461 1691 1492 veniali
1715 1461 1847 1492 decedat
1870 1463 1937 1492 sine
1960 1462 2102 1493 mortali:
2128 1464 2204 1502 quia
2226 1464 2295 1503 ipsa
2317 1466 2414 1504 gratia
2433 1465 2536 1495 finalis

357 1509 417 1539 hac
439 1508 504 1538 vita
527 1513 559 1538 et
581 1513 656 1548 post
678 1507 761 1539 hanc
784 1507 892 1537 vit-am.
923 1505 987 1536 Sed
1009 1506 1043 1536 in
1066 1506 1126 1536 hac
1155 1506 1219 1536 vita
1246 1510 1422 1545 purgantur
1476 1506 1605 1546 culpam
1620 1512 1735 1546 purgat
1750 1506 1917 1536 venialem.
1942 1506 2074 1537 Veniale
2091 1508 2181 1537 eninr
2193 1514 2360 1548 peccatum
2381 1510 2537 1549 contingit

357 1561 414 1593 per
435 1561 558 1592 poenas
582 1562 600 1582 a
624 1547 753 1582 diabolo
777 1550 927 1581 inflictas:
952 1550 1034 1580 sicut
1049 1555 1135 1590 patet
1151 1549 1190 1580 de
1211 1549 1267 1580 Iob
1283 1550 1310 1579 ἦ
1335 1549 1420 1589 Ergo
1476 1560 1514 1580 ex
1537 1551 1600 1580 hoc
1625 1550 1714 1590 quod
1739 1551 1868 1590 aliquis,
1894 1550 2057 1582 Christum
2081 1551 2201 1582 habens
2224 1553 2258 1582 in
2282 1552 2492 1584 fundamento
2508 1555 2534 1589 ἡ

357 1597 453 1628 etiam
476 1602 550 1637 post
571 1597 654 1627 hanc
668 1596 775 1626 ‚vitam
797 1596 972 1636 punientur
988 1604 1006 1624 a
1022 1594 1234 1625 daemonibus
1254 1593 1419 1634 purgandi.
1474 1595 1569 1625 nimis
1593 1595 1725 1635 aliquod
1747 1595 1924 1634 temporale
1948 1594 2057 1635 diligit.
2083 1595 2149 1633 Qui
2173 1596 2305 1636 quidem
2329 1607 2475 1628 excessus
2498 1607 2535 1628 ex

411 1641 474 1672 San
499 1650 632 1676 con-raa,
656 1640 812 1670 iniustum
835 1645 883 1670 est
906 1644 940 1669 ut
963 1639 1019 1678 qui
1043 1637 1083 1669 de
1107 1639 1215 1678 aliquo
1244 1638 1420 1678 triumpha—
1475 1639 1755 1679 concupiscentiae
1790 1640 1998 1678 corruptione
2032 1640 2197 1680 contingit.
2233 1641 2326 1671 Unde
2340 1665 2347 1677 ‚
2379 1642 2404 1671 si
2438 1642 2536 1682 gratia

355 1685 410 1721 vit,
435 1685 465 1716 ei
487 1685 672 1715 subiiciatur
695 1690 769 1724 post
791 1684 1001 1723 triumphum.
1034 1682 1097 1713 Sed
1127 1683 1173 1712 illi
1202 1683 1258 1722 qui
1288 1688 1363 1712 sunt
1385 1682 1419 1712 in
1436 1693 1457 1712 ³5
1475 1684 1610 1714 omnino
1646 1684 1926 1723 concupiscentiae
1961 1684 2201 1723 corruptionem
2235 1686 2357 1721 vincat,
2389 1686 2471 1716 sicut
2504 1687 2536 1716 in

354 1730 552 1770 purgatorio,
577 1728 616 1760 de
640 1727 851 1762 daemonibus
875 1727 1169 1767 triumphaverunt,
1193 1727 1261 1756 sine
1285 1732 1419 1767 peccato
1474 1727 1571 1758 Beata
1594 1728 1724 1767 Virgine
1748 1727 1808 1757 fuit
1824 1729 1850 1763 *,
1877 1737 1944 1757 non
1968 1733 2076 1758 manet
2098 1728 2211 1768 aliquis
2233 1729 2325 1759 locus
2348 1730 2473 1760 veniali.
2497 1730 2538 1760 Et

354 1773 482 1807 mortali
505 1773 706 1805 decedentes.
739 1773 825 1813 Ergo
857 1782 925 1802 non
957 1770 1166 1802 subiicientur
1196 1771 1240 1801 eis
1264 1770 1420 1811 puniendi·
1473 1772 1526 1808 ita,
1552 1781 1627 1802 cum
1650 1773 1683 1802 in
1706 1778 1810 1802 morte
1835 1772 1969 1802 omnino
1994 1772 2190 1802 diminuatur
2213 1778 2244 1802 et
2267 1774 2460 1805 annihiletur
2479 1775 2537 1804 ista

355 1827 413 1858 per
436 1827 502 1849 eos.
1474 1817 1746 1856 concupiscentia,
1759 1816 1924 1856 potentiae
1940 1817 2064 1847 animae
2081 1817 2219 1847 totaliter
2233 1818 2350 1857 gratiae
2363 1819 2537 1849 subiiciun-

410 1862 600 1893 Rusponnno
624 1871 785 1892 DICENDUM
809 1860 909 1901 quod,
929 1861 1012 1891 sicut
1034 1865 1109 1901 post
1132 1859 1218 1890 diem
1241 1858 1350 1890 iudicii
1373 1858 1419 1889 di-
1474 1866 1534 1896 tur,
1559 1866 1591 1891 et
1613 1860 1736 1891 veniale
1761 1860 1937 1900 expellitur.

274 1920 279 1928 ι
315 1919 317 1922 ’
354 1907 430 1937 vina
451 1907 571 1938 iustitia
593 1905 767 1938 succendet
789 1906 898 1945 ignem
921 1914 988 1945 quo
1014 1904 1154 1935 damnati
1177 1905 1210 1934 in
1226 1909 1419 1944 perpetuum
1433 1913 1460 1932 4⁰
1529 1904 1592 1936 Sed
1615 1905 1694 1935 haec
1718 1905 1830 1944 opinio
1854 1904 1967 1934 fn'vola
1991 1910 2038 1934 est
2061 1910 2092 1935 et
2114 1905 2147 1935 in
2171 1915 2214 1941 se,
2240 1911 2271 1936 et
2293 1907 2327 1936 in
2351 1916 2446 1936 causa
2469 1916 2535 1936 sua.

114 2441 200 2464 ·Loc.
215 2440 255 2463 cit.

111 2487 130 2509 f
135 2485 194 2509 Gen.
199 2491 250 2514 etp.
255 2491 330 2512 xxxii,

115 2517 204 2562 'Sn'l'h-
218 2542 330 2562 eet-xvnr.

121 2977 134 2987 ·
147 2975 215 2998 vern.
230 2975 265 2998 ιδ.

121 3018 133 3028 ·
146 3015 249 3040 xnoerun.

124 3283 136 3293 ·
144 3281 239 3309 οιαιος.
246 3280 288 3302 nb.
296 3280 339 3308 1v,

125 3314 178 3335 cap.
191 3313 271 3330 nux.

126 3371 138 3382 ·
151 3369 219 3392 vm.
233 3375 254 3398 3.

355 1951 541 1992 punientur,
565 1951 609 1981 ita
633 1951 728 1981 etiam
751 1960 840 1981 nunc
863 1949 931 1979 sola
954 1949 1072 1980 iustitia
1095 1948 1202 1979 divina
1225 1948 1317 1978 electi
1346 1953 1426 1988 post·
1474 1948 1510 1979 111
1533 1959 1566 1979 se
1591 1948 1732 1989 quidem,
1757 1950 1832 1989 quia
1855 1948 1947 1979 dictis
1970 1948 2161 1979 Sanctorum
2186 1955 2217 1979 et
2239 1950 2404 1990 Evangelii
2427 1951 2536 1981 adver-

355 1996 439 2026 hanc
462 1996 560 2026 vitam
584 2000 776 2036 purgantur:
800 2004 868 2025 non
891 1994 1067 2024 ministerio
1099 1992 1312 2028 daemonum,
1337 2001 1419 2032 quo·
1473 1999 1569 2024 satur.
1593 1993 1686 2032 Quae
1709 2003 1777 2024 non
1800 1998 1936 2033 possunt
1955 1994 2074 2033 exponi
2097 1993 2136 2024 de
2159 1994 2347 2025 remissione
2362 1995 2535 2025 venialium

355 2049 428 2070 rum
451 2041 588 2070 victores
621 2040 807 2075 extiterunt;
838 2048 899 2069 nec
929 2038 1106 2069 ministerio
1135 2037 1338 2081 angelorum,
1363 2038 1419 2076 qui
1474 2044 1632 2078 quantum
1656 2038 1695 2068 ad
1717 2047 1868 2078 poenam,
1893 2043 1929 2067 ut
1952 2037 2102 2077 Magister
2124 2038 2157 2067 in
2180 2039 2282 2069 littera
2298 2040 2314 2056 θ’
2338 2039 2429 2069 dicit:
2462 2041 2537 2079 quia

357 2085 442 2116 cives
471 2094 548 2115 suos
575 2093 643 2114 non
673 2090 739 2114 tam
768 2084 974 2114 vehementer
1001 2082 1184 2122 affligerent.
1220 2081 1283 2112 Sed
1312 2087 1419 2111 tamen
1474 2084 1519 2112 sic
1542 2090 1607 2113 tam
1630 2083 1712 2113 levia
1736 2092 1832 2122 quam
1856 2083 1962 2122 gravia
1985 2082 2017 2112 in
2041 2082 2150 2113 futuro
2167 2082 2386 2120 dimittuntur;
2413 2083 2536 2124 Grego-

356 2129 507 2169 possibile
536 2134 583 2159 est
613 2127 703 2168 quod
732 2137 788 2158 eos
818 2127 858 2159 ad
885 2127 957 2157 loca
979 2136 1159 2167 poenarum
1182 2125 1351 2156 deducant.
1378 2126 1420 2156 Et
1433 2134 1457 2154 45
1473 2128 1538 2157 rius
1568 2133 1675 2157 autem
1699 2127 1784 2157 leves
1808 2127 1917 2167 culpas
1950 2131 2074 2156 tantum
2097 2132 2172 2167 post
2194 2127 2277 2158 hanc
2300 2129 2397 2158 vitam
2420 2129 2536 2158 remitti

357 2173 452 2204 etiam
476 2173 537 2213 ipsi
561 2172 745 2208 daemones,
769 2173 826 2212 qui
850 2171 889 2203 de
912 2172 1026 2211 poenis
1050 2171 1221 2201 hominum
1252 2170 1418 2206 laetantur,
1473 2172 1618 2212 perhibet
1634 2173 1660 2202 ⁴⁶.
1686 2190 1706 2193 —
1729 2172 1797 2202 Nec
1820 2171 1936 2201 sufficit
1959 2171 2048 2210 quod
2072 2171 2199 2207 dicunt,
2225 2172 2314 2212 quod
2337 2173 2400 2202 hoc
2424 2172 2538 2202 dicitur

343 2227 413 2248 .eos
437 2218 631 2248 comitantur
651 2222 683 2248 et
703 2217 852 2247 assistunt
874 2215 1064 2256 purgandis:
1090 2221 1159 2246 tum
1182 2221 1219 2246 ut
1242 2214 1282 2245 de
1306 2224 1418 2245 eorum
1473 2216 1651 2256 specialiter
1674 2215 1713 2246 de
1737 2216 1869 2251 levibus,
1894 2225 1934 2245 ne
1958 2220 2088 2255 putetur
2110 2215 2189 2246 nihil
2212 2226 2305 2256 grave
2330 2226 2388 2257 pro
2413 2217 2457 2246 eis
2477 2227 2537 2247 nos

356 2262 470 2302 poenis
493 2262 661 2298 satientur;
689 2266 759 2292 tum
790 2266 826 2292 ut
848 2261 882 2290 in
912 2269 1025 2290 eorum
1049 2261 1136 2290 exitu
1163 2269 1181 2290 a
1205 2268 1340 2299 corpore
1364 2259 1419 2290 ali·
1473 2270 1638 2301 passuros:
1664 2261 1739 2300 quia
1762 2261 1906 2291 remissio
1939 2269 2065 2300 poenae
2096 2261 2198 2300 magis
2228 2260 2330 2291 aufert
2352 2262 2536 2300 gravitatem

357 2305 435 2346 quid
458 2315 554 2343 suum
577 2306 622 2336 ibi
644 2306 811 2346 reperiant.
1473 2315 1653 2346 poenarum
1677 2315 1774 2345 quam
1798 2310 1908 2344 ponat.

412 2350 448 2380 In
471 2349 535 2380 hoc
558 2355 666 2380 autem
682 2350 822 2385 saeculo,
839 2348 970 2389 quando
987 2348 1090 2379 adhuc
1107 2348 1198 2378 locus
1214 2357 1341 2388 pugnae
1361 2353 1418 2384 est,
1434 2361 1460 2381 ςο
1529 2349 1695 2387 Quantum
1720 2349 1759 2380 ad
1783 2359 1910 2380 causam
1941 2354 2048 2379 autem
2071 2348 2185 2379 frivola
2207 2355 2353 2389 apparet,
2379 2350 2454 2389 quia
2484 2349 2538 2380 de-

356 2395 535 2435 puniuntur
558 2395 706 2425 homines
730 2399 761 2425 et
784 2404 802 2424 a
824 2393 915 2424 malis
938 2393 1068 2433 angelis,
1091 2393 1173 2423 sicut
1197 2393 1236 2422 ab
1263 2393 1418 2428 hostibus,
1475 2394 1577 2425 fectus
1601 2394 1793 2434 corporalis,
1819 2394 1921 2434 qualis
1946 2399 1992 2423 est
2015 2394 2047 2424 in
2072 2393 2186 2423 ultimo
2210 2394 2310 2430 vitae,
2334 2403 2403 2424 non
2436 2394 2538 2424 aufert

356 2444 393 2469 ut
415 2444 503 2479 patet
526 2438 566 2470 de
582 2439 639 2469 Iob
655 2440 688 2475 *;
713 2444 745 2469 et
768 2449 785 2468 a
809 2438 912 2474 bonis,
929 2438 1012 2468 sicut
1035 2442 1123 2478 patet
1142 2437 1181 2467 de
1205 2437 1311 2473 Iacob,
1328 2437 1420 2467 cuius
1475 2439 1755 2479 concupiscentiae
1787 2438 2028 2478 corruptionem
2060 2437 2110 2468 vel
2141 2437 2290 2468 diminuit
2318 2443 2475 2477 quantum
2499 2437 2538 2468 ad

356 2493 473 2514 nervus
501 2482 650 2519 femoris,
675 2483 789 2523 angelo
820 2483 1034 2523 percutiente,
1059 2482 1213 2512 emarcuit
1228 2482 1254 2512 *.
1287 2482 1328 2512 Et
1357 2482 1420 2512 hoc
1474 2483 1624 2519 radicem,
1641 2483 1698 2514 sed
1720 2488 1878 2523 quantum
1894 2482 1934 2512 ad
1949 2487 2072 2512 actum:
2098 2482 2180 2513 sicut
2202 2488 2289 2522 patet
2305 2483 2400 2512 etiam
2416 2482 2455 2513 de
2478 2482 2538 2512 illis

356 2528 454 2558 etiam
477 2537 623 2567 expresse
647 2526 822 2568 Dionysius
839 2526 924 2563 dicit,
941 2527 975 2557 in
991 2537 1022 2556 1v
1046 2536 1115 2566 cap.
1132 2526 1171 2557 de
1186 2526 1260 2557 Diu.
1277 2526 1372 2556 Nom.
1393 2527 1419 2562 *,
1476 2528 1531 2568 qui
1555 2528 1690 2568 graviter
1712 2527 1924 2558 infirmantur.
1948 2526 2016 2557 Nec
2039 2527 2155 2557 iterum
2179 2527 2361 2567 tranquillat
2380 2527 2538 2566 potentias

358 2571 448 2612 quod
470 2572 549 2602 boni
572 2572 675 2612 angeli
699 2571 860 2602 interdum
882 2572 1032 2611 puniunt.
1436 2583 1459 2603 55
1476 2572 1610 2607 animae,
1628 2577 1664 2602 ut
1680 2581 1732 2602 eas
1747 2572 1864 2611 gratiae
1880 2571 2041 2602 subiiciat:
2067 2571 2141 2610 quia
2156 2571 2366 2611 tranquillitas
2381 2571 2539 2611 potentia-

413 2616 455 2646 Et
477 2625 534 2656 per
556 2616 620 2646 hoc
644 2621 731 2656 patet
753 2616 872 2646 solutio
897 2615 937 2646 ad
960 2616 1095 2646 obiecta.
1475 2626 1558 2652 rum,
1575 2622 1607 2647 et
1629 2617 1786 2647 subiectio
1803 2625 1913 2646 earum
1936 2615 1976 2646 ad
1998 2616 2140 2655 gratiam,
2158 2621 2204 2645 est
2221 2615 2351 2655 quando
2373 2614 2539 2645 inferiores

1475 2661 1557 2692 vires
1581 2660 1737 2691 obediunt
1759 2661 1993 2700 superioribus,
2018 2669 2100 2699 quae
2131 2660 2197 2700 legi
2225 2660 2289 2690 Dei
2315 2659 2538 2689 condelectan-

433 2699 534 2730 ΛΒΤ·
550 2699 604 2730 VI·
629 2709 733 2729 UTRUM
755 2709 814 2729 PER
836 2709 962 2730 ΡΟΕΝΑΜ
984 2709 1175 2730 PURGATORII
1197 2708 1348 2729 EXPIETUR
1477 2710 1531 2736 tur
1547 2706 1580 2741 *;
1605 2704 1695 2745 quod
1717 2705 1751 2734 in
1774 2710 1857 2734 statu
1880 2704 1936 2734 illo
1960 2713 2028 2734 esse
2043 2713 2110 2733 non
2127 2709 2242 2743 potest,
2260 2713 2334 2733 cum
2351 2709 2439 2733 actus
2454 2708 2538 2734 utra-

591 2753 754 2774 PECCATUM
776 2753 909 2774 VENIALE
933 2753 1041 2774 GUOAD
1066 2753 1187 2774 CUI-PAM
1476 2759 1614 2789 rumque
1629 2748 1839 2789 impediatur;
1855 2766 1878 2770 -
1892 2749 1953 2778 nisi
1968 2747 2177 2787 tranquillitas
2192 2747 2314 2777 dicatur
2328 2747 2463 2787 privatio
2479 2756 2539 2786 pu-

398 2792 431 2814 ¹V
445 2792 523 2832 57¹0
536 2792 589 2814 ὼ(-
605 2798 652 2818 ’‘V'’
667 2797 706 2820 ‘1¹¹-
724 2798 748 2818 ¹¹,
763 2795 797 2839 2¹1²
805 2797 858 2839 spa,
867 2792 900 2839 ,ξ’
914 2791 1080 2845 ἓξρςζᾞωά·
1101 2791 1193 2818 mot„
1208 2797 1259 2819 ⁶³9·
1275 2797 1380 2816 &¹¹⁸³
1437 2803 1464 2823 6ο
1477 2803 1558 2834 gnae
1569 2817 1577 2830 ,
1601 2794 1683 2824 sicut
1714 2794 1748 2823 in
1779 2792 2011 2823 dormientibus
2034 2791 2157 2822 accidit.
2181 2791 2249 2821 Nec
2272 2797 2380 2821 tamen
2409 2796 2539 2831 propter

883 2833 899 2845 ⁰
959 2833 965 2840 '
1015 2834 1020 2839 ⁸
1477 2839 1541 2868 hoc
1564 2847 1697 2868 somnus
1720 2836 1835 2867 dicitur
1858 2836 2152 2876 concupiscentiam
2176 2835 2363 2871 diminuere,
2388 2840 2443 2865 aut
2457 2835 2539 2865 vires

425 2893 446 2913 Ι)
470 2893 589 2914 saxi-tm
622 2893 667 2913 sic
698 2892 902 2913 rizocnm‘run.
926 2882 1061 2913 Videtur
1084 2883 1173 2924 quod
1196 2893 1254 2924 per
1282 2893 1423 2923 poenam
1478 2883 1603 2912 animae
1626 2881 1840 2921 tranquillare,
1865 2886 1919 2910 aut
1943 2890 1994 2910 eas
2017 2880 2133 2920 gratiae
2157 2879 2301 2909 subdere.

363 2897 601 2968 Apurgatorii
624 2937 691 2957 non
716 2927 860 2966 expietur
883 2932 1052 2966 peccatum
1076 2927 1199 2958 veniale
1226 2927 1334 2968 quoad
1357 2928 1423 2958 cul-
1533 2926 1574 2956 Et
1597 2931 1768 2965 praeterea,
1785 2924 1859 2955 dato
1877 2924 1966 2964 quod
1989 2924 2284 2964 concupiscentiam
2300 2923 2474 2953 radicaliter
2493 2922 2539 2952 di-

361 2981 446 3012 pam.
471 2972 556 3010 Quia
579 2981 674 3012 super
697 2971 776 3002 illud
799 2971 916 3001 IIoan.
932 2981 952 3002 v
968 2972 994 3007 ’ἢ
1018 2971 1077 3002 Est
1094 2977 1262 3012 peccatum
1279 2971 1322 3002 ad
1337 2981 1424 3002 mor·
1478 2970 1637 3000 minueret
1668 2969 1811 2999 defectus
1833 2969 1886 2998 ille
1918 2974 1949 2998 et
1977 2969 2057 2998 vires
2080 2968 2204 2998 animae
2235 2967 2383 2997 subderet
2412 2967 2538 3006 gratiae,

363 3021 424 3046 tem
448 3021 519 3052 etc.,
544 3015 620 3046 dicit
643 3015 758 3046 Glossa
774 3016 806 3045 *z
835 3015 932 3052 Quod
955 3015 987 3045 in
1010 3015 1071 3046 hac
1094 3016 1160 3046 vita
1188 3026 1253 3046 non
1283 3016 1424 3057 corrigi-
1438 3024 1462 3048 ες
1479 3014 1583 3044 adhuc
1606 3014 1669 3043 hoc
1692 3023 1760 3043 non
1783 3012 1942 3043 sufficeret
1965 3012 2005 3042 ad
2028 3013 2251 3052 purgationem
2275 3011 2388 3051 culpae
2408 3011 2539 3041 venialis

363 3064 426 3096 tur,
442 3061 578 3102 frustra
596 3065 673 3100 post
688 3065 823 3090 mortem
839 3060 908 3090 eius
924 3059 1017 3089 venia
1027 3060 1226 3100 postulatur.
1250 3060 1336 3100 Ergo
1352 3060 1424 3090 nul-
1478 3059 1542 3088 iam
1566 3058 1765 3093 commissae,
1791 3057 1935 3097 quamvis
1959 3056 2116 3087 sufficeret
2140 3056 2179 3086 ad
2194 3056 2381 3086 vitationem
2398 3054 2539 3085 futurae:

362 3103 433 3134 lum
455 3110 624 3144 peccatum
648 3110 722 3144 post
744 3104 825 3134 hanc
850 3105 947 3134 vitam
971 3103 1079 3143 quoad
1103 3104 1231 3144 culpam
1246 3104 1422 3134 dimittitur.
1479 3103 1554 3142 quia
1584 3102 1678 3141 culpa
1708 3101 1855 3135 actualis,
1881 3101 1975 3131 etiam
2006 3100 2154 3136 venialis,
2178 3109 2245 3130 non
2276 3099 2443 3130 dimittitur
2473 3099 2540 3129 sine

420 3157 450 3178 2.
474 3148 669 3185 Pmrmuza,
694 3148 838 3179 eiusdem
862 3154 908 3178 est
931 3148 994 3178 labi
1017 3149 1050 3178 in
1073 3154 1252 3188 peccatum,
1270 3153 1300 3178 et
1316 3158 1334 3177 a
1347 3148 1424 3187 'pec—
1478 3146 1593 3176 actuali
1617 3146 1816 3175 contritionis
1833 3150 1935 3181 motu,
1952 3150 1988 3175 ut
2008 3154 2112 3185 supra,
2130 3144 2199 3174 dist.
2216 3154 2279 3174 xvn
2295 3145 2322 3179 *,
2340 3143 2461 3174 dictum
2485 3149 2540 3178 est,

364 3196 435 3222 cato
459 3191 592 3222 liberari.
617 3192 680 3223 Sed
702 3193 808 3223 anima
831 3198 904 3233 post
926 3198 1064 3222 mortem
1087 3202 1155 3222 non
1171 3197 1276 3232 potest
1291 3201 1423 3232 peccare
1478 3196 1778 3231 quantumcumque
1802 3189 2002 3219 habitualiter
2023 3188 2214 3218 intendatur.
2244 3187 2411 3227 Contingit
2435 3192 2542 3218 autem

364 3235 536 3266 venialiter.
560 3236 646 3276 Ergo
668 3246 729 3267 nec
753 3247 770 3267 a
794 3242 927 3277 peccato
950 3236 1066 3267 veniali
1090 3236 1220 3266 absolvi.
1437 3249 1464 3270 70
1478 3234 1675 3275 quandoque
1699 3233 1788 3274 quod
1811 3233 1924 3273 aliquis
1948 3233 2110 3263 dormiens
2133 3233 2281 3268 moritur,
2302 3232 2335 3262 in
2358 3233 2455 3272 gratia
2479 3231 2543 3262 exi-

422 3279 452 3309 3.
476 3279 672 3317 Pm'mna,
697 3280 870 3321 Gregorius
894 3281 970 3311 dicit
985 3282 1002 3316 ἦ*
1026 3280 1115 3321 quod
1144 3281 1213 3310 talis
1241 3281 1273 3310 in
1304 3279 1423 3310 iudicio
1478 3285 1573 3314 stens,
1591 3279 1647 3318 qui
1671 3287 1746 3308 cum
1762 3278 1877 3308 veniali
1893 3277 2002 3317 aliquo
2019 3276 2230 3307 obdormivit:
2256 3282 2287 3306 et
2302 3276 2371 3306 talis
2387 3285 2454 3306 non
2470 3281 2543 3315 pot-

365 3323 503 3363 quisque
535 3322 660 3354 futurus
691 3330 755 3360 est,
779 3325 881 3366 qualis
914 3325 952 3356 de
984 3335 1119 3365 corpore
1150 3325 1261 3355 exivit:
1288 3325 1363 3364 quia
1386 3325 1424 3354 li-
1479 3329 1525 3354 est
1553 3328 1660 3353 actum
1691 3322 1891 3353 contritionis
1914 3322 2030 3352 habere
2054 3321 2093 3351 de
2116 3321 2232 3351 veniali
2254 3326 2326 3350 ante
2350 3326 2498 3350 mortem.
2521 3338 2544 3342 —

365 3376 467 3407 gnum
491 3366 544 3397 ubi
568 3367 726 3404 ceciderit,
744 3369 786 3399 ibi
801 3370 872 3405 erit,
888 3369 994 3400 Eccle.
1012 3366 1043 3399 xi
1059 3371 1086 3399 *.
1110 3369 1143 3400 Si
1167 3378 1242 3409 ergo
1258 3368 1371 3409 aliquis
1387 3378 1424 3399 ex
1478 3368 1553 3398 Non
1569 3371 1676 3407 potest
1692 3366 1764 3402 dici,
1781 3371 1816 3396 ut
1840 3365 1960 3402 dicunt,
1981 3365 2081 3406 quod,
2098 3366 2124 3395 si
2146 3374 2214 3395 non
2230 3364 2389 3404 poenituit
2405 3370 2477 3394 actu
2493 3363 2543 3393 vel

366 3410 426 3440 hac
441 3410 505 3440 vita
520 3412 583 3441 exit
606 3420 682 3441 cum
703 3412 829 3448 veniali,
845 3414 879 3443 in
902 3413 1022 3444 iudicio
1048 3423 1122 3444 cum
1146 3413 1261 3443 veniali
1285 3413 1352 3443 erit.
1385 3413 1426 3442 Et
1479 3412 1658 3452 proposito,
1675 3411 1708 3441 in
1724 3410 1863 3451 generali
1879 3411 1929 3441 vel
1945 3410 2082 3450 speciali,
2101 3409 2189 3449 quod
2213 3410 2252 3439 sit
2266 3418 2393 3439 versum
2409 3409 2442 3438 in
2458 3418 2544 3438 mor-

366 3454 410 3484 ita
432 3455 724 3507 penpurgatorium
746 3465 814 3486 non
838 3457 980 3497 expiat-ur
1003 3458 1117 3498 aliquis
1142 3468 1159 3487 a
1183 3457 1277 3498 culpa
1300 3457 1424 3487 veniali.
1441 3470 1463 3490 75
1480 3456 1556 3492 tale,
1581 3461 1712 3496 propter
1734 3456 1797 3485 hoc
1821 3454 1910 3495 quod
1933 3455 2057 3485 veniale
2070 3454 2117 3495 fit
2134 3454 2272 3484 mortale
2295 3453 2370 3483 dum
2388 3453 2528 3493 placet*
2536 3462 2542 3481 ε

2567 194 2577 202 ·
2583 192 2700 218 Distavn,
2708 199 2746 220 qu.
2753 199 2781 220 ιι,

2566 222 2607 240 art.
2627 224 2654 243 2,
2669 220 2713 247 qu¹
2731 226 2751 247 3.
2768 231 2778 236 -

2565 245 2684 300 ξιιιῐρςίεηι.
2699 252 2737 273 qu.
2753 252 2778 272 ιι,

2566 368 2574 377 ·
2588 365 2625 387 De
2636 365 2695 389 fide
2706 366 2774 389 Orth.

2565 392 2604 414 lib.
2618 391 2652 420 11,
2667 399 2718 420 cap.
2733 399 2764 415 w.

2565 587 2574 596 ·
2583 585 2629 612 Qu.
2643 591 2666 612 u,
2678 591 2718 607 art.
2735 591 2754 613 3.
2766 595 2778 601 -

2565 612 2599 634 Cf.
2615 612 2657 633 1⁸¹²
2672 612 2726 637 11⁸²,
2737 618 2775 640 qu.

2565 644 2657 665 cxxxix,
2672 643 2714 660 art.
2729 645 2748 667 3.

2595 673 2660 695 vers.
2674 674 2699 696 18
2714 680 2765 701 sqq.

2566 806 2575 815 ·
2590 804 2646 832 Cap.
2661 811 2739 828 xxxix.

2566 850 2576 860 ·
2587 849 2642 877 Cap.
2653 856 2682 871 iv.
2695 862 2703 866 -
2714 851 2775 872 Inter

2566 875 2628 903 opp.
2643 877 2703 904 Aug.

2563 1022 2707 1071 kefifissssc‘p‘
2723 1027 2775 1051 '‘¹'’

2564 1121 2575 1131 ·
2589 1119 2656 1142 Vei-s.
2673 1126 2703 1142 12.

2564 1163 2574 1172 ·
2583 1161 2643 1183 Dist.
2654 1168 2702 1188 xxi,
2713 1168 2751 1189 qu.
2761 1167 2775 1187 ι,

2563 1192 2654 1235 ’Τμῆι
2668 1188 2714 1236 1¹2:

2563 1214 2655 1278 ξιιξιι,
2670 1221 2747 1272 arts‘g
2768 1231 2773 1236 ο

2563 1267 2716 1322 xalfstan-3300.
2726 1271 2774 1293 cit„

2564 1549 2774 1571 ‘Cf.ibid.vers.12.

2565 1734 2572 1743 '
2590 1732 2626 1754 Cf.
2645 1732 2676 1753 111
2693 1732 2774 1759 Sent.,

2565 1759 2618 1780 dist.
2635 1765 2677 1785 ιιι,
2695 1765 2734 1786 qu.
2750 1765 2772 1785 ι,

2564 1787 2725 1833 ἓῗὲι.2ἰῐῗ““
2748 1792 2775 1833 ³11³.

2564 1845 2635 1863 xxvn,
2650 1842 2691 1860 art.
2702 1819 2749 1867 y3.q

2564 2040 2574 2050 ·
2589 2039 2646 2060 Dist.
2657 2045 2708 2065 xxi,
2725 2044 2774 2066 cap.

2563 2065 2612 2087 Sed
2617 2065 2696 2094 sorte.

2564 2175 2574 2184 ⁶
2598 2173 2634 2195 Cf.
2658 2180 2707 2201 arg.
2729 2172 2778 2194 Sed

2564 2202 2650 2222 contra
2667 2207 2686 2222 ι.

2566 2705 2575 2714 ·
2585 2703 2623 2724 Aa
2636 2703 2708 2728 Rom,
2725 2707 2775 2729 cap.

2566 2736 2607 2757 vu,
2622 2735 2680 2751 vers.
2695 2734 2729 2750 υ.

2570 3144 2579 3153 ·
2594 3142 2641 3169 Qu.
2658 3148 2686 3167 ιι,
2701 3145 2743 3162 art.
2758 3147 2778 3165 2,

2569 3169 2613 3196 qu‘
2618 3175 2653 3197 3.—
2659 3168 2778 3196 Supplem.

2570 3202 2608 3223 qu.
2626 3201 2652 3220 n,
2662 3198 2704 3216 art.
2718 3201 2738 3222 3.

2570 3318 2581 3327 ·
2611 3316 2689 3337 Gloss.
2723 3315 2779 3345 Qrd.

2572 3348 2635 3364 nom.
2655 3343 2715 3368 Aug.
2734 3347 2756 3362 ιιι
2771 3342 2780 3362 1

2571 3367 2781 3423 fi‘sssse’zlfflafiss

2572 3421 2782 3474 &mma
