2918 4088
181 3373 191 3383 α
207 3373 230 3394 Ῑι

182 3402 224 3421 8η.

168 1129 178 1137 ·
187 1126 206 1148 11
213 1126 319 1147 Machab.
326 1131 376 1152 cap.

167 1159 197 1179 ix,
214 1159 240 1174 ve
358 1167 363 1173 .

242 1159 271 1174 rs.
287 1158 297 1180 5
313 1158 355 1180 sqq

241 3373 250 3394 1

242 3407 249 3421 ι

170 2447 180 2457 ·
194 2445 261 2467 vers.
276 2452 313 2472 ⁴4·

251 3373 294 3399 1⁴¹0,
305 3378 344 3400 qu.
355 3378 392 3400 cx,

413 201 486 237 308

1056 195 1318 243 QUAEsrlo
1347 194 1557 240 Lxxxvl,
1587 191 1880 229 ARTlcULUS
1908 191 1938 228 11

409 280 529 315 homo
557 284 758 327 peccatum
777 277 889 312 vellet
917 275 1043 322 deleri,
1073 274 1180 324 quod
1208 275 1313 310 Deus
1342 272 1466 309 delere
1519 271 1588 307 lius
1610 271 1756 319 peccati
1783 275 1820 305 ut
1848 269 2074 318 deprecandi
2089 269 2330 306 humilitatem
2357 270 2482 305 subire
2510 281 2584 305 non

409 343 489 368 non
517 332 638 367 vellet.
669 352 694 356 -
723 329 915 375 Secundo,
945 328 1035 377 quia
1063 329 1140 364 hoc
1167 327 1365 374 derogaret
1393 324 1466 360 vir·
1514 324 1640 372 possit,
1670 321 1819 367 scilicet,
1849 321 1894 357 de
1910 321 2043 369 facili:
2070 321 2286 358 secundum
2314 321 2422 370 quod
2450 321 2587 358 dicitur

408 384 477 421 tuti
504 382 691 433 passionis
721 381 869 429 Christi,
898 393 968 431 per
986 393 1106 430 quam
1124 378 1356 436 poenitentia
1376 388 1466 425 ope-

409 445 521 484 ratur,
551 436 646 473 sicut
674 443 710 472 et
738 443 861 472 cetera
880 440 1133 471 sacramenta:
1164 443 1254 468 cum
1283 437 1463 478 scriptum

408 490 465 536 sit,
494 491 508 526 I
532 491 635 526 Ioan.
657 501 678 525 11
703 488 737 524 *ς
772 490 857 537 Ipse
884 493 934 523 est
960 487 1173 536 propitiatio
1208 496 1279 532 pro
1309 483 1467 532 peccatis

408 544 561 580 nostris:
589 554 662 579 non
682 542 800 578 solum
821 542 962 585 nostris,
991 539 1056 575 sed
1073 540 1181 574 etiam
1200 538 1306 573 totius
1324 534 1464 571 mundi.

461 595 572 633 Unde
610 593 829 643 simpliciter
863 592 1072 629 dicendum
1109 597 1164 626 est
1206 588 1312 637 quod
1349 599 1466 624 omne

407 655 608 698 peccatum
645 647 684 684 in
713 647 785 683 hac
812 645 888 682 vita
924 656 993 693 per
1019 641 1321 692 poenitentiam‘
1350 639 1466 676 deleri

407 708 543 750 potest.

460 755 516 790 AD
537 765 670 790 PRIMUM
695 764 792 789 ERGO
812 762 992 788 DICENDUM
1017 748 1123 797 quod
1153 748 1256 783 Esau
1276 757 1356 782 non
1375 757 1465 782 vere

406 805 604 855 poenituit.
635 805 753 852 Quod
789 811 890 853 patet
924 814 970 838 ex
1005 802 1080 837 hoc
1114 799 1220 848 quod
1249 798 1361 835 dixit:
1400 800 1465 835 Ve-

407 861 506 895 nient
533 858 608 895 dies
634 859 750 894 luctus
765 858 885 906 patris
903 856 986 901 mei,
1007 860 1040 890 et
1059 853 1225 890 occidam
1244 853 1360 888 Iacob
1378 852 1466 900 fra-

339 927 379 946 νυ,
406 918 500 948 trem
529 923 652 947 meum
672 910 701 946 ²⁸.

461 964 639 1001 Similiter
666 963 778 999 etiarn
809 973 880 998 nec
907 959 1120 997 Antiochus
1148 970 1238 995 vere
1265 956 1464 1007 poenituit.

406 1017 569 1054 Dolebat
606 1015 709 1052 enim
745 1015 792 1051 de
826 1015 938 1062 culpa
972 1011 1174 1062 praeterita
1201 1023 1282 1048 non
1309 1019 1467 1060 propter

406 1070 594 1106 offensam
623 1068 706 1113 Dei,
736 1067 802 1104 sed
830 1074 987 1116 propter
1006 1064 1267 1102 infirmitatem
1287 1075 1466 1113 corpora-

404 1124 481 1158 lem
509 1133 628 1170 quam
655 1120 870 1169 patiebatur
887 1119 918 1156 ³³⁶.

456 1175 512 1211 AD
532 1185 721 1211 SECUNDUM
739 1185 921 1210 DICENDUM
940 1171 1047 1221 quod
1076 1170 1170 1207 illud
1193 1170 1359 1207 verbum
1388 1171 1466 1207 Au·

403 1226 542 1275 gustini
570 1226 622 1263 sic
650 1234 705 1263 est
732 1225 1036 1274 intelligendum:
1071 1226 1192 1261 Tanta
1220 1229 1271 1260 est
1298 1223 1398 1260 labes
1426 1224 1467 1260 il-

456 1340 476 1375 ι)
490 1341 695 1373 poenitentiam.
712 1354 732 1358 —
750 1347 839 1365 veram
859 1339 930 1364 addit
948 1339 1022 1364 tertia
1041 1344 1143 1371 praeter
1162 1339 1184 1364 b.

1519 375 1580 412 ille
1617 387 1698 411 non
1725 386 1840 423 posse
1872 374 1998 411 sanari
2035 373 2102 423 qui
2140 386 2219 410 non
2253 381 2378 423 potest
2413 374 2461 411 de
2489 373 2587 411 facili

1520 427 1655 465 sanari.
1696 428 1824 464 Potest
1851 433 1982 463 tamen
2010 427 2088 463 hoc
2114 426 2199 463 fieri
2225 438 2295 475 per
2322 426 2504 463 virtutem
2531 426 2586 463 di-

1519 480 1633 518 vinae
1661 479 1820 527 gratiae,
1857 491 1958 528 quae
1986 479 2101 516 etiam
2134 479 2329 516 interdum
2365 481 2403 516 in
2426 480 2587 529 profun-

1520 534 1608 570 dum
1636 534 1753 570 maris
1780 533 1969 578 convertit,
1998 539 2041 568 ut
2068 531 2206 568 dicitur
2233 531 2273 568 in
2301 533 2456 569 Psalmo
2474 532 2505 569 *.

1573 587 1630 623 AD
1662 597 1822 623 TERTIUM
1853 597 2035 622 Diei-:NDUM
2068 585 2176 634 quod
2210 584 2304 622 illud
2339 586 2494 623 verbum
2526 586 2589 622 vel

1519 639 1747 688 blasphemia
1765 638 1785 660 '¹‘
1813 645 1945 690 contra
1965 636 2147 686 Spiritum
2171 638 2357 675 Sanctum
2385 645 2441 674 est
2463 637 2588 674 finalis

1519 690 1827 741 impoenitentia,
1862 699 1904 728 ut
1937 690 2175 739 Augustinus
2196 690 2316 737 dicit,
2351 689 2390 727 in
2418 690 2516 727 libro
2544 690 2590 727 de

1527 746 1655 782 Verbis
1681 745 1839 782 Domini
1855 743 1894 781 *z
1925 756 2025 793 quae
2053 743 2206 793 penitus
2234 742 2502 780 irremissibilis
2521 751 2587 790 est,

1520 798 1612 848 quia
1648 805 1735 847 post
1767 797 1889 834 finem
1924 797 2040 834 huius
2068 797 2168 834 vitae
2206 808 2286 833 non
2321 804 2377 833 est
2413 795 2588 834 remissio

1519 858 1780 900 peccatorum.

1562 903 1660 951 Vel,
1691 903 1721 941 si
1749 903 1976 952 intelligatur
2010 916 2080 954 per
2106 903 2390 953 blasphemiam
2425 901 2589 953 Spiritus

1521 957 1649 995 Sancti
1677 965 1881 1006 peccatum
1916 957 2024 1006 quod
2051 956 2095 994 fit
2132 969 2179 994 ex
2207 964 2309 994 certa
2336 955 2498 1003 malitia,
2527 957 2590 993 vel

1520 1010 1636 1048 etiam
1655 1010 1739 1060 ipsa
1756 1009 1997 1060 blasphemia
2017 1009 2179 1060 Spiritus
2195 1009 2335 1057 Sancti,
2352 1008 2490 1046 dicitur
2508 1021 2590 1046 non

1521 1063 1676 1111 remitti,
1713 1062 1853 1100 scilicet
1880 1063 1925 1100 de
1941 1063 2072 1111 sacili,
2109 1062 2202 1112 quia
2228 1064 2301 1100 tale
2320 1069 2336 1085 κ
2365 1074 2446 1099 non
2473 1062 2590 1100 habet

1522 1116 1561 1153 in
1590 1129 1630 1153 se
1659 1128 1817 1153 causam
1837 1115 2111 1162 excusationis3
2140 1117 2203 1152 vel
2221 1115 2313 1165 quia
2330 1127 2402 1166 pro
2421 1115 2485 1153 tali
2503 1126 2590 1165 pec-

1522 1177 1606 1206 cato
1634 1169 1794 1218 punitur
1822 1169 1959 1218 aliquis
1987 1176 2023 1206 et
2051 1168 2091 1205 in
2119 1169 2195 1206 hoc
2218 1170 2372 1206 saeculo
2401 1176 2438 1206 et
2465 1168 2505 1205 in
2532 1169 2590 1206 fu-

1520 1230 1623 1268 turo;
1653 1230 1695 1259 ut
1723 1221 1762 1259 in
1791 1222 1971 1259 Secunda
1999 1223 2109 1259 Parte
2129 1221 2149 1244 ’¹‘
2177 1221 2396 1271 expositum
2423 1229 2490 1259 est.

1577 1338 1603 1372 κ)
1622 1338 1684 1363 tale.
1701 1351 1721 1356 —-
1739 1338 1801 1363 talis
1820 1337 1848 1369 F,
1868 1337 1922 1362 tale
1938 1340 2076 1369 peccatum
2095 1337 2179 1361 tertia.

1168 1486 1491 1528 ARTICULUS
1520 1484 1823 1527 SECUNDUS

872 1590 1030 1621 UTRUM
1054 1590 1150 1621 SINE
1173 1589 1474 1620 POENITENTIA
1496 1587 1741 1619 PECCATUM
1763 1587 1949 1618 REMITTI
1971 1586 2121 1618 PosslT

1045 1670 1120 1699 Infra.
1140 1677 1184 1702 qu.
1204 1677 1313 1700 nxxvu,
1332 1674 1380 1695 art.
1401 1675 1424 1699 1;
1444 1668 1478 1693 IV
1497 1669 1581 1698 Sent„
1601 1668 1659 1693 dist.
1677 1676 1728 1698 xiv,
1747 1676 1792 1701 qu.
1810 1675 1839 1699 11,
1859 1673 1905 1693 art.
1926 1667 1951 1693 5.

445 1788 451 1795 ,
518 1771 574 1803 ,uf-5
616 1765 638 1789 D
653 1763 842 1789 SECUNDUM
857 1763 908 1788 su:
927 1762 1162 1788 PROCEDITUR.
1182 1749 1342 1787 Videtur
1361 1748 1468 1798 quod

618 1804 698 1842 sine
713 1804 949 1854 poenitentia
966 1811 1170 1853 peccatum
1184 1802 1323 1839 remitti
1337 1802 1467 1852 possit.

443 1893 448 1907 x
470 1874 545 1905 *¹74

464 1886 560 1946 ἐξ)
576 1902 768 1948 &adultos
797 1922 916 1959 quam
942 1909 1042 1947 circa
1059 1921 1213 1958 pueros
1244 1909 1320 1946 Sed
1339 1908 1469 1958 pueris

406 1970 562 2012 peccata
589 1963 741 2000 dimittit
768 1963 849 2000 sine
877 1962 1121 2012 poenitentia.
1159 1963 1260 2010 Ergo
1290 1961 1405 1998 etiam
1433 1969 1469 1998 et

407 2015 556 2052 adultis.

461 2080 494 2105 2.
525 2070 755 2116 PRAETEREA,
776 2070 878 2106 Deus
896 2071 1065 2107 virtutem
1092 2081 1199 2105 suam
1226 2070 1469 2104 sacramentis

324 2139 352 2154 en
371 2149 378 2159 ,
407 2134 480 2158 non
501 2122 668 2172 alligavit
686 2122 716 2158 ³¹⁶.
748 2122 825 2159 Sed
846 2121 1080 2171 poenitentia
1108 2129 1163 2157 est
1191 2121 1391 2170 quoddam
1411 2133 1468 2157 sa—

406 2182 657 2212 cramentum.
687 2176 788 2222 Ergo
807 2174 945 2212 virtute
966 2174 1096 2211 divina
1123 2181 1286 2223 possunt
1312 2181 1469 2223 peccata

406 2227 487 2264 sine
515 2227 749 2276 poenitentia
777 2227 924 2264 dimitti.

461 2280 494 2316 3.
515 2282 747 2328 PRAETEREA‚
768 2280 892 2317 maior
906 2288 961 2317 est
980 2280 1242 2317 misericordia
1257 2280 1329 2317 Dei
1349 2292 1469 2330 quam

406 2333 667 2371 misericordia
701 2333 880 2371 hominis.
925 2333 1002 2371 Sed
1035 2335 1156 2370 homo
1190 2333 1384 2371 interdum
1412 2345 1469 2369 re-

407 2386 517 2423 mittit
545 2387 735 2424 offensam
763 2399 875 2424 suam
903 2387 1053 2424 homini
1085 2387 1198 2424 etiam
1228 2399 1308 2424 non
1335 2386 1470 2436 poeni-

407 2439 518 2476 tenti:
548 2440 652 2477 unde
681 2447 717 2476 et
736 2439 816 2489 ipse
836 2440 1029 2477 Dominus
1049 2440 1219 2487 mandat,
1239 2440 1375 2477 Matth.
1391 2452 1415 2476 v
1429 2439 1468 2476 *z

407 2493 561 2542 Diligite
588 2495 756 2530 inimicos
783 2499 940 2530 vestros:
975 2494 1181 2541 benefacite
1214 2494 1269 2530 his
1297 2495 1361 2542 qui
1386 2493 1470 2530 ode-

409 2551 495 2582 runt
521 2558 596 2584 vos.
627 2547 728 2594 Ergo
757 2547 878 2583 multo
907 2546 1027 2594 magis
1053 2547 1159 2583 Deus
1181 2546 1332 2583 dimittit
1351 2546 1470 2584 offen-

409 2611 492 2635 sam
520 2611 628 2635 suam
660 2598 883 2636 hominibus
910 2611 990 2636 non
1018 2599 1313 2648 poenitentibus.

464 2652 537 2688 SED
570 2663 715 2689 CONTRA
748 2664 813 2689 EST
842 2653 949 2701 quod
981 2652 1174 2690 Dominus
1206 2652 1306 2700 dicit,
1335 2653 1468 2690 Ierem.

409 2704 545 2740 xvn1*:
582 2706 623 2742 Si
648 2706 914 2754 poenitentiam
951 2708 1068 2755 egerit
1101 2717 1195 2756 gens
1223 2706 1287 2743 illa
1319 2718 1343 2742 a
1370 2706 1471 2743 malo

410 2757 509 2807 quod
530 2758 629 2803 fecit,
650 2769 765 2807 agam
785 2764 818 2794 et
836 2770 907 2808 ego
921 2761 1187 2808 poenitentiam
1206 2772 1230 2796 a
1249 2759 1349 2796 malo
1374 2759 1474 2808 quod

410 2812 572 2859 cogitavi
598 2816 635 2847 ut
652 2812 826 2859 facerem
854 2813 897 2848 ei.
929 2812 977 2848 Et
999 2811 1053 2848 sic
1071 2824 1092 2848 e
1112 2824 1300 2849 converso
1320 2811 1472 2849 videtur

411 2863 528 2912 quod,
549 2863 579 2899 si
598 2864 719 2900 homo
738 2864 1012 2912 poenitentiam
1031 2877 1110 2902 non
1126 2873 1220 2913 agat,
1237 2865 1346 2914 quod
1364 2866 1471 2903 Deus

412 2916 446 2952 ei
473 2928 553 2952 non
581 2916 743 2953 remittat
771 2917 971 2955 offensam.

464 2970 687 3006 Responzo
706 2982 886 3008 chizNDUM
906 2971 1013 3019 quod
1041 2971 1277 3020 impossibile
1300 2978 1356 3008 est
1383 2983 1471 3020 pec-

413 3029 541 3058 catum
568 3023 713 3059 actuale
741 3025 900 3060 mortale
937 3023 1017 3060 sine
1050 3024 1284 3073 poenitentia
1311 3024 1470 3071 remitti,

413 3074 607 3122 loquendo
640 3075 688 3112 de
715 3075 948 3124 poenitentia
982 3089 1082 3126 quae
1111 3085 1167 3114 est
1193 3077 1324 3114 virtus.
1370 3077 1472 3115 Cum

415 3126 519 3162 enim
546 3135 746 3176 peccatum
774 3128 819 3165 sit
846 3129 918 3166 Dei
947 3130 1111 3177 offensa,
1142 3142 1188 3167 eo
1217 3130 1336 3167 modo
1366 3131 1472 3167 Deus

415 3186 614 3226 peccatum
649 3180 800 3218 remittit
836 3194 915 3230 quo
950 3182 1103 3219 remittit
1138 3183 1328 3220 offensam
1365 3183 1404 3219 in
1433 3195 1472 3220 se

417 3231 674 3268 commissam.
719 3234 878 3270 Offensa
914 3242 1041 3272 autem
1086 3235 1226 3272 directe
1264 3235 1474 3284 opponitur

417 3283 575 3330 gratiae:
614 3296 660 3320 ex
693 3286 768 3321 hoc
796 3286 899 3323 enirn
932 3287 1068 3324 dicitur
1095 3288 1230 3336 aliquis
1259 3288 1362 3325 alteri
1391 3300 1472 3324 esse

419 3335 600 3381 offensus,
630 3337 736 3384 quod
764 3339 907 3386 repellit
935 3352 1025 3376 eum
1054 3352 1076 3376 a
1103 3340 1220 3388 gratia
1247 3353 1327 3377 sua.
1368 3341 1474 3378 Sicut

420 3395 548 3424 autem
577 3389 750 3426 habitum
779 3398 834 3426 est
861 3390 900 3427 in
929 3392 1107 3429 Secunda
1135 3394 1244 3429 Parte
1263 3393 1294 3440 ²¹⁴,
1324 3394 1400 3430 hoc
1418 3393 1473 3429 in-

475 3503 502 3538 α)
521 3504 589 3530 boni.
607 3519 626 3523 -
643 3505 728 3529 omnis
747 3505 807 3530 boni
824 3505 844 3529 F
862 3511 887 3530 et
906 3507 986 3531 tertia.

1522 1756 1635 1786 terest
1662 1748 1759 1786 inter
1777 1747 1934 1797 gratiam
1956 1747 2028 1785 Dei
2047 1755 2084 1784 et
2101 1747 2261 1796 gratiam
2281 1745 2464 1795 hominis,
2484 1746 2591 1797 quod

1523 1802 1641 1850 gratia
1668 1801 1838 1839 hominis
1866 1813 1947 1838 non
1975 1809 2118 1847 causat,
2139 1801 2207 1837 sed
2225 1798 2506 1850 praesupponit
2522 1799 2592 1837 bo·

1523 1855 1693 1900 nitatem,
1709 1867 1843 1892 veram
1861 1855 1932 1899 vel,
1943 1861 2206 1903 apparentem,
2227 1853 2267 1891 in
2285 1852 2447 1891 homine
2464 1861 2591 1902 grato:

1524 1909 1592 1945 sed
1617 1907 1735 1956 gratia
1753 1907 1826 1944 Dei
1853 1915 1984 1944 causat
2002 1907 2214 1944 bonitatem
2233 1906 2273 1943 in
2293 1906 2453 1944 homine
2472 1914 2592 1955 grato,

1524 1973 1571 1998 eo
1607 1961 1714 2010 quod
1749 1961 1854 1998 bona
1880 1962 2060 1998 voluntas
2095 1960 2187 2007 Dei,
2223 1972 2324 2009 quae
2358 1959 2398 1997 in
2433 1959 2594 1997 nomine

1522 2014 1662 2062 gratiae
1681 2013 1911 2061 intelligitur,
1941 2021 1996 2050 est
2023 2025 2140 2050 causa
2163 2013 2258 2050 boni
2278 2018 2295 2034 ²
2323 2013 2450 2051 creati.
2479 2012 2594 2050 Unde

1523 2074 1648 2116 potest
1675 2066 1895 2114 contingere
1923 2067 2031 2116 quod
2059 2067 2181 2103 homo
2210 2065 2375 2103 remittat
2402 2065 2594 2105 offensam

1524 2132 1603 2169 qua
1631 2120 1803 2156 offensus
1831 2127 1887 2156 est
1914 2119 2047 2166 alicui,
2084 2119 2231 2168 absque
2260 2118 2390 2168 aliqua
2416 2118 2594 2157 immuta-

1522 2173 1626 2210 tione
1654 2172 1862 2210 voluntatis
1891 2172 1993 2209 eius:
2024 2184 2105 2209 non
2133 2180 2265 2210 autem
2292 2179 2418 2222 potest
2445 2171 2593 2213 ooittin·

1524 2239 1611 2275 gere
1640 2226 1749 2275 quod
1776 2226 1883 2263 Deus
1912 2225 2076 2263 remittat
2095 2225 2287 2263 offensam
2305 2225 2419 2263 alicui
2446 2225 2593 2274 absque

1523 2279 1792 2317 immutatione
1820 2278 2027 2316 voluntatis
2046 2278 2140 2316 eius.
2175 2279 2337 2316 Offensa
2355 2286 2486 2316 autem
2505 2290 2593 2328 pec-

1524 2332 1597 2370 cati
1624 2332 1795 2370 mortalis
1823 2331 1997 2381 procedit
2024 2344 2071 2369 ex
2095 2333 2172 2369 hoc
2197 2332 2305 2381 quod
2324 2332 2505 2369 voluntas
2524 2332 2592 2370 ho-

1525 2385 1639 2423 minis
1676 2393 1732 2422 est
1766 2397 1900 2423 aversa
1932 2398 1970 2426 a,
1987 2386 2072 2422 Deo
2109 2397 2180 2434 per
2210 2384 2507 2422 conversionem
2544 2385 2594 2423 ad

1525 2439 1684 2489 aliquod
1720 2439 1871 2476 bonum
1906 2437 2193 2475 commutabile.
2236 2437 2350 2476 Unde
2387 2436 2595 2487 requiritur

1525 2493 1575 2530 ad
1603 2491 1872 2529 remissionem
1901 2491 2054 2528 divinae
2078 2491 2250 2528 offensae
2278 2491 2387 2540 quod
2414 2492 2594 2531 voluntas

1524 2545 1694 2583 hominis
1736 2544 1789 2582 sic
1830 2544 2057 2582 immutetur
2103 2545 2210 2594 quod
2255 2551 2502 2582 convertatur
2543 2544 2595 2583 ad

1524 2599 1666 2646 Deum,
1696 2610 1788 2635 cum
1808 2597 2056 2635 detestatione
2084 2597 2300 2647 praedictae
2329 2597 2594 2636 conversionis

1525 2659 1561 2688 et
1588 2651 1788 2701 proposito
1818 2651 2018 2688 emendae.
2054 2651 2175 2698 Quod
2206 2650 2370 2700 pertinet
2397 2651 2448 2688 ad
2479 2650 2593 2693 ratio-

1524 2717 1617 2742 nem
1644 2703 1901 2753 poenitentiae
1930 2704 2148 2742 secundum
2176 2704 2285 2754 quod
2309 2711 2364 2745 est
2382 2703 2515 2742 virtus.
2545 2705 2595 2742 Et

1526 2758 1614 2795 ideo
1647 2757 1883 2807 impossibile
1917 2765 1973 2794 est
2004 2758 2112 2806 quod
2149 2764 2353 2806 peccatum
2390 2757 2503 2795 alicui
2535 2769 2593 2797 re-

1525 2811 1696 2848 mittatur
1737 2811 1818 2848 sine
1859 2810 2096 2860 poenitentia
2136 2810 2354 2848 secundum
2393 2810 2501 2860 quod
2538 2817 2595 2849 est

1525 2864 1658 2902 virtus.

1579 2918 1874 2955 Sacramentum
1893 2924 2023 2954 autem
2041 2916 2310 2966 poenitentiae,
2331 2915 2428 2954 sicut
2446 2915 2593 2965 supra*

1526 2970 1672 3007 dictum
1701 2978 1767 3016 est,
1795 2969 1999 3019 perficitur,
2019 2982 2089 3019 per
2115 2969 2290 3007 officium
2317 2969 2524 3007 sacerdotis
2551 2969 2592 3006 li-

1526 3023 1647 3072 gantis
1675 3030 1711 3059 et
1739 3023 1931 3060 solventis.
1962 3022 2054 3060 Sine
2073 3034 2153 3071 quo
2180 3029 2306 3071 potest
2324 3022 2431 3059 Deus
2458 3033 2592 3071 pecca·

1525 3084 1606 3113 tum
1625 3076 1830 3113 remittere:
1852 3075 1948 3113 sicut
1967 3074 2111 3112 remisit
2126 3073 2300 3112 Christus
2315 3074 2467 3112 mulieri
2485 3075 2592 3112 adul-

1526 3137 1640 3176 terae,
1670 3136 1712 3166 ut
1740 3128 1874 3177 legitur
1901 3130 2005 3166 Ioan.
2027 3127 2132 3174 vl11*,
2162 3135 2199 3164 et
2225 3127 2441 3176 peccatrici,
2471 3135 2514 3165 ut
2540 3129 2591 3165 le-

1526 3182 1625 3230 gitur
1651 3183 1746 3219 Luc.
1767 3194 1813 3219 vu
1832 3181 1862 3218 *.
1892 3181 2046 3228 Quibus
2073 3187 2203 3218 tamen
2231 3192 2312 3217 non
2333 3180 2477 3218 remisit
2503 3193 2592 3230 pec-

1527 3242 1610 3272 cata
1637 3234 1718 3271 sine
1747 3234 1885 3271 virtute
1913 3232 2189 3282 poenitentiae:
2233 3245 2342 3279 nam,
2372 3233 2469 3271 sicut
2497 3234 2592 3272 Gre-

1527 3287 1656 3335 gorius
1690 3287 1796 3334 dicit,
1826 3286 1865 3323 in
1894 3286 2064 3323 Homilia
2082 3285 2120 3330 ⁹⁸,
2151 3298 2224 3335 per
2250 3288 2415 3335 gratiam
2444 3289 2559 3324 traxit
2577 3286 2602 3318 β’

1529 3342 1635 3385 intus,
1665 3339 1803 3376 scilicet
1831 3339 1879 3376 ad
1907 3338 2194 3387 poenitentiam,
2224 3352 2335 3389 quam
2358 3352 2431 3389 per
2450 3342 2592 3378 miseri-

1529 3393 1696 3429 cordiam
1723 3393 1879 3441 suscepit
1895 3393 2009 3439 soris.

1585 3507 1610 3541 β)
1629 3508 1726 3533 traxit.
1744 3522 1763 3526 -
1781 3507 1866 3532 trahit
1884 3507 1982 3533 BCDE.

2614 539 2625 550 ·
2638 538 2675 560 Ρε.
2686 544 2757 565 nvn,
2768 544 2828 561 vers.

2614 570 2648 593 23.

2615 644 2626 655 ⁶
2641 643 2676 665 cf.
2693 643 2737 665 loc,
2753 643 2792 666 cit.
2805 643 2828 666 in

2615 675 2673 697 arg„
2687 675 2748 692 veru.
2763 676 2797 698 3¹·

2615 752 2626 763 ·
2645 751 2721 773 serm.
2742 750 2830 778 LXXI,

2615 777 2682 800 nhde
2689 777 2828 800 Verb.Dmu.

2615 804 2719 852 {lif-²
2726 810 2769 831 ιιι,
2779 810 2829 831 xm,

2617 1199 2628 1209 ·
2636 1198 2671 1220 11·
2676 1198 2731 1226 11¹⁸.
2737 1204 2778 1227 qu.
2783 1204 2832 1226 xlv,

2618 1228 2661 1247 ιη.
2675 1231 2696 1254 3.

2619 2918 2835 2946 ‘Qumxumm-

2621 2951 2641 2970 ι,
2655 2944 2685 2966 ιὰ
2698 2950 2725 2971 ²3
2741 2948 2785 2967 ιη.
2798 2950 2819 2974 3.

2619 3137 2630 3146 ·
2644 3134 2712 3158 ven.
2729 3142 2761 3158 n.

2620 3188 2630 3199 ·
2643 3187 2712 3210 Vero.
2727 3193 2766 3215 47,
2779 3187 2819 3215 48.

2619 3290 2630 3300 ·
2643 3288 2716 3311 Hom.
2734 3287 2835 3311 xxxm
2878 3303 2880 3305 -

2656 3314 2752 3378 Ὗ
