2878 4088
62 407 275 430 ·c=.1.meric

63 437 118 456 tuae
148 435 251 456 ratemit
259 451 274 462 .,

61 461 275 509 ἦόιςῠῗιαεειιηιριίο-

960 193 1224 241 QUAESTIO
1253 192 1367 239 LXII,
1397 191 1690 228 ARTICULUS
1719 191 1834 236 1V‚V

355 276 397 307 Et
420 281 591 316 praeterea,
608 276 635 305 si
658 274 698 305 de
714 274 798 305 facto
814 275 886 314 ipso
902 284 970 304 non
994 279 1128 309 constat,
1145 277 1281 313 possunt
1301 280 1369 302 esse

300 321 460 350 violentae
475 320 674 360 suspiciones
693 319 921 355 fornicationis,
939 319 1056 358 quibus
1076 318 1227 357 probatis,
1244 315 1369 347 videtur

301 364 470 395 fornicatio
494 365 627 404 probata
651 373 735 394 esse:
760 370 797 394 ut
819 363 845 393 si
866 363 1045 393 inveniatur
1073 362 1163 392 solus
1186 371 1258 391 cum
1277 361 1367 396 sola,

300 409 388 439 horis
412 414 443 439 et
466 409 546 439 locis
562 409 727 448 suspectis,
745 414 776 438 et
800 407 906 438 nudus
929 416 1001 437 cum
1025 406 1113 436 nuda
1129 407 1156 436 *.

355 453 406 483 An
425 463 565 483 omNTtm
580 462 739 482 nicanum
755 451 845 492 quod
856 452 987 481 maritus
1003 455 1110 490 potest
1125 458 1272 480 accusare
1288 458 1368 479 uxo-

300 506 369 527 rem
393 497 432 527 de
455 497 611 527 adulterio
629 496 807 536 dupliciter.
832 496 907 526 Uno
931 494 1044 531 modo,
1060 494 1100 525 ad
1115 494 1177 524 tori
1196 493 1368 533 separatio-

300 551 387 577 nem,
404 551 513 572 coram
529 541 636 572 iudice
651 540 815 581 spirituali.
840 540 881 570 Et
896 545 974 570 tunc
996 539 1161 578 inscriptio
1185 537 1280 568 debet
1299 536 1368 567 fieri

300 587 369 616 sine
392 586 588 626 obligatione
605 585 645 615 ad
667 586 773 625 legem
788 584 934 614 talionis:
959 584 1035 623 quia
1057 583 1103 613 sic
1118 583 1166 612 vir
1189 590 1368 621 conseque-

299 636 386 660 retur
401 631 561 661 intentum
577 639 683 665 suum,
700 634 736 659 ut
758 629 874 669 probat
889 628 1040 658 obiectio.
1056 645 1080 649 -
1102 626 1177 656 Alio
1200 625 1312 661 modo,
1329 624 1370 655 ad

2418 203 2488 239 127

1423 271 1465 301 Et
1488 270 1533 300 sic
1557 269 1597 300 ad
1619 270 1774 310 aequalia,
1791 270 1847 300 sed
1869 280 1937 300 non
1961 281 1999 301 ex
2023 271 2147 311 aequali
2171 281 2275 307 causa,
2298 272 2488 311 obligantur.

1423 315 1492 345 Nec
1507 319 1615 344 tamen
1630 314 1763 344 iniuste:
1784 314 1860 353 quia
1881 315 1914 344 in
1938 320 2077 354 utroque
2094 321 2140 345 est
2156 325 2252 346 causa
2266 315 2426 346 sufficiens
2449 316 2490 346 ad

1422 360 1506 390 hanc
1529 367 1686 398 poenam;
1711 359 1794 388 sicut
1817 363 1864 388 est
1887 359 1982 388 etiam
2006 358 2046 389 de
2069 359 2195 389 duobus
2220 360 2276 399 qui
2299 359 2490 390 damnantur

1423 403 1463 434 ad
1486 402 1630 433 eiusdem
1652 403 1765 432 mortis
1787 411 1945 442 poenam,
1972 403 2116 442 quamvis
2140 404 2219 433 alius
2243 404 2341 434 altero
2365 405 2490 444 gravius

1423 448 1612 488 peccaverit.

1479 492 1528 521 Au
1548 501 1666 521 ramim
1681 500 1765 521 meo
1793 500 1954 520 mmmmm
1970 490 2060 530 quod
2082 491 2253 530 repudium
2275 501 2343 522 non
2359 493 2489 532 permit-

1422 537 1548 567 tebatur
1569 536 1630 565 nisi
1654 534 1694 565 ad
1721 534 1905 565 evitandum
1926 533 2138 565 homicidium
2153 536 2180 565 *ἢ
2205 535 2246 565 Et
2262 537 2337 575 quia
2358 537 2392 566 in
2415 538 2489 567 viris

1422 581 1524 620 magis
1554 585 1619 610 erat
1642 579 1683 610 de
1705 579 1768 610 hoc
1798 579 1979 619 periculum
2009 588 2107 618 quam
2129 579 2163 609 in
2186 579 2390 616 mulieribus,
2414 581 2488 611 ideo

1423 626 1492 655 viro
1515 624 1757 664 permittebatur
1785 622 1943 654 dimittere
1974 632 2124 659 uxorem,
2147 633 2215 653 non
2239 629 2347 654 autem
2371 634 2387 654 e
2412 634 2489 655 con-

2516 546 2588 594 ;Γξζί.6
2593 552 2631 574 qu.
2651 553 2713 568 ιινιι
2721 563 2728 573 ,

300 675 506 715 punitionem
538 674 678 705 criminis
701 674 735 704 in
758 672 878 703 iudicio
903 671 1065 702 saeculari.
1101 670 1142 700 Et
1169 670 1213 700 sic
1241 674 1370 709 oportet
1384 681 1410 696 ιο
1423 678 1527 704 verso,
1543 677 1601 708 per
1623 668 1729 708 legem
1751 667 1887 708 repudii.

301 719 392 759 quod
415 719 584 759 praecedat
610 717 776 757 inscriptio
806 726 864 756 per
887 725 985 756 quam
1009 714 1050 745 ad
1071 723 1213 755 poenam
1242 714 1369 744 talionis
1477 713 1530 742 An
1554 722 1716 742 secuuntur
1739 722 1778 741 m·
1801 721 1937 742 TERTIUM
1959 721 2120 741 mmmmm
2144 710 2233 751 quod
2256 712 2394 742 rationes
2417 712 2490 743 illae

301 773 335 794 se
359 763 479 803 obliget
505 764 531 794 si
553 764 587 793 in
610 762 802 803 probatione
824 759 959 791 deficiat.
1424 756 1605 796 procedunt
1635 755 1814 786 secundum
1845 755 1935 795 quod
1965 755 1999 785 in
2030 756 2270 795 comparatione
2298 756 2338 786 ad
2367 757 2491 787 bonum

59 807 229 857 siffifc‘*
245 809 275 831 de
355 808 407 838 An
424 817 543 838 snrrtm
557 815 718 837 mmmmm
733 804 834 845 quod,
851 804 933 834 sicut
951 802 1116 834 decretalis
1131 803 1148 819 ἕ
1167 801 1252 837 dicit,
1269 802 1369 832 tribus
1424 801 1523 841 prolis
1545 801 1649 830 maior
1664 800 1704 830 sit
1727 809 1822 830 causa
1846 799 1974 830 divortii
1996 801 2030 830 in
2053 809 2154 830 uxore
2177 799 2320 830 adultera
2343 809 2441 840 quarn
2456 801 2489 831 in

299 851 406 882 modis
428 853 463 882 in
478 852 664 882 criminibus
685 848 819 890 procedi
834 853 950 888 potest.
973 847 1093 882 Primo,
1103 856 1168 886 per
1190 846 1370 886 inquisitio·
1424 846 1504 875 viro.
1529 845 1606 874 Non
1627 850 1736 874 tamen
1759 845 1903 884 sequitur
1926 844 2016 884 quod
2037 853 2106 874 non
2129 843 2309 875 iudicentur
2331 844 2371 874 ad
2393 846 2490 885 paria,

301 903 394 927 nem:
417 905 515 936 quam
531 895 625 926 debet
639 892 829 934 praecedere
850 892 994 922 clamosa
1017 891 1205 926 insinuatio,
1223 900 1306 930 quae
1321 891 1370 921 lo·
1386 901 1408 921 15
1424 894 1461 920 ut
1483 899 1522 919 ex
1545 889 1636 919 dictis
1652 890 1669 906 ⁴*
1692 894 1789 929 patet.

301 950 377 971 cum
391 940 603 970 accusationis
617 943 715 969 tenet.
740 936 902 972 Secundo,
914 946 977 976 per
991 935 1231 966 accusationem
1243 943 1254 965 .·
1272 945 1370 975 quam
1479 934 1530 964 An
1548 943 1696 963 omarum
1710 943 1871 963 memnon
1888 932 1988 973 quod,
2005 934 2151 973 quamvis
2169 933 2216 963 vir
2239 934 2279 963 sit
2301 939 2398 974 caput
2419 943 2492 964 mu-

300 984 395 1015 debet
417 983 608 1024 praecedere
631 981 809 1022 inscriptio.
838 981 950 1011 Tertio
960 1004 967 1016 ,
985 990 1049 1020 per
1071 979 1370 1010 denuntiationem:
1424 978 1508 1009 lieris
1524 979 1615 1018 quasi
1630 978 1834 1018 gubernator,
1850 987 1918 1008 non
1933 982 2042 1008 tamen
2058 978 2150 1017 quasi
2164 977 2261 1008 iudex
2276 978 2392 1017 ipsius:
2411 979 2492 1008 sicut

299 1037 398 1069 quam
421 1027 516 1058 debet
538 1026 728 1068 praecedere
742 1026 902 1067 fraterna
925 1025 1096 1056 correctio.
1126 1025 1270 1054 Verbum
1294 1033 1370 1064 ergo
1424 1032 1485 1053 nec
1502 1032 1520 1053 e
1536 1032 1703 1053 converso.
1728 1022 1770 1052 Et
1783 1021 1858 1052 ideo
1881 1022 1914 1052 in
1937 1022 1985 1052 his
2002 1031 2084 1062 quae
2100 1031 2157 1063 per
2171 1021 2328 1053 iudicium
2347 1022 2492 1053 facienda

299 1073 433 1103 Domini
454 1072 640 1112 intelligitur
656 1069 787 1111 quando
811 1071 913 1110 agitur
928 1079 985 1110 per
1004 1070 1090 1099 viam
1110 1068 1370 1105 denuntiationis,
1424 1073 1508 1103 sunt,
1525 1077 1593 1097 non
1616 1066 1688 1107 plus
1711 1072 1818 1106 potest
1839 1067 1886 1096 vir
1908 1067 1942 1096 in
1965 1076 2099 1097 uxorem
2116 1076 2214 1106 quam
2237 1076 2255 1097 e
2279 1076 2446 1098 converso.

297 1126 367 1148 non
390 1116 521 1157 quando
546 1117 649 1156 agitur
671 1125 728 1156 per
746 1115 832 1145 viam
848 1114 1077 1145 accusationis:
1103 1114 1179 1153 quia
1201 1118 1279 1143 tunc
1302 1123 1370 1143 non
1385 1126 1411 1141 20
1479 1111 1530 1142 AD
1556 1121 1695 1141 numum
1711 1111 1728 1128 ⁴*
1750 1121 1911 1141 mmmmm
1927 1110 2016 1151 quod
2038 1112 2072 1141 in
2096 1111 2252 1141 adulterio
2275 1112 2437 1142 invenitur
2451 1111 2492 1142 de

299 1162 404 1202 agitur
425 1161 532 1192 solum
556 1160 597 1191 ad
619 1160 854 1191 correctionem
877 1158 1107 1198 delinquentis,
1133 1157 1189 1188 sed
1212 1157 1252 1188 ad
1275 1158 1369 1198 puni·
1423 1156 1546 1186 ratione
1562 1156 1686 1196 peccati
1708 1155 1795 1186 idem
1819 1154 1908 1195 quod
1936 1161 1982 1185 est
2004 1156 2038 1186 in
2061 1155 2273 1186 fornicatione
2296 1156 2444 1196 simplici,
2461 1162 2493 1186 et

298 1206 441 1242 tionem,
467 1211 600 1246 propter
622 1206 747 1235 bonum
770 1213 946 1235 commune
969 1201 1243 1238 conservandum,
1269 1202 1368 1242 quod,
1424 1200 1529 1230 adhuc
1551 1200 1635 1240 plus,
1652 1199 1742 1240 quod
1765 1200 1865 1239 magis
1887 1205 2005 1239 gravat,
2022 1200 2142 1230 scilicet
2163 1201 2360 1230 matrimonii
2381 1201 2490 1231 laesio.

298 1250 417 1282 iustitia
440 1249 619 1286 deficiente,
644 1250 770 1289 periret.
1424 1244 1457 1275 Si
1481 1254 1557 1284 ergo
1582 1244 1801 1275 consideretur
1822 1244 1855 1274 id
1879 1244 1969 1284 quod
1997 1249 2044 1274 est
2074 1254 2248 1275 commune
2280 1244 2436 1275 adulterio
2461 1250 2493 1275 et

501 1317 527 1323 ⁷,
1423 1288 1639 1325 fornicationi,
1655 1294 1825 1329 peccatum
1848 1289 1907 1318 viri
1930 1294 1961 1319 et
1980 1289 2122 1319 mulieris
2144 1298 2177 1319 se
2201 1289 2319 1319 habent
2342 1294 2378 1319 ut
2400 1298 2492 1319 exce-

314 1338 414 1370 ART.
431 1339 484 1370 IV.
508 1349 614 1370 uranu
636 1348 688 1368 vm
711 1348 750 1368 Εἰ·
772 1347 858 1368 uxon
875 1346 1018 1367 nnsnmr
1039 1346 1072 1366 m
1095 1345 1193 1366 causa
1215 1345 1355 1366 mvonrn
1383 1347 1407 1367 ις
1424 1333 1531 1363 dentia
1554 1339 1586 1364 et
1608 1343 1751 1364 excessa:
1777 1333 1853 1372 quia
1871 1333 1906 1363 in
1928 1333 2063 1363 muliere
2086 1338 2133 1363 est
2147 1333 2220 1373 plus
2241 1332 2280 1363 de
2296 1334 2444 1369 humore,
2461 1339 2493 1364 et

677 1392 718 1412 AD
742 1392 834 1412 mma
856 1391 995 1411 tumeam
1423 1377 1498 1408 ideo
1517 1383 1592 1408 sunt
1606 1378 1707 1418 magis
1723 1377 1877 1408 ducibiles
1896 1387 1914 1407 a
1930 1378 2215 1417 concupiscentiis;
2240 1377 2295 1408 sed
2310 1378 2345 1408 in
2359 1379 2429 1408 viro
2446 1383 2493 1408 est

1423 1422 1496 1462 plus
1519 1422 1559 1452 de
1582 1422 1688 1452 calore
1703 1423 1730 1458 *‚
1751 1422 1807 1462 qui
1823 1422 2118 1462 concupiscentiam
2143 1422 2266 1455 excitat.
2290 1421 2357 1452 Sed*
2373 1427 2491 1458 tamen,

364 1482 384 1502 n
409 1481 558 1502 dunarum
581 1481 626 1501 s1c
653 1480 858 1501 moenum-tm.
891 1469 1026 1500 Videtur
1054 1468 1144 1509 quod
1163 1469 1211 1499 vir
1234 1474 1265 1499 et
1288 1478 1370 1499 uxor
1394 1467 1396 1470 ’
1424 1467 1610 1507 simpliciter
1632 1466 1808 1506 loquendo,
1826 1466 1938 1496 ceteris
1954 1466 2093 1506 paribus,
2109 1466 2157 1496 vir
2179 1467 2212 1496 in
2232 1466 2370 1506 simplici
2393 1466 2492 1497 forni-

300 1485 436 1547 Anon
454 1516 591 1546 debeant
605 1516 639 1545 in
659 1525 755 1545 causa
778 1514 904 1544 divortii
928 1513 967 1544 ad
985 1514 1072 1554 paria
1087 1512 1229 1543 iudicari.
1254 1513 1369 1543 Divor-
1424 1511 1551 1541 catione
1566 1511 1639 1551 plus
1655 1516 1767 1551 peccat
1783 1519 1881 1550 quam
1896 1511 2027 1541 mulier:
2049 1511 2124 1550 quia
2139 1511 2211 1550 plus
2231 1510 2326 1541 habet
2342 1510 2381 1541 de
2397 1511 2492 1541 ratio-

298 1560 381 1592 tium
396 1561 484 1592 enim
500 1559 688 1590 conceditur
711 1560 745 1589 in
768 1559 839 1598 lege
853 1568 939 1588 nova
953 1558 1028 1588 loco
1045 1557 1180 1598 repudii,
1198 1556 1289 1597 quod
1305 1562 1370 1587 erat
1385 1567 1410 1588 xo
1423 1556 1472 1585 nis
1495 1556 1595 1591 bon0,
1613 1555 1702 1595 quod
1718 1555 1877 1595 praevalet
1901 1555 2095 1595 quibuslibet
2110 1555 2252 1585 motibus
2276 1555 2493 1595 corporalium

2518 898 2527 907 '¹
2541 896 2567 918 111
2581 902 2687 924 corpore.

2518 1118 2529 1129 ⁸
2543 1118 2599 1146 Arg.
2614 1117 2663 1140 Sed
2675 1123 2732 1140 con-

2520 1146 2558 1165 tra
2576 1151 2594 1166 ι.

2519 1427 2733 1449 ·Aristot.DeAm·-

2518 1453 2730 1476 mahGeneraMib.

2518 1480 2559 1507 IV,
2575 1486 2627 1508 cap.
2641 1487 2673 1503 vr.

298 1605 333 1636 in
354 1605 426 1646 lege
448 1605 557 1640 veteri,
574 1609 611 1634 ut
633 1608 720 1643 patet
743 1603 856 1633 Matth.
871 1613 892 1632 v
908 1603 934 1633 *.
967 1602 1030 1633 Sed
1052 1603 1086 1632 in
1109 1601 1245 1642 repudio
1268 1602 1316 1632 vir
1339 1606 1371 1632 et
1423 1600 1621 1640 passionum.

299 1659 381 1680 uxor
406 1658 475 1680 non
505 1648 727 1679 indicabantur
751 1647 790 1678 ad
813 1647 916 1687 paria:
949 1647 1025 1686 quia
1048 1647 1095 1676 vir
1120 1651 1247 1686 poterat
1275 1655 1370 1686 repu-
1481 1643 1544 1674 Sed
1567 1649 1725 1684 quantum
1749 1643 1788 1674 ad
1811 1644 1987 1674 laesionem
2015 1644 2225 1679 matrimonii,
2251 1653 2349 1683 quam
2372 1643 2494 1678 adulte-

57 1693 274 1744 &fsto-mv,
299 1693 385 1725 diare
407 1702 543 1724 uxorem
558 1694 586 1729 '‚
603 1697 634 1723 et
657 1701 725 1722 non
749 1701 766 1721 e
789 1700 956 1721 converso.
984 1691 1070 1730 Ergo
1093 1700 1155 1720 nec
1177 1691 1211 1720 in
1231 1689 1369 1721 divortio
1423 1689 1508 1718 rium
1531 1687 1734 1718 fornicationi
1758 1688 1860 1724 addit,
1885 1698 1923 1718 ex
1947 1697 2011 1728 qua
2034 1687 2206 1718 divortium
2234 1693 2397 1724 causatur,
2421 1683 2494 1728 plus

299 1737 418 1769 debent
439 1737 480 1769 ad
502 1738 590 1778 paria
611 1736 754 1767 iudicari.
1424 1737 1537 1772 peccat
1558 1733 1674 1762 mulier
1698 1742 1796 1772 quam
1818 1733 1875 1768 vir,
1892 1737 1928 1762 ut
1944 1742 1983 1762 ex
2006 1731 2096 1762 dictis
2112 1733 2129 1748 “
2151 1737 2247 1772 patet.
2271 1732 2313 1762 Et
2333 1732 2408 1772 quia
2430 1733 2494 1762 hoc

355 1791 386 1813 2.
409 1782 606 1817 Pmarnmu,
622 1780 695 1821 plus
712 1786 759 1810 est
782 1785 892 1810 contra
915 1779 1020 1819 legem
1036 1784 1168 1809 naturae
1184 1778 1274 1819 quod
1289 1788 1371 1809 uxor
1386 1787 1408 1808 ’ς
1425 1782 1473 1807 est
1494 1777 1621 1817 gravius
1645 1786 1743 1817 quam
1766 1777 1901 1816 simplex
1924 1775 2103 1812 fornicatio,
2127 1776 2213 1812 ideo,
2237 1777 2422 1816 simpliciter
2444 1776 2494 1807 lo-

2519 1738 2531 1749 ·
2545 1737 2571 1759 Ῑιι
2585 1742 2691 1765 corpore.

78 1826 273 1884 Qgfflsmb
298 1826 407 1868 plures
420 1827 507 1857 viros
522 1826 637 1856 habeat
652 1834 751 1865 quam
767 1824 857 1864 quod
872 1824 920 1854 vir
935 1824 1043 1864 plures
1062 1823 1213 1854 mulieres
1228 1824 1258 1853 ⁴‘:
1283 1822 1370 1853 unde
1425 1820 1568 1861 quend0,
1584 1821 1657 1861 plus
1672 1827 1785 1861 peccat
1807 1821 1924 1851 mulier
1939 1820 2080 1851 adultera
2096 1830 2194 1861 quam
2209 1821 2257 1851 vir
2272 1820 2395 1851 adulter
2410 1826 2495 1851 cete-

145 1897 153 1909 ,
176 1868 191 1926 ’Ἴ
237 1896 246 1904 .
297 1871 364 1902 hoc
385 1870 584 1912 quandoque
606 1870 697 1900 licuit
712 1870 743 1906 *‚
767 1868 847 1900 illud
869 1878 946 1899 vero
969 1877 1149 1908 nunquam.
1186 1868 1273 1908 Ergo
1297 1868 1370 1908 plus
1424 1866 1466 1896 ris
1489 1866 1629 1906 paribus.

2521 1911 2532 1921 ·
2545 1909 2603 1937 Arg.
2617 1908 2665 1930 Sed
2678 1915 2732 1931 con-

298 1921 412 1957 peccat
438 1915 555 1946 mulier
576 1915 611 1945 in
634 1913 791 1945 adulterio
814 1922 913 1954 quam
935 1913 992 1943 vir.
1027 1913 1069 1943 Et
1095 1913 1139 1942 ita
1161 1922 1230 1943 non
1253 1912 1371 1943 debent
1480 1911 1532 1940 Au
1545 1911 1692 1941 sax-run*
1704 1919 1864 1940 1>chan
1876 1909 1975 1950 quod,
1989 1909 2135 1950 quamvis
2147 1909 2290 1949 regimen
2302 1909 2392 1950 quod
2404 1909 2496 1940 datur
2522 1938 2560 1958 Μ
2575 1942 2596 1958 ²-

63 1962 65 1964 '
166 1971 223 1991 a
236 1972 244 1986 ἰ
299 1959 341 1991 ad
362 1960 450 2001 paria
471 1959 615 1990 iudicari.
1424 1955 1494 1985 viro
1517 1955 1550 1985 in
1578 1955 1748 1985 mulierem
1778 1955 1818 1984 sit
1848 1954 2007 1994 quaedam
2037 1955 2272 1984 circumstantia
2304 1964 2494 1994 aggravans,

186 2007 197 2011 “’
355 2005 387 2036 3.
410 2005 608 2040 Ρωτιιιιιιᾼ,
624 2004 681 2034 ubi
704 2008 752 2034 est
774 2003 878 2033 maius
901 2006 1138 2032 nocumentum
1160 2001 1309 2041 proximi,
1325 2001 1370 2031 ibi
1384 2013 1411 2034 4⁰
1424 2004 1533 2029 tamen
1557 2009 1595 2029 ex
1618 1999 1671 2029 illa
1695 1999 1930 2029 circumstanu‘a
1954 2008 2037 2039 quae
2059 1999 2094 2028 in
2117 1998 2210 2028 aliam
2226 1999 2367 2039 speciem
2390 1999 2493 2035 trahit,

60 2315 154 2339 ‘Vm
167 2317 190 2346 3⁴.

63 2626 228 2679 iffss'ffl
192 2626 276 2676 rosit

18 2702 20 2707 ,
63 2678 276 2708 ιι..-ιιιικορρ.

61 2733 117 2755 'Ca
150 2738 166 2754 v
189 2738 204 2754 ιι
265 2744 276 2750 -

62 2759 90 2782 s.
98 2736 145 2782 ἰἱζ
158 2748 213 2782 ιὲοιί
225 2739 251 2782 t

64 2849 76 2859 ·
89 2847 158 2875 ibid„
175 2853 202 2870 e-
222 2861 228 2869 .

63 2879 176 2923 ἰὲαέἰᾰ

64 2937 224 2966 ὈΕ-υκα-

214 2853 277 2896 ml.

66 3161 155 3184 'Ceus
181 3161 279 3187 xxxn.

67 3194 106 3217 qn.
130 3194 139 3210 ι
178 3194 229 3210 ean.
251 3188 283 3210 Si

66 3215 136 3265 gf,-
144 3205 202 3238 ibid.
211 3221 280 3264 ἓξ

300 2054 348 2080 eet
368 2049 473 2080 maius
494 2053 676 2089 peccatum.
712 2046 776 2078 Sed
805 2046 878 2087 plus
910 2051 1008 2076 nocet
1030 2055 1112 2076 uxor
1135 2045 1278 2076 adultera
1300 2046 1369 2076 viro

299 2103 399 2135 quam
420 2094 470 2124 vir
491 2092 615 2124 adulter
636 2092 746 2122 uxori:
772 2092 848 2131 quia
871 2090 1063 2120 adulterium
1094 2090 1201 2120 uxoris
1224 2089 1300 2120 facit
1322 2090 1370 2120 in-

299 2137 524 2169 certitudinem
540 2137 649 2177 prolis,
662 2146 731 2167 non
747 2141 856 2166 autem
872 2134 1063 2165 adulterium
1079 2135 1147 2164 viri.
1164 2134 1251 2174 Ergo
1267 2134 1370 2164 maius

299 2187 348 2214 est
368 2187 540 2223 peccatum
562 2182 681 2211 uxoris.
706 2180 747 2210 Et
769 2181 815 2210 sic
829 2189 899 2210 non
922 2179 1040 2209 debent
1054 2178 1095 2208 ad
1117 2179 1205 2218 pan'a
1227 2178 1369 2209 iudicari.

353 2235 386 2266 4.
410 2227 607 2261 Puni-nana,
625 2225 799 2255 divortium
827 2223 990 2254 inducitur
1012 2222 1053 2253 ad
1076 2223 1198 2253 crimen
1226 2222 1371 2253 adulterii

300 2270 537 2311 corrigendum.
561 2269 626 2300 Sed
647 2269 749 2309 magis
771 2269 909 2308 pertinet
931 2267 971 2298 ad
993 2268 1108 2303 virum,
1126 2267 1182 2307 qui
1206 2272 1253 2297 est
1275 2272 1373 2308 caput

300 2315 456 2351 mulieris,
473 2319 510 2345 ut
533 2314 648 2344 dicitnr
671 2313 684 2344 1
702 2313 779 2343 Cor.
796 2323 828 2342 XI
843 2313 870 2349 ³,
888 2313 1045 2352 corrigere
1068 2321 1202 2342 uxorem
1231 2321 1330 2352 quam
1354 2321 1372 2342 e

301 2368 469 2391 converso.
484 2359 580 2405 «ξι-30
602 2367 671 2388 non
695 2357 812 2388 debent
834 2357 869 2387 in
891 2356 1028 2396 repudio
1055 2355 1095 2386 ad
1117 2356 1206 2396 paria
1228 2355 1370 2392 iudicari,

301 2403 358 2435 sed
380 2404 428 2434 vir
450 2402 546 2434 debet
568 2412 636 2433 esse
659 2402 800 2432 melioris
824 2401 1029 2432 conditionis.

357 2447 421 2479 San
445 2457 579 2483 coum,
594 2446 720 2477 videtur
736 2445 826 2486 quod
848 2446 882 2476 in
905 2446 970 2476 hoc
991 2455 1073 2476 uxor
1088 2444 1202 2475 debeat
1220 2454 1289 2475 esse
1304 2454 1372 2475 me-

300 2492 389 2523 lioris
406 2491 610 2522 conditionis.
635 2490 721 2529 Quia
736 2495 858 2530 quanto
882 2495 929 2520 est
943 2490 1046 2520 maior
1069 2489 1218 2530 fragilitas
1240 2490 1274 2519 in
1297 2499 1372 2529 pec-

301 2541 413 2573 cante,
436 2541 540 2566 tanto>
559 2536 661 2575 magis
684 2540 731 2566 est
755 2539 926 2575 peccatum
949 2535 1042 2564 venia
1072 2533 1216 2574 dignum.
1252 2533 1315 2564 Sed
1338 2534 1372 2564 in

301 2580 490 2612 mulieribus
505 2585 553 2610 est
570 2580 674 2610 maior
688 2578 838 2619 fragilitas
854 2587 953 2619 quam
968 2579 1002 2608 in
1024 2578 1115 2608 viris:
1140 2578 1264 2608 ratione
1280 2578 1372 2609 cuius

302 2624 379 2656 dicit
401 2624 653 2665 chrysostomus
669 2625 686 2641 ¹*
709 2623 800 2664 quod
830 2623 961 2663 propria
991 2623 1098 2663 passio
1129 2622 1302 2653 mulierum
1326 2627 1373 2653 est

301 2669 436 2700 luxuria.
460 2669 502 2699 Et
516 2668 732 2708 Philosophus
755 2667 841 2704 dicit,
857 2668 892 2698 in
907 2667 965 2698 V11
979 2667 1085 2698 Ethic.
1101 2668 1128 2703 *‚
1146 2667 1237 2707 quod
1259 2667 1373 2698 mulie-

303 2723 356 2744 res
379 2722 444 2744 non
468 2712 623 2743 dicuntur
645 2713 860 2748 continentes,
883 2712 1013 2752 proprie
1037 2711 1216 2752 loquendo,
1240 2717 1373 2752 propter

302 2757 430 2789 facilem
451 2757 695 2788 inclinationem
717 2756 759 2787 ad
781 2757 1074 2796 concupiscentias:
1099 2757 1175 2796 quia
1197 2765 1258 2786 nec
1281 2756 1374 2786 bruta

303 2802 452 2833 animalia
473 2807 611 2842 possunt
626 2802 802 2837 continere,
818 2806 950 2841 propter
972 2801 1037 2831 hoc
1052 2800 1143 2841 quod
1165 2810 1234 2831 non
1254 2801 1374 2831 habent

269 2863 276 2875 ,
303 2845 425 2887 aliquid
449 2845 540 2886 quod
562 2845 832 2885 concupiscentiis
855 2846 985 2875 obviare
1016 2846 1119 2885 possit
1133 2846 1160 2875 ἦ
1191 2845 1277 2885 Ergo
1301 2855 1374 2876 mu-

303 2890 433 2930 lieribus
455 2890 490 2920 in
512 2899 620 2930 poena
643 2889 771 2920 divortii
794 2889 925 2920 deberet
947 2890 1048 2929 magis
1071 2890 1168 2930 parci.

361 2945 391 2966 2.
422 2935 626 2970 Pani-ma,
650 2935 697 2964 vir
727 2934 860 2974 ponitur
885 2939 984 2974 caput
1011 2934 1158 2964 mulieris
1173 2935 1189 2951 ¹*
1212 2939 1249 2964 ut
1271 2934 1374 2974 ipsam

290 2980 452 3020 ¹corrigat.
482 2979 569 3019 Ergo
598 2979 700 3019 magis
722 2983 836 3018 peccat
867 2987 966 3018 quam
987 2978 1114 3009 mulier.
1147 2978 1189 3009 Et
1211 2979 1257 3008 sic
1279 2977 1375 3009 debet

303 3024 406 3064 magis
427 3023 545 3064 puniti.

359 3069 550 3099 Rnspounno
567 3077 728 3097 mensuum
752 3066 842 3107 quod
857 3067 891 3096 in
915 3076 1009 3097 causa
1025 3066 1153 3097 divortii
1175 3067 1224 3097 vir
1239 3071 1271 3097 et
1292 3076 1375 3097 uxor

305 3111 348 3143 ad
365 3112 466 3153 paria
489 3111 686 3147 iudicantur,
711 3116 748 3142 ut
769 3111 856 3142 idem
879 3111 919 3141 sit
941 3111 1065 3141 licitum
1089 3116 1120 3141 et
1146 3111 1294 3141 illicitum
1317 3111 1375 3142 uni
1388 3117 1413 3144 ες

305 3156 396 3197 quod
418 3156 508 3187 alteri
522 3157 549 3186 *.
572 3156 650 3186 Non
672 3161 782 3195 tamen
797 3155 928 3196 pariter
950 3155 1139 3186 iudicantur
1153 3155 1193 3186 ad
1207 3155 1275 3186 illa:
1299 3156 1376 3196 quia

306 3209 402 3231 emsa
423 3200 551 3231 divortii
569 3205 616 3231 est
638 3201 741 3231 maior
763 3201 798 3230 in
813 3209 881 3231 uno
905 3209 1004 3240 quam
1019 3200 1053 3230 in
1076 3200 1153 3236 alio,
1168 3209 1243 3230 cum
1266 3205 1375 3230 tamen

306 3245 341 3275 in
362 3249 503 3284 utroque
524 3245 564 3275 sit
595 3244 756 3276 sufficiens
786 3254 881 3275 causa
904 3243 944 3274 ad
975 3244 1158 3276 divortium.
1191 3244 1375 3275 Divortium

307 3288 395 3319 enim
417 3293 464 3319 est
485 3298 594 3328 poena
607 3288 754 3320 adulterii
776 3290 970 3330 inquantum
986 3294 1034 3319 est
1052 3294 1164 3319 contra
1177 3289 1375 3319 matrimonii

307 3333 403 3363 bona.
427 3331 595 3370 Quantum
610 3338 719 3364 autem
734 3333 775 3364 ad
796 3334 922 3365 bonum
944 3332 1030 3368 fidei,
1047 3332 1087 3364 ad
1106 3342 1204 3373 quam
1220 3333 1375 3374 coniuges
1388 3345 1416 3366 7⁰

307 3376 482 3417 aequaliter
503 3377 564 3407 sibi
577 3377 716 3408 invicem
737 3383 896 3415 tenentur,
912 3383 1038 3408 tantum
1053 3383 1165 3418 peccat
1174 3383 1292 3408 *contra
1307 3387 1374 3408 ma-

307 3421 497 3452 trimonium
519 3419 712 3452 adulterium
731 3422 830 3452 unius
853 3423 935 3453 sicut
957 3422 1150 3453 adulterium
1173 3422 1318 3452 alterius:
1343 3427 1375 3453 et

307 3465 388 3496 haec
411 3474 507 3495 causa
521 3465 556 3495 in
570 3470 711 3506 utroque
733 3465 850 3497 sufficit
865 3466 905 3497 ad
927 3466 1112 3497 divortium.
1137 3466 1200 3497 Sed
1215 3471 1374 3506 quantum

309 3508 350 3540 ad
364 3510 489 3540 bonum
504 3509 613 3549 prolis,
629 3509 702 3549 plus
717 3515 830 3550 peccat
844 3510 1036 3542 adulterium
1059 3511 1168 3541 uxoris
1184 3520 1282 3551 quam
1298 3511 1372 3542 viri:

1424 2044 1525 2084 magis
1548 2048 1734 2084 aggravatur
1756 2048 1942 2083 peccatum:
1967 2043 2088 2073 scilicet
2110 2052 2148 2073 ex
2166 2042 2307 2073 laesione
2329 2044 2494 2073 matrimo-

1424 2089 1480 2124 nii,
1497 2097 1580 2128 quae
1603 2088 1698 2118 trahit
1713 2087 1753 2118 ad
1776 2088 1917 2127 speciem
1935 2088 2117 2123 iniustitiae,
2134 2087 2168 2117 in
2191 2087 2255 2118 hoc
2271 2087 2360 2127 quod
2379 2087 2494 2118 furtive

1426 2133 1528 2162 aliena
1550 2132 1657 2172 proles
1680 2132 1885 2163 submittitur.

1425 2208 1526 2238 ART.
1549 2208 1588 2238 V.
1613 2217 1719 2238 unum
1740 2216 1816 2237 Posr
1839 2216 2011 2237 nrvonrnm
2033 2216 2086 2237 vm
2108 2216 2220 2236 Ani-niu
2243 2217 2362 2237 numum
2389 2216 2494 2237 possrr

1608 2257 1633 2279 In
1648 2257 1743 2284 Matth.,
1758 2263 1809 2284 cap.
1824 2263 1877 2282 xix;
1893 2257 1903 2278 Ι
1917 2256 1951 2278 ad
1965 2256 2029 2283 Cor„
2045 2262 2096 2284 cap.
2112 2262 2152 2282 vu,
2169 2257 2220 2277 lect.
2237 2262 2262 2283 n,
2278 2262 2311 2278 ιιι.

1491 2320 1512 2340 n
1544 2319 1684 2340 numum
1707 2319 1753 2339 sm
1775 2318 1980 2339 raocnnrrtm.
2010 2307 2145 2338 Videtur
2175 2307 2265 2347 quod
2286 2312 2361 2347 post
2389 2306 2494 2338 divor-

1427 2321 1573 2385 Atium
1596 2355 1644 2384 vir
1671 2353 1760 2384 alteri
1778 2354 1900 2383 nubere
1923 2353 2034 2393 possit.
2058 2352 2174 2382 Nullus
2197 2352 2283 2382 enim
2305 2357 2432 2382 tenetur
2455 2351 2495 2382 ad

1426 2405 1616 2439 perpetuam
1639 2398 1880 2428 continentiam.
1915 2396 1978 2428 Sed
2006 2397 2055 2427 vir
2081 2402 2207 2427 tenetur
2229 2397 2260 2426 in
2286 2396 2395 2436 aliquo
2419 2406 2494 2427 casu

1426 2453 1562 2474 uxorem
1585 2442 1798 2473 fornicantem
1821 2452 1840 2472 a
1862 2451 1896 2472 se
1911 2442 1945 2472 in
1967 2446 2162 2481 perpetuum
2177 2450 2332 2481 separare,
2349 2445 2385 2470 ut
2407 2446 2495 2481 patet

1428 2497 1466 2518 ex
1489 2488 1580 2518 dictis
1596 2489 1622 2518 ἦ
1647 2487 1733 2527 Ergo
1753 2486 1879 2517 videtur
1894 2485 1984 2526 quod
2008 2485 2048 2516 ad
2062 2486 2170 2516 minus
2192 2485 2227 2515 in
2249 2485 2303 2516 tali
2319 2494 2395 2515 casu
2419 2485 2495 2516 alte-
2521 2486 2532 2498 ·

1425 2542 1494 2563 ram
1518 2532 1635 2562 ducere
1658 2531 1769 2572 possit.

1484 2586 1513 2607 2.
1537 2577 1742 2612 Pium-nam,
1766 2575 1913 2615 peccanti
1941 2584 2010 2605 non
2033 2579 2080 2605 est
2108 2573 2212 2604 danda
2234 2574 2337 2604 maior
2368 2574 2495 2605 occasio

1426 2621 1593 2661 peccandi.
1607 2620 1681 2658 ⁴Sed
1696 2621 1722 2650 si
1738 2621 1768 2650 ei
1791 2620 1848 2660 qui
1863 2624 1995 2660 propter
2010 2619 2140 2659 culpam
2155 2618 2374 2649 fornicationis
2390 2618 2496 2649 dimit-

1426 2666 1513 2701 titur,
1529 2675 1598 2696 non
1621 2665 1696 2696 licet
1718 2664 1813 2695 aliam
1837 2664 1989 2704 copulam
2013 2673 2175 2703 quaerere,
2199 2662 2290 2693 datur
2313 2663 2372 2693 sibi
2394 2664 2497 2693 maior

1428 2711 1555 2741 occasio
1579 2709 1751 2751 peccandi:
1784 2718 1853 2739 non
1885 2709 1973 2739 enim
1997 2714 2044 2738 est
2066 2707 2231 2748 probabile
2264 2707 2354 2747 quod
2383 2708 2439 2747 qui
2462 2708 2496 2738 in

1427 2755 1634 2785 matrimonio
1657 2763 1727 2785 non
1750 2754 1920 2789 continuit,
1942 2752 2032 2793 quod
2054 2758 2167 2792 postea
2197 2753 2362 2782 continere
2384 2753 2495 2792 possit.

1427 2800 1514 2840 Ergo
1537 2799 1663 2830 videtur
1685 2797 1776 2838 quod
1794 2798 1888 2828 liceat
1911 2798 1941 2828 ei
1964 2797 2004 2827 ad
2027 2797 2120 2827 aliam
2137 2796 2288 2836 copulam
2311 2797 2452 2826 transire.

1485 2844 1515 2874 3.
1538 2844 1736 2879 PRAETERBA,
1760 2852 1840 2873 uxor
1863 2851 1932 2872 non
1960 2846 2086 2872 tenetur
2107 2841 2176 2871 viro
2206 2841 2267 2870 nisi
2290 2839 2330 2871 ad
2353 2840 2497 2871 debitum

1427 2888 1626 2919 reddendum
1645 2893 1676 2918 et
1699 2887 1981 2918 cohabitationem.
2005 2885 2069 2916 Sed
2083 2895 2140 2925 per
2156 2885 2329 2916 divortium
2352 2885 2391 2915 ab
2407 2890 2497 2915 utro-

1429 2943 1493 2974 que
1510 2933 1693 2963 absolvitur.
1718 2932 1804 2972 Ergo
1821 2932 1956 2961 omnino
1972 2931 2080 2961 soluta
2096 2935 2143 2960 est
2157 2939 2178 2960 a
2194 2929 2266 2970 lege
2281 2929 2344 2960 viri
2359 2930 2385 2959 *.
2410 2929 2495 2969 Ergo

1428 2983 1536 3019 potest
1559 2977 1647 3008 alteri
1670 2977 1802 3007 nubere.
1827 2976 1868 3006 Et
1891 2975 2003 3006 eadem
2026 2975 2106 3004 ratio
2131 2979 2178 3005 est
2200 2973 2239 3004 de
2262 2974 2342 3004 viro.

1483 3031 1515 3061 4.
1539 3022 1736 3057 Prummu,
1754 3021 1865 3051 Matth.
1882 3030 1934 3050 xxx
1949 3021 1966 3036 ¹*
1990 3019 2119 3049 dicitur:
2148 3018 2213 3055 Qui
2235 3018 2393 3048 dimiserit
2414 3027 2497 3048 uxo-

1429 3076 1498 3097 rem
1520 3071 1552 3097 et
1573 3067 1674 3097 aliam
1698 3065 1838 3102 duxerit,
1868 3069 2000 3104 excepta
2023 3072 2122 3094 causa
2136 3063 2384 3104 fornicationis,
2410 3071 2497 3092 moe-

1429 3111 1555 3142 chatur.
1579 3111 1665 3151 Ergo
1688 3109 1814 3140 videtur
1837 3108 1926 3150 quod
1949 3109 1985 3144 si,
2008 3117 2103 3138 causa
2125 3107 2344 3137 fornicationis
2369 3105 2497 3136 dimissa

1429 3165 1540 3191 uxore,
1562 3155 1657 3185 aliam
1681 3154 1824 3190 duxerit,
1851 3163 1919 3185 non
1942 3153 2140 3183 moechetur.
2174 3152 2215 3182 Et
2237 3152 2280 3181 ita
2303 3151 2362 3181 erit
2383 3160 2496 3181 verum

1429 3200 1683 3230 matrimonium.

1486 3244 1549 3275 San
1573 3254 1707 3280 coum,
1732 3243 1744 3273 1
1771 3243 1848 3273 Cor.
1863 3252 1908 3273 vn
1922 3242 1957 3272 ἐ
1980 3241 2150 3281 Praecipio
2174 3249 2239 3270 non
2264 3248 2336 3280 ego,
2352 3238 2409 3269 sed
2427 3239 2496 3269 Do-

1429 3289 1545 3325 minus,
1571 3298 1708 3319 uxorem
1724 3297 1745 3318 a
1761 3287 1832 3318 viro
1857 3296 1922 3317 non
1946 3286 2126 3317 discedere:
2147 3283 2234 3325 quod
2255 3284 2284 3314 si
2306 3283 2496 3319 discesserit,

1429 3343 1562 3364 manere
1585 3333 1763 3373 innuptam.

1486 3387 1516 3408 2.
1540 3377 1739 3413 Pam-raam,
1755 3375 1863 3406 nullus
1887 3385 1925 3406 ex
1948 3379 2081 3414 peccato
2105 3373 2200 3404 debet
2223 3376 2392 3412 reportare
2411 3380 2498 3402 com-

1429 3421 1559 3452 modum
1575 3423 1601 3452 *.
1627 3421 1689 3452 Sed
1705 3425 1880 3461 reportaret
1895 3420 1921 3449 si
1935 3419 2044 3449 liceret
2063 3417 2222 3449 adulterae
2238 3416 2278 3447 ad
2294 3415 2380 3446 aliud
2395 3415 2495 3455 magis

1429 3466 1643 3497 desideratum
1667 3465 1868 3496 connubium
1891 3464 2039 3494 transire:
2064 3468 2095 3493 et
2118 3467 2200 3492 esset
2222 3461 2349 3491 occasio
2374 3459 2496 3490 adulte-

1428 3510 1518 3541 randi
1541 3510 1723 3541 volentibus
1747 3509 1807 3539 alia
1829 3508 2033 3538 matrimonia
2056 3515 2217 3547 quaerere.
2237 3505 2323 3545 Ergo
2338 3513 2407 3535 non
2421 3504 2496 3535 licet

309 3559 341 3584 et
363 3553 437 3584 ideo
461 3554 563 3584 maior
586 3563 682 3584 causa
703 3553 831 3586 divortii
858 3560 905 3585 est
926 3555 961 3585 in
983 3565 1084 3586 uxore
1115 3565 1214 3596 quam
1235 3556 1269 3586 in
1292 3556 1372 3587 viro.
1388 3565 1412 3586 75
1429 3556 1524 3586 aliam
1548 3554 1700 3595 copulam
1723 3563 1876 3594 quaerere
1898 3561 2006 3592 neque
2028 3552 2097 3582 viro
2120 3559 2227 3591 neque
2250 3549 2352 3580 uxori.

2524 2929 2533 2939 ¹
2543 2927 2581 2949 Ad
2593 2927 2667 2955 Rom„
2682 2934 2734 2956 cap.

2523 2960 2563 2982 vn,
2578 2961 2637 2976 veru.
2651 2960 2672 2976 2.

2523 3022 2533 3032 ·
2549 3020 2615 3043 vm.
2631 3026 2653 3048 9.
2672 3032 2683 3037 -
2698 3021 2734 3043 ct.

2523 3053 2574 3076 cap.
2589 3054 2611 3074 v,
2626 3053 2686 3069 vers.
2700 3053 2733 3075 3²-

2522 3243 2533 3254 ·
2546 3242 2614 3264 Vera.
2630 3248 2665 3269 ιο,
2682 3249 2714 3265 ιι.

2523 3414 2638 3462 23⁹³?
2637 3413 2734 3462 “1532ss
