2918 4088
16 2951 50 2993 '-
97 2956 288 2985 ‘Ver-,unffi

975 173 1237 220 QUAESTIO
1266 172 1442 219 Lxxw,
1471 171 1762 210 AercuLUs
1790 174 1836 210 111

2420 189 2489 224 147

319 253 382 288 vel
400 251 588 289 veneficia
605 252 725 299 faciat,
741 261 898 302 propter
915 252 1166 290 intentionem
1185 251 1275 288 mali
1294 250 1381 288 finis
1406 259 1409 298 Ι
1435 262 1542 288 mam
1573 250 1751 299 baptismi
1786 263 1865 288 non
1899 253 1986 300 plus
2022 253 2070 288 de
2103 265 2203 302 aqua
2240 255 2494 292 sanctificatur

320 312 469 354 peccat,
505 305 754 342 nihilominus
790 313 938 353 tamen,
972 312 1129 355 propter
1155 310 1382 353 potestatem
1435 315 1555 352 quam
1583 311 1773 351 quantum
1800 303 1905 340 venit
1932 304 1971 340 in
1999 317 2126 341 usum.
2167 307 2242 343 Sed
2270 308 2345 344 hoc
2373 320 2493 345 sacra-

321 356 391 402 sibi
419 357 561 403 datam,
589 357 739 407 perficit
766 365 1061 396 sacramentum.

374 410 431 446 Αι)
450 422 609 448 τεκτιυΜ
636 423 818 448 monimum
846 410 954 460 quod
971 408 1151 459 baptismi
1170 420 1382 446 sacramen-

319 469 404 500 tum
432 462 628 511 perficitur
655 463 694 500 in
716 475 791 500 usu
818 462 1010 500 materiae.
1039 463 1088 499 Et
1105 461 1193 499 ideo
1221 473 1292 510 per
1309 461 1382 498 for-

1435 363 1613 392 mentum
1640 355 1838 404 perficitur
1865 356 1904 392 in
1923 357 2207 394 consecratione
2227 360 2418 397 materiae.
2447 362 2495 398 Et

1435 408 1524 445 ideo
1553 419 1634 444 non
1662 415 1717 445 est
1745 408 1877 445 simile.

995 557 1328 591 Commentaria
1350 557 1602 590 cardinalis
1625 557 1825 590 Caietani

325 648 374 710 In
398 637 541 669 secundo
565 639 709 675 articulo,
734 638 860 670 adverte
877 637 966 678 quod
989 636 1075 667 aliud
1091 642 1137 668 est
1160 637 1251 677 loqui
1274 636 1314 667 de
1331 636 1385 667 de—

354 683 520 715 terminata
547 683 721 722 quantitate
742 683 910 714 materiae:
943 687 975 713 et
1004 679 1108 717 aliud,
1140 681 1180 711 de
1209 681 1386 721 praesentia

323 725 476 757 eiusdem.
511 726 547 757 In
569 726 672 757 littera
694 725 854 766 siquidem
877 725 992 756 dicitur
1014 734 1083 755 non
1105 734 1174 756 esse
1197 725 1386 755 determina-

322 770 387 800 tam
404 770 630 810 quantitatem:
649 769 705 800 sed
719 780 788 801 non
804 769 918 800 dicitur
933 769 1076 800 similiter
1092 768 1131 799 de
1142 770 1329 808 praesentia.
1346 769 1387 799 Et

321 813 385 844 hoc
408 822 468 854 pro
491 819 580 844 tanto
605 813 727 845 dictum
749 814 789 844 sit
811 819 847 844 ut
869 823 937 844 non
952 818 1084 854 putetur
1100 812 1188 843 idem
1206 819 1261 843 aut
1283 813 1386 843 simile

321 857 478 888 iudicium
502 857 540 888 de
563 858 750 898 praesentia,
768 862 799 888 et
822 857 861 888 de
881 858 1066 897 quantitate.
1096 857 1180 887 Nam
1195 858 1229 887 in
1251 862 1386 897 utraque

322 899 426 931 forma
447 901 664 932 Eucharistiae
678 902 801 932 mentio
817 901 853 932 fit
868 901 907 932 de
923 901 1101 941 praesentia
1123 910 1182 941 per
1204 910 1387 941 pronomen

321 944 382 975 hoc
405 954 462 975 seu
477 945 551 975 hic:
573 951 605 976 et
626 951 796 986 propterea
820 950 948 985 oportet
972 951 1173 986 praesentem
1197 954 1264 975 esse
1286 951 1386 976 mate-

321 989 401 1019 riam
425 988 684 1020 consecrandam.
722 990 771 1020 De
799 990 974 1030 quantitate
997 999 1074 1020 veto
1104 999 1172 1020 non
1195 989 1231 1019 fit
1252 990 1386 1020 mentio.

1495 637 1650 675 Quamvis
1673 637 1765 668 locus
1789 638 1828 668 sit
1851 637 2042 668 dubitationi
2066 638 2173 678 quoad
2189 639 2396 678 quantitatem
2414 640 2496 670 vini:

1440 682 1516 721 quia
1538 681 1578 711 de
1602 682 1776 721 quantitate
1800 682 1867 712 eius
1890 681 1926 712 fit
1951 682 2074 712 mentio
2097 683 2131 712 in
2154 682 2257 713 forma
2287 685 2499 714 consecratio-

1438 726 1507 761 nis,
1531 725 1610 756 dum
1643 725 1776 762 dicitur,
1799 725 1867 756 Hic
1896 730 1943 756 est
1972 726 2080 763 calix‚·
2114 733 2241 766 oportet
2273 728 2359 757 enim
2388 728 2499 758 vinum

1441 770 1597 800 contineri
1619 770 1653 800 in
1676 770 1784 806 calice,
1808 779 1844 800 ac
1863 780 1920 810 per
1948 771 2022 807 hoc,
2047 771 2255 810 quantitatem
2278 772 2345 801 eius
2369 771 2499 802 calicem

1440 823 1508 844 non
1528 813 1689 844 excedere.
1714 813 1777 844 Sed
1799 813 1862 844 hoc
1885 824 1953 844 non
1976 814 2072 854 cogit.
2097 815 2260 852 Quoniam
2276 821 2382 855 potest
2400 825 2500 845 sacer-

1441 857 1499 888 dos
1531 858 1647 888 habere
1681 867 1789 888 coram
1822 868 1854 888 se
1884 859 2004 888 multos
2041 859 2154 889 calices
2182 859 2312 899 plenos,
2344 865 2375 889 et
2406 860 2501 890 simul

1441 911 1554 932 omnes
1586 911 1788 938 consecrare,
1812 903 1894 932 sicut
1916 902 2010 933 simul
2042 908 2206 933 consecrat
2227 903 2342 933 multas
2372 904 2500 934 hostias.

1441 946 1535 996 Unde
1552 955 1590 976 ex
1607 947 1781 986 quantitate
1805 946 1910 977 calicis
1934 956 2002 977 non
2017 947 2150 978 habetur
2172 947 2379 978 determinata
2402 957 2501 987 quan-

1439 995 1520 1020 tltas.

1123 1163 1444 1205 ARTICULUS
1473 1163 1703 1205 TERTIUS

456 1256 614 1287 UTRUM
637 1255 924 1294 REQumATUR
946 1256 1005 1286 AD
1030 1256 1264 1287 MATERIAM
1287 1242 1726 1288 Hums'SACRAMENTl
1748 1257 1872 1295 Quon
1896 1257 1963 1288 SIT
1986 1258 2109 1289 PANIS
2133 1258 2364 1291 Talrlchs

377 1334 412 1359 1v
431 1334 515 1374 Sena,
533 1335 592 1360 dist.
610 1342 645 1366 xr,
664 1342 708 1367 qu.
727 1341 755 1366 n,
775 1339 821 1360 art.
842 1341 865 1366 2,
885 1334 934 1367 qu⁸
955 1341 979 1365 1,
999 1341 1029 1369 ῃ
1049 1335 1107 1360 dist.
1124 1342 1173 1365 xix.
1194 1343 1237 1367 qu.
1255 1343 1273 1364 1.
1293 1341 1339 1361 art.
1360 1343 1383 1367 2,
1403 1335 1452 1368 qu⁸
1473 1335 1496 1364 3.
1515 1336 1546 1360 ad
1568 1343 1594 1367 1;
1614 1335 1648 1360 1v
1669 1336 1744 1361 Cont.
1767 1337 1852 1365 Gent„
1873 1344 1927 1368 cap.
1946 1344 2015 1367 L11x;
2036 1337 2077 1362 De
2096 1338 2218 1363 Sacram.
2236 1339 2332 1369 Altam,
2352 1348 2407 1373 cap.
2425 1349 2449 1366 x.

413 1434 418 1445 ,
462 1443 482 1455 ,,
536 1426 558 1450 D
577 1425 736 1451 TERTIUM
755 1425 808 1450 su:
827 1425 1063 1452 PROCEDITUR.
1093 1414 1253 1452 Videtur
1280 1415 1388 1464 quod

465 1498 506 1563 xl&
521 1518 721 1556 eramenti
749 1519 857 1567 quod
885 1519 931 1556 sit
957 1520 1067 1568 panis
1094 1520 1271 1557 triticeus.
1301 1521 1389 1557 Hoc

346 1551 355 1563 Ι
364 1557 366 1565 ι

349 1566 355 1573 ’
384 1587 393 1598 ¹*
406 1566 452 1597 '⁴5
460 1584 471 1603 ’ἱ
496 1565 644 1609 &enim
667 1579 951 1609 sacramentum
971 1580 1027 1609 est
1045 1572 1388 1610 rememorativum

318 1624 555 1664 'Dominicae
574 1623 774 1674 passionis.
796 1625 874 1662 Sed
893 1625 1013 1673 magis
1027 1625 1179 1662 videtur
1197 1638 1278 1662 esse
1298 1637 1389 1662 con-

318 1689 470 1718 sonum
488 1676 716 1714 Dominicae
736 1677 905 1726 passioni
923 1677 1033 1726 panis
1051 1678 1302 1720 hordeaceus,
1323 1677 1390 1726 qui

320 1738 383 1769 ⁹est
410 1729 596 1780 asperior,
630 1737 667 1766 et
694 1729 742 1766 de
770 1741 850 1778 quo
879 1730 994 1767 etiam
1014 1735 1032 1751 α
1059 1731 1190 1767 turbas
1217 1730 1323 1779 pavit
1350 1730 1390 1767 in

326 1791 471 1830 monte,
490 1790 534 1820 ut
551 1781 689 1820 dicitur
706 1783 810 1819 Ioan.
831 1795 865 1820 Vl
883 1783 914 1830 ²¹⁸,
944 1795 1064 1832 quam
1083 1783 1194 1832 panis
1211 1783 1389 1820 triticeus.

325 1837 430 1886 Ergo
457 1847 538 1873 non
565 1842 621 1872 est
651 1835 807 1886 propria
834 1836 993 1873 materia
1020 1835 1136 1873 huius
1164 1835 1391 1874 sacramenti

318 1889 438 1942 ,panis
464 1888 642 1926 triticeus.

382 1954 418 1981 2.
447 1943 680 1987 mmmm
709 1941 832 1990 figura
860 1950 916 1979 est
936 1942 1090 1991 signum
1109 1941 1248 1991 speciei
1275 1941 1315 1978 in
1334 1953 1391 1978 re-

327 1997 402 2035 bus
435 1995 684 2034 naturalibus.
733 1995 810 2032 Sed
844 1996 1039 2044 quaedam
1074 1995 1267 2032 frumenta
1303 2002 1392 2032 sunt

327 2061 429 2100 quae
457 2049 600 2086 habent
627 2047 792 2085 similem
819 2048 985 2096 figuram
1008 2060 1128 2097 grano
1147 2047 1267 2093 tritici,
1297 2047 1392 2085 sicut

326 2102 384 2141 far
410 2109 447 2140 et
474 2103 613 2151 spelta:
643 2101 692 2138 de
720 2112 798 2150 qua
827 2101 942 2138 etiam
970 2101 1010 2138 in
1037 2101 1272 2150 quibusdam
1299 2100 1392 2138 locis

327 2155 438 2207 panis
462 2154 665 2193 conficitur
683 2154 732 2191 ad
751 2167 868 2192 usum
887 2154 1003 2192 huius
1022 2153 1259 2192 sacramenti.
1289 2154 1391 2202 Ergo

328 2209 439 2260 panis
466 2208 632 2246 triticeus
659 2219 740 2244 non
759 2216 815 2244 est
841 2208 997 2257 propria
1024 2207 1184 2246 materia
1202 2207 1318 2244 huius
1337 2219 1392 2244 sa-

329 2269 527 2300 eramenti.

386 2315 420 2352 3.
450 2316 688 2360 PRAETEREA,
722 2313 926 2364 permixtio
955 2313 1123 2363 speciem
1151 2312 1273 2350 solvit.
1317 2312 1393 2350 Sed

330 2367 396 2406 vix
413 2367 607 2415 inve-nitur
625 2367 744 2404 farina
762 2366 905 2404 triticea
924 2378 1024 2415 quae
1044 2365 1197 2403 alterius
1215 2365 1395 2403 frumenti

330 2420 628 2471 permixtionem
646 2432 727 2458 non
746 2419 902 2457 habeat:
930 2419 1002 2458 nisi
1020 2419 1116 2456 sorte
1135 2418 1261 2456 electis
1280 2416 1295 2448 β
1312 2431 1394 2467 gra-

332 2473 393 2512 nis
420 2473 589 2510 studiose
616 2472 693 2510 fiat.
732 2474 825 2510 Non
853 2484 942 2520 ergo
971 2472 1123 2509 videtur
1150 2472 1258 2521 quod
1285 2471 1395 2520 panis

324 2525 500 2564 triticeus
527 2526 573 2563 sit
600 2525 756 2575 propria
782 2525 941 2563 materia
959 2525 1075 2562 huius
1103 2525 1340 2562 sacramenti.

387 2591 424 2627 4.
454 2580 695 2625 mmmm,
733 2575 827 2615 illud
855 2578 962 2627 quod
991 2585 1046 2615 est
1073 2585 1312 2627 corruptum,
1341 2577 1396 2614 vi-

335 2632 447 2670 detur
474 2643 556 2668 esse
584 2630 736 2668 alterius
756 2630 906 2680 speciei.
937 2631 1015 2668 Sed
1042 2630 1159 2679 aliqui
1187 2629 1397 2668 conficiunt

335 2697 382 2722 ex
409 2696 509 2734 pane
537 2691 730 2734 corrupto,
760 2683 827 2734 qui
854 2683 933 2720 iam
960 2695 1040 2721 non
1059 2683 1211 2720 videtur
1230 2696 1311 2721 esse
1330 2696 1396 2732 pa-

334 2737 394 2775 nis
421 2737 598 2775 triticeus.
628 2738 730 2785 Ergo
758 2736 910 2774 videtur
936 2737 1043 2784 quod
1070 2735 1152 2773 talis
1179 2736 1290 2785 panis
1316 2748 1397 2773 non

335 2790 383 2828 sit
409 2790 566 2840 propria
593 2790 752 2827 materia
779 2789 896 2826 huius
923 2788 1162 2826 sacramenti.

391 2844 466 2881 SED
485 2855 630 2880 corrrRA
648 2855 714 2880 EST
742 2842 850 2892 quod
877 2842 917 2878 in
945 2842 1020 2878 hoc
1040 2848 1279 2878 sacramento
1307 2853 1398 2878 con-

335 2897 478 2935 tinetur
497 2895 683 2940 Christus,
704 2895 771 2945 qui
791 2907 831 2932 se
850 2906 969 2943 grano
988 2893 1169 2931 frumenti
1188 2901 1397 2943 comparat,

336 2951 440 2988 Ioan.
461 2961 507 2986 xn
525 2948 556 2996 ²¹³,
585 2948 732 2986 dicens:
762 2949 850 2985 Nisi
873 2959 1039 2998 granum
1048 2947 1245 2995 frumenti,
1266 2946 1400 2984 cadens

337 3005 375 3041 in
403 3008 562 3047 terram,
591 3007 780 3039 mortuum
804 3001 936 3048 fuerit,
966 3002 1085 3050 ipsum
1111 3000 1231 3037 solum
1262 3005 1397 3036 manet.

338 3057 441 3104 Ergo
461 3054 572 3105 panis
590 3053 847 3092 frumentinus
865 3059 893 3100 Υ,
922 3053 1002 3090 sive
1030 3051 1209 3099 triticeus,
1238 3060 1293 3089 est
1319 3063 1400 3089 ma-

337 3107 432 3146 teria
459 3107 575 3145 huius
603 3107 842 3144 sacramenti.

392 3238 422 3273 α)
439 3239 530 3265 etiam.
542 3252 562 3258 -·
578 3239 701 3265 oar-istus
719 3238 790 3263 addit
806 3237 888 3262 tertia.
899 3251 920 3256 -
932 3237 1015 3269 panis
1032 3237 1152 3262 triticeus
1167 3237 1248 3262 altero
1266 3236 1325 3261 loco
1343 3242 1403 3269 post

341 3275 382 3301 Er
401 3282 417 3300 ο
454 3275 510 3300 onit
528 3275 557 3300 P.

382 3282 410 3343 ΒΓβ
437 3282 538 3343 ¹electis.
555 3311 579 3328 -'
593 3309 626 3334 de
644 3308 732 3334 electis
751 3309 772 3333 E
791 3313 817 3334 et
834 3308 908 3333 tertia
926 3313 1027 3340 praeter
1045 3308 1062 3333 1.

394 3353 411 3379 γ
433 3345 628 3378 frumentinus.
644 3358 664 3363 -
675 3344 871 3378 frumerm'ceus
889 3343 907 3373 1.
919 3343 1055 3378 frumenti
1072 3347 1156 3368 cetera
1173 3342 1260 3374 πει-ᾔεις
1280 3342 1404 3376 frumen-

343 3380 416 3406 tinus
433 3380 489 3406 sive
505 3388 559 3406 om.
577 3380 606 3406 F.

396 3414 422 3450 ὅ)
439 3415 514 3448 apud
531 3415 674 3441 homines...
692 3414 867 3440 communius.
878 3427 898 3433 -
915 3414 958 3438 EF
977 3419 1002 3439 et
1020 3414 1093 3439 tertia
1111 3412 1171 3447 (pro
1189 3413 1270 3445 apud.
1284 3413 1321 3438 ad
1333 3413 1403 3443 Hbc;

338 3457 426 3484 panes
448 3451 615 3476 communius
638 3458 693 3477 om.
716 3450 798 3484 HpG;
822 3449 988 3475 communius
1011 3458 1065 3475 om.
1087 3457 1115 3480 ες
1139 3450 1246 3474 alteram
1270 3454 1369 3482 partem
1389 3449 1403 3473 b

343 3486 420 3519 legit:
440 3485 514 3512 Inter
530 3485 649 3512 homines
672 3486 740 3511 alios
759 3489 873 3511 utuntur
890 3484 965 3519 etc.);
984 3493 1037 3511 om.
1055 3485 1137 3516 ABC3
1156 3484 1178 3509 D
1197 3485 1271 3517 legit:
1290 3484 1404 3509 materia

1494 1416 1719 1452 RESPONDEO
1747 1427 1927 1453 monimum
1956 1416 2075 1465 quod,
2105 1416 2200 1453 sicut
2227 1417 2372 1454 dictum
2401 1427 2456 1455 est
2469 1419 2500 1465 ²¹²,

537 1478 618 1503 non
638 1466 853 1515 requiratur
879 1467 928 1503 ad
956 1467 1157 1504 materiam
1185 1468 1302 1504 huius
1330 1480 1396 1504 sa-.
1442 1467 1491 1504 ad
1519 1480 1635 1504 usum
1664 1476 1992 1505 sacramentorum
2020 1469 2227 1506 assumitur
2244 1470 2326 1507 talis
2345 1472 2503 1509 materia

1443 1531 1543 1568 quae
1571 1519 1819 1557 communius
1847 1521 1952 1570 apud
1979 1521 2158 1558 homines
2185 1522 2225 1560 in
2252 1524 2367 1560 talem
2385 1537 2502 1562 usum

1442 1572 1558 1610 venit.
1587 1574 1688 1609 Inter
1708 1572 1802 1609 alios
1821 1581 1951 1610 autem
1977 1586 2097 1622 panes
2125 1575 2373 1612 communius
2392 1575 2405 1598 ⁶
2433 1578 2502 1614 ho-

1444 1624 1568 1662 mines
1596 1632 1757 1662 utuntur
1783 1637 1883 1674 pane
1911 1625 2076 1663 triticeo:
2106 1638 2198 1663 nam
2226 1628 2287 1664 alii
2309 1640 2430 1676 panes
2448 1630 2503 1666 vi—

1445 1677 1584 1714 dentur
1611 1689 1693 1714 esse
1721 1677 1926 1714 introducti
1954 1678 1993 1715 in
2021 1678 2137 1715 huius
2164 1679 2274 1728 panis
2302 1681 2502 1719 defectum.

1445 1730 1494 1767 Et
1521 1730 1609 1768 ideo
1639 1730 1812 1767 Christus
1840 1730 2006 1767 creditur
2032 1731 2072 1768 in
2099 1732 2215 1768 huius
2242 1733 2351 1782 panis
2379 1734 2504 1783 specie

1446 1783 1522 1820 hoc
1550 1790 1834 1820 sacramentum
1861 1783 2075 1821 instituisse.
2115 1785 2194 1831 Qui
2213 1790 2224 1806 ε
2253 1785 2368 1823 etiam
2394 1787 2505 1836 panis

1446 1835 1633 1873 confortat
1651 1835 1870 1872 hominem:
1892 1844 1928 1873 et
1946 1836 1997 1873 ita
2015 1837 2307 1875 convenientius
2321 1838 2506 1887 significat

1446 1888 1628 1926 effectum
1656 1888 1772 1926 huius
1800 1889 2037 1926 sacramenti.
2067 1891 2115 1927 Et
2135 1890 2223 1927 ideo
2251 1892 2407 1940 propria
2424 1905 2505 1930 ma-

1445 1941 1539 1978 teria
1566 1941 1682 1978 huius
1709 1942 1936 1979 sacramenti
1965 1950 2020 1979 est
2046 1943 2156 1992 panis
2183 1943 2359 1981 triticeus.

1498 1995 1556 2031 An
1585 2006 1720 2031 ptumum
1748 2006 1845 2032 ERGO
1874 2007 2055 2032 manDUM
2083 1996 2191 2045 quod
2217 1997 2326 2045 panis
2345 1997 2506 2035 hordea-

1446 2058 1537 2083 ceus
1564 2046 1747 2096 competit
1774 2047 1823 2084 ad
1851 2047 2145 2096 significandum
2168 2049 2348 2086 duritiem
2370 2050 2507 2088 veteris

1445 2099 1548 2147 legis.
1584 2100 1691 2136 Tum
1724 2107 1882 2150 propter
1914 2100 2093 2138 duritiem
2120 2101 2241 2150 panis.
2276 2102 2382 2140 Tum
2417 2103 2507 2152 quia

1446 2153 1572 2198 etiam,
1592 2160 1634 2189 ut
1653 2153 1887 2200 Augustinus
1907 2153 2005 2201 dicit,
2026 2153 2065 2190 in
2084 2154 2180 2191 libro
2200 2155 2507 2204 Octogintatrium

1453 2207 1717 2248 Quaestionum
1736 2205 1766 2253 ²¹³,
1795 2206 1925 2242 hordei
1949 2207 2126 2253 medulla,
2155 2219 2250 2256 quae
2276 2210 2507 2246 tenacissima

1442 2259 1555 2308 palea
1583 2261 1730 2308 tegitur,
1758 2259 1817 2296 vel
1844 2260 1961 2308 ipsam
1980 2259 2101 2309 Iegem
2119 2262 2316 2310 significat,
2346 2274 2440 2310 quae
2458 2263 2508 2298 ita

1449 2311 1535 2348 data
1563 2317 1644 2348 erat
1661 2317 1698 2347 ut
1717 2313 1753 2347 in
1774 2323 1818 2348 ea
1836 2312 1946 2349 vitale
1973 2313 2122 2349 animae
2148 2313 2362 2350 alimentum
2381 2326 2509 2364 corpo-

1449 2365 1588 2401 ralibus
1613 2365 1855 2401 sacramentis
1883 2366 2133 2415 obtegeretur:
2164 2366 2223 2403 vel
2249 2367 2367 2415 ipsum
2390 2379 2509 2416 popu-

1449 2417 1539 2463 lum,
1569 2417 1734 2454 nondum
1761 2418 2005 2466 exspoliatum
2033 2419 2179 2455 carnali
2204 2419 2394 2465 desiderio,
2415 2420 2513 2469 quod

1449 2476 1628 2520 tanquam
1650 2470 1764 2519 palea
1791 2471 1896 2507 cordi
1921 2472 1999 2507 eius
2023 2473 2247 2508 inhaerebat.
2277 2473 2363 2509 Hoc
2382 2480 2510 2509 autern

1452 2530 1736 2560 sacramentum
1764 2523 1926 2572 pertinet
1953 2524 2004 2560 ad
2029 2535 2143 2561 suave
2163 2526 2292 2574 iugum
2311 2525 2331 2546 ²⁸
2360 2524 2510 2571 Christi,

1452 2584 1489 2613 et
1516 2575 1567 2613 ad
1593 2575 1792 2612 veritatem
1818 2575 1897 2613 iam
1924 2576 2218 2623 manifestatam,
2248 2586 2284 2614 et
2312 2579 2360 2615 ad
2387 2590 2511 2627 popu-

1451 2630 1534 2666 lum
1563 2628 1808 2678 spiritualem.
1837 2629 1950 2666 Unde
1978 2641 2058 2666 non
2081 2638 2178 2666 esset
2196 2630 2354 2668 materia
2372 2643 2511 2668 conve-

1452 2681 1561 2719 niens
1589 2681 1706 2718 huius
1734 2681 1960 2718 sacramenti
1986 2682 2096 2731 panis
2124 2684 2373 2720 hordeaceus.

1506 2736 1563 2771 An
1589 2746 1779 2772 SECUNDUM
1806 2746 1987 2772 DICENDUM
2015 2735 2122 2784 quod
2149 2747 2334 2783 generans
2360 2745 2514 2784 generat

1453 2787 1524 2824 sibi
1543 2786 1666 2824 simile
1685 2786 1697 2812 t
1716 2786 1755 2823 in
1775 2787 1920 2836 specie:
1949 2787 1992 2823 fit
2010 2795 2140 2824 tamen
2159 2788 2366 2838 aliquando
2386 2789 2514 2839 aliqua

1454 2839 1721 2877 dissimilitudo
1749 2838 1962 2887 generantis
1981 2840 2029 2876 ad
2048 2840 2219 2888 genitum
2247 2849 2437 2890 quantum
2464 2843 2514 2879 ad

1454 2891 1672 2939 accidentia,
1695 2893 1757 2929 vel
1782 2899 1939 2941 propter
1956 2892 2167 2940 materiam,
2187 2895 2249 2930 vel
2274 2902 2432 2943 propter
2449 2894 2513 2931 de-

1454 2944 1636 2982 bilitatem
1662 2944 1810 2982 virtutis
1827 2944 2076 2992 generativae.
2106 2947 2155 2983 Et
2172 2945 2274 2992 ideo,
2293 2946 2324 2983 si
2342 2959 2420 2996 qua
2437 2947 2512 2984 fru-

1454 3005 1584 3034 menta
1612 3005 1700 3034 sunt
1727 3009 1827 3046 quae
1855 3010 1902 3034 ex
1927 2997 2073 3035 semine
2092 2998 2201 3035 tritici
2228 2999 2398 3047 generari
2425 3012 2512 3050 pos-

1455 3058 1562 3096 sunt,
1597 3049 1692 3087 sicut
1719 3061 1766 3087 ex
1792 3061 1911 3098 grano
1931 3056 1949 3078 ’¹
1978 3050 2164 3088 seminato
2197 3050 2237 3088 in
2268 3052 2378 3089 malis
2404 3052 2513 3090 terris

1454 3102 1621 3140 nascitur
1648 3102 1766 3152 siligo,
1799 3114 1846 3140 ex
1873 3102 1935 3140 tali
1962 3103 2154 3141 frumento
2182 3103 2292 3153 panis
2319 3105 2514 3143 confectus

1455 3242 1508 3268 qua
1526 3235 1691 3260 communius
1715 3235 1834 3260 homines
1858 3238 1972 3260 utuntur
1995 3233 2172 3268 (communius
2195 3238 2284 3260 autem
2310 3238 2423 3260 utuntur
2445 3235 2514 3260 addit

1456 3271 1557 3304 margo)
1575 3270 1693 3296 homines
1706 3277 1779 3302 pane
1798 3270 1902 3296 triticeo
1908 3277 1918 3300 ‚·
1935 3271 1977 3296 ed.
1995 3277 2026 3295 a:
2046 3270 2161 3295 materia
2178 3277 2231 3303 qua
2247 3271 2412 3296 communius
2430 3270 2514 3295 homi-

1456 3313 1502 3332 nes
1521 3309 1648 3336 manner,-
1667 3306 1713 3331 sed
1727 3306 1809 3338 panis
1828 3306 1948 3331 triticeus
1965 3308 2005 3331 est
2022 3305 2100 3334 tah'u
2118 3313 2180 3330 nam
2198 3311 2246 3331 etc.

1509 3341 1531 3375 ε)
1553 3342 1613 3372 Qui.
1631 3355 1650 3360 —
1667 3341 1724 3366 FsE
1742 3348 1760 3366 a
1777 3347 1803 3366 et
1820 3342 1894 3367 tertia
1912 3346 2013 3374 praeter
2030 3341 2069 3372 H3
2090 3341 2168 3371 Quod
2186 3341 2300 3373 ABCpE.
2317 3341 2386 3372 Quia
2401 3341 2432 3371 D,
2446 3347 2514 3374 quae

1457 3377 1489 3403 H.
1507 3391 1527 3396 -
1544 3378 1611 3402 Ante
1629 3377 1766 3410 consor-tat
1784 3377 1803 3401 F
1823 3382 1848 3402 et
1866 3376 1939 3401 tertia
1958 3377 2053 3401 addunt
2072 3376 2168 3409 magis.

1509 3412 1535 3441 ζ)
1554 3412 1648 3437 simile.
1665 3425 1684 3430 —
1702 3411 1793 3437 PFIsD
1813 3417 1838 3436 et
1854 3419 1901 3442 ac;
1925 3412 2047 3437 similem.
2064 3426 2083 3430 -
2100 3411 2245 3444 aliquando
2269 3419 2321 3437 om.
2346 3411 2398 3445 lpG
2418 3416 2443 3435 et
2461 3410 2515 3435 edi-

1455 3449 1547 3474 tiones.

1509 3484 1535 3517 η)
1555 3490 1651 3516 grano.
1669 3496 1688 3501 —
1706 3483 1791 3508 tritici
1809 3483 1878 3508 addit
1896 3483 1924 3508 P.
1944 3482 1982 3507 Cf.
2002 3491 2018 3507 ι.

2528 1427 2538 1437 ·
2548 1426 2599 1447 Art.
2611 1432 2634 1451 ις
2649 1431 2688 1453 qu.
2702 1431 2740 1453 Lx,

2529 1456 2570 1474 art.
2586 1458 2607 1479 7,
2623 1451 2652 1473 ad
2666 1457 2687 1473 2.

2535 2212 2545 2222 ·
2561 2211 2607 2238 Qu.
2621 2216 2668 2232 ιιι.

2538 2528 2548 2539 ·
2561 2527 2642 2549 Matth.
2657 2532 2706 2554 cap.
2716 2532 2748 2553 xi,

2538 2560 2597 2576 vers.
2612 2560 2648 2582 3⁰·
