2918 4088
481 172 552 219 154

474 251 550 287 hoc
578 257 827 298 sacramento,
857 257 893 287 et
920 250 1014 288 nihil
1042 262 1247 299 apponere.
1284 250 1359 287 Sed
1387 261 1467 285 non
1492 247 1531 283 li-

475 310 533 340 cet
559 302 654 340 nihil
686 314 893 352 apponere.
937 304 1038 351 Ergo
1073 315 1153 339 non
1181 302 1264 339 licet
1297 313 1437 351 parum
1464 311 1531 348 ap-

474 367 631 404 ponere.

530 408 564 445 3.
594 409 833 456 PRAETEREA‚
868 409 898 446 si
927 408 1115 446 sufficeret
1151 418 1290 456 parum
1322 416 1529 454 apponere,

474 472 543 509 per
570 473 810 510 consequens
830 469 926 499 esset
945 460 1136 498 sufficiens
1156 459 1263 508 quod
1285 465 1389 505 gutta
1407 469 1531 506 aquae

475 513 515 550 in
542 521 667 551 totum
694 515 842 552 dolium
874 513 1130 563 proficeretur.
1175 511 1251 548 Sed
1280 512 1355 547 hoc
1381 510 1532 546 videtur

475 566 691 604 ridiculum.
725 568 826 615 Ergo
854 578 934 603 non
962 564 1100 602 sufficit
1128 564 1235 613 quod
1262 575 1382 612 parva
1410 574 1531 612 quan-

333 617 347 651 β
474 618 558 656 titas
584 627 751 668 ponatur
769 619 794 656 β.

529 672 602 709 SED
631 685 774 709 CONTRA
801 683 866 708 EST
891 670 997 719 quod
1019 670 1146 714 Extra,
1169 669 1215 705 de
1237 669 1416 705 celebrat.
1436 670 1532 706 Mis-

473 736 547 761 sar.
575 724 613 771 ²¹²,
643 724 799 761 dicitur:
835 724 1067 760 perniciosus
1103 724 1139 758 in
1175 723 1244 758 tuis
1273 723 1443 770 partibus
1477 723 1531 759 in-

474 777 581 814 olevit
608 779 758 822 abusus,
787 777 950 814 videlicet
978 775 1076 823 quod
1102 776 1139 811 in
1168 775 1308 811 maiori
1334 777 1533 823 quantitate

474 829 519 866 de
537 842 634 878 aqua
651 831 801 878 ponitur
828 830 864 865 in
892 829 1077 876 sacrificio
1098 840 1209 876 quam
1237 828 1282 864 de
1300 829 1406 865 vino:
1433 840 1530 875 cum,

472 882 672 918 secundum
708 881 964 918 rationabilem
1008 881 1307 917 consuetudinem
1345 882 1535 919 Ecclesiae

473 935 670 984 generalis,
686 935 771 983 plus
799 936 835 970 in
864 936 942 982 ipso
969 934 1014 969 sit
1041 933 1087 970 de
1113 935 1200 971 vino
1221 946 1333 983 quam
1361 935 1407 971 de
1434 948 1532 984 aqua

469 987 694 1036 ponendum.

526 1041 748 1076 RESPONDEO
767 1051 949 1076 DICENDUM
969 1040 1076 1088 quod
1103 1039 1202 1077 circa
1230 1052 1374 1090 aquam
1400 1041 1532 1078 adiun-

473 1099 573 1128 ctam
600 1091 711 1137 vin0‚
740 1099 782 1128 ut
809 1092 1054 1129 Innocentius
1082 1093 1127 1130 III
1156 1092 1263 1139 dicit,
1290 1093 1330 1130 in
1362 1095 1533 1143 quadam

236 1153 311 1200 AEgp-
314 1151 447 1200 ‘1⁶22ssssss
473 1143 659 1180 Decretali
677 1144 709 1190 ²¹⁶,
729 1144 865 1193 triplex
892 1152 948 1181 est
976 1145 1121 1194 opinio.
1153 1146 1323 1193 Quidam
1354 1147 1458 1184 enim
1479 1147 1534 1184 di-

235 1196 332 1227 Miss’ar·
439 1193 445 1200 ’
472 1203 564 1233 cunt
600 1197 706 1245 quod
735 1210 837 1246 aqua
873 1198 1053 1235 adiuncta
1086 1198 1181 1236 vino
1209 1211 1279 1248 per
1307 1212 1347 1236 se
1383 1208 1533 1247 manet,

471 1248 563 1286 vino
583 1261 771 1287 converso
800 1250 840 1287 in
859 1250 1098 1299 sanguinem.
1119 1274 1144 1278 —
1174 1252 1251 1289 Sed
1277 1253 1374 1289 haec
1402 1253 1534 1302 opinio

473 1302 633 1339 omnino
670 1311 766 1341 stare
803 1316 884 1340 non
911 1311 1046 1353 potest.
1082 1304 1186 1351 Quia
1220 1305 1260 1342 in
1288 1314 1534 1343 sacramento

472 1355 618 1403 Altaris‚
639 1364 725 1405 post
753 1356 1094 1404 consecrationem⁷
1114 1357 1209 1394 nihil
1228 1366 1284 1395 est
1301 1358 1374 1395 nisi
1393 1371 1534 1408 corpus

473 1415 509 1444 et
528 1409 680 1457 sanguis
701 1409 859 1447 Christi:
881 1409 978 1446 sicut
995 1410 1226 1448 Ambrosius
1254 1411 1355 1458 dicit,
1375 1411 1416 1448 in
1437 1412 1535 1450 libro

235 1468 295 1516 353³
302 1467 447 1515 AEtffl'i:
473 1461 518 1498 de
540 1462 680 1510 Officiis
697 1462 734 1499 *z
754 1464 851 1500 Ante
869 1463 1158 1501 benedictionem
1177 1464 1252 1501 alia
1271 1470 1287 1493 Υ
1313 1467 1451 1515 species
1470 1478 1535 1503 no-

236 1521 447 1569 gagg-{hynggj
472 1516 653 1562 minatur,
682 1522 767 1565 post
800 1517 1088 1554 benedictionem
1123 1530 1259 1567 corpus
1289 1519 1533 1568 signficatur.

236 1563 447 1622 ’ἑῑξξζζῇπᾟὰᾒε
473 1567 655 1617 Alioquin
680 1581 761 1606 non
780 1570 1005 1607 adoraretur
1023 1568 1036 1592 ὅ
1064 1570 1312 1608 veneratione
1341 1571 1481 1609 latriae.

332 1616 355 1672 ξ
407 1616 412 1621 ’
440 1615 445 1621 ’
527 1621 575 1657 Et
602 1621 690 1659 ideo
719 1622 781 1659 alii
808 1622 986 1660 dixerunt
1013 1623 1133 1672 quod,
1155 1623 1254 1661 sicut
1279 1624 1418 1662 vinum
1446 1637 1537 1663 con-

334 1671 348 1688 ο
473 1673 631 1711 vertitur
666 1675 706 1712 in
734 1675 980 1724 sanguinem,
1011 1676 1062 1714 ita
1096 1689 1199 1726 aqua
1236 1678 1471 1716 convertitur
1497 1678 1537 1715 in

234 732 246 744 *
261 730 317 759 Cap.
328 730 448 752 Pernicio-

237 763 284 779 ms.

528 1807 554 1877 βξ
568 1808 696 1840 ponatur.
714 1822 734 1827 —-
751 1812 904 1840 apponatur
923 1808 996 1834 PEF.

527 1851 543 1877 γ
573 1844 637 1869 alia.
654 1858 674 1862 —
692 1844 738 1869 illa
757 1845 785 1870 P.
805 1844 843 1870 Cf.
863 1852 908 1877 qu.
921 1852 977 1877 seq.
992 1849 1038 1870 art.
1053 1844 1076 1869 3.
1090 1852 1115 1870 α.
1128 1859 1148 1864 -
1165 1845 1206 1870 Ad
1223 1853 1329 1878 cor-pus,
1343 1846 1420 1872 Alias
1438 1853 1535 1879 corpus

477 1879 578 1904 Christi
594 1887 684 1912 margo
702 1880 731 1905 P.

1110 173 1372 220 QUAESTIO
1400 171 1576 218 LXXIV,
1605 170 1898 208 ARTICULUS
1925 171 2007 207 VIII

1585 260 1728 296 aquarn
1755 259 1856 296 quae
1884 248 1931 284 de
1960 250 2074 286 latere
2104 249 2243 288 Christi
2270 252 2435 290 fluxit..-
2464 254 2541 292 Sed
2569 255 2645 291 hoc

1584 313 1665 337 non
1683 305 1695 321 ⁸
1724 300 1994 338 rationabiliter
2021 301 2095 338 dici
2122 310 2256 351 potest.
2293 305 2396 352 Quia
2427 308 2644 345 secundum

1586 354 1679 399 hoc,
1710 365 1812 402 aqua
1839 365 2016 391 seorsum
2044 365 2332 394 consecraretur
2359 371 2381 395 a
2407 359 2519 408 vino,
2548 360 2645 398 sicut

1585 405 1723 442 vinum
1750 418 1773 442 a
1800 418 1912 455 pane.

1639 459 1687 495 Et
1714 458 1814 505 ideo,
1835 459 1933 496 sicut
1951 459 2032 509 ipse
2051 459 2071 481 '¹‘
2099 460 2199 508 dicit,
2220 462 2385 500 aliorum
2405 465 2537 514 opinio
2556 478 2645 516 pro-

1585 511 1748 548 babilior
1766 519 1832 558 est,
1848 512 1915 561 qui
1934 512 2066 549 dicunt
2085 525 2229 562 aquam
2247 517 2419 554 converti
2436 517 2477 554 in
2494 518 2644 565 vinum,

1586 572 1623 601 et
1649 564 1788 601 vinum
1821 565 1861 602 in
1896 565 2135 614 sanguinem.
2178 567 2266 604 Hoc
2293 576 2424 606 autem
2453 570 2538 608 fieri
2565 583 2646 610 non

1585 625 1715 667 posset
1736 617 1809 654 nisi
1836 618 1934 655 adeo
1963 619 2164 656 modicum
2183 630 2443 670 apponeretur
2468 624 2518 660 de
2545 636 2647 673 aqua

1586 671 1694 720 quod
1728 678 2015 709 converteretur
2041 671 2082 709 in
2109 672 2257 710 vinum.
2297 674 2346 711 Et
2378 675 2466 712 ideo
2493 688 2648 726 semper

1586 723 1703 761 tutius
1723 731 1778 760 est
1795 736 1936 773 parum
1964 725 2012 762 de
2036 737 2138 774 aqua
2157 738 2366 775 apponere,
2386 735 2424 765 et
2440 729 2646 778 praecipue

1587 776 1618 813 si
1635 776 1774 814 vinum
1792 776 1838 814 sit
1856 777 1999 815 debile:
2030 778 2133 827 quia,
2154 779 2185 815 si
2203 787 2308 817 tanta
2330 779 2440 818 fieret
2457 782 2646 832 appositio

1586 842 1710 879 aquae
1739 830 1846 879 quod
1874 831 2086 868 solveretur
2113 831 2259 881 species
2286 832 2384 880 vini,
2412 846 2494 871 non
2519 842 2649 884 posset

1585 882 1720 932 perfici
1747 891 2044 921 sacramentum.
2074 885 2185 922 Unde
2213 885 2330 923 Iulius
2349 887 2455 936 Papa
2474 887 2494 909 *
2521 900 2648 938 repre-

1586 936 1720 973 hendit
1753 937 1946 986 quosdam
1974 937 2042 986 qui
2063 951 2237 987 pannum
2271 939 2410 977 lineum
2445 947 2565 978 musto
2593 944 2648 979 in-

1586 991 1738 1026 tinctum
1757 1002 1830 1039 per
1856 996 1971 1027 totum
1998 1003 2141 1028 annum
2167 998 2327 1039 servant,
2357 999 2392 1030 et
2417 995 2455 1031 in
2483 1000 2650 1044 tempore

1585 1044 1761 1090 sacrificii
1786 1055 1884 1092 aqua
1906 1049 2055 1092 partem
2083 1046 2160 1081 eius
2187 1045 2324 1092 lavant,
2344 1052 2378 1083 et
2403 1048 2456 1084 sic
2474 1047 2646 1096 offerunt.

1641 1096 1699 1132 An
1723 1107 1859 1133 PRIMUM
1884 1108 1983 1133 ERGO
2011 1109 2193 1135 met-:Noun
2222 1099 2329 1147 quod
2357 1099 2497 1136 sufficit
2524 1101 2574 1138 ad
2593 1100 2648 1138 <si-

1588 1147 1875 1196 gnificationem
1911 1148 2028 1186 huius
2064 1151 2291 1188 sacramenti
2325 1152 2432 1200 quod
2467 1153 2650 1191 sentiatur

1589 1213 1691 1250 aqua
1718 1201 1815 1237 dum
1843 1201 2050 1251 apponitur
2082 1202 2191 1240 vino:
2228 1215 2310 1240 non
2337 1212 2468 1242 autem
2500 1214 2650 1255 oportet

1589 1254 1696 1303 quod
1724 1253 1771 1299 sit
1798 1253 1983 1291 sensibilis
2010 1262 2098 1303 post
2125 1255 2364 1293 mixtionem.

1641 1307 1699 1343 Ao
1728 1308 1918 1344 SECUNDUM
1949 1319 2132 1345 mCENDUM
2159 1309 2279 1357 quod,
2300 1309 2331 1346 si
2358 1321 2461 1359 aqua
2487 1311 2650 1350 omnino

1589 1371 1670 1396 non
1698 1367 1968 1408 apponeretur,
1988 1360 2150 1397 totaliter
2173 1362 2438 1400 excluderetur
2465 1363 2651 1411 significa-

1589 1412 1660 1449 tio:
1690 1412 1770 1460 sed,
1799 1424 1892 1449 cum
1919 1425 2021 1462 aqua
2043 1413 2083 1450 in
2101 1413 2239 1451 vinum
2266 1415 2512 1462 convertitur,
2539 1417 2651 1465 signi-

1589 1465 1727 1502 ficatur
1754 1465 1862 1515 quod
1889 1468 2059 1516 populus
2088 1467 2240 1505 Christo
2264 1468 2542 1518 incorporatur.

1643 1520 1701 1555 AD
1728 1531 1888 1557 TERTmM
1915 1531 2098 1557 DICENDUM
2122 1521 2240 1570 quod,
2262 1521 2292 1558 si
2320 1534 2422 1572 aqua
2439 1534 2652 1572 apponere-

1590 1578 1652 1608 tur
1671 1571 1788 1618 dolio,
1807 1584 1888 1609 non
1907 1572 2099 1610 sufficeret
2125 1574 2175 1611 ad
2194 1574 2512 1622 significationem
2534 1577 2651 1615 huius

1590 1625 1834 1662 sacramenti:
1859 1626 1928 1663 sed
1947 1634 2098 1675 oportet
2115 1639 2260 1676 aquam
2277 1627 2370 1665 vino
2389 1629 2534 1679 apponi
2552 1629 2652 1668 circa

1590 1678 1716 1728 ipsam
1742 1678 2040 1716 celebrationem
2067 1680 2306 1718 sacramenti.

1641 1809 1667 1845 δ)
1685 1811 1857 1836 adoraretur.
1874 1825 1894 1830 -
1911 1811 2075 1837 adoraretur
2092 1812 2201 1837 omnino
2218 1812 2248 1844 F,
2267 1815 2352 1838 totum
2371 1813 2535 1840 adoraretur
2552 1815 2592 1841 ΡΙ.

1590 1846 1746 1908 sedqppon.
1763 1861 1783 1866 -
1800 1847 1864 1873 Om.
1886 1847 1934 1880 pC,
1960 1852 2019 1873 ante
2041 1851 2133 1880 potest
2159 1853 2260 1881 ponunt
2283 1849 2394 1875 Bonae
2411 1854 2438 1874 et
2455 1850 2493 1878 bc.
2519 1854 2567 1876 nec
2590 1855 2655 1884 post

2673 477 2886 532 stratu>-

2676 948 2796 976 Comecr„
2800 948 2887 971 dist-11.
