2918 4088
86 1030 304 1085 ⁴25³3¹311‹2⁸,‘1'{2¹¹i:1¹‘2f

91 1251 102 1263 ⁸
115 1250 184 1273 Vere.
200 1249 248 1272 1-6.

3 1326 4 1329 Ἴ
58 1336 223 1363 -·Ver⁸.4.

92 1559 186 1583 'Ven-
202 1566 222 1582 ι.

93 1604 105 1618 ·
117 1604 187 1628 Vsu.
201 1603 216 1628 8
229 1610 282 1633 uu.

53 1846 56 1850 .
94 1823 250 1855 ‘Aet-'eam
271 1831 308 1853 iv,

52 1890 55 1894 ¹
94 1857 255 1882 '‘fl-uvas·

61 1931 63 1934 .
95 1918 108 1930 ·
127 1916 217 1941 Secta.
237 1916 308 1940 ffler.

63 1960 65 1963 v
93 1949 148 1973 ‹ap-
162 1950 186 1972 v,
199 1944 210 1972 ς
223 1943 246 1972 ⁶,
260 1950 280 1972 7.

624 168 917 206 ARTICULUS
946 169 1015 206 DE
1043 168 1202 206 MODO
1231 167 1503 206 TRADENDI
1531 167 1638 205 AUT
1667 167 1960 204 RECIPIENDI
1990 168 2219 205 ORDINES

2437 168 2512 217 369

453 403 562 460 DE
600 403 821 460 MODO
860 402 1282 459 TRADENDI
1316 400 1490 457 AUT
1527 399 1998 457 RECIPIENDI
2036 401 2385 459 ORDINES

1009 481 1484 538 ARTICULUS
1522 481 1826 537 UNICUS

397 685 470 705 mea
492 680 687 706 sacramenta
707 679 773 704 tam
800 679 959 704 extremae
981 672 1143 702 unctionis
1162 680 1260 711 quam
1276 670 1396 701 ordinis

396 719 477 750 nihil
499 718 579 750 mihi
603 717 807 749 scribendum
830 717 984 752 occurrit,
1008 716 1088 751 nisi,
1113 716 1196 746 circa
1218 724 1396 745 sacramen-

331 769 401 794 tum
431 762 569 799 ordinis,
600 767 711 793 cautos
738 759 869 792 reddere
895 769 937 791 ne
963 760 1108 800 pertinax
1137 760 1309 800 quisquam
1341 764 1396 788 aut

331 808 409 839 levis
424 807 464 838 sit
479 807 562 837 circa
576 805 713 837 modum
727 804 871 836 tradendi
886 810 942 835 aut
955 803 1130 844 recipiendi
1146 803 1284 834 ordines.
1301 803 1394 838 Nam,

332 852 358 883 si
382 851 516 883 collecta
537 849 655 881 fuerint
677 859 760 890 quae
775 848 976 889 pontificales
993 847 1130 884 codices,
1151 856 1300 888 quaeque
1315 847 1394 877 ratio

332 896 567 935 auctoritasque
595 893 759 925 doctrinae
788 891 934 929 tradidit,
965 892 1085 923 incerta
1106 891 1198 923 valde
1221 892 1395 932 apparebit,

330 939 550 982 presbyteratu
573 943 719 978 excepto,
743 936 943 978 reliquorum
966 942 1078 967 natura
1101 936 1262 967 ordinum.

386 982 424 1014 11.
448 982 489 1014 Et
512 982 551 1014 de
573 982 752 1013 minoribus
776 979 907 1022 quidem
924 981 1089 1012 ordinibus
1106 986 1137 1012 et
1152 980 1395 1017 subdiaconatu,

331 1027 480 1068 Magister
495 1026 741 1062 Sententiarum,
756 1026 791 1056 in
806 1035 879 1056 xx1v
897 1025 1100 1056 distinctione
1116 1025 1160 1056 1V
1175 1025 1262 1056 Sent.
1276 1027 1302 1062 *‚
1319 1025 1396 1057 dicit

331 1071 494 1105 institutos
518 1081 587 1103 esse
611 1071 650 1102 ab
673 1069 830 1102 Ecclesia.

386 1115 436 1147 De
467 1115 638 1147 diaconatu
664 1124 742 1146 vero
772 1115 960 1155 ambiguum
989 1114 1090 1155 magis
1121 1119 1178 1145 est.
1213 1114 1299 1153 Quia
1328 1124 1396 1145 non

331 1165 456 1192 constat
479 1169 518 1191 ex
539 1160 670 1191 Actibus
692 1160 922 1200 Apostolorum
946 1158 1101 1189 diaconos
1116 1159 1230 1195 altaris,
1254 1158 1310 1190 sed
1330 1158 1396 1190 dia-

332 1214 434 1237 conos
456 1214 640 1236 mensarum
664 1209 695 1235 et
717 1202 886 1235 viduarum
901 1203 1064 1234 institutos
1080 1212 1148 1234 esse
1164 1204 1203 1233 ab
1218 1203 1395 1244 Apostolis,

332 1251 402 1281 Act.
423 1259 455 1280 VI
474 1250 501 1280 ³.
537 1249 627 1287 Quin
658 1249 766 1289 potius
797 1249 986 1289 oppositum
1014 1248 1059 1278 ibi
1082 1247 1211 1278 dicitur:
1241 1249 1397 1288 quoniam

332 1293 461 1326 diaconi
483 1293 587 1325 altaris
613 1291 657 1324 ad
680 1292 841 1324 orandum
867 1298 899 1323 et
914 1291 1172 1333 praedicandum
1200 1292 1396 1329 ordinantur,

333 1345 370 1370 ut
392 1339 425 1369 in
443 1336 686 1379 ‘pontificalibus
708 1342 814 1378 patet;
837 1337 883 1367 ibi
897 1347 974 1368 vero
991 1336 1102 1368 dicunt
1116 1337 1266 1377 Apostoli
1278 1338 1304 1374 *‚
1326 1337 1398 1368 Nos

333 1393 411 1415 vero
435 1383 578 1414 orationi
601 1387 633 1413 et
653 1381 832 1414 ministerio
856 1382 944 1413 verbi
967 1382 1122 1412 instantes
1144 1382 1274 1412 erimus.
1306 1381 1398 1420 Quo-

334 1428 427 1464 circa,
450 1428 525 1458 licet
547 1433 625 1458 tunc
647 1436 716 1457 non
732 1426 850 1457 fuerint
865 1425 992 1457 diaconi
1007 1426 1111 1456 altaris
1126 1426 1271 1462 instituti,
1287 1425 1398 1457 viden-

333 1477 385 1503 tur
406 1478 515 1503 tamen
537 1471 576 1502 ab
599 1470 764 1511 Apostolis
786 1470 932 1506 instituti.
956 1470 1030 1501 licet
1044 1470 1204 1501 nesciatur
1218 1470 1349 1511 quando
1366 1475 1408 1501 et·

333 1516 400 1548 ubi.
424 1516 530 1557 Iungit
553 1514 713 1556 siquidem
735 1514 890 1545 diaconos
913 1515 1072 1555 episcopis
1095 1514 1231 1551 Paulus,
1259 1514 1303 1546 ad
1324 1515 1398 1546 Phi-

335 1560 410 1602 lipp.
427 1571 438 1591 1
452 1562 480 1597 '‚
497 1559 615 1596 dicens,
643 1559 797 1590 Omnibus
814 1559 935 1590 sanctis
958 1559 991 1589 in
1011 1559 1138 1590 Christo
1155 1558 1229 1590 Iesu
1249 1559 1305 1600 qui
1323 1564 1399 1590 sunt

334 1605 498 1646 Philippis,
522 1614 594 1635 cum
617 1603 773 1644 episcopis
795 1609 827 1634 et
847 1603 1057 1634 diaconibus:
1080 1608 1111 1634 et
1134 1603 1147 1633 1
1165 1603 1209 1634 ad
1228 1604 1307 1634 Tim.
1324 1605 1397 1640 m',

335 1648 494 1690 descripto
519 1649 692 1689 episcopo,
724 1647 872 1678 describit
895 1648 997 1688 qualis
1024 1647 1119 1678 debet
1141 1657 1209 1678 esse
1233 1648 1398 1679 diaconus.

334 1693 376 1726 Et
399 1694 476 1734 quia
498 1694 610 1724 ambae
625 1691 798 1728 Ecclesiae,
815 1692 934 1723 scilicet
949 1692 1162 1733 Philippensis
1178 1698 1209 1723 et
1223 1693 1398 1733 Ephesina‚

335 1738 427 1770 cuius
450 1743 516 1769 erat
538 1736 731 1768 Timotheus
755 1737 936 1777 episcopus,
961 1742 1049 1767 erant
1072 1736 1223 1768 ecclesiae
1241 1737 1397 1777 gentium,

334 1783 369 1814 in
392 1783 509 1823 quibus
539 1791 607 1813 non
629 1781 765 1821 legimus
788 1781 901 1811 vixisse
933 1781 967 1811 in
990 1781 1157 1812 communi
1181 1780 1397 1818 Christianos,

334 1832 372 1858 ut
393 1826 628 1868 Hierosolymis
644 1827 671 1862 *,
696 1835 733 1856 ac
754 1835 812 1866 per
827 1825 900 1862 hoc,
916 1835 985 1856 non
1000 1825 1135 1865 egebant
1151 1825 1293 1856 diaconis
1308 1835 1398 1857 men-

335 1881 443 1904 sarum
466 1876 497 1902 et
518 1869 698 1906 viduarum,
722 1868 796 1900 ideo
820 1869 948 1900 diaconi
970 1869 1075 1900 altaris
1089 1868 1238 1900 videntur
1253 1879 1321 1901 esse
1336 1871 1398 1902 isti.

334 1915 377 1948 Et
392 1914 600 1947 confirmatur
615 1924 653 1945 ex
669 1914 837 1955 Dionysio,
854 1919 996 1954 ponente
1011 1915 1028 1931 ⁴*
1051 1913 1237 1945 diaconatus
1253 1914 1399 1947 ordinem

334 1961 369 1993 in
391 1961 551 2002 primiu‘va
574 1959 716 1990 ecclesia.
740 1957 834 1990 Unde
857 1958 1062 1989 diaconatum
1085 1959 1124 1988 ab
1144 1958 1310 1998 Apostolis
1333 1969 1400 1991 cre-

336 2005 442 2038 dimus
465 2004 620 2044 coepisse.

390 2048 442 2086 Et,
460 2047 549 2089 quod
571 2048 672 2088 magis
695 2053 796 2087 urget,
812 2047 900 2078 nulla
914 2046 1039 2077 videtur
1060 2052 1143 2077 certa
1162 2046 1266 2078 forma
1285 2048 1319 2079 in
1335 2047 1400 2079 dia-

336 2099 465 2126 conatu.
489 2093 573 2124 Nam
592 2091 771 2122 secundum
787 2092 919 2132 antiqua
934 2090 1130 2131 pontificalia
1152 2092 1316 2132 impositio
1331 2101 1399 2123 ma-

335 2148 440 2170 nuum
463 2147 559 2178 super
582 2136 756 2167 diaconum
786 2145 855 2166 non
878 2135 973 2166 habet
999 2141 1118 2166 certam
1141 2137 1314 2167 verborum
1335 2126 1401 2167 fo}-

335 2192 442 2219 mam,
466 2183 527 2213 nisi
559 2181 739 2211 orationem
760 2180 864 2217 illam,
887 2180 1022 2215 Emitte,
1049 2190 1258 2221 quaesumus,
1288 2181 1320 2211 in
1344 2191 1401 2212 eos

335 2227 490 2259 Sanctum
513 2224 768 2266 Spiritquetc„
793 2234 876 2265 quae
899 2224 1077 2255 secundum
1100 2234 1185 2255 nova
1203 2224 1400 2265 pontificalia

335 2277 411 2312 post
432 2270 674 2311 impositionem
690 2278 846 2299 manuum
862 2268 996 2299 dicenda
1012 2274 1068 2299 est.
1093 2269 1189 2299 Datio
1205 2275 1313 2300 autem
1329 2270 1400 2301 libri

335 2315 586 2356 Evangeliorum
609 2319 727 2344 certam
750 2313 845 2343 habet
867 2312 1005 2343 formam
1027 2313 1219 2344 verborum:
1244 2313 1300 2344 sed
1322 2320 1399 2345 tunc

335 2369 404 2390 non
426 2359 567 2399 imprimi
591 2358 803 2388 characterem
827 2366 864 2388 ex
888 2367 928 2388 eo
951 2357 1076 2388 videtur
1098 2357 1202 2398 quod,
1227 2363 1399 2398 antequam

336 2403 547 2444 Evangelium
570 2401 702 2442 aliquod
725 2407 806 2432 esset
829 2402 992 2442 scriptum,
1021 2401 1149 2432 diaconi
1172 2403 1210 2432 ab
1234 2402 1399 2443 Apostolis

335 2447 483 2478 videntur
506 2446 652 2482 ordinati,
668 2455 735 2476 non
752 2445 903 2482 dicendo,
923 2446 1039 2487 Accipe
1055 2451 1247 2487 potestatem
1271 2447 1400 2488 legendi

334 2491 563 2533 Evangelium,
580 2490 645 2526 sed,
662 2495 698 2520 ut
721 2489 866 2527 creditur,
886 2500 944 2531 per
966 2491 1208 2531 impositionem
1231 2501 1397 2522 manuum.

391 2536 480 2567 Idem
503 2544 636 2575 quoque
659 2538 790 2574 apparet
812 2534 846 2565 in
861 2534 1111 2566 subdiaconatu:
1136 2535 1169 2565 in
1185 2545 1252 2575 quo
1272 2535 1399 2566 nullum

335 2579 520 2620 pontificale
543 2580 638 2610 habet
659 2578 720 2608 nisi
742 2579 908 2609 materiam
931 2580 998 2610 sine
1021 2579 1138 2616 forma,
1163 2580 1282 2611 scilicet
1305 2579 1398 2610 tradi-

335 2624 460 2656 tionem
482 2624 589 2655 calicis
611 2622 714 2658 vacui,
733 2628 792 2653 etc.

1504 671 1613 700 Taceo
1637 670 1677 700 de
1700 669 1878 700 minoribus
1894 668 2077 699 ordinibus:
2102 669 2135 698 in
2151 669 2269 708 quibus
2284 670 2416 699 varietas
2432 671 2515 700 mul-

1448 715 1547 755 tiplex
1569 715 1732 744 invenitur
1754 714 1851 743 etiam
1873 713 1955 743 inter
1978 713 2110 752 antiqua
2127 712 2335 752 pontificalia.

1504 759 1552 789 Ex
1575 759 1692 798 quibus
1716 762 1847 797 apparet
1870 756 1960 797 quod
1983 756 2169 787 huiusmodi
2185 757 2313 787 ordines
2337 767 2515 788 sacramen-

1448 803 1522 833 talia
1550 802 1708 843 quaedam
1730 801 1898 837 videntur,
1926 802 2026 841 magis
2050 810 2148 841 quam
2171 807 2377 832 sacramenta.
2413 802 2454 832 Et
2477 802 2516 832 ad

1449 847 1513 878 hoc
1528 847 1617 878 ducit
1631 847 1722 877 ratio.
1747 845 1832 884 Quia
1848 855 1906 886 per
1921 846 2048 876 nullum
2065 845 2226 876 dictorum
2242 846 2394 877 ordinum
2409 852 2517 886 potest

1450 891 1614 923 ordinatus
1641 896 1749 922 actum
1773 890 1914 930 aliquem
1941 891 2016 930 qui,
2049 891 2075 921 si
2098 890 2166 920 sine
2193 890 2250 920 illo
2277 890 2389 921 ordine
2416 890 2515 926 fieret,

1450 942 1531 967 esset
1554 936 1679 966 nullus:
1703 941 1740 966 ut
1762 940 1850 975 patet
1873 934 2079 965 discurrendo
2103 944 2161 975 per
2184 935 2326 974 singulos
2342 940 2431 966 actus
2451 935 2517 965 dia—

1451 981 1525 1012 coni
1549 987 1580 1011 et
1602 980 1802 1011 inferiorum.

1504 1025 1545 1056 Et
1567 1035 1625 1066 per
1647 1026 1730 1055 hanc
1753 1025 1911 1055 rationem
1934 1024 2138 1064 episcopatus
2160 1023 2285 1054 videtur
2308 1023 2408 1054 ordo:
2441 1023 2517 1063 quia

1451 1071 1593 1111 aliquem
1616 1075 1724 1100 actum
1747 1074 1854 1110 potest
1877 1069 2050 1108 episcopus
2073 1069 2140 1108 qui,
2164 1078 2182 1098 a
2204 1069 2448 1108 non-episcopo
2469 1067 2516 1098 fa-

1451 1121 1530 1151 ctus,
1547 1115 1656 1146 nullus
1679 1119 1741 1150 est;
1765 1118 1801 1144 ut
1823 1112 2023 1149 confirmare,
2039 1113 2283 1153 praesupposita
2308 1113 2438 1143 veritate
2462 1111 2517 1142 de-

1451 1160 1573 1190 cretalis
1597 1159 1702 1195 Extra,
1726 1158 1766 1189 de
1791 1157 2045 1194 Consuetudine,
2070 1167 2139 1197 cap.
2167 1157 2309 1193 Quanto.

1506 1204 1558 1234 111.
1582 1204 1671 1234 Haec
1695 1208 1803 1233 autem
1826 1203 1888 1233 sint
1911 1202 2046 1232 collecta
2067 1211 2136 1232 non
2155 1211 2192 1231 ea
2207 1202 2330 1232 ratione
2346 1207 2382 1232 ut
2397 1209 2516 1231 novam

1450 1249 1586 1279 velimus
1609 1248 1752 1288 ingerere
1775 1246 1954 1278 doctrinam
1977 1246 2016 1277 de
2032 1251 2231 1276 sacramento
2247 1245 2384 1276 ordinis:
2409 1244 2465 1276 sed
2481 1251 2517 1276 ut

1452 1293 1566 1324 doctus
1590 1293 1728 1333 quisque
1757 1292 1912 1332 percipiat
1933 1290 2192 1322 incertitudinem
2215 1290 2366 1320 materiae
2389 1289 2429 1320 de
2452 1299 2517 1330 qua

1451 1343 1498 1368 est
1521 1347 1636 1373 sermo,
1661 1342 1692 1367 et
1715 1345 1783 1366 non
1806 1335 1882 1366 velit
1900 1336 1977 1376 plus
1998 1344 2112 1375 sapere
2133 1345 2230 1376 quam
2247 1339 2374 1375 oportet
2392 1343 2516 1374 sapere,

1450 1382 1507 1414 sed
1524 1390 1638 1422 sapere
1653 1381 1696 1412 ad
1710 1380 1915 1412 sobrietatem
1930 1381 1964 1415 *;
1988 1380 2051 1410 hoc
2071 1385 2127 1416 est,
2145 1385 2181 1410 ut
2195 1379 2235 1409 sit
2251 1384 2422 1410 contentus
2438 1388 2517 1409 con-

1452 1432 1543 1458 sueto
1567 1425 1744 1466 pontificali
1767 1425 1918 1455 ecclesiae
1941 1425 1974 1454 in
1998 1433 2062 1464 qua
2085 1423 2259 1454 ordinatur.
2283 1423 2324 1454 Et
2347 1423 2374 1454 si
2396 1422 2517 1463 aliquid

1451 1471 1547 1502 fuerit
1570 1471 1726 1501 omissum
1749 1478 1864 1500 eorum
1894 1477 1977 1508 quae
2001 1478 2039 1499 ex
2061 1469 2154 1499 novis
2177 1467 2415 1508 pontificalibus
2442 1474 2517 1498 sunt

1452 1515 1567 1551 addita,
1591 1520 1669 1555 puta
1692 1514 1768 1554 quia
1789 1523 1857 1544 non
1881 1518 1928 1543 est
1950 1512 2042 1543 datus
2065 1512 2263 1543 subdiacono
2287 1512 2366 1542 liber
2389 1512 2517 1552 Episto-

1451 1560 1555 1591 larum
1578 1568 1653 1590 cum
1676 1558 1737 1588 illis
1755 1558 1868 1594 verbis,
1885 1557 2001 1597 Accipe
2017 1557 2144 1592 librum,
2162 1562 2240 1593 etc.;
2263 1566 2332 1587 non
2347 1562 2517 1597 propterea

1452 1604 1594 1644 suppleri
1617 1608 1746 1643 oportet
1767 1602 1802 1632 in
1825 1602 1885 1632 alia
1907 1601 2109 1632 ordinatione
2132 1600 2319 1631 huiusmodi
2343 1601 2515 1631 omissum:

1451 1647 1639 1679 huiusmodi
1663 1647 1750 1677 enim
1772 1655 1858 1676 nova
1881 1645 2001 1676 additio
2025 1655 2093 1676 non
2116 1645 2191 1676 facit
2214 1646 2319 1685 legem
2341 1655 2471 1676 novam.

1507 1693 1576 1723 Nec
1598 1691 1679 1722 mihi
1702 1690 1816 1730 aliquis
1832 1690 1961 1720 obiiciat
1976 1690 2164 1730 oppositum
2180 1699 2233 1720 me
2249 1689 2324 1720 alibi
2345 1690 2516 1730 scripsisse,

1452 1737 1531 1768 dum
1554 1736 1594 1767 de
1617 1735 1776 1766 simultate
1800 1739 1967 1765 contactus
1989 1735 2023 1764 in
2041 1734 2147 1774 primo
2163 1734 2341 1772 Quolibeto
2356 1735 2373 1751 “
2396 1734 2516 1773 scripsi.

1452 1782 1543 1812 Haec
1566 1781 1653 1811 enim
1675 1789 1743 1810 non
1762 1778 1966 1824 adversaptur
1980 1778 2058 1809 illis:
2083 1779 2239 1818 quoniam
2254 1788 2322 1809 non
2338 1779 2399 1808 nisi
2414 1778 2454 1808 de
2470 1778 2518 1809 his

1453 1835 1594 1866 quorum
1618 1829 1783 1855 contactus
1799 1823 1895 1854 simul
1910 1832 1986 1854 cum
2001 1822 2170 1854 traditione
2186 1823 2219 1853 in
2235 1822 2413 1863 pontificali
2427 1831 2517 1854 man-

1453 1870 1555 1906 datur,
1579 1870 1708 1900 locutus
1731 1878 1813 1899 sum.

1508 1914 1562 1945 IV.
1586 1913 1704 1944 Tutius
1732 1918 1841 1943 tamen
1865 1922 1933 1943 esse
1961 1917 2086 1942 constat
2112 1912 2205 1952 sequi
2235 1913 2365 1952 antiqua
2387 1912 2518 1952 pontifi-

1454 1959 1532 1990 calia
1555 1959 1589 1989 in
1612 1958 1712 1988 tribus
1733 1956 1853 1988 infimis
1877 1955 2042 1987 ordinibus
2058 1966 2157 1997 quam
2172 1956 2376 1993 modernum,
2400 1957 2434 1988 in
2450 1967 2517 1997 quo

1454 2003 1596 2035 ostensio
1618 2002 1768 2033 materiae
1794 2001 1882 2041 prius
1905 2000 2073 2031 mandatur
2101 2011 2177 2032 cum
2199 2001 2322 2037 verbis,
2353 2006 2384 2032 et
2406 2007 2519 2042 postea

1453 2053 1556 2079 tactus
1579 2046 1739 2078 materiae.
1774 2046 1815 2076 Et
1839 2051 1923 2076 certe
1946 2045 2064 2076 mirum
2089 2051 2154 2082 est,
2182 2054 2258 2076 cum
2281 2051 2443 2076 corrector
2465 2046 2518 2077 ille

1453 2092 1623 2123 mutaven't
1645 2091 1826 2121 ministrum
1849 2090 1999 2120 materiae
2021 2090 2055 2120 in
2071 2090 2264 2130 acolythatu,
2282 2090 2402 2121 scilicet
2417 2091 2518 2121 archi—

1455 2136 1628 2167 diaconum
1643 2136 1678 2166 in
1693 2135 1894 2175 episcopum,
1907 2140 1943 2165 ut
1957 2135 2110 2165 tutiorem
2125 2135 2210 2164 viam
2226 2134 2365 2174 eligeret,
2379 2134 2469 2175 quod
2483 2135 2518 2165 in

1453 2179 1717 2221 praecedentibus
1740 2177 1905 2210 ordinibus
1932 2179 2034 2209 labori
2057 2179 2202 2219 episcopi
2227 2184 2353 2210 tanturn
2376 2180 2519 2220 pepercit

1454 2230 1490 2256 ut
1512 2225 1620 2255 minus
1642 2229 1744 2254 tutam
1767 2224 1852 2253 viam
1875 2223 2014 2263 eligeret.
2039 2223 2074 2253 ln
2090 2224 2229 2263 antiquis
2251 2223 2412 2263 siquidem
2434 2233 2518 2263 pon-

1452 2268 1621 2300 tificalibus
1651 2267 1864 2298 diversimode
1897 2267 1936 2298 de
1964 2268 2142 2298 minoribus
2171 2267 2336 2298 ordinibus
2366 2268 2517 2299 habetur:

1452 2323 1527 2344 nam
1540 2313 1656 2343 alicubi
1669 2311 1708 2342 de
1721 2312 1850 2342 ostiario
1868 2317 1898 2342 et
1913 2312 2032 2342 lectore
2048 2313 2192 2348 habetur,
2213 2312 2327 2343 Tradit
2337 2312 2397 2343 sibi
2412 2313 2519 2343 claves

1453 2358 1503 2389 vel
1526 2357 1643 2388 librum
1667 2357 1833 2397 episcopus
1863 2356 1993 2393 dicens;
2023 2356 2063 2387 de
2087 2357 2242 2387 exorcista
2264 2366 2341 2387 vero
2365 2357 2516 2393 habetur,

1452 2402 1598 2442 Accipiat
1620 2401 1737 2431 librum
1761 2400 1800 2431 de
1822 2410 1921 2431 manu
1944 2401 2084 2441 episcopi
2114 2401 2248 2431 dicentis
2270 2401 2351 2438 sibi‚·
2381 2401 2420 2431 de
2444 2411 2518 2432 aco-

1451 2447 1542 2487 lytho
1566 2451 1683 2482 autem,
1707 2445 1854 2485 Accipiat
1875 2445 2114 2481 candelabrum,
2133 2451 2210 2482 etc.‚
2234 2445 2274 2476 de
2289 2454 2387 2476 manu
2411 2446 2517 2476 archi-

1451 2491 1592 2527 diaconi,
1609 2490 1733 2521 dicente
1747 2490 1807 2521 sibi
1827 2490 1984 2530 episcopo.
2008 2490 2072 2520 Ubi
2087 2495 2218 2530 apparet
2233 2499 2359 2530 semper
2375 2491 2518 2520 simultas
2543 2498 2710 2525 wammam
2720 2498 2758 2519 Li—

1451 2534 1574 2566 formae
1598 2540 1630 2565 et
1647 2535 1815 2565 materiae:
1841 2540 1872 2564 et
1895 2533 1984 2575 quod
2007 2535 2139 2564 materia
2161 2543 2229 2565 non
2246 2540 2293 2565 est
2315 2535 2516 2571 monstratio,
2543 2524 2757 2579 ffl'ffi'ffs't‘e'ssffi

1451 2579 1507 2610 sed
1529 2579 1656 2610 traditio
1681 2584 1712 2609 et
1735 2579 1890 2619 acceptio.
1914 2579 2043 2609 Alicubi
2061 2588 2138 2609 vero
2162 2579 2296 2609 habetur
2319 2584 2355 2609 ut
2377 2579 2411 2609 in
2427 2589 2516 2609 novo
2543 2578 2567 2599 ¹¹1
2599 2579 2692 2603 ¹⁸¹¹¹²0k=
2710 2578 2757 2599 0¹²·

1450 2623 1627 2664 pontificali
1649 2629 1796 2664 tempore
1820 2623 1999 2654 Innocentii
2014 2623 2087 2653 VIII
2109 2624 2266 2663 impresso
2283 2624 2300 2640 *
2323 2623 2411 2663 legis.
2541 2604 2761 2659 iffig⁸⁸⁸v'di⁰‘⁰‘’

2542 1385 2553 1395 ·
2567 1383 2605 1404 Aa
2618 1383 2683 1404 Rom.
2705 1388 2758 1410 cap.

2543 1416 2583 1437 xn,
2598 1416 2659 1431 vers.
2673 1415 2693 1438 3.

2543 1737 2553 1746 ¹
2574 1734 2660 1762 Opurc.
2681 1734 2759 1756 Caiel.

2543 1766 2601 1783 torn.
2612 1761 2630 1787 I,
2641 1761 2680 1783 Tr.
2696 1767 2758 1782 xxvi.

2545 1800 2555 1804 -
2579 1787 2622 1809 Ed.
2649 1787 2758 1815 Lugdun.

2547 1815 2606 1842 1562.

478 3543 589 3568 Summa
609 3542 710 3568 Timor..
731 3543 760 3568 D.
779 3543 896 3567 TquAa
915 3542 946 3568 T.
962 3542 1003 3567 IX.

2335 3546 2370 3571 47
