2918 4088
428 168 479 214 46
1117 169 1381 216 QUAESTIO
1411 166 1550 215 LXIV,
1580 167 1873 206 ARTICULUS
1901 168 1936 204 V

1225 322 1542 366 ARTICULUS
1573 322 1831 375 QUINTUS

796 415 953 446 UTRUM
977 416 1059 446 PER
1083 416 1231 447 MALos
1254 416 1486 447 MlleTRos
1509 416 1807 447 SACRAMENTA
1831 415 2049 446 CONFERRI
2072 414 2251 446 Possum*

805 493 879 524 Infra,
899 499 946 520 art.
966 501 996 527 93
1016 494 1049 518 1V
1069 495 1153 524 Sent„
1173 495 1233 519 dist.
1251 503 1275 525 v,
1295 503 1339 527 qu.
1358 502 1386 525 n,
1405 499 1452 520 art.
1473 502 1496 526 2,
1516 495 1565 527 qu²
1587 501 1610 525 ι,
1632 502 1661 524 2;
1682 495 1739 520 dist.
1760 502 1802 523 vn,
1822 502 1864 527 qu.
1884 501 1921 523 ιιι,
1941 499 1987 519 art.
2008 500 2031 524 1,
2051 493 2100 526 qu*
2123 501 2146 525 1,
2166 494 2197 518 ad
2218 501 2248 524 23

1098 530 1131 554 1v
1152 531 1229 555 Cont.
1251 531 1338 559 Gent„
1358 538 1413 563 cap.
1432 537 1530 561 zxxv115
1549 530 1592 555 Ad
1611 530 1687 560 Heb„
1707 538 1763 562 cap.
1781 537 1825 559 vu,
1844 530 1902 555 lect.
1920 536 1949 555 11.

456 623 525 677 2⁰³³<
546 623 619 674 μζ(
643 620 666 645 D
690 619 851 652 Qum‘ruu
871 620 922 645 Sic
942 619 1178 645 Paocnuirua.
1205 608 1367 645 Videtur
1389 608 1496 657 quod
1552 608 1698 645 dietum
1713 616 1779 655 est,
1795 608 2096 645 instrumentum
2114 620 2196 644 non
2210 607 2284 656 agit
2298 610 2515 647 secundum
2529 623 2618 660 pro-

463 650 623 722 35¹⁸}ss
643 673 713 710 per
740 662 864 697 malos
902 660 1096 698 ministros
1132 669 1370 699 sacramenta
1406 673 1497 698 con·
1551 660 1677 710 priam
1695 661 1862 698 somnam
1881 659 1906 708 δ,
1936 662 2003 699 sed
2032 661 2249 707 secundum
2276 660 2458 699 virtutem
2485 663 2568 701 eius
2595 677 2619 701 a
2742 669 2757 694 ὃ

449 717 452 721 ’
481 715 483 718 ’
588 704 731 751 ferri
749 726 830 751 non
849 713 1006 763 possint.
1038 715 1285 751 Sacramenta
1304 713 1408 751 enim
1428 726 1497 751 no·
1546 723 1632 763 ‘quo
1661 722 1851 751 movetur.
1891 715 1939 752 Et
1966 714 2054 751 ideo
2087 713 2222 751 accidit
2257 714 2532 764 instrumento,
2561 715 2618 754 in-

468 749 499 793 *ss
600 759 715 804 xxvae
742 772 759 788 α
795 766 885 814 legis
914 767 1140 804 ordinantur
1174 768 1222 805 ad
1256 767 1497 804 emundatio·
1552 775 1744 816 quantum
1772 775 1828 804 est
1854 767 2166 815 instrumentum,
2187 769 2516 818 qualemcumque
2543 769 2618 807 for-

432 831 524 857 nem
561 821 697 869 culpae
735 827 771 857 et
808 820 1052 857 collationem
1089 820 1240 869 gratiae.
1280 821 1357 858 Sed
1389 820 1495 867 mali,

432 885 524 910 cum
550 872 624 910 sint
649 872 853 920 immundi,
875 885 955 910 non
982 881 1144 922 possunt
1172 873 1265 911 alios
1294 886 1316 910 a
1339 881 1497 923 peccato

431 926 640 963 mundare:
670 926 887 963 secundum
914 926 1008 964 illud
1026 927 1140 964 Eccli.
1161 939 1269 964 xxx1v
1283 926 1322 964 *z
1347 928 1406 964 Ab
1430 929 1497 964 im-

430 979 571 1016 mundo
595 980 675 1028 quis
693 979 960 1016 mundabitur?
987 981 1035 1016 Et
1062 979 1190 1026 etiam,
1220 991 1311 1016 cum
1337 979 1497 1027 gratiam

430 1044 512 1069 non
540 1032 719 1078 habeant,
739 1044 820 1069 non
839 1032 992 1069 videtur
1018 1033 1126 1082 quod
1144 1032 1304 1081 gratiam
1325 1033 1497 1070 conferre

190 1091 200 1100 ·
218 1089 286 1120 Cym·
311 1089 402 1141 Mmii‘j
429 1084 597 1133 possint:
627 1084 718 1134 quia
746 1085 868 1122 nullus
895 1086 957 1122 dat
990 1086 1090 1135 quod
1115 1098 1190 1122 non
1214 1087 1321 1123 habet
1339 1085 1369 1122 *.
1403 1086 1497 1122 Non

189 1115 401 1166 55¹s;„aL,-3„'f¹,„,
430 1149 520 1185 ergo
557 1137 711 1174 videtur
745 1138 852 1187 quod
885 1150 956 1187 per
982 1140 1105 1175 malos
1134 1146 1372 1176 sacramenta
1406 1150 1497 1176 con-

189 1169 298 1193 Ianuar.)
314 1170 337 1190 et
349 1170 401 1190 cett.

189 1194 403 1243 {gy-‘gelgz’ffqgss
428 1189 515 1226 ferri
543 1189 701 1239 possint.

190 1228 402 1295 *513'15235313537113
484 1254 518 1279 2.
549 1243 895 1288 PRAETERI-:Aktota
922 1242 1043 1280 virtus
1072 1250 1403 1281 sacramentorum
1432 1243 1496 1280 de-

189 1280 400 1348 }fflssfflhcan·
429 1295 575 1333 rivatus
602 1308 624 1333 a
653 1295 818 1343 Christo,
838 1303 881 1333 ut
900 1295 1046 1333 dictum
1066 1304 1121 1333 est
1139 1296 1170 1332 ³¹⁸.
1201 1296 1279 1333 Sed
1297 1295 1389 1332 mali
1408 1303 1497 1333 sunt

188 1343 400 1408 {nffghfflfffl-
428 1348 588 1399 praecisi
616 1361 639 1386 a
668 1349 841 1386 Christo:
881 1349 973 1398 quia
1000 1361 1081 1386 non
1107 1348 1252 1386 habent
1280 1348 1495 1396 caritatem,

189 1410 230 1428 ”¹-
245 1397 285 1434 ⁵·'
396 1397 401 1407 ’
428 1414 499 1451 per
526 1414 645 1452 quam
681 1402 858 1439 membra
893 1402 1006 1452 capiti
1043 1402 1249 1446 uniuntur,
1278 1402 1496 1439 secundum

189 1450 280 1472 ‘vm‘
297 1450 331 1472 ‘⁶'
428 1455 520 1492 illud
550 1457 564 1492 1
592 1457 696 1492 Ioan.
727 1468 761 1493 1v
779 1455 818 1492 ²¹⁶:
855 1457 930 1498 Qui
955 1462 1081 1493 manet
1106 1457 1143 1493 in
1172 1457 1336 1502 caritate,
1357 1457 1394 1492 in
1413 1456 1496 1493 Deo

428 1514 564 1555 manet,
581 1514 614 1545 et
627 1510 729 1546 Deus
748 1511 785 1546 in
801 1521 856 1546 eo.
877 1510 979 1558 Ergo
993 1508 1146 1546 videtur
1160 1509 1267 1558 quod
1286 1521 1357 1558 per
1372 1510 1496 1546 malos

429 1569 668 1599 sacramenta
696 1562 859 1599 conferri
887 1574 967 1599 non
994 1562 1152 1612 possint.

485 1615 518 1652 3.
549 1615 784 1661 Pmnmnm,
805 1614 835 1652 si
855 1615 951 1652 desit
978 1615 1123 1665 aliquid
1142 1616 1287 1652 horum
1313 1627 1413 1664 quae
1433 1614 1496 1651 de-

428 1667 554 1705 biturn
582 1675 638 1704 est
657 1681 739 1705 esse
768 1668 807 1706 in
837 1668 1094 1715 sacramentis,
1115 1681 1196 1706 non
1223 1668 1421 1718 perficitur
1438 1680 1496 1705 sa-

429 1728 689 1758 cramentum:
720 1721 816 1759 sicut
844 1722 874 1759 si
903 1722 1000 1759 desit
1027 1721 1155 1759 debita
1182 1722 1307 1759 forma
1325 1722 1387 1758 vel
1414 1733 1495 1758 ma-

289 1773 303 1806 β
429 1774 523 1811 teria
542 1773 567 1811 β.
599 1775 676 1812 Sed
704 1774 856 1812 debitus
890 1775 1063 1812 minister
1090 1774 1317 1812 sacramenti
1352 1782 1407 1811 est
1435 1774 1495 1811 ille

429 1827 497 1876 qui
525 1836 626 1864 caret
654 1829 806 1865 macula
833 1828 995 1877 peccati:
1026 1828 1242 1866 secundum
1266 1827 1360 1865 illud
1379 1829 1494 1865 Levit.

190 1888 200 1898 ·
215 1886 282 1909 Vers.
299 1893 331 1914 ¹7⁷
347 1887 380 1909 ¹8-
428 1893 487 1918 xX1
506 1880 543 1917 *:
564 1882 695 1918 Homo
715 1882 760 1920 de
777 1885 917 1918 semine
938 1887 1000 1918 tuo
1014 1894 1087 1932 per
1094 1882 1268 1930 familias
1287 1882 1354 1930 qui
1370 1882 1497 1918 hahuit

429 1934 630 1980 maculam,
651 1947 726 1971 non
753 1934 884 1983 offeret
905 1947 1025 1985 panes
1043 1936 1125 1972 Deo
1153 1941 1227 1981 tuo,
1254 1947 1322 1971 nec
1349 1934 1497 1971 accedet

429 1986 480 2024 ad
505 1989 747 2024 ministerium
777 1989 863 2025 eius.
908 1988 1009 2036 Ergo
1037 1987 1190 2025 videtur
1217 1987 1336 2036 quod,
1358 1986 1388 2023 si
1425 1986 1495 2024 mi-

428 2039 545 2077 nister
579 2040 625 2077 sit
653 2041 799 2087 malus,
829 2041 924 2078 nihil
960 2040 1147 2078 efficiatur
1174 2040 1213 2077 in
1242 2047 1494 2077 sacramento.

482 2093 557 2131 SED
577 2105 722 2131 CONTRA
741 2106 807 2131 EST
826 2094 933 2143 quod
952 2093 1190 2142 Augustinus
1210 2092 1300 2130 dicit
1317 2092 1348 2140 ²¹⁶,
1379 2105 1497 2142 super

189 934 201 944 ·
215 932 282 954 Vers.
297 938 320 958 4.

188 2100 198 2109 ·
204 2097 229 2119 In
235 2098 302 2119 Ioan.
307 2097 400 2126 Evang.

187 2128 253 2146 tract.
264 2124 292 2151 V,
303 2130 325 2146 n.
334 2130 356 2153 9,
369 2132 400 2147 u.

1552 833 1659 857 mam
1686 821 1749 858 vel
1775 820 1957 857 virtutem
1985 821 2134 868 habeat,
2163 828 2314 870 praeter
2340 821 2379 858 id
2407 822 2515 871 quod
2542 821 2618 859 exi-

1532 910 1535 911 .
1551 873 1651 922 gitur
1669 874 1718 910 ad
1738 873 1924 911 rationem
1946 873 2205 911 instrumenti:
2232 874 2328 911 sicut
2349 874 2457 924 quod
2476 887 2618 925 corpus

1551 925 1703 974 medici,
1733 927 1840 976 quod
1869 935 1924 964 est
1951 926 2251 964 instrumentum
2270 927 2422 965 animae
2442 927 2618 966 habentis

1552 987 1685 1027 artem,
1715 979 1762 1016 sit
1789 992 1929 1017 sanum
1956 981 2019 1017 vel
2053 979 2276 1027 infirmum;
2312 988 2349 1018 et
2376 980 2473 1018 sicut
2509 981 2618 1031 quod

1551 1032 1679 1069 fistula
1705 1045 1776 1082 per
1803 1045 1923 1082 quam
1950 1033 2083 1070 transit
2116 1045 2236 1082 aqua,
2267 1033 2313 1070 sit
2340 1042 2518 1082 argentea
2555 1036 2618 1072 vel

1551 1085 1747 1134 plumbea.
1777 1086 1888 1123 Unde
1912 1085 2073 1123 ministri
2101 1086 2294 1124 Ecclesiae
2312 1094 2475 1136 possunt
2494 1099 2618 1125 sacra-

1552 1146 1682 1175 menta
1701 1139 1874 1176 conferre
1903 1139 2019 1176 etiam
2047 1139 2078 1176 si
2106 1139 2179 1176 sint
2207 1139 2309 1177 mali.

1604 1192 1662 1227 Ar>
1682 1203 1818 1228 ramum
1841 1203 1940 1229 ERGO
1959 1204 2141 1229 meantum
2165 1193 2273 1241 quod
2300 1191 2463 1230 ministri
2486 1194 2617 1231 Eccle-

1551 1243 1629 1280 siae
1658 1255 1786 1292 neque
1814 1255 1837 1280 a
1863 1244 2027 1293 peccatis
2055 1245 2247 1281 mundant
2274 1244 2453 1282 homines
2481 1246 2531 1283 ad
2559 1258 2617 1284 sa—

1551 1303 1747 1332 cramenta
1775 1297 2016 1344 accedentes,
2046 1308 2175 1346 neque
2211 1297 2371 1346 gratiam
2403 1298 2617 1347 conferunt,

1551 1361 1622 1385 sua
1640 1348 1799 1385 virtute:
1829 1349 1897 1386 sed
1925 1350 2001 1386 hoc
2027 1349 2115 1387 facit
2143 1349 2317 1387 Christus
2337 1362 2408 1387 sua
2432 1358 2618 1401 potestate

1550 1413 1621 1451 per
1648 1391 1831 1439 eos⁰sicut
1857 1414 1928 1452 per
1945 1402 2140 1451 quaedam
2168 1402 2432 1441 instrumenta.
2462 1404 2511 1441 Et
2529 1403 2618 1443 ideo

1550 1455 1709 1492 effectus
1737 1454 1986 1504 consequitur
2006 1455 2046 1492 in
2065 1455 2360 1506 suscipientibus
2379 1465 2619 1496 sacramenta

1550 1520 1631 1545 non
1660 1508 1878 1545 secundum
1912 1507 2202 1546 similitudinem
2233 1509 2519 1558 ministrorum,
2549 1511 2617 1548 sed

1550 1562 1768 1599 secundum
1796 1560 2143 1610 configurationem
2172 1562 2221 1599 ad
2251 1562 2459 1600 Christum.

1603 1615 1660 1651 AD
1675 1611 1866 1652 sEctJNDUM
1879 1627 2062 1653 DICENDUM
2077 1616 2185 1665 quod
2198 1627 2270 1665 per
2282 1615 2477 1654 caritatem
2493 1627 2635 1655 mem-.

1551 1667 1619 1705 bra
1639 1667 1779 1705 Christi
1807 1667 1996 1705 uniuntur
2023 1680 2095 1705 suo
2133 1668 2245 1718 capiti
2273 1666 2316 1706 ut
2343 1669 2392 1707 ab
2420 1681 2468 1707 eo
2495 1669 2614 1708 vitam

1550 1720 1753 1770 recipiant:
1790 1720 1892 1770 quia,
1926 1729 1968 1758 ut
2001 1721 2139 1759 dicitur
2165 1723 2180 1759 I
2207 1723 2311 1759 Ioan.
2341 1734 2373 1759 111
2392 1722 2422 1769 ²¹⁸,
2451 1725 2516 1773 qui
2540 1736 2615 1762 non

1549 1774 1680 1824 diligit,
1701 1780 1826 1811 manet
1845 1776 1882 1811 in
1903 1780 2031 1812 morte.
2061 1775 2190 1812 Potest
2208 1782 2339 1812 autem
2367 1775 2505 1826 aliquis
2524 1787 2616 1826 ope-

1550 1827 1623 1864 rari
1651 1839 1721 1877 per
1748 1826 2047 1865 instrumentum
2082 1839 2216 1865 carens
2249 1827 2346 1875 vita,
2376 1836 2413 1866 et
2439 1841 2463 1866 a
2490 1841 2531 1866 se
2559 1841 2616 1867 se-

1549 1888 1728 1930 paratum
1766 1888 1954 1930 quantum
1985 1881 2034 1918 ad
2062 1880 2234 1930 corporis
2269 1881 2474 1928 unionem,
2503 1882 2616 1920 dum-

1550 1933 1671 1971 modo
1700 1933 1746 1970 sit
1773 1933 2024 1971 coniunctum
2052 1945 2123 1983 per
2150 1934 2349 1984 quandam
2378 1934 2614 1973 motionem:

1550 1986 1657 2024 aliter
1684 1985 1790 2023 enim
1809 1994 1991 2036 operatur
2008 1986 2138 2024 artifex
2165 1999 2236 2036 per
2254 1999 2429 2035 manum,
2451 1995 2488 2025 et
2510 1988 2618 2026 aliter

1550 2052 1620 2089 per
1647 2039 1825 2076 securim.
1857 2039 1919 2077 Sic
1947 2039 2060 2088 igitur
2087 2040 2262 2078 Christus
2290 2048 2472 2090 operatur
2498 2041 2539 2078 in
2558 2053 2616 2080 sa-

1550 2092 1755 2130 cramentis
1790 2101 1827 2130 et
1854 2105 1924 2142 per
1957 2094 2080 2130 malos
2099 2098 2128 2140 ⁸,
2158 2101 2345 2143 tanquam
2376 2106 2447 2144 per
2479 2094 2616 2133 instru-

188 2157 199 2167 ·
215 2155 279 2177 Vera·
294 2161 327 2184 33·
428 2146 521 2183 illud
541 2147 643 2183 Ioan.
664 2159 674 2183 1
693 2146 723 2194 ³¹³,
753 2148 873 2196 Super
892 2159 999 2196 quem
1018 2148 1154 2185 videris
1177 2147 1353 2196 Spiritum
1368 2151 1383 2174 Υ
1403 2153 1472 2183 etc.
1485 2176 1494 2193 ,
1550 2153 1681 2183 menta
1709 2145 1875 2183 carentia
1901 2145 1997 2193 vita;
2026 2154 2062 2183 et
2080 2159 2151 2196 per
2174 2147 2312 2195 bonos,
2332 2154 2520 2198 tanquam
2546 2159 2618 2199 per

287 2192 303 2217 t
428 2199 535 2249 quod
573 2212 647 2237 non
686 2206 841 2238 noverat
876 2202 1041 2238 Ioannes
1071 2206 1288 2251 potestatem
1325 2201 1499 2249 baptismi
1549 2199 1727 2237 membra
1754 2198 1933 2236 viventia.

429 2255 548 2302 ipsum
571 2254 778 2290 Dominum
802 2255 1014 2291 habiturum
1033 2260 1067 2290 et
1083 2255 1155 2291 sibi
1173 2259 1413 2299 retenturum,
1432 2253 1498 2290 sed
1602 2254 1660 2290 AD
1687 2264 1847 2290 TERTIUM
1866 2264 2048 2291 DICENDUM
2067 2253 2174 2302 quod
2194 2252 2339 2303 aliquid
2367 2261 2423 2291 est
2440 2253 2613 2292 debitum

428 2307 671 2344 ministerium
694 2307 811 2356 plane
837 2308 1079 2344 transiturum
1105 2309 1142 2343 in
1167 2308 1283 2344 bonos
1311 2312 1344 2343 et
1362 2306 1492 2343 malos.
1549 2317 1631 2342 esse
1659 2305 1700 2342 in
1727 2313 1968 2343 sacramento
1997 2305 2208 2356 dupliciter.
2237 2307 2327 2345 Uno
2354 2307 2489 2355 modo,
2518 2307 2616 2346 sicut

435 2359 534 2402 Quid
559 2361 624 2397 tihi
639 2360 739 2408 facit
766 2361 887 2398 malus
913 2361 1090 2406 minister,
1111 2361 1176 2397 ubi
1200 2361 1319 2397 bonus
1346 2365 1397 2396 est
1419 2360 1495 2397 Do·
1549 2358 1713 2396 existens
1732 2359 1780 2396 de
1800 2358 2022 2396 necessitate
2041 2359 2279 2397 sacramenti.
2309 2359 2429 2407 Quod
2453 2360 2615 2410 quidem

428 2412 580 2450 minus?
1548 2411 1579 2448 si
1616 2410 1732 2459 desit,
1761 2423 1843 2449 non
1878 2411 2076 2461 perficitur
2111 2421 2416 2451 sacramentum:
2453 2414 2550 2451 sicut
2583 2413 2616 2452 si

188 2467 263 2489 “³¹¹-
280 2474 297 2488 ¹·
481 2467 707 2504 Rssspormsso
727 2479 909 2504 DICENDUM
933 2466 1060 2516 quod,
1089 2465 1186 2503 sicut
1213 2465 1359 2503 dictum
1388 2473 1443 2502 est
1461 2465 1492 2513 ²¹²,
1548 2464 1645 2502 desit
1681 2464 1809 2502 debita
1845 2465 1970 2502 forma
2006 2466 2068 2502 vel
2106 2465 2233 2503 debita
2269 2466 2439 2504 materia.
2473 2489 2499 2493 —
2527 2466 2615 2504 Alio

428 2518 590 2556 ministri
618 2519 810 2557 Ecclesiae
844 2519 1182 2557 instrumentaliter
1213 2526 1422 2569 operantur
1454 2518 1494 2556 in

187 2612 197 2622 ,
428 2572 696 2618 sacramentis,
726 2585 773 2610 eo
802 2573 910 2622 quod
945 2572 1242 2623 quodammodo
1271 2571 1409 2609 eadem
1437 2579 1494 2609 est

189 2611 260 2664 xssfb
279 2616 336 2638 ‘¹¹¹'
358 2614 399 2632 'm'
427 2625 522 2663 ratio
543 2625 704 2663 ministri
724 2634 760 2663 et
779 2625 1032 2663 instrumenti.
1064 2625 1170 2663 Sicut
1188 2633 1319 2662 autem
1343 2637 1460 2674 supra
1473 2624 1494 2647 ³¹²

479 2737 506 2772 α)
526 2745 617 2763 novae.
635 2752 655 2756 —-
674 2737 730 2769 PF;
749 2746 803 2764 om.

480 2772 506 2806 β)
525 2773 646 2799 materia.
665 2788 684 2792 —
702 2774 791 2798 debita
811 2773 926 2798 materia
944 2773 983 2799 ΡΙ.

478 2813 505 2843 γ)
526 2809 667 2841 Spiritum.
681 2823 700 2828 —-
719 2809 846 2834 Sanctum
867 2810 963 2834 addunt
976 2808 1089 2834 BCEFa.
1109 2809 1159 2834 Pro
1173 2809 1246 2842 quod
1264 2816 1325 2840 non,
1342 2809 1425 2840 Quem
1441 2817 1493 2834 non

424 2845 454 2875 F.
475 2845 548 2876 Quid
566 2852 618 2870 non
637 2846 719 2870 tertia.
740 2845 778 2870 Cf.
798 2850 844 2870 art.
863 2852 889 2877 4.
909 2845 935 2870 S.
954 2845 983 2870 C.

1547 2518 1668 2555 modo
1706 2526 1762 2555 est
1798 2517 1943 2567 aliquid
1980 2518 2154 2556 debiturn
2187 2531 2269 2556 esse
2305 2518 2344 2556 in
2373 2527 2614 2558 sacramento

1548 2571 1762 2608 secundum
1800 2571 1999 2621 quandam
2032 2571 2258 2610 decentiam.
2297 2573 2357 2610 Et,
2380 2574 2457 2611 hoc
2491 2574 2614 2612 modo

1547 2623 1723 2662 debitum
1742 2632 1798 2662 est
1816 2632 1858 2662 ut
1877 2624 2039 2662 ministri
2059 2633 2390 2663 sacramentorum
2417 2626 2490 2664 sint
2508 2626 2612 2665 boni.

1600 2736 1626 2770 ὃ)
1637 2739 1770 2771 sormam.
1787 2752 1807 2756 —
1824 2742 1872 2763 aut
1891 2739 2017 2764 virtutem
2037 2739 2134 2764 addunt
2152 2739 2161 2764 1
2181 2745 2206 2765 et
2224 2739 2359 2766 editiones.

1600 2772 1623 2807 ε)
1643 2774 1735 2834 mgllpls.
1747 2788 1766 2792 -
1778 2774 1860 2799 bonos
1873 2774 1972 2807 ACpB3
1986 2778 2012 2799 et
2026 2782 2079 2807 per
2098 2776 2208 2802 malos...
2220 2775 2342 2801 carentia
2357 2776 2412 2801 vita
2423 2781 2484 2808 post
2497 2777 2615 2803 vinaria

1547 2814 1648 2843 ponunt
1721 2827 1728 2834 .

1102 2925 1436 2959 Commentaria
1457 2926 1714 2960 Cardinalis
1735 2925 1939 2959 Caietam

485 3015 593 3035 nunus
610 3005 721 3035 clarus.
738 3023 761 3027 —
777 3005 813 3035 In
829 3014 964 3045 corpore
980 3015 1045 3036 una
1068 3010 1115 3036 est
1137 3005 1320 3036 conclusio:
1346 3006 1492 3037 Ministri

427 3016 651 3079 TEcclesiae
675 3054 815 3089 possunt
841 3054 1046 3080 sacramenta
1071 3050 1223 3092 conferre
1253 3050 1349 3081 etiam
1375 3051 1405 3082 si
1426 3051 1492 3082 sint

425 3093 514 3123 mali.
538 3093 703 3123 Probatur.
728 3093 864 3124 Ministri
882 3094 1044 3124 Ecclesiae
1059 3094 1340 3125 instrumentaliter
1356 3104 1491 3135 operan-

425 3142 477 3167 tur
492 3137 525 3167 in
541 3138 753 3167 sacramentis.
770 3137 856 3177 Ergo
872 3143 1008 3178 possunt
1025 3144 1221 3169 sacramenta
1233 3138 1379 3170 conferre
1395 3140 1491 3170 etiam

426 3181 452 3210 si
475 3181 538 3211 sint
560 3181 646 3211 mali.

480 3224 683 3255 Antecedens
706 3225 858 3264 probatur
882 3234 920 3255 ex
943 3235 982 3255 eo
1007 3225 1097 3265 quod
1120 3226 1232 3257 eadem
1258 3232 1304 3257 est
1326 3227 1406 3257 ratio
1429 3227 1490 3257 mi-

425 3269 514 3299 nistri
538 3274 569 3299 et
588 3269 799 3299 instrumenti.
822 3286 845 3290 —
869 3268 1109 3308 Consequentia
1123 3279 1199 3300 vero
1215 3271 1368 3310 probatur
1391 3280 1429 3301 ex
1449 3280 1489 3301 eo

426 3312 516 3353 quod
539 3313 787 3343 instrumentum
809 3322 876 3343 non
899 3313 1028 3353 propria
1044 3313 1170 3350 virtute,
1194 3313 1249 3344 sed
1272 3315 1387 3344 virtute
1403 3315 1489 3355 prin-
1507 3336 1509 3338 .

427 3357 536 3397 cipalis
559 3357 679 3397 agentis
702 3362 860 3397 operatur.
896 3356 995 3395 Quod
1018 3358 1171 3397 probatur
1194 3358 1232 3388 ab
1257 3357 1388 3389 effectu:
1414 3359 1489 3398 quia

425 3401 501 3432 hinc
524 3407 571 3431 est
597 3400 686 3442 quod
709 3401 921 3432 instrumento
953 3401 1067 3432 accidit
1099 3402 1204 3432 omnis
1232 3401 1335 3432 forma
1365 3408 1489 3442 praeter

425 3444 458 3476 id
482 3445 571 3485 quod
593 3445 728 3486 exigitur
751 3445 791 3476 ad
812 3445 1015 3476 instrumenti
1038 3446 1205 3476 rationem.
1244 3445 1344 3483 Quod
1367 3445 1487 3487 duplici

427 3489 575 3530 exemplo
598 3490 631 3520 in
654 3490 755 3520 littera
779 3489 1006 3520 manifestatur.

1601 3006 1639 3037 11.
1664 3006 1758 3037 Circa
1783 3006 1867 3037 hanc
1891 3005 2173 3046 consequentiam,
2197 3014 2255 3035 seu
2277 3005 2451 3042 rationem,
2476 3005 2612 3037 dubium

1545 3051 1702 3082 occurrit:
1739 3051 1895 3091 quoniam
1928 3049 2082 3090 implicite
2115 3049 2195 3090 petit
2227 3049 2433 3090 principium.
2474 3049 2613 3091 Oportet

1545 3095 1631 3126 enim
1661 3094 1701 3125 ad
1726 3093 1951 3135 integrandum
1972 3102 2161 3134 processum
2183 3093 2285 3130 hunc,
2309 3094 2497 3125 subsumere
2514 3094 2613 3135 >quod

1544 3139 1670 3169 bonitas
1693 3138 1744 3169 vel
1766 3138 1887 3169 malitia
1908 3138 2043 3169 ministri
2067 3142 2114 3167 est
2136 3136 2294 3174 accidens,
2319 3143 2351 3168 et
2371 3147 2439 3168 non
2463 3144 2611 3170 exactum

1544 3182 1584 3213 ad
1607 3183 1765 3213 rationem
1787 3182 1989 3213 instrumenti
2011 3181 2218 3212 ministrantis
2233 3187 2440 3213 sacramenta.
2463 3182 2538 3214 Hoc
2553 3193 2613 3214 au-

1543 3232 1610 3257 tem
1633 3236 1816 3267 supponere
1838 3225 1971 3267 perinde
1994 3230 2041 3256 est
2063 3235 2101 3256 ac
2124 3225 2150 3256 si
2172 3232 2408 3266 supponeretur
2431 3227 2610 3260 conclusio,

1543 3270 1697 3301 Eiusdem
1714 3271 1800 3301 enim
1815 3270 1946 3301 rationis
1970 3275 2017 3300 est
2040 3269 2130 3310 quod
2145 3270 2271 3300 bonitas
2287 3270 2338 3301 vel
2353 3271 2472 3301 malitia
2487 3271 2611 3305 accidat

1542 3315 1755 3345 instrumento
1785 3324 1843 3345 seu
1871 3314 2017 3344 ministro
2049 3320 2340 3351 sacramentorum,
2365 3321 2396 3346 et
2419 3315 2509 3356 quod
2533 3325 2609 3350 cum

1542 3358 1662 3389 malitia
1688 3359 1790 3399 possit
1817 3358 1960 3389 minister
1991 3357 2136 3389 conferre
2167 3364 2421 3390 sacramentum:
2453 3360 2611 3400 quoniam

1542 3402 1728 3439 accidentia,
1753 3403 1819 3433 sive
1838 3401 1941 3432 adsint
1964 3402 2029 3432 sive
2048 3402 2161 3439 absint,
2185 3412 2254 3433 non
2268 3403 2390 3434 variant
2405 3409 2608 3444 potestatem.

1597 3446 1649 3477 111.
1666 3445 1717 3477 Ad
1739 3447 1802 3477 hoc
1826 3445 1940 3476 dicitur
1964 3446 2054 3487 quod
2076 3446 2218 3477 studium
2233 3447 2384 3478 Auctoris
2407 3447 2468 3479 fuit
2482 3447 2523 3480 ad
2537 3448 2609 3480 red-

1542 3490 1683 3521 dendum
1703 3491 1861 3521 rationem
1877 3491 2104 3527 conclusionis,
2121 3492 2229 3532 potius
2245 3501 2342 3532 quarn
2357 3491 2397 3523 ad
2412 3493 2515 3536 ipsam
2531 3502 2612 3524 con—

2643 1727 2654 1738 ·
2667 1725 2736 1749 vm.
2753 1732 2792 1754 ¹4—
