2918 4088
234 1641 244 1651 '¹
258 1639 293 1661 Cf.
310 1642 358 1661 not.
374 1647 398 1668 η.

238 2695 300 2716 'Ad
315 2701 336 2724 3.

469 179 520 226 48

474 258 574 305 ideo,
604 258 778 308 quandiu
797 259 846 296 ab
865 258 1035 296 Ecclesia
1053 260 1233 295 toleratur
1255 258 1294 294 in
1314 257 1533 304 ministerio,

473 311 532 348 ille
562 312 629 360 qui
657 312 706 349 ab
734 324 781 349 eo
811 311 966 362 suscipit
993 319 1287 358 sacramentum,
1317 322 1397 347 non
1430 322 1534 347 com—

473 364 645 402 municat
662 372 820 415 peccato
841 365 934 412 eius,
955 364 1022 401 sed
1042 364 1303 401 communicat
1331 363 1533 410 Ecclesiae,

473 430 573 467 quae
602 430 694 456 eum
722 426 908 468 tanquam
935 417 1153 455 ministrum
1181 416 1344 454 exhibet.
1375 416 1414 454 Si
1441 428 1535 453 vero

473 471 522 508 ab
551 470 721 508 Ecclesia
747 483 828 508 non
855 472 1048 517 toleretur,
1077 478 1170 519 puta
1189 482 1280 507 cum
1308 469 1536 516 degradatur

473 525 536 561 vel
564 523 922 561 excommunicatur
948 525 1010 560 vel
1038 522 1293 572 suspenditur,
1318 529 1450 571 peccat
1468 521 1536 571 qui

474 577 522 614 ab
560 589 606 614 eo
640 575 774 626 accipit
811 583 1113 621 sacramentum,
1152 574 1243 624 quia
1275 574 1536 612 communicat

474 637 634 679 peccato
662 629 793 679 ipsius.

527 684 584 720 An
607 694 767 720 TERTmM
785 694 968 720 DICENDUM
988 682 1095 731 quod
1123 681 1183 718 ille
1212 680 1278 730 qui
1307 688 1362 717 est
1389 679 1429 717 in
1447 692 1535 730 pec-

474 743 558 773 cato
587 735 749 782 mortali,
770 747 851 772 non
878 743 934 772 est
960 736 1165 784 perplexus
1190 733 1418 783 simpliciter,
1439 733 1470 770 si
1489 745 1535 770 ex

474 788 603 826 officio
632 788 666 825 ei
694 788 891 825 incumbat
919 795 1156 825 sacramenta
1175 786 1415 836 dispensare:
1445 785 1537 835 quia

526 901 551 935 κ)
573 902 736 934 dispensare.
753 916 772 920 —
790 902 926 935 baptizare
945 902 975 926 Fl
995 906 1020 926 et
1038 901 1171 927 editiones.

1145 178 1407 225 QUAESTIO
1436 177 1575 223 LXIV,
1610 176 1903 214 ARTICULUS
1931 177 1981 213 VI

1589 264 1713 306 potest
1740 255 1936 305 poenitere
1965 256 2013 293 de
2040 263 2199 305 peccato
2228 264 2265 294 et
2292 256 2390 294 licite
2425 257 2650 296 ministrare.

1590 311 1682 346 Non
1711 317 1766 346 est
1794 315 1924 346 autem
1952 308 2229 346 inconveniens
2257 310 2364 359 quod
2384 310 2429 347 sit
2447 313 2652 362 perplexus

1590 362 1789 412 supposito
1819 361 2003 411 quodam,
2034 361 2173 399 scilicet
2201 363 2307 412 quod
2335 362 2425 400 velit
2452 375 2652 402 remanere

1589 415 1628 452 in
1656 423 1825 464 peccato.

1642 469 1684 505 In
1704 468 1862 506 articulo
1890 476 2021 506 tamen
2044 467 2276 506 necessitatis
2294 480 2375 506 non
2393 477 2568 518 peccaret
2586 470 2652 508 ba-

1589 521 1768 570 ptizando
1793 521 1831 558 in
1851 534 1942 558 casu
1970 521 2010 558 in
2038 533 2118 570 quo
2142 521 2258 558 etiam
2285 529 2415 570 posset
2441 522 2559 560 laicus
2578 523 2652 560 dis·

1589 586 1751 623 pensare
1770 580 1797 611 ².
1828 574 1890 612 Sic
1925 574 2029 611 enim
2056 581 2159 624 patet
2186 574 2295 623 quod
2322 585 2403 611 non
2431 575 2584 612 exhibet
2612 588 2651 613 se

1590 626 1809 664 ministrum
1834 626 2039 675 Ecclesiae,
2060 627 2127 664 sed
2151 625 2330 664 subvenit
2347 624 2362 649 λ
2387 627 2649 666 necessitatem

1589 679 1757 729 patienti.
1801 681 1921 718 Secus
1953 687 2081 717 autem
2119 687 2174 717 est
2206 679 2247 716 in
2275 678 2356 718 aliis
2384 680 2652 728 sacramentis,

1590 745 1690 782 quae
1722 745 1803 770 non
1842 741 1930 770 sunt
1966 741 2091 771 tantae
2126 732 2358 770 necessitatis
2399 732 2496 770 sicut
2531 733 2653 783 bapti-

1591 798 1698 822 smus
1716 785 1747 832 *,
1776 794 1819 823 ut
1845 786 1942 824 infra
1959 786 2000 808 ἦ*
2027 785 2181 836 patebit.

1640 898 1669 933 λ)
1688 899 1823 926 exhibet...
1840 900 1969 926 subvenit.
1987 914 2006 919 —
2023 901 2188 927 exhiberet...
2206 902 2359 927 subveniret
2377 902 2407 927 P.

1144 980 1479 1013 Commentaria
1501 978 1755 1011 Cardinalis
1777 980 1980 1029 Caietani

533 1072 640 1093 nurus
662 1068 698 1092 ut
714 1067 805 1092 sonat
821 1060 995 1091 sumendus
1011 1065 1067 1090 est.
1089 1078 1113 1082 -
1136 1059 1171 1090 In
1194 1067 1330 1098 corpore
1353 1058 1435 1089 duae
1458 1067 1535 1088 con-

534 1107 692 1138 clusiones
722 1111 804 1136 sunt.
840 1106 944 1135 Prima
974 1110 1036 1134 est:
1067 1104 1152 1134 Mali
1175 1104 1356 1134 exhibentes
1378 1112 1412 1133 se
1441 1102 1535 1132 mini-

471 1157 556 1182 stros
579 1150 641 1180 Dei
671 1154 702 1180 et
722 1149 887 1180 Ecclesiae
917 1149 949 1178 in
979 1148 1215 1188 dispensatione
1244 1151 1532 1182 sacramentorum,

465 1199 612 1236 peccant.
635 1211 659 1216 -
681 1193 828 1224 Secunda
847 1198 893 1222 est
916 1191 1006 1232 quod
1028 1192 1089 1222 hoc
1098 1196 1268 1232 peccatum
1284 1196 1332 1222 est
1345 1201 1387 1221 ex
1402 1199 1462 1221 suo
1476 1199 1534 1231 ge-

473 1249 550 1270 nere
572 1238 718 1268 mortale.

537 1283 642 1313 Prima
663 1282 825 1322 probatur.
860 1280 1069 1320 Quicumque
1092 1284 1242 1320 operatur
1264 1288 1332 1309 non
1356 1276 1534 1308 secundum

472 1327 562 1368 quod
585 1331 721 1367 oportet,
744 1330 857 1366 peccat
878 1325 911 1355 in
932 1323 1107 1364 operando.
1131 1322 1194 1354 Sed
1209 1323 1352 1353 minister
1366 1322 1470 1352 malus
1486 1330 1534 1351 sa—

472 1373 626 1403 cramenti
649 1375 798 1410 operatur
819 1379 888 1400 non
904 1367 1083 1399 secundum
1102 1367 1191 1408 quod
1210 1372 1347 1408 oportet.
1371 1384 1392 1389 -
1415 1366 1534 1396 Proba-

471 1423 532 1447 tur.
557 1416 642 1454 Quia
663 1414 799 1445 ministri
818 1418 1089 1444 sacramentorum
1113 1412 1230 1443 debent
1253 1421 1320 1442 esse
1343 1411 1434 1442 iusti:
1459 1410 1535 1450 quia

471 1461 606 1492 ministri
628 1459 746 1490 debent
769 1457 962 1489 conformari
984 1457 1138 1494 Domino,
1161 1462 1198 1487 ut
1220 1461 1374 1487 testantur
1397 1455 1534 1486 auctori-

470 1511 550 1536 tates
573 1504 763 1545 Scripturae.

527 1548 674 1580 Secunda
696 1557 774 1578 vero
798 1547 964 1578 conclusio
987 1546 1150 1586 probatur.
1175 1545 1260 1584 Quia
1282 1545 1346 1575 hoc
1364 1549 1534 1585 peccatum

472 1594 609 1634 pertinet
636 1592 676 1623 ad
698 1591 934 1623 irreverentiam
956 1590 1018 1621 Dei
1048 1595 1079 1620 et
1102 1590 1410 1620 contaminationem
1433 1597 1535 1619 sacra-

471 1643 656 1669 mentorum
671 1637 698 1667 *.
723 1635 815 1674 Quae
837 1635 992 1676 particula
1022 1634 1213 1665 declaratur:
1239 1633 1329 1675 quod
1350 1632 1536 1673 intelligitur

471 1690 540 1713 non
563 1691 602 1712 ex
623 1686 713 1721 parte
735 1681 880 1720 ipsorum
896 1684 1177 1715 sacramentorum,
1202 1679 1356 1719 quoniam
1378 1678 1447 1718 ipsa
1461 1682 1536 1708 sunt

472 1725 782 1761 incontaminabilia3
801 1724 857 1754 sed
873 1734 911 1754 ex
926 1729 1014 1764 parte
1029 1724 1128 1763 ipsius
1144 1724 1320 1763 peccatoris
1334 1722 1535 1762 sacrilegium

474 1770 713 1802 committentis.

529 1814 566 1845 11.
591 1813 683 1844 Circa
706 1811 951 1843 fundamentum
966 1812 1061 1842 huius
1077 1821 1255 1852 processuS‚
1273 1811 1407 1842 dubium
1423 1821 1535 1841 occur—

472 1859 522 1895 rit,
548 1868 585 1889 ex
602 1867 641 1889 eo
666 1856 756 1898 quod
778 1857 903 1887 bonitas
918 1856 1089 1896 requiritur
1107 1856 1147 1887 ad
1162 1857 1342 1887 ministrum
1358 1865 1535 1886 sacramen-

473 1909 581 1934 torum
605 1901 783 1933 secundum
810 1900 972 1941 quandam
1000 1900 1178 1931 decentiam
1202 1907 1233 1931 et
1261 1901 1534 1932 convenientiam:

474 1953 510 1978 ut
531 1948 565 1978 in
588 1946 791 1987 praecedenti
812 1945 957 1981 articulo,
981 1944 1021 1975 ad
1039 1946 1178 1982 tertium,
1197 1951 1227 1976 et
1242 1946 1294 1975 hic
1313 1945 1437 1976 dicitur.
1460 1945 1533 1976 Non

474 1998 520 2022 est
543 1997 650 2022 autem
673 1990 859 2020 rationabile
886 1988 976 2029 quod
998 1990 1126 2028 negatio
1151 1989 1343 2020 conditionis
1366 1991 1536 2030 requisitae

474 2035 652 2066 secundum
676 2034 854 2065 decentiam
881 2033 1052 2064 constituat
1082 2039 1251 2074 peccatum
1277 2035 1427 2065 mortale:
1460 2045 1536 2065 cum

472 2079 637 2111 videamus
661 2078 861 2109 conditiones
883 2078 1049 2117 requisitas
1073 2078 1112 2108 ad
1134 2079 1216 2108 bene
1233 2088 1300 2109 esse
1319 2085 1450 2110 actuum
1465 2089 1535 2110 mo-

474 2124 598 2159 ralium,
622 2133 682 2154 nec
707 2123 802 2153 etiam
824 2122 947 2152 veniale
971 2123 1164 2153 constituere
1186 2129 1366 2162 peccatum.

528 2168 569 2198 Et
595 2168 659 2198 hoc
689 2168 785 2197 etiam
814 2172 946 2197 testatur
973 2167 1111 2198 maxima
1135 2176 1172 2197 ex
1195 2167 1309 2198 morali
1331 2168 1536 2208 philosophia

474 2208 610 2244 adducta
631 2213 666 2242 in
688 2212 790 2241 littera
812 2211 852 2241 de
871 2212 1113 2242 circumstantiis
1128 2212 1293 2243 actionum
1311 2212 1535 2243 humanarum.

473 2257 549 2287 Non
573 2257 659 2287 enim
682 2255 758 2286 dicit
787 2261 956 2295 peccatum
979 2265 1047 2286 esse
1075 2256 1101 2286 si
1124 2257 1196 2296 quis
1226 2262 1376 2297 operatur
1397 2266 1465 2287 non
1487 2267 1537 2288 se-

475 2300 618 2332 cundum
642 2300 731 2340 quod
753 2300 878 2336 melius
902 2306 957 2330 aut
980 2299 1110 2340 quando
1134 2301 1263 2337 melius,
1287 2306 1343 2332 aut
1365 2301 1447 2332 sicut
1468 2311 1536 2332 me-

475 2346 547 2381 lius,
565 2351 639 2375 etc.:
664 2344 729 2380 sed,
752 2353 820 2374 non
842 2344 1021 2375 secundum
1045 2343 1135 2384 quod
1158 2350 1302 2385 oportet,
1328 2351 1383 2376 aut
1405 2345 1536 2386 quando

476 2395 613 2430 oportet,
637 2394 692 2419 aut
715 2389 796 2418 sicut
819 2393 955 2428 oportet,
973 2394 1032 2419 etc.
1057 2389 1140 2419 Nam
1163 2389 1195 2430 ly
1219 2394 1346 2430 oportet
1367 2391 1536 2420 necessita-

476 2439 542 2464 tem
565 2433 708 2464 denotat:
738 2438 774 2462 ut
796 2442 853 2472 per
875 2433 938 2462 hoc
961 2433 1174 2473 intelligamus
1197 2439 1366 2473 peccatum
1388 2439 1466 2464 tunc
1489 2435 1537 2465 in-

476 2478 632 2508 tervenire
662 2476 791 2517 quando
818 2478 1011 2507 necessariae
1035 2477 1237 2508 conditiones
1266 2478 1474 2515 omittuntur;
1507 2485 1538 2509 et

477 2531 545 2552 non
569 2522 594 2552 si
618 2520 818 2552 conditiones
848 2520 888 2551 ad
910 2521 993 2552 bene
1021 2531 1089 2552 esse
1119 2522 1322 2559 omittantur,
1351 2528 1406 2553 aut
1428 2532 1538 2554 earum

479 2566 652 2597 contrariae
675 2565 923 2595 immisceamur.

533 2610 574 2640 Et
589 2610 615 2639 si
631 2608 752 2640 dicatur
767 2608 857 2649 quod
871 2609 997 2639 bonitas
1012 2619 1079 2640 non
1096 2614 1142 2639 est
1158 2609 1300 2640 conditio
1317 2609 1357 2641 ad
1372 2610 1454 2641 bene
1471 2621 1538 2642 esse

478 2654 612 2684 ministri
627 2653 823 2689 sacramenti,
835 2651 890 2683 sed
902 2659 949 2684 est
960 2653 1103 2684 conditio
1120 2652 1234 2690 debita,
1244 2659 1281 2684 ut
1291 2654 1324 2684 in
1336 2654 1539 2694 praecedenti

478 2697 611 2728 articulo
627 2698 644 2714 *
659 2697 760 2728 littera
776 2697 959 2737 explicavit;
977 2696 1120 2727 debitum
1136 2703 1243 2728 autem
1263 2704 1348 2728 extra
1362 2699 1539 2729 necessaria

477 2751 545 2772 non
557 2747 620 2777 est;
633 2747 664 2772 et
675 2746 844 2782 propterea
859 2742 1093 2781 cuiuscumque
1109 2741 1207 2772 debiti
1222 2743 1353 2773 omissio
1369 2748 1539 2783 peccatum

479 2786 659 2816 constituit:
683 2804 707 2808 -
729 2785 834 2816 adhuc
860 2785 974 2816 militat
1000 2786 1081 2816 ratio
1109 2786 1199 2825 quod
1221 2796 1287 2817 non
1311 2787 1351 2817 sit
1369 2793 1539 2827 peccatum

477 2830 621 2860 mortale.
646 2829 809 2867 Quoniam
832 2828 976 2860 debiturn
1000 2830 1084 2860 actui
1107 2831 1250 2861 humano
1273 2840 1342 2861 non
1359 2831 1539 2862 secundum

477 2874 707 2910 necessitatem,
720 2873 775 2904 sed
791 2873 969 2904 secundum
986 2873 1147 2914 quandam
1163 2874 1351 2911 decentiam,
1365 2876 1423 2905 etsi
1438 2877 1539 2916 possit

478 2928 534 2948 sua
550 2918 690 2948 absentia
705 2918 897 2948 constituere
913 2924 1091 2958 peccatum,
1104 2928 1171 2949 non
1187 2923 1294 2949 tamen
1310 2924 1414 2950 tantae
1430 2920 1476 2950 vis
1493 2926 1539 2950 est

478 2968 513 2992 ut
536 2962 636 3002 possit
660 2963 852 2992 constituere
875 2968 1044 3002 peccatum
1067 2963 1218 2993 mortale:
1248 2972 1285 2993 ea
1307 2964 1439 2999 ratione,
1464 2965 1539 3005 quia

478 3006 545 3036 sola
567 3005 747 3036 indecentia
768 3015 836 3036 non
858 3007 954 3037 habet
976 3007 1132 3037 rationem
1155 3008 1278 3047 peccati
1300 3008 1452 3038 mortalis.

532 3049 600 3080 Nec
617 3051 720 3080 obstat
736 3050 826 3090 quod
841 3050 1021 3081 indecentia
1035 3051 1222 3082 huiusmodi
1243 3051 1285 3082 ad
1302 3052 1539 3083 irreverentiam

479 3093 540 3123 Dei
556 3098 587 3124 et
602 3095 907 3125 contaminationem
922 3101 1194 3126 sacramentorum
1209 3101 1340 3136 spectat.
1360 3096 1448 3127 Tum
1464 3098 1540 3137 quia

479 3146 547 3166 non
571 3137 736 3176 quodlibet
758 3144 903 3178 spectans
927 3139 966 3169 ad
980 3139 1059 3169 haec
1079 3145 1125 3170 est
1146 3145 1315 3179 peccatum
1330 3141 1479 3172 mortale:
1504 3146 1540 3171 ut

479 3185 566 3220 patet
589 3180 628 3211 de
644 3181 752 3211 multis
766 3183 974 3212 irreverentiis
990 3192 1062 3222 erga
1078 3183 1184 3214 Deum
1201 3189 1232 3214 et
1247 3190 1442 3214 sacramenta
1461 3194 1539 3224 quas

480 3233 633 3264 negamus
657 3234 724 3255 esse
747 3230 876 3265 peccata
899 3226 1054 3262 mortalia,
1078 3233 1114 3256 ut
1136 3233 1223 3266 patet
1241 3227 1280 3258 de
1297 3227 1539 3259 comedentibus

480 3268 514 3297 in
531 3268 672 3304 ecclesia,
696 3274 750 3299 aut
772 3270 919 3299 iocosum
942 3269 1062 3309 aliquid
1085 3270 1263 3301 dicentibus
1286 3271 1446 3302 audiendo
1464 3273 1539 3302 mis-

481 3321 558 3348 sam,
575 3317 607 3342 et
621 3312 815 3344 huiusmodi.
835 3328 859 3335 —·
881 3313 969 3343 Tum
985 3314 1060 3353 quia
1077 3314 1264 3344 huiusmodi
1278 3315 1458 3345 indecentia
1471 3325 1540 3346 non

480 3356 541 3386 nisi
570 3355 732 3387 reductive
763 3356 802 3387 ad
829 3357 1063 3388 irreverentiam
1086 3358 1146 3388 Dei
1177 3363 1208 3388 et
1235 3359 1540 3390 contaminationem

481 3405 751 3430 sacramentorum
774 3405 908 3440 spectat:
941 3400 1057 3431 directe
1082 3402 1167 3431 enim
1189 3402 1288 3442 ipsius
1310 3403 1450 3433 hominis
1473 3413 1540 3433 ma-

481 3443 544 3473 lam
575 3443 817 3483 dispositionem
846 3454 967 3484 ponere
996 3445 1130 3476 videtur.
1169 3446 1225 3476 Est
1257 3446 1343 3476 enim
1373 3446 1539 3487 dispositio

482 3487 639 3527 quaedam
665 3488 764 3528 ipsius
788 3489 947 3529 operantis
974 3490 1073 3529 magis
1097 3498 1194 3529 quam
1219 3490 1429 3530 operationis:
1453 3490 1539 3521 vide-

1588 1062 1705 1098 turque
1727 1060 1828 1099 magis
1851 1065 2021 1100 peccatum
2048 1062 2242 1093 constituere
2264 1063 2533 1104 praesumptionis
2557 1073 2656 1104 quam

1589 1103 1753 1143 sacrilegii.

1644 1147 1696 1177 111.
1720 1147 1772 1177 Ad
1787 1148 1851 1178 hoc
1863 1147 1978 1179 dicitur
1994 1149 2083 1189 quod
2099 1151 2182 1180 actio
2200 1152 2434 1182 sacramentalis
2449 1157 2556 1192 potest
2571 1153 2656 1183 sumi

1589 1190 1767 1230 dupliciter.
1791 1191 1851 1222 Vel
1874 1192 2053 1224 secundum
2075 1195 2233 1225 rationem
2257 1196 2362 1235 operis
2385 1196 2518 1236 operati.
2546 1196 2589 1228 Et
2609 1197 2656 1227 sic

1589 1244 1656 1265 non
1680 1236 1776 1275 exigit
1798 1236 1975 1267 bonitatem
1997 1238 2049 1268 vel
2071 1238 2225 1269 malitiam
2240 1239 2376 1270 ministri
2397 1241 2460 1271 nisi
2474 1240 2655 1272 secundum

1589 1279 1751 1318 quandam
1775 1279 1963 1311 decentiam.
1988 1281 2029 1311 Et
2051 1287 2231 1322 propterea,
2255 1283 2320 1313 sive
2343 1284 2450 1314 bonus
2473 1284 2538 1314 sive
2551 1285 2657 1316 malus

1589 1323 1628 1352 sit
1650 1323 1803 1359 minister,
1827 1324 2061 1355 sacramentum
2083 1335 2196 1356 verum
2220 1331 2252 1357 et
2275 1326 2385 1357 efficax
2409 1333 2465 1358 est.
2487 1345 2512 1351 —
2532 1328 2658 1360 Velse-

1589 1366 1732 1397 cundum
1755 1367 1913 1398 rationem
1932 1370 2039 1408 operis
2054 1371 2226 1410 operantis.
2249 1370 2291 1401 Et
2305 1371 2351 1401 sic
2367 1371 2463 1412 exigit
2475 1373 2657 1404 necessario

1589 1411 1765 1442 bonitatem
1788 1412 1821 1442 in
1843 1413 1989 1443 ministro
2013 1412 2053 1444 ad
2075 1414 2139 1445 hoc
2161 1419 2198 1444 ut
2220 1420 2306 1445 recta
2328 1416 2377 1446 sit.
2412 1416 2454 1446 Et
2475 1417 2556 1447 ratio
2579 1417 2658 1448 assi-

1587 1461 1682 1495 gnata
1705 1461 1752 1486 est
1774 1457 1808 1486 in
1830 1456 1948 1487 littera:
1973 1462 2005 1488 et
2026 1459 2127 1499 magis
2150 1459 2358 1500 assignabitur
2381 1469 2502 1500 cogens
2519 1462 2600 1493 ratio
2621 1461 2657 1495 in

1587 1499 1690 1530 littera
1712 1501 1746 1531 in
1768 1502 1978 1541 responsione
2001 1501 2041 1533 ad
2062 1503 2214 1543 primum.
2239 1503 2377 1544 Oportet
2392 1505 2480 1535 enim
2493 1505 2658 1538 actionem

1589 1545 1859 1582 sacramentalem,
1883 1546 1910 1576 si
1931 1556 1999 1577 non
2023 1547 2129 1578 solum
2152 1547 2187 1578 in
2210 1557 2243 1578 se
2267 1554 2352 1579 recta
2375 1558 2444 1579 esse
2467 1547 2575 1587 debet,
2599 1549 2657 1583 sed

1589 1589 1685 1619 etiam
1708 1589 1887 1620 secundum
1911 1590 2001 1631 quod
2024 1591 2088 1625 exit
2110 1601 2128 1622 a
2152 1593 2309 1629 ministro,
2333 1597 2370 1623 ut
2392 1593 2432 1624 sit
2447 1603 2592 1625 consona
2606 1600 2656 1625 se-

1590 1633 1734 1664 cundum
1760 1639 1879 1664 rectam
1901 1635 2058 1666 rationem
2089 1641 2120 1666 et
2141 1635 2231 1674 Deo,
2256 1638 2347 1678 cuius
2371 1642 2418 1668 est
2439 1638 2600 1675 minister,
2625 1643 2658 1670 et

1590 1679 1803 1715 sacramentis,
1827 1688 1910 1719 quae
1933 1680 2098 1711 ministrat.
2133 1680 2175 1711 Et
2197 1690 2236 1711 ex
2258 1686 2347 1722 parte
2370 1681 2507 1722 quidem·
2526 1682 2658 1717 confoe·

1589 1723 1706 1752 mitatis
1729 1722 1769 1753 ad
1792 1723 1909 1759 Deum,
1933 1724 2037 1764 posita
2059 1730 2107 1755 est
2129 1726 2209 1756 ratio
2232 1725 2266 1756 in
2288 1727 2352 1757 hoc
2369 1735 2505 1766 corpore
2521 1727 2656 1759 articuli.

1589 1767 1638 1796 Ex
1660 1772 1748 1807 parte
1771 1777 1848 1798 vero
1873 1767 2105 1799 conformitatis
2127 1769 2168 1800 ad
2190 1776 2396 1807 sacramenta,
2419 1771 2551 1814 ponitur
2573 1771 2658 1803 ratio

1589 1811 1632 1885 ἰῐῖ)
1645 1811 1854 1851 responsione
1871 1811 1910 1843 ad
1925 1814 2076 1853 primurn.
2100 1831 2123 1835 —
2145 1813 2187 1844 Et
2201 1814 2276 1845 hinc
2295 1820 2382 1855 patet
2404 1824 2496 1846 ruere
2518 1815 2657 1855 primam

1590 1863 1610 1885 ο
1634 1856 1817 1886 iectionem.

1645 1899 1697 1931 Ad
1721 1910 1758 1931 ea
1780 1910 1856 1931 vero
1890 1910 1973 1941 quae
1997 1901 2192 1933 obiiciuntur
2216 1901 2334 1933 directe
2364 1908 2476 1934 contra
2497 1900 2675 1935 rationem¹

1589 1945 1713 1984 peccati
1728 1945 1870 1975 mortalis
1893 1946 1926 1976 in
1942 1946 2006 1976 hoc
2022 1951 2105 1982 actu,
2130 1945 2246 1977 dicitur
2269 1947 2359 1987 quod
2381 1947 2526 1978 debitum
2541 1954 2659 1979 secun-⁴

1591 1988 1669 2019 dum
1693 1988 1871 2020 decentiam
1895 1989 1935 2020 ad
1950 1999 2033 2030 opus
2049 1995 2217 2030 operatum
2241 1997 2288 2022 est
2310 1991 2455 2022 debitum
2477 1991 2659 2028 secumdum

1589 2034 1810 2064 necessitatem
1834 2033 1873 2064 ad
1893 2043 1975 2074 opus
1992 2035 2152 2074 operantis
2175 2036 2319 2066 ministri.
2343 2035 2385 2067 Et
2402 2041 2575 2077 propterea
2588 2046 2660 2078 non

1591 2082 1638 2107 est
1660 2078 1778 2108 mirum
1805 2078 1831 2108 si
1855 2078 1923 2108 eius
1947 2079 2088 2109 absentia
2118 2085 2288 2119 peccatum
2310 2079 2445 2111 mortale
2474 2081 2657 2118 constituat.

1645 2122 1686 2152 Et
1710 2131 1786 2152 cum
1809 2122 1913 2153 adhuc
1936 2122 2085 2153 obiicitur
2109 2133 2147 2153 ex
2163 2133 2203 2154 eo
2227 2123 2317 2165 quod
2340 2133 2408 2155 non
2432 2124 2594 2166 quaelibet
2611 2125 2658 2156 'ir-

1590 2167 1766 2197 reverentia
1792 2172 2065 2198 sacramentorum
2095 2173 2143 2198 est
2171 2167 2331 2205 moinus,
2355 2168 2568 2210 respondetur
2592 2168 2658 2200 hoc

1590 2220 1702 2241 verum
1725 2220 1793 2241 esse
1816 2216 1949 2251 propter
1971 2211 2249 2251 imperfectionem
2271 2212 2454 2253 aliquorum
2470 2218 2602 2244 actuum
2614 2214 2658 2245 ir-

1590 2255 1864 2286 reverentialium:
1888 2256 1922 2286 in
1945 2256 2092 2296 quolibet
2113 2265 2255 2297 namque
2277 2266 2393 2297 genere
2415 2257 2558 2290 mortalis
2581 2262 2659 2299 pec-

1591 2300 1653 2330 cati
1675 2299 1875 2340 imperfectio
1897 2305 1986 2331 aetus
2011 2306 2140 2331 excusat
2153 2310 2173 2331 a
2186 2301 2324 2332 mortali.
2349 2301 2527 2333 Minisn-are
2549 2306 2659 2336 autem

1590 2349 1786 2374 sacramenta
1813 2343 1942 2384 indigne
1971 2353 2040 2375 non
2063 2350 2110 2375 est
2132 2350 2221 2375 actus
2251 2344 2458 2385 imperfectus
2483 2345 2518 2377 in
2539 2355 2658 2386 genere

1591 2388 1754 2428 sacrilegii.
1778 2387 1856 2424 Nec,
1880 2393 1916 2418 ut
1937 2388 2051 2419 ultima
2073 2388 2167 2419 infert
2188 2389 2338 2426 obiectio,
2354 2389 2517 2421 reductive
2531 2395 2658 2423 tantum

1591 2431 1631 2463 ad
1654 2432 1854 2472 sacrilegium
1881 2437 2018 2472 spectat:
2049 2432 2105 2463 sed
2135 2432 2252 2464 directe
2282 2433 2322 2464 ad
2349 2435 2658 2468 contaminationem

1590 2482 1863 2507 sacramentorum
1885 2477 2031 2516 pertinet.
2055 2477 2194 2508 Possunt
2210 2478 2296 2508 enim
2311 2484 2518 2512 sacramenta.
2543 2487 2659 2510 secun-

1592 2520 1670 2551 dum
1693 2530 1727 2551 se
1750 2521 2062 2557 incontaminabilis,
2086 2521 2256 2562 dupliciter
2279 2523 2504 2554 contaminari:
2538 2522 2660 2556 scilicet

1590 2565 1641 2596 vel
1665 2571 1701 2596 ut
1724 2564 1929 2606 egrediuntur
1951 2575 1970 2595 a
1991 2566 2154 2602 ministro3
2183 2566 2234 2596 vel
2257 2571 2294 2596 ut
2316 2567 2517 2607 applicantur
2539 2567 2580 2599 ad
2602 2567 2659 2599 ati-

1593 2609 1680 2650 quid.
1705 2609 1746 2640 Et
1763 2610 1827 2640 hoc
1842 2608 1986 2640 secundo
2002 2609 2102 2640 modo
2119 2610 2319 2650 sacrilegium
2335 2613 2382 2641 est
2397 2611 2444 2642 uti
2459 2617 2658 2649 sacramento

1592 2653 1631 2684 ad
1655 2654 1753 2684 alium
1776 2653 1885 2690 finem,
1909 2658 1945 2684 ut
1968 2654 2109 2694 sortilegi
2133 2653 2263 2685 faciunt.
2293 2655 2402 2686 Primo
2426 2660 2534 2687 autem
2556 2655 2658 2688 modo

1592 2698 1762 2738 sacrilegus
1789 2703 1836 2728 est
1864 2698 1967 2728 malus
1997 2698 2158 2734 minister,
2189 2709 2207 2729 a
2234 2708 2301 2739 quo
2333 2699 2396 2730 exit
2425 2699 2659 2732 sacramentalis

1592 2743 1675 2773 actio
1699 2741 1839 2782 indigne.
1864 2742 2031 2780 Quantum
2055 2743 2141 2773 enim
2165 2748 2212 2773 est
2234 2752 2273 2773 ex
2288 2749 2378 2784 parte
2399 2744 2499 2784 ipsius
2521 2745 2658 2776 ministri

1591 2787 1676 2822 mali,
1700 2787 1878 2817 maculatur
1900 2787 1984 2817 actio
2008 2786 2077 2817 illa:
2103 2788 2260 2828 quoniam
2282 2793 2433 2820 tractatur
2452 2793 2491 2819 ut
2511 2787 2658 2829 profana,

1592 2841 1649 2861 seu
1664 2841 1732 2861 non
1748 2836 1864 2861 sancta.
1885 2831 1974 2861 Haec
1991 2832 2078 2861 enim
2094 2836 2141 2862 est
2155 2832 2235 2863 ratio
2251 2832 2286 2863 in
2299 2832 2360 2863 hac
2375 2833 2477 2863 littera
2492 2833 2658 2872 assignata.

1647 2875 1755 2913 Quam
1778 2876 1803 2905 si
1826 2876 1873 2905 vis
1896 2875 2022 2916 plenius
2045 2876 2231 2916 intelligere,
2255 2877 2399 2917 perspice
2422 2877 2566 2916 vigorem
2589 2877 2658 2908 eius

1592 2929 1630 2950 ex
1646 2920 1832 2950 auctoritate
1847 2919 1998 2960 Apostoli
2021 2919 2153 2950 dicentis
2165 2920 2182 2936 ⁴*
2201 2919 2240 2951 de
2256 2920 2466 2951 Eucharistia:
2487 2920 2552 2957 Qui
2567 2920 2658 2952 man-

1591 2963 1690 2994 ducat
1711 2969 1742 2994 et
1763 2963 1840 2994 bibit
1869 2964 2011 3006 indigne,
2043 2963 2197 2995 iudicium
2226 2964 2287 2995 sibi
2315 2964 2491 2995 manducat
2515 2970 2548 2995 et
2571 2965 2656 3010 bibit,

1592 3018 1657 3038 non
1674 3008 1856 3039 diiudicans
1875 3018 1993 3049 corpus
2007 3008 2151 3039 Domini.
2176 3009 2240 3040 Ubi
2258 3009 2416 3039 rationem
2431 3010 2555 3049 peccati
2570 3018 2658 3041 mor-

1592 3052 1664 3089 talis
1684 3053 1853 3092 assignavit
1876 3062 1914 3083 ex
1929 3053 1993 3083 hoc
2015 3051 2106 3093 quod
2119 3051 2318 3084 manducans
2335 3062 2403 3083 non
2419 3052 2572 3084 diiudicat
2587 3063 2658 3085 cor-

1593 3106 1653 3137 pus
1677 3097 1824 3127 Domini:
1848 3097 1912 3127 hoc
1928 3101 1984 3133 est,
2000 3106 2069 3128 non
2084 3095 2233 3127 discernit
2248 3106 2366 3137 corpus
2382 3097 2516 3128 Domini
2534 3098 2574 3128 ab
2589 3098 2659 3129 aliis

1594 3140 1681 3176 cibis,
1701 3140 1757 3171 sed
1777 3141 1875 3171 sumit
1889 3141 1996 3182 ipsum
2014 3145 2051 3171 ut
2066 3140 2173 3171 cibum
2189 3139 2372 3181 profanum,
2389 3142 2545 3181 quoniam
2560 3142 2658 3174 sumit

1593 3185 1701 3224 ipsum
1723 3183 1930 3224 indispositus
1953 3183 1993 3215 ad
2015 3184 2117 3220 illum,
2141 3189 2255 3225 utpote
2278 3184 2419 3225 indigne.
2461 3185 2550 3216 Idem
2570 3186 2657 3217 enim

1593 3227 1708 3258 accidit
1730 3228 1763 3258 in
1786 3229 1871 3258 malo
1896 3229 2052 3259 ministro.
2090 3228 2174 3259 Nam
2195 3229 2376 3259 ministrans
2402 3229 2532 3270 indigne
2555 3240 2658 3261 sacra-

1593 3277 1740 3302 mentum
1762 3281 1829 3302 non
1853 3271 2004 3303 diiudicat
2026 3277 2278 3309 sacramentum,
2311 3273 2390 3304 dum
2418 3283 2486 3304 non
2509 3273 2659 3306 discernit

1593 3315 1682 3351 illud,
1706 3321 1742 3346 ut
1765 3326 1783 3346 a
1805 3326 1840 3346 se
1863 3315 2030 3356 egreditur,
2048 3326 2066 3346 a
2080 3315 2233 3356 profanis,
2256 3316 2312 3347 sed
2334 3326 2368 3347 se
2391 3317 2486 3348 habet
2501 3318 2541 3349 ad
2555 3328 2658 3350 sacra-

1593 3360 1766 3390 mentalem
1789 3360 1949 3390 actionem
1972 3365 2008 3390 ut
2030 3360 2207 3400 profanam,
2227 3360 2305 3391 dum
2320 3361 2450 3402 indigne
2466 3362 2552 3393 illam
2569 3372 2658 3394 exer-

1595 3409 1654 3434 cet.
1679 3404 1752 3434 Hoc
1777 3404 1863 3434 enim
1879 3409 1926 3434 est
1949 3405 2166 3435 contaminare
2182 3410 2377 3436 sacramenta
2401 3415 2438 3436 ex
2453 3412 2541 3446 parte
2557 3407 2658 3447 ipsius

1594 3448 1798 3478 ministrantis
1821 3457 1877 3478 seu
1900 3448 2091 3487 recipientis.
2119 3448 2160 3479 Et
2181 3450 2400 3490 praesumptio
2423 3451 2558 3482 ministri
2581 3451 2658 3482 mali

1593 3501 1660 3521 non
1684 3497 1730 3522 est
1758 3491 2020 3532 qualiscumque,
2044 3492 2099 3523 sed
2125 3493 2275 3533 sacrilega
2300 3495 2539 3535 praesumptio:
2575 3495 2659 3526 sicut

2681 723 2691 734 '¹
2705 722 2733 744 D.
2747 722 2799 750 267.

2680 749 2702 760 ’·
2717 749 2764 776 Qu.
2781 754 2836 775 nv,
2850 751 2894 772 ιη.

2679 781 2743 823 {hu
2764 781 2803 803 <1¹¹-
2822 780 2895 803 UVssr

2685 2925 2695 2935 '
2705 2923 2715 2945 1
2725 2923 2760 2946 ad
2768 2923 2834 2951 cor„
2846 2929 2903 2953 enp-

2685 2956 2718 2977 xr,
2733 2956 2792 2973 ven.
2808 2956 2844 2979 ³9.
