2918 4088
75 881 88 893 ·
103 879 168 903 Ven.
182 887 195 909 3
209 886 262 908 sqq.

9 1074 22 1114 ἲ
74 1085 267 1116 “hrt-25²⁴-

73 1197 87 1209 ⁶
100 1195 169 1220 Vct·
185 1201 218 1220 u.

73 1351 87 1364 ⁴
101 1350 169 1374 Ver·-
182 1351 219 1380 38.

69 1807 247 1838 ποιμα..

14 2440 50 2480 'a'

15 2991 37 3048 {f
71 3006 84 3018 ‘¹
96 3005 165 3030 ven.
178 3011 214 3030 πε.

65 3471 193 3528 N

0 3321 4 3414 l

0 3427 6 3464 Ι,

0 3543 30 3585 ,,

951 214 1214 261 QUAESTIO
1242 213 1456 261 LXXXIV,
1485 212 1778 251 ARTICULUS
1806 214 1887 250 VIII

316 293 459 330 scelera
485 305 574 339 sua,
609 305 684 330 non
713 293 914 343 dirigetur:
952 294 1016 342 qui
1040 299 1163 330 autem
1199 293 1387 341 confessus

306 347 429 394 fuerit
455 351 490 382 et
516 346 704 395 reliquerit
732 358 788 392 ea,
818 346 1112 383 misericordiam
1131 351 1384 394 consequetur.

371 398 562 436 Nondum
581 406 712 436 autem
731 398 901 437 instituta
920 406 999 435 erat
1017 406 1184 447 potestas
1203 397 1384 443 clavium,

317 463 421 501 quae
446 463 470 488 a
495 451 675 500 passione
696 451 836 489 Christi
854 451 1051 488 derivatur
1070 457 1100 488 η.
1131 452 1183 488 Et⁴
1205 462 1276 499 per
1293 461 1385 486 con-

317 515 484 553 sequens
519 505 698 541 nondum
733 512 814 541 erat
849 503 1066 541 institutum
1101 503 1211 552 quod
1247 502 1385 551 aliquis

317 557 462 594 doleret
489 557 537 594 de
565 565 723 606 peccato
752 569 843 594 cum
870 556 1069 606 proposito
1098 555 1325 593 subiiciendi
1344 567 1384 591 se

315 622 385 660 per
412 610 697 647 confessionem
724 618 761 647 et
788 609 1083 647 satisfactionem
1112 608 1284 645 clavibus
1312 608 1384 645 Ec-

315 662 462 710 clesiae,
492 663 564 700 sub
583 675 652 712 spe
671 662 968 711 consequendae
987 661 1124 699 veniae
1142 660 1281 698 virtute
1301 673 1383 710 pas-

316 716 435 754 sionis
464 716 618 753 Christi.

367 771 425 806 Ao
444 781 604 806 TERTmM
625 780 810 806 monimum
838 767 959 816 quod,
988 767 1019 804 si
1047 767 1135 816 quis
1162 774 1263 804 recte
1292 778 1384 803 con-

315 821 455 859 sideret
473 834 519 858 ea
545 834 647 870 quae
666 821 861 858 Dominus
879 820 972 857 dixit
999 820 1047 856 de
1076 819 1299 856 necessitate
1318 819 1384 856 ba—

314 874 462 924 ptismi,
483 875 587 911 Ioan.
608 886 641 911 m
659 874 691 919 *,
711 881 887 922 tempore
910 880 1202 922 praecesserunt
1219 884 1265 909 ea
1284 884 1384 921 quae

315 927 420 974 dixit,
435 927 571 964 Matth.
592 938 638 973 tv,
654 927 702 964 de
730 925 952 963 necessitate
980 925 1249 974 poenitentiae.
1279 926 1384 962 Nam

315 979 354 1017 id
373 980 482 1028 quod
510 979 603 1016 dixit
630 979 851 1016 Nicodemo
876 978 924 1015 de
956 978 1170 1027 baptismo,
1199 977 1269 1015 suit
1297 985 1384 1015 ante

314 1031 656 1069 incarcerationem
683 1031 857 1078 Ioannis,
895 1031 944 1068 de
973 1043 1054 1080 quo
1085 1038 1220 1080 postea
1257 1030 1385 1068 subdi-

314 1093 377 1122 tur
394 1085 415 1107 *
441 1085 550 1134 quod
569 1084 804 1134 baptizabat:
830 1085 925 1122 illud
943 1097 1037 1122 vero
1057 1084 1166 1133 quod
1185 1084 1233 1121 de
1253 1084 1384 1133 poeni·

314 1138 432 1175 tentia
462 1138 566 1185 dixit,
586 1139 723 1175 Matth.
752 1150 799 1186 tv,
827 1137 898 1175 fuit
923 1145 1012 1187 post
1042 1137 1384 1174 incarcerationem

314 1190 469 1229 Ioannis
487 1191 518 1228 *.
539 1213 565 1218 -
594 1191 635 1228 Si
660 1198 792 1228 tamen
817 1191 925 1240 prius
943 1191 994 1228 ad
1018 1190 1297 1239 poenitentiam
1330 1190 1385 1227 in-

315 1243 486 1282 duxisset
500 1256 618 1294 quam
640 1244 690 1281 ad
710 1243 961 1293 baptismum,
978 1245 1054 1281 hoc
1073 1244 1162 1281 ideo
1177 1251 1276 1280 esset
1293 1243 1386 1293 quia

315 1304 403 1335 ante
427 1297 665 1346 baptismum
693 1297 810 1334 etiam
838 1296 1044 1346 requiritur
1080 1297 1274 1346 quaedam
1293 1308 1385 1346 poe-

315 1349 491 1387 nitentia:
522 1350 619 1387 sicut
638 1357 674 1387 et
693 1351 828 1387 Petrus
859 1349 963 1398 dixit,
982 1351 1064 1387 Act.
1086 1362 1107 1387 11
1125 1349 1162 1386 *z
1191 1351 1386 1387 Paeniten-

315 1405 406 1441 tiam
431 1404 544 1454 agite,
565 1409 599 1440 et
625 1405 829 1453 baptizetur
856 1405 1104 1452 unusquisque
1130 1409 1304 1441 vestrum.

368 1527 396 1560 η)
416 1529 565 1554 derivatur.
590 1542 610 1547 —
637 1527 672 1552 sF
691 1535 708 1552 a
728 1533 753 1552 et
772 1528 844 1552 tertia
863 1526 900 1561 (et
918 1532 993 1552 vetus
1015 1526 1183 1561 Escurialis);
1208 1527 1333 1552 derivans
1352 1527 1382 1557 D,

315 1565 478 1590 derivantur
496 1563 582 1589 ceteri.

368 1597 394 1634 θ)
413 1599 528 1625 videtur.
543 1604 565 1618 ‘—
582 1598 618 1624 sit
634 1598 718 1623 tertia.
735 1612 754 1616 -
773 1599 823 1623 Pro
842 1598 1027 1623 Seleucianum
1048 1597 1095 1631 (cf.
1111 1605 1154 1630 qu.
1169 1605 1270 1622 xxxvm.
1289 1602 1336 1622 art.
1357 1595 1382 1622 6.

2431 216 2505 264 295

1494 293 1551 328 Ar>
1587 303 1759 334 QUARTUM
1792 303 1974 329 DICENDUM
2003 293 2111 340 quod
2140 293 2314 330 Christus
2342 306 2423 331 non
2452 302 2508 331 est

1441 356 1535 380 usus
1563 343 1756 393 baptismo
1789 356 1909 392 quem
1937 344 2018 393 ipse
2046 345 2223 393 instituit,
2262 347 2329 383 sed
2358 355 2413 384 est
2440 347 2506 384 ba-

1440 397 1601 445 ptizatus
1629 396 1820 445 baptismo
1840 396 2004 443 loannis,
2034 405 2076 433 ut
2095 398 2244 446 supra*
2271 399 2417 436 dictum
2437 407 2503 436 est.

1441 450 1518 487 Sed
1546 461 1618 486 nec
1637 449 1759 486 active
1778 461 1873 486 usus
1892 457 1947 485 est
1966 461 2038 486 suo
2058 449 2289 487 ministerio:
2320 451 2411 499 quia
2430 454 2506 501 ipse

1440 515 1515 539 non
1544 504 1752 552 baptizabat
1779 502 2051 546 communiter,
2079 503 2145 539 sed
2162 503 2330 552 discipuli
2347 506 2434 550 eius,
2463 512 2506 541 ut

1439 555 1578 592 dicitur
1605 556 1709 592 Ioan.
1730 566 1764 591 1v
1783 554 1824 600 *ς
1854 555 2034 603 quamvis
2062 555 2302 592 credendum
2321 556 2473 593 videtur
2491 555 2504 578 θ

1439 608 1547 657 quod
1569 607 1779 656 discipulos
1807 607 2066 657 baptizaverit,
2086 616 2129 644 ut
2148 608 2384 656 Augustinus
2404 609 2504 656 dicit,

1438 661 1490 698 ad
1515 662 1775 698 Seleucianum
1793 660 1824 696 ³¹⁶.

1491 714 1593 751 Usus
1621 720 1753 750 autem
1781 712 1897 750 huius
1926 713 2166 760 sacramenti,
2195 713 2244 750 ab
2264 725 2312 751 eo
2333 713 2504 760 instituti,

1439 768 1545 803 nullo
1565 766 1687 803 modo
1706 766 1951 814 competebat
1965 772 1988 802 ‘:
2005 778 2133 815 neque
2152 774 2341 815 quantum
2362 767 2411 803 ad
2430 767 2507 803 hoc
2524 767 2539 775 ”

1438 820 1546 868 quod
1575 819 1656 868 ipse
1684 818 1908 868 poeniteret,
1938 818 1978 855 in
1997 831 2077 868 quo
2097 826 2300 867 peecatum
2319 831 2399 856 non
2418 819 2505 865 fuit3

1439 884 1567 921 neque
1596 879 1788 921 quantum
1807 872 1857 908 ad
1876 873 1953 908 hoc
1980 872 2088 921 quod
2116 873 2193 908 hoc
2220 880 2505 909 sacramentum

1438 925 1520 962 aliis
1546 925 1758 974 praeberet,
1787 925 1890 974 quia,
1919 925 1969 962 ad
1988 925 2274 962 ostendendum
2294 924 2507 962 misericor-

1439 978 1544 1015 diam
1572 986 1609 1015 et
1635 977 1818 1015 virtutem
1847 990 1978 1025 suam,
2018 978 2200 1016 effectum
2235 978 2351 1015 huius
2385 990 2507 1015 sacra-

1439 1030 1560 1068 menti
1588 1031 1669 1068 sine
1698 1038 1937 1068 sacramento
1966 1031 2186 1080 praebebat,
2215 1038 2257 1068 ut
2285 1031 2436 1080 supra*
2454 1031 2507 1069 di-

1439 1092 1546 1121 ctum
1575 1092 1641 1121 est.

1493 1138 1788 1175 Sacramentum
1807 1145 1939 1174 autem
1957 1137 2221 1174 Eucharistiae
2249 1145 2286 1174 et
2305 1137 2385 1186 ipse
2404 1149 2507 1174 sum-

1438 1190 1523 1240 psit,
1553 1198 1589 1227 et
1616 1190 1697 1227 aliis
1725 1190 1840 1227 dedit.
1869 1191 1977 1227 Tum
2000 1191 2049 1227 ad
2068 1190 2424 1228 commendandam
2443 1202 2506 1228 ex-

1439 1243 1655 1281 cellentiam
1683 1242 1800 1280 huius
1829 1244 2068 1280 sacramenti.
2098 1245 2206 1280 Turn
2221 1243 2326 1292 quia
2354 1244 2430 1281 hoc
2449 1256 2506 1280 sa—

1438 1304 1682 1333 cramentum
1701 1304 1757 1333 est
1771 1296 1996 1333 memoriale
2016 1308 2108 1333 suae
2127 1296 2327 1345 passionis,
2343 1296 2506 1346 inquan-

1439 1358 1524 1387 tum
1543 1356 1559 1371 κ
1588 1348 1763 1386 Christus
1792 1357 1847 1386 est
1875 1350 2054 1387 sacerdos
2081 1357 2119 1386 et
2146 1349 2282 1386 hostia.

1437 1526 1468 1551 ad
1489 1525 1533 1559 2.),
1559 1526 1751 1551 sceleucianum
1777 1526 1795 1555 I,
1820 1525 1990 1551 celIEcianum
2018 1525 2069 1558 pG,
2092 1526 2247 1551 celestinum
2273 1526 2302 1557 F,
2326 1527 2506 1552 celeucianum

1437 1561 1573 1591 editiones.
1591 1562 1699 1586 celestia
1717 1561 1748 1590 D,
1767 1561 1938 1586 celestianum
1958 1561 2044 1585 ceteri.

1490 1596 1509 1630 ι)
1528 1597 1700 1628 competebat.
1718 1610 1738 1615 --
1755 1597 1780 1621 ei
1796 1596 1962 1627 competebat
1980 1597 2021 1622 ed.
2040 1603 2065 1624 a,
2084 1596 2135 1621 sibi
2151 1597 2316 1629 competebat
2334 1597 2417 1623 tertia.

1489 1632 1515 1666 κ)
1535 1632 1704 1664 inquantum.
1722 1646 1742 1650 -
1760 1632 1786 1656 in
1806 1638 1860 1664 qua
1878 1631 1918 1656 Pl.

993 1712 1330 1745 Commentario
1350 1711 1605 1744 Garamans
1627 1712 1829 1744 Caietani

345 1813 366 1834 κ
389 1802 523 1834 articulo
547 1802 704 1842 septimo,
735 1801 819 1831 circa
841 1799 970 1836 illud.*‚
995 1798 1086 1839 quod
1115 1799 1315 1839 poenitentia
1337 1804 1384 1829 est

315 1815 386 1879 Ide
407 1848 478 1878 iure
506 1846 643 1877 naturali
674 1844 784 1885 quoad
813 1844 961 1875 dolorem
991 1849 1023 1874 et
1052 1842 1172 1874 doloris
1203 1842 1383 1874 remedium

314 1897 346 1923 et
368 1890 502 1932 aliquod
516 1891 644 1930 signum
659 1889 790 1926 doloris,
807 1888 935 1920 adverte
951 1887 1041 1928 quod
1057 1887 1226 1928 dupliciter
1246 1893 1385 1928 possunt

267 1954 270 1956 v
313 1937 394 1968 haec
422 1935 520 1966 verba
547 1934 691 1974 intelligi.
722 1934 847 1970 Primo,
878 1933 1064 1973 simpliciter
1094 1938 1126 1962 et
1155 1932 1320 1968 absolute,
1347 1937 1384 1962 ut

313 1985 440 2012 sonant.
463 1980 506 2010 Et
527 1980 572 2009 sic
595 1987 746 2019 magnam
768 1978 888 2008 habent
914 1976 1145 2013 difficultatem,
1169 1977 1195 2006 si
1218 1986 1286 2007 non
1309 1982 1384 2007 sunt

314 2025 402 2056 falsa.
426 2024 515 2055 Tum
539 2024 631 2064 quia,
655 2023 682 2053 si
704 2027 875 2063 peccatum
897 2031 966 2052 non
994 2020 1054 2051 fuit
1077 2020 1301 2051 scandalosum
1326 2030 1383 2051 seu

313 2068 522 2101 manifestum
547 2067 626 2104 aliis,
653 2067 743 2097 nulla
773 2072 904 2106 apparet
934 2066 1014 2096 ratio
1045 2065 1197 2095 naturalis
1224 2065 1263 2095 ad
1294 2066 1384 2105 signa

313 2113 455 2188 dOI'I'iiin
478 2157 564 2197 quia,
589 2154 801 2186 abstrahendo
825 2164 843 2184 a
866 2153 1071 2185 documentis
1097 2152 1182 2189 fidei,
1207 2152 1302 2183 dolor
1325 2163 1383 2184 seu

312 2202 437 2234 tristitia
462 2201 502 2231 de
528 2200 699 2241 praeterito
730 2204 864 2239 peccato
891 2198 1014 2228 nullam
1039 2196 1166 2228 videtur
1194 2197 1311 2227 habere
1334 2207 1382 2227 ra-

312 2247 438 2278 tionem
459 2244 603 2276 remedii.
634 2244 675 2274 Et
697 2249 869 2284 propterea
895 2241 1096 2283 superfluum
1119 2241 1246 2272 videtur
1271 2241 1381 2272 dolere

314 2290 355 2322 de
377 2290 468 2322 malis
491 2289 678 2330 praeteritis.

369 2333 503 2365 Accedit
529 2332 569 2364 ad
594 2333 674 2363 haec
701 2331 791 2372 quod
821 2330 949 2362 difficile
973 2335 1020 2361 est
1042 2339 1137 2361 nosse
1166 2329 1245 2370 quid
1267 2330 1379 2365 homo,

1435 1799 1517 1829 infra
1540 1799 1590 1830 ius
1613 1805 1746 1830 naturae
1769 1800 1876 1830 solum
1899 1799 2024 1836 stando,
2049 1805 2260 1839 cognosceret
2275 1800 2315 1831 de
2330 1801 2507 1832 abolitione

1435 1844 1560 1883 peccati
1583 1853 1641 1883 per
1664 1843 1752 1874 aliud
1775 1853 1874 1884 quarn
1897 1853 1955 1884 per
1978 1845 2191 1875 cessationem
2214 1855 2232 1874 a
2254 1845 2433 1885 peccando.

1489 1887 1526 1918 ΙΙ.
1546 1888 1620 1918 Alio
1644 1893 1754 1918 autem
1776 1888 1877 1918 modo
1897 1888 2128 1928 intelliguntur,
2144 1890 2311 1929 supposita
2328 1890 2360 1920 in
2377 1890 2508 1921 homine

1435 1932 1625 1973 cognitione
1637 1931 1742 1973 fidei:
1764 1933 1808 1963 ita
1826 1932 1927 1972 quod,
1944 1933 2111 1972 supposita
2126 1932 2201 1969 fide,
2221 1943 2289 1964 non
2306 1944 2344 1964 ex
2359 1933 2434 1971 fide,
2451 1934 2507 1965 sed

1436 1985 1474 2006 ex
1496 1977 1620 2007 ratione
1639 1976 1775 2007 naturali
1797 1978 1947 2017 provenit
1963 1976 2053 2017 quod
2069 1978 2170 2008 homo
2187 1977 2295 2008 doleat
2311 1978 2351 2009 de
2366 1980 2506 2019 peccatis

1436 2021 1626 2056 commissis,
1644 2026 1676 2051 et
1691 2020 1782 2061 quod
1798 2020 1945 2051 dolorem
1960 2021 1994 2051 in
2010 2021 2190 2052 remedium
2207 2028 2356 2057 assumat.
2369 2028 2400 2053 et
2416 2023 2507 2064 quod

1435 2064 1568 2104 aliquod
1595 2065 1724 2105 signum
1755 2064 1875 2095 doloris
1908 2065 2074 2095 ostendat:
2109 2067 2255 2106 quamvis
2281 2067 2346 2097 hoc
2375 2068 2506 2098 tertium

1434 2108 1679 2148 intelligendum
1703 2110 1752 2145 sit,
1777 2109 1860 2139 sicut
1882 2109 1923 2140 de
1947 2110 2095 2140 exteriori
2118 2110 2281 2150 religionis
2305 2111 2394 2141 cultu
2417 2112 2506 2142 vide-

1435 2157 1502 2189 tur,
1528 2152 1619 2192 quod
1641 2154 1675 2183 in
1698 2154 1867 2184 communi
1894 2154 1934 2183 sit
1956 2153 1996 2183 de
2019 2154 2088 2184 iure
2111 2159 2253 2184 naturae.
2288 2155 2395 2185 Dictat
2419 2157 2505 2187 enim

1435 2197 1586 2227 naturalis
1608 2197 1689 2227 ratio
1712 2197 1838 2227 homini
1854 2197 1941 2228 fideli
1960 2203 1996 2228 ut
2011 2197 2119 2228 doleat
2133 2197 2172 2228 de
2188 2198 2311 2229 offensa
2326 2199 2503 2231 Creatoris:

1436 2246 1477 2277 et,
1502 2242 1578 2281 quia
1601 2241 1728 2271 nullum
1751 2241 1838 2272 aliud
1861 2251 1900 2271 ex
1914 2242 2009 2272 nobis
2032 2247 2079 2272 est
2094 2242 2273 2273 remedium
2295 2244 2357 2274 nisi
2373 2253 2432 2274 cor
2445 2245 2505 2275 hu-

1436 2285 1607 2315 militatum
1624 2286 1659 2322 *,
1684 2285 1757 2316 ideo
1781 2284 1968 2316 huiusmodi
1990 2286 2248 2317 humiliationem
2271 2287 2303 2317 in
2329 2288 2504 2319 remedium

1435 2329 1569 2365 doloris,
1594 2330 1656 2360 hoc
1681 2335 1737 2366 est,
1761 2330 1885 2370 peceati
1908 2329 2049 2366 dolendi,
2074 2336 2215 2370 quaerat.

1091 2452 1412 2526 ARTlcutus
1443 2484 1718 2527 OCTAVUS

678 2588 838 2620 UTRUM
859 2587 1159 2619 POENITENTIA
1182 2587 1359 2618 DEBEAT
1383 2587 1562 2618 DURARE
1586 2586 1731 2625 USQUE
1755 2588 1814 2618 AD
1838 2587 1975 2618 FINEM
1998 2587 2133 2618 VITAE

684 2659 761 2690 Infra,
781 2663 827 2684 art.
846 2666 871 2692 9,
891 2658 924 2683 ad
944 2664 973 2688 ις
992 2657 1027 2682 lv
1047 2657 1130 2687 Sent„
1151 2658 1210 2683 dist.
1229 2665 1280 2688 xw,
1299 2665 1346 2690 qu.
1367 2664 1390 2689 i,
1410 2663 1457 2683 art.
1477 2666 1503 2690 4,
1523 2658 1574 2691 qu*
1594 2664 1624 2688 1-;
1644 2658 1705 2684 dist.
1724 2666 1785 2687 xvn,
1805 2666 1850 2691 qu.
1868 2666 1896 2687 11,
1915 2664 1962 2683 art.
1981 2666 2007 2690 4,
2027 2659 2078 2692 qu⁸
2099 2665 2124 2684 ι.

348 2748 409 2777 tsi
434 2762 485 2778 fl<
523 2745 546 2770 D
561 2743 735 2769 OCTAVUM
754 2742 806 2767 Sic
825 2741 1062 2767 moenum-ua.
1091 2728 1254 2766 Videtur
1271 2729 1380 2777 quod

342 2756 503 2846 ’ἱξέᾼὲᾢ
524 2783 760 2835 poenitentia
796 2795 877 2822 non
909 2782 1046 2820 debeat
1077 2782 1216 2819 durare
1254 2794 1379 2831 usque

331 2838 366 2884 ’,γ’
390 2854 451 2883 ν,
469 2828 575 2880 &ad
601 2837 724 2874 finem
751 2836 863 2873 vitae.
892 2834 1131 2872 Poenitentia
1149 2834 1254 2871 enirn
1277 2834 1379 2872 ordi-

332 2884 344 2895 *
368 2867 467 2924 (²²33)
483 2884 638 2928 &natur
665 2890 714 2927 ad
742 2888 975 2927 deletionem
996 2887 1153 2937 peccati.
1184 2887 1261 2925 Sed
1288 2899 1379 2937 poe-

311 2943 436 2982 nitens
473 2944 600 2981 statim
627 2942 877 2992 consequitur
908 2941 1176 2979 remissionem
1204 2948 1379 2989 peccato-

311 3009 420 3035 rum:
451 2997 669 3034 secundum
687 2996 782 3033 illud
800 2995 940 3033 Ezech.
961 2994 1099 3031 xvn1*:
1130 2995 1170 3031 Si
1185 2995 1379 3043 poeniten-

309 3052 400 3088 tiam
427 3052 547 3101 egerit
574 3051 708 3100 impius
735 3051 783 3086 ah
811 3050 984 3086 omnibus
999 3048 1163 3097 peccatis
1182 3048 1258 3083 suis
1285 3059 1380 3096 quae

310 3109 483 3154 operatus
509 3109 572 3150 est,
602 3105 676 3141 vita
694 3104 789 3140 vivet
807 3108 841 3139 et
860 3114 934 3139 non
954 3102 1145 3138 morietur.
1176 3100 1278 3148 Ergo
1298 3111 1379 3137 non

311 3164 462 3206 oportet
488 3156 649 3194 ulterius
676 3154 954 3205 poenitentiam
982 3152 1172 3203 protendi.

366 3221 401 3246 2.
431 3211 668 3256 PRAETEREA,
697 3221 808 3257 agere
835 3207 1112 3257 poenitentiam
1139 3206 1301 3256 pertinet
1329 3206 1378 3242 ad

312 3269 453 3300 statum
489 3262 766 3312 incipientium.
811 3261 888 3299 Sed
926 3262 1048 3298 homo
1085 3260 1133 3296 de
1169 3260 1245 3296 hoc
1279 3266 1378 3296 statu

312 3314 427 3352 debet
452 3316 663 3364 procedere
690 3315 740 3352 ad
768 3322 908 3352 statum
936 3312 1234 3363 proficientium,
1264 3320 1300 3349 et
1320 3313 1376 3349 ul-

19 3366 23 3399 ’.
72 3381 84 3392 ·
100 3379 136 3404 ef.
157 3380 212 3403 nu-
229 3381 286 3409 11··,
311 3367 429 3405 terius
461 3368 510 3406 ad
538 3375 679 3406 statum
705 3368 964 3418 perfectorum
982 3367 1012 3404 ²¹².
1042 3367 1144 3414 Ergo
1164 3378 1245 3403 non
1263 3365 1377 3402 debet

29 3426 35 3430 ’
71 3412 112 3436 ‘¹¹¹‘
125 3413 189 3436 ‘m'
203 3411 246 3430 ἠ’
262 3414 285 3436 9·
313 3422 434 3458 homo
462 3421 737 3470 poenitentiam
767 3433 878 3469 agere
907 3433 1031 3470 usque
1056 3420 1104 3456 ad
1123 3418 1245 3456 finem
1264 3418 1375 3456 vitae.

367 3538 395 3571 α)
413 3543 581 3562 conservare.
598 3550 618 3556 -
634 3543 743 3562 servare
761 3537 780 3561 F
800 3542 826 3562 et
843 3537 926 3563 tertia.

1488 2729 1522 2766 3.
1559 2730 1799 2777 PRAETEREA,
1830 2729 1926 2767 sicut
1953 2730 1993 2767 in
2012 2730 2093 2768 aliis
2112 2731 2360 2768 sacramentis
2378 2733 2500 2770 homo

1431 2782 1546 2818 debet
1566 2794 1796 2819 conservare
1816 2788 1833 2804 α
1861 2791 1999 2820 statuta
2017 2783 2222 2832 Ecclesiae,
2242 2784 2293 2821 ita
2312 2792 2348 2821 et
2366 2784 2406 2821 in
2425 2786 2501 2822 hoc

1431 2843 1684 2872 sacramento.
1715 2835 1792 2872 Sed
1816 2836 2034 2873 secundum
2052 2849 2222 2873 canones
2249 2837 2501 2875 determinata

1432 2895 1522 2924 sunt
1548 2895 1726 2937 tempora
1752 2889 1996 2937 poenitendi:
2026 2897 2068 2926 ut
2096 2889 2236 2926 scilicet
2258 2890 2319 2926 ille
2339 2890 2406 2940 qui
2424 2891 2501 2928 hoc

1431 2942 1494 2977 vel
1521 2940 1615 2977 illud
1642 2948 1846 2990 peccatum
1874 2942 2120 2989 commiserit,
2149 2949 2204 2979 tot
2231 2942 2341 2979 annis
2367 2943 2500 2992 poeni-

1431 3000 1516 3030 teat.
1546 2994 1648 3041 Ergo
1677 2993 1830 3030 videtur
1856 2995 1965 3043 qu‘od
1992 3006 2074 3032 non
2101 2994 2147 3032 sit
2173 2995 2408 3044 poenitentia
2436 3009 2499 3034 ex-

1431 3046 1626 3083 tendenda
1653 3058 1778 3095 usque
1807 3047 1856 3083 ad
1883 3047 2006 3084 finem
2033 3047 2145 3085 vitae.

1485 3100 1559 3137 SED
1580 3111 1725 3136 CONTRA
1744 3111 1810 3136 EST
1828 3100 1936 3148 quod
1956 3100 2046 3137 dicit
2062 3101 2312 3149 Augustinus,
2341 3100 2382 3138 in
2400 3101 2498 3140 libro

1431 3152 1477 3189 de
1493 3154 1723 3190 Poenitentia
1740 3152 1779 3189 *ε
1815 3153 1915 3195 Quid
1940 3159 2051 3191 restat
2079 3156 2184 3191 nohis
2209 3156 2282 3191 nisi
2306 3155 2433 3192 dolere
2459 3157 2497 3193 in

1430 3205 1534 3243 vita?
1574 3207 1647 3243 Ubi
1673 3207 1771 3242 enim
1799 3206 1908 3243 dolor
1923 3208 2080 3255 finitur,
2114 3208 2235 3256 deficit
2255 3210 2496 3257 poenitentia.

1431 3260 1472 3296 Si
1496 3271 1586 3297 vero
1610 3260 1836 3308 poenitentia
1852 3261 2011 3307 finitur,
2049 3261 2137 3309 quid
2162 3261 2427 3310 derelinquitur
2453 3262 2499 3299 de

1430 3311 1570 3349 venia?

1484 3366 1709 3402 RESPONDEO
1741 3377 1924 3403 mei-:NDUM
1959 3366 2067 3415 quod
2104 3366 2248 3415 duplex
2280 3374 2336 3403 est
2363 3367 2497 3416 poeni-

1430 3417 1566 3455 tentia:
1597 3417 1735 3455 scilicet
1763 3417 1930 3466 interior,
1960 3427 1995 3456 et
2024 3419 2197 3456 exterior.
2227 3419 2386 3457 Interior
2413 3420 2496 3470 qui-

2533 404 2747 432 'Qu.xxxix‚ar1.2.

2533 560 2542 569 ·
2558 559 2624 581 Vei-s.
2639 565 2660 581 2.

2632 586 2645 611 θ

2532 662 2748 720 ᾆηέἒὲένῖὓῖζῖᾱ

2531 715 2703 738 δεΙειιειαηιιηι.

2638 774 2645 789 Ι.

2535 1034 2546 1044 ”
2558 1034 2609 1055 Art.
2624 1039 2644 1061 5,
2662 1033 2690 1054 ad
2706 1039 2726 1062 3.

2531 2293 2542 2304 ²
2557 2293 2595 2314 Ps.
2604 2299 2624 2319 ι,
2637 2299 2697 2315 vers.
2710 2300 2743 2322 ¹9.

2525 3164 2573 3185 'De
2577 3163 2637 3185 Vera
2642 3166 2666 3185 et
2665 3165 2739 3193 salsa

2524 3190 2738 3245 anizss‘zsssfflss:
