2918 4088
0 2010 1 2025 ¹
50 2010 266 2075 'Uknu-Qun,

137 2925 267 2956 &Comm-
290 2943 293 2945 .

960 191 1222 239 QUAESTIO
1250 190 1426 238 LXXIV,
1455 189 1746 227 ARTICULUS
1774 192 1808 227 V

2400 186 2466 223 151

1078 325 1399 367 ARTICULUS
1430 324 1689 376 QUINTUS

666 418 824 449 UTRUM
847 418 914 449 srr
937 417 1123 448 PROPRIA
1146 415 1499 449 MATERIAAHUHJS
1523 415 1804 447 SACRAMENTI
1827 417 1967 447 VINUM
1991 417 2102 448 vms

925 496 960 520 1v
979 495 1064 525 Sent„
1083 495 1144 520 dist.
1162 502 1197 525 ιι,
1216 502 1260 527 qu.
1279 501 1306 524 11,
1326 499 1373 520 art.
1394 493 1423 525 3;
1443 494 1477 519 IV
1499 495 1576 519 Cont.
1597 495 1684 523 Gerar„
1704 502 1759 526 cap.
1779 502 1844 520 mx.

413 629 416 635 y
475 615 478 622 s
504 598 527 623 D
549 596 710 628 Qum-rum
729 596 781 621 Sic
800 595 1036 621 PROCEDITUR.
1065 582 1226 620 Videtur
1248 582 1355 631 quod

356 616 482 691 NJ
505 650 586 675 non
620 637 666 674 sit
702 636 870 695 propria·
891 635 1049 673 materia
1083 635 1199 672 huius
1233 647 1355 672 sacra-

366 679 493 755 2,ng
506 690 625 728 menti
649 689 787 726 vinum
806 688 902 726 vitis.
933 688 1038 726 Sicut
1057 688 1161 725 enim
1180 700 1282 737 aqua
1300 695 1356 724 est

427 739 493 781 Χ
506 742 664 781 materia
683 741 874 801 baptismi,
898 740 949 778 ita
966 741 1103 778 vinum
1123 749 1178 778 est
1195 740 1356 778 materia

294 760 411 837 huius
439 795 676 835 sacramenti.
719 795 796 832 Sed
828 794 869 831 in
896 794 1064 843 qualibet
1096 806 1197 843 aqua
1231 801 1356 843 potest

293 851 379 890 fieri
405 850 629 899 baptismus.
659 849 761 896 Ergo
789 847 829 884 in
849 847 1020 895 quolibet
1038 846 1142 894 vino,
1162 854 1255 896 puta
1273 859 1354 884 ma-

293 906 422 942 lorum
448 909 695 951 granatorum
722 901 785 937 vel
811 911 1015 938 mororum
1034 907 1099 937 aut
1117 900 1353 947 huiusmodi,

292 963 417 1017 potest
439 954 579 993 confici
597 955 673 991 hoc
691 960 992 991 sacramentum.
1022 953 1244 1002 praesertim
1263 966 1352 990 cum

293 1010 334 1048 in
347 1007 596 1099 2quibusdam
622 1007 730 1044 terris
757 1005 853 1044 vites
881 1018 962 1043 non
989 1014 1170 1043 crescant.

375 1061 660 1119 .PRAETEREA,
698 1067 850 1098 acetum
887 1067 943 1096 est
979 1060 1173 1109 quaedam
1210 1059 1354 1108 species

258 1136 265 1142 ·
292 1114 373 1153 vini
407 1114 515 1163 quod
542 1113 591 1151 de
618 1112 694 1150 vite
723 1112 908 1159 sumitur,
946 1120 988 1149 ut
1015 1112 1181 1150 Isidorus
1215 1112 1305 1150 dicit
1323 1113 1353 1150 ²¹⁸.

292 1168 372 1207 Sed
399 1167 447 1204 de
475 1174 583 1205 aceto
611 1178 690 1204 non
718 1173 843 1216 potest
869 1164 1009 1203 confici
1037 1166 1113 1202 hoc
1139 1177 1354 1203 sacramen-

292 1229 388 1260 tum.
418 1220 521 1268 Ergo
539 1219 692 1257 videtur
709 1219 817 1269 quod
835 1219 972 1256 vinum
990 1218 1076 1256 vitis
1104 1230 1184 1255 non
1203 1218 1249 1255 sit
1266 1231 1354 1268 pro-

256 1292 259 1295 ·
291 1274 377 1324 pria
403 1272 563 1310 materia
589 1272 706 1310 huius
734 1271 971 1310 sacramenti.

349 1326 384 1364 3.
406 1327 654 1376 Pansam,
693 1325 789 1363 sicut
824 1325 872 1362 de
908 1324 985 1362 vite
1022 1323 1187 1361 sumitur
1218 1324 1356 1362 vinum

294 1381 538 1429 depuratum,
567 1378 618 1416 ita
641 1385 677 1415 et
695 1385 841 1427 agresta
860 1385 896 1415 et
914 1384 1098 1414 mustum.
1129 1378 1205 1414 Sed
1229 1377 1277 1414 de
1296 1377 1355 1414 his

293 1444 376 1471 non
402 1431 555 1470 videtur
581 1431 720 1469 confici
738 1443 851 1481 posse
871 1431 947 1468 hoc
962 1432 1268 1467 sacramentum:
1298 1442 1355 1467 se-

293 1485 469 1524 eundum
503 1485 596 1522 illud
629 1485 736 1534 quod
771 1483 812 1521 in
840 1484 953 1522 Sexta
981 1483 1141 1532 Synodo
1155 1483 1176 1505 '¹‘
1202 1482 1353 1531 legitur:

270 1539 499 1579 .Didicimus
529 1537 629 1586 quod
654 1539 691 1574 in
721 1537 937 1586 quibusdam
965 1537 1124 1573 ecclesiis
1149 1536 1356 1573 sacerdotes

215 1605 225 1643 j
256 1607 260 1610 ·
292 1592 477 1640 sacmficio
503 1591 698 1627 oblationis
724 1591 957 1639 coniungunt
977 1601 1078 1634 uvas,
1108 1594 1142 1624 et
1167 1590 1220 1625 sic
1245 1589 1357 1625 simul

190 1646 207 1674 ν’
245 1687 248 1691 ,
293 1649 488 1693 utrumque
517 1642 660 1692 populo
694 1642 914 1691 dispensant.
956 1642 1211 1690 Praecipimus
1243 1643 1357 1691 igitur

292 1701 332 1743 ut
359 1696 480 1733 nullus
506 1694 680 1732 sacerdos·
714 1697 786 1732 hoc
819 1695 969 1731 ulterius
985 1694 1120 1741 faciat.
1163 1694 1212 1730 Et
1239 1693 1356 1731 Iulius

290 1749 400 1798 Papa
416 1747 437 1770 ²¹²
463 1746 708 1797 reprehendit
741 1747 934 1797 quosdam
966 1746 1034 1795 qui
1062 1758 1277 1795 expressum
1303 1748 1356 1784 vi-

290 1813 384 1843 num
402 1802 440 1838 in
458 1806 692 1838 sacramento
706 1802 897 1838 Dominici
913 1800 1039 1836 calicis
1057 1798 1229 1848 offerunt.
1254 1800 1356 1847 Ergo

231 1880 240 1884 -
256 1875 258 1878 v
291 1854 446 1893 videtur
472 1853 580 1903 quod
598 1853 736 1891 vinum
754 1853 841 1891 vitis
859 1865 940 1890 non
960 1852 1006 1889 sit
1024 1852 1180 1902 propria
1199 1852 1357 1890 materia

292 1906 410 1945 huius
437 1906 675 1944 sacramenti.

318 1961 422 1999 San
450 1971 595 1997 CONTRA
622 1972 688 1997 EST
715 1960 834 2009 quod,
864 1959 961 1996 sicut
988 1958 1181 1996 Dominus
1200 1970 1356 2017 compa-

290 2012 390 2061 ravit
407 2025 448 2052 se
467 2025 586 2062 grano
605 2012 824 2050 frumenti*
826 2042 835 2060 ,
855 2012 906 2050 ita
925 2012 1040 2049 etiam
1059 2024 1099 2049 se
1119 2010 1358 2060 comparavit

293 2065 373 2113 viti,
401 2066 544 2113 dicens,
572 2067 676 2104 Ioan.
697 2078 745 2103 xv
763 2066 798 2103 ²¹⁸:
827 2067 913 2116 Ego
940 2077 1022 2102 sum
1049 2066 1130 2102 vitis
1147 2077 1249 2102 vera.
1281 2064 1358 2102 Sed

294 2120 399 2158 solus
426 2119 537 2169 panis
565 2119 614 2156 de
632 2120 827 2156 frumento
847 2126 903 2156 est
921 2117 1080 2156 materia
1099 2117 1215 2154 huius
1235 2129 1357 2154 sacra-

293 2172 425 2216 menti,
455 2180 498 2210 ut
525 2171 672 2210 dictum
699 2179 754 2209 est
771 2171 803 2208 ²¹⁸.
846 2173 948 2220 Ergo
984 2171 1112 2208 solum
1143 2170 1282 2207 vinum
1309 2170 1357 2207 de

293 2224 370 2263 vite
399 2233 454 2263 est
480 2225 637 2275 propria
663 2224 823 2262 materia
850 2224 966 2261 huius
994 2222 1232 2261 sacramenti.

346 2279 572 2316 Rsssponm-:o
609 2290 791 2316 mCENDUM
828 2277 935 2327 quod
963 2277 1012 2314 de
1040 2277 1123 2314 solo
1150 2276 1243 2313 vino
1271 2274 1357 2312 vitis

293 2338 419 2381 potest
446 2331 586 2369 confici
614 2331 689 2368 hoc
709 2338 1004 2368 sacramentum
1034 2328 1165 2366 Primo
1175 2328 1356 2388 quidem,

292 2391 452 2435 propter
487 2383 766 2422 institutionem
794 2383 946 2430 Christi,
975 2382 1043 2432 qui
1075 2381 1115 2419 in
1146 2381 1239 2419 vino
1271 2380 1358 2418 vitis

295 2437 372 2475 hoc
398 2445 684 2475 sacramentum
712 2436 888 2474 instituit.
918 2443 963 2473 ut
988 2442 1100 2495 patet
1113 2447 1159 2472 ex
1178 2447 1225 2472 eo
1250 2434 1357 2484 quod

260 2489 377 2541 ‚ipse
405 2489 507 2536 dicit,
535 2491 630 2527 Luc.
650 2502 720 2527 xxu
740 2495 758 2511 ²
775 2489 808 2537 ²⁸,
829 2489 928 2526 circa
946 2487 1220 2526 institutionem
1241 2487 1357 2524 huius

261 2561 268 2573 ι
295 2543 541 2580 sacramenti:
570 2543 718 2581 Amodo
746 2555 820 2580 non
849 2544 974 2580 bibam
1002 2542 1048 2579 de
1074 2542 1144 2578 hoc
1167 2542 1358 2592 genimine

293 2597 385 2635 vitis.

348 2727 376 2761 α)
395 2727 459 2753 Luc.
478 2727 571 2752 XXII.
589 2741 608 2746 ·-
625 2726 725 2752 Mami.

293 2764 391 2789 amodo
410 2768 470 2796 post
488 2763 574 2788 bibam
593 2762 665 2795 ponit
683 2762 710 2787 Ρ.

744 2726 843 2751 XXVI
857 2727 891 2757 1²5
910 2727 976 2752 Luc.
994 2727 1104 2752 XXII...
1122 2727 1228 2751 Amodo
1246 2734 1300 2752 om.
1318 2726 1353 2757 F;
1379 2724 1383 2790 Ι

1464 583 1644 619 Secundo
1671 582 1772 631 quia,
1794 582 1890 620 sicut
1908 583 2053 621 dictum
2072 593 2128 621 est
2141 585 2172 631 ²⁸,
2202 586 2250 622 ad
2269 586 2468 623 materiam
2496 597 2506 606 ·

1410 643 1739 672 sacramentorum
1781 636 1988 673 assumitur
2024 636 2062 673 id
2099 638 2206 686 quod
2243 639 2396 687 proprie
2433 647 2469 676 et

1409 687 1669 725 communiter
1686 688 1802 725 habet
1819 690 1934 726 talem
1953 689 2131 738 speciem.
2162 691 2319 740 Proprie
2339 699 2468 729 autem

1409 740 1546 777 vinum
1574 740 1711 778 dicitur
1738 741 1845 790 quod
1873 741 1921 778 de
1940 742 2015 779 vite
2044 742 2227 780 sumitur:
2257 743 2319 781 alii
2339 752 2468 782 autem

1409 793 1577 842 liquores
1618 793 1756 830 vinum
1796 793 1976 831 dicuntur
2020 796 2236 834 secundum
2271 798 2469 846 quandam

1410 846 1698 883 similitudinem
1726 846 1776 883 ad
1803 846 1940 883 vinum
1968 847 2064 884 vitis.

1462 899 1615 946 Tertio,
1652 898 1742 948 quia
1770 899 1907 937 vinum
1934 900 2019 937 vitis
2046 901 2174 950 'magis
2211 903 2393 952 competit
2420 904 2469 940 ad

1409 952 1590 989 effectum
1618 952 1734 989 huius
1757 953 1993 1001 sacramenti,
2015 954 2082 1002 qui
2101 962 2156 991 est
2175 955 2375 1004 spiritualis
2395 958 2468 994 lae-

1408 1005 1504 1042 titia:
1541 1005 1633 1055 quia
1665 1005 1848 1054 scriptum
1877 1013 1932 1043 est
1949 1006 1969 1028 '¹‘
1997 1007 2104 1055 quod
2138 1009 2265 1045 vinum
2299 1010 2470 1058 laetificat

1409 1071 1477 1096 cor
1503 1060 1672 1096 hominis.

1462 1113 1520 1149 AD
1540 1123 1674 1149 PmMUM
1694 1123 1792 1149 ERGO
1806 1124 1987 1149 DICENDUM
2007 1113 2113 1160 quod
2132 1113 2183 1150 illi
2201 1113 2369 1163 liquores
2387 1127 2469 1153 non

1409 1164 1590 1202 dicuntur
1616 1164 1770 1213 proprie
1797 1164 1946 1211 vinum,
1975 1165 2043 1201 sed
2062 1167 2278 1204 secundum
2297 1168 2468 1206 similitu-

1409 1218 1552 1255 dinem.
1595 1218 1724 1254 Potest
1757 1225 1888 1254 autem
1922 1229 2060 1255 verum
2096 1219 2233 1256 vinum
2269 1221 2319 1257 ad
2352 1229 2469 1259 terras

1410 1271 1490 1308 illas
1518 1270 1655 1308 deferri
1681 1270 1721 1307 in
1749 1270 1890 1319 quibus
1917 1270 2012 1307 vites
2039 1283 2120 1308 non
2139 1281 2324 1321 crescunt,
2347 1286 2468 1323 quan—

1410 1332 1494 1361 tum
1522 1323 1661 1360 sufficit
1688 1323 1737 1360 ad
1765 1324 1841 1360 hoc
1868 1331 2162 1361 sacramentum.

1463 1379 1521 1414 AD
1549 1388 1738 1414 SECUNDUM
1766 1388 1947 1414 mCENDUM
1975 1377 2082 1425 quod
2101 1377 2238 1414 vinum
2255 1378 2298 1415 fit
2317 1387 2468 1416 acetum

1409 1442 1479 1479 per
1505 1428 1810 1479 corruptionem:
1840 1429 1944 1466 unde
1972 1441 2053 1466 non
2071 1429 2114 1466 fit
2133 1430 2275 1468 reditus
2293 1432 2341 1468 de
2361 1440 2468 1469 aceto

1394 1483 1449 1519 'in
1476 1482 1633 1529 vinum,
1662 1490 1704 1518 ut
1736 1481 1872 1518 dicitur
1897 1483 1979 1519 VIII
2002 1484 2216 1532 Metaphys.
2236 1483 2256 1505 ’¹‘
2292 1485 2340 1521 Et
2367 1485 2467 1532 ideo,

1410 1535 1506 1572 sicut
1533 1535 1581 1571 de
1609 1546 1709 1583 pane
1737 1534 1897 1571 totaliter
1924 1543 2104 1593 corrupto
2133 1548 2213 1573 non
2231 1545 2355 1585 potest
2378 1550 2468 1575 con-

1409 1587 1473 1624 fici
1501 1588 1577 1624 hoc
1604 1594 1909 1632 sacramentum,
1951 1587 2003 1624 ita
2035 1599 2106 1625 nec
2133 1589 2182 1626 de
2210 1597 2316 1626 aceto
2345 1598 2470 1639 potest

1409 1639 1548 1677 confici
1568 1638 1593 1676 β.
1623 1640 1751 1676 Potest
1777 1647 1907 1676 tamen
1935 1639 2074 1677 confici
2092 1641 2140 1677 de
2159 1641 2251 1678 vino
2270 1644 2467 1690 acescenti,

1410 1692 1507 1729 sicut
1533 1692 1582 1728 de
1609 1704 1710 1740 pane
1745 1692 1812 1741 qui
1845 1699 1900 1729 est
1931 1692 1972 1728 in
1998 1692 2062 1729 via
2093 1694 2142 1730 ad
2170 1694 2468 1744 corruptionem,

1410 1745 1495 1783 licet
1521 1752 1653 1794 peccet
1680 1744 1909 1782 conficiens:
1939 1752 1982 1781 ut
1999 1745 2106 1794 prius
2124 1746 2144 1767 ’¹‘
2171 1746 2317 1784 dictum
2345 1756 2411 1785 est.

1464 1799 1521 1835 An
1548 1809 1707 1835 TER‘rmM
1734 1809 1916 1835 mcENDUM
1947 1798 2054 1846 quod
2082 1807 2227 1847 agresta
2255 1808 2310 1837 est
2341 1800 2381 1837 in
2408 1800 2471 1838 via

1410 1850 1674 1899 generationis,
1700 1858 1736 1887 et
1754 1850 1842 1887 ideo
1861 1850 2038 1887 nondum
2058 1851 2173 1889 habet
2192 1853 2360 1901 speciem
2378 1853 2468 1891 vini.

1412 1905 1460 1941 Et
1486 1911 1643 1953 propter
1678 1904 1755 1940 hoc
1785 1903 1834 1940 de
1866 1915 1912 1940 ea
1943 1915 2024 1941 non
2060 1912 2185 1954 potest
2220 1905 2359 1943 confici
2395 1907 2471 1944 hoc

1411 1964 1707 1995 sacramentum.

1463 2011 1640 2047 Mustum
1668 2016 1799 2046 autem
1817 2009 1895 2046 iam
1913 2010 2029 2047 habet
2056 2010 2224 2060 speciem
2251 2011 2348 2049 vini:
2378 2023 2470 2049 nam

1412 2063 1494 2100 eius
1522 2062 1687 2100 dulcedo
1715 2069 1909 2099 attestatur
1935 2063 2145 2111 digestioni,
2170 2076 2270 2113 quae
2298 2072 2353 2101 est
2371 2077 2470 2102 com-

1408 2117 1519 2166 pletio
1538 2129 1562 2153 a
1582 2115 1746 2152 naturali
1762 2115 1898 2161 calore,
1913 2123 1956 2152 ut
1974 2115 2112 2153 dicitur
2129 2116 2169 2153 in
2188 2117 2239 2154 IV
2251 2119 2437 2154 Meteon*
2451 2117 2471 2139 ’¹‘

1411 2170 1459 2206 Et
1473 2169 1561 2205 ideo
1576 2168 1624 2205 de
1639 2175 1768 2205 musto
1787 2175 1912 2217 potest
1930 2168 2070 2205 confici
2084 2170 2159 2206 hoc
2173 2177 2468 2207 sacramentum.

1463 2222 1556 2258 Non
1584 2229 1714 2258 tamen
1742 2220 1882 2258 debent
1909 2233 2009 2258 uvae
2037 2221 2202 2270 integrae
2230 2222 2321 2259 huic
2348 2235 2469 2260 sacra-

1411 2282 1542 2312 mento
1562 2273 1730 2311 misceri:
1760 2273 1851 2323 quia
1869 2273 1947 2311 iam
1966 2282 2063 2311 esset
2081 2274 2134 2312 ibi
2153 2275 2296 2324 aliquid
2321 2283 2471 2324 praeter

1410 2339 1559 2364 vmum.

1463 2380 1694 2417 Prohibetur
1712 2379 1827 2417 etiam
1845 2391 1893 2416 ne
1908 2387 2082 2417 mustum
2101 2380 2226 2417 statim
2246 2392 2470 2430 expressum

1411 2434 1458 2470 de
1477 2446 1556 2470 uva
1574 2433 1613 2470 in
1632 2433 1746 2470 calice
1766 2432 1968 2470 offeratur:
1998 2432 2090 2483 quia
2108 2434 2184 2470 hoc
2202 2441 2258 2470 est
2275 2433 2468 2478 indecens,

1409 2493 1567 2536 propter
1593 2485 1852 2535 impuritatem
1879 2485 2006 2523 musti.
2036 2487 2164 2523 Potest
2190 2493 2319 2523 tamen
2348 2486 2387 2523 in
2406 2498 2469 2523 ne-

1410 2539 1579 2576 cessitate
1598 2538 1699 2576 fieri:
1721 2538 1858 2576 dicitur
1871 2538 1976 2575 enim
1991 2538 2039 2576 ab
2054 2539 2194 2576 eodem
2208 2538 2303 2576 Iulio
2318 2539 2467 2588 Papa*:
2496 2546 2546 2592 {212⁰

1410 2594 1451 2630 Si
1475 2604 1620 2629 necesse
1636 2593 1768 2640 fuerit,
1798 2593 1923 2628 botrus
1949 2594 1986 2629 in
2015 2592 2168 2629 calicem
2190 2598 2397 2642 prematur.

1462 2724 1488 2758 β)
1502 2728 1595 2758 potest
1612 2725 1714 2757 confici,
1731 2738 1751 2743 -
1768 2724 1830 2750 Om.
1849 2724 1931 2750 tertia.

1463 2759 1489 2794 γ)
1509 2761 1621 2786 Mereor.
1638 2774 1658 2779 —
1675 2760 1746 2791 PHI;
1765 2760 1976 2794 Metaphysicae.

968 2841 1303 2874 Commentaria
1324 2840 1577 2873 Cardinalis
1599 2840 1800 2873 Caietam

298 2931 346 2996 Iu
361 2921 495 2952 articulo
512 2922 636 2962 quinto,
656 2926 820 2952 memento
844 2930 939 2960 supra
953 2921 970 2937 ’ὲ
994 2919 1164 2955 dictorum,
1181 2924 1212 2949 et
1230 2919 1355 2959 applica
1378 2918 1418 2949 ad
1432 2919 1651 2960 propositum:
1680 2924 1711 2949 et
1733 2918 1806 2949 vide
1826 2927 1922 2949 uvam
1945 2928 2013 2950 non
2029 2928 2097 2949 esse
2119 2919 2376 2956 consecrabilem,
2395 2921 2471 2961 quia

325 2975 395 2998 non
418 2966 562 2998 continet
583 2966 696 2996 vinum
725 2966 784 2996 sub
808 2964 911 2996 forma
934 2963 1085 3004 potabili‚
1110 2963 1166 2994 sed
1188 2962 1431 2994 manducabili..

2495 1017 2507 1028 '
2514 1016 2551 1038 Ps.
2558 1022 2601 1043 cm,
2610 1023 2668 1038 vers.
2677 1024 2683 1039 ι
2687 1023 2707 1044 5.
