<?xml version="1.0" encoding="UTF-8"?>
<!DOCTYPE html PUBLIC "-//W3C//DTD XHTML 1.0 Transitional//EN"
    "http://www.w3.org/TR/xhtml1/DTD/xhtml1-transitional.dtd">
<html xmlns="http://www.w3.org/1999/xhtml" xml:lang="en" lang="en">
 <head>
  <title>
</title>
<meta http-equiv="Content-Type" content="text/html;charset=utf-8" />
  <meta name='ocr-system' content='tesseract 3.04.00' />
  <meta name='ocr-capabilities' content='ocr_page ocr_carea ocr_par ocr_line ocrx_word'/>
</head>
<body>
  <div class='ocr_page' id='page_1' title='image "./operaomniaiussui12thom/operaomniaiussui12thom_0583.png"; bbox 0 0 2878 4088; ppageno 0'>
   <div class='ocr_carea' id='block_1_1' title="bbox 0 0 58 4088">
    <p class='ocr_par' dir='ltr' id='par_1_1' title="bbox 0 0 58 4088">
     <span class='ocr_line' id='line_1_1' title="bbox 0 0 58 4088; baseline 0 0"><span class='ocrx_word' id='word_1_1' title='bbox 0 0 58 4088; x_wconf 95' lang='lat' dir='ltr'> </span> 
     </span>
    </p>
   </div>
   <div class='ocr_carea' id='block_1_2' title="bbox 68 3113 83 3124">
    <p class='ocr_par' dir='ltr' id='par_1_2' title="bbox 68 3113 83 3124">
     <span class='ocr_line' id='line_1_2' title="bbox 68 3113 83 3124; baseline 0 0"><span class='ocrx_word' id='word_1_2' title='bbox 68 3113 83 3124; x_wconf 62' lang='lat' dir='ltr'>x</span> 
     </span>
    </p>
   </div>
   <div class='ocr_carea' id='block_1_3' title="bbox 95 262 223 290">
    <p class='ocr_par' dir='ltr' id='par_1_3' title="bbox 95 262 223 290">
     <span class='ocr_line' id='line_1_3' title="bbox 95 262 223 290; baseline 0 -6"><span class='ocrx_word' id='word_1_3' title='bbox 95 264 107 274; x_wconf 80' lang='grc'><em>·</em></span> <span class='ocrx_word' id='word_1_4' title='bbox 121 262 187 284; x_wconf 74' lang='lat' dir='ltr'>Vera.</span> <span class='ocrx_word' id='word_1_5' title='bbox 202 268 223 290; x_wconf 86' lang='grc'>5.</span> 
     </span>
    </p>
   </div>
   <div class='ocr_carea' id='block_1_4' title="bbox 96 437 309 492">
    <p class='ocr_par' dir='ltr' id='par_1_4' title="bbox 96 437 309 492">
     <span class='ocr_line' id='line_1_4' title="bbox 96 437 309 464; baseline -0.005 -5"><span class='ocrx_word' id='word_1_6' title='bbox 96 441 107 449; x_wconf 95' lang='grc'><em>“</em></span> <span class='ocrx_word' id='word_1_7' title='bbox 136 437 195 460; x_wconf 69' lang='lat' dir='ltr'>nist.</span> <span class='ocrx_word' id='word_1_8' title='bbox 221 443 309 464; x_wconf 82' lang='lat' dir='ltr'>xxxix,</span> 
     </span>
     <span class='ocr_line' id='line_1_5' title="bbox 96 463 309 492; baseline -0.005 -6"><span class='ocrx_word' id='word_1_9' title='bbox 96 470 149 492; x_wconf 77' lang='lat' dir='ltr'>cap.</span> <span class='ocrx_word' id='word_1_10' title='bbox 176 463 206 486; x_wconf 75' lang='grc' dir='ltr'>δι’</span> <span class='ocrx_word' id='word_1_11' title='bbox 231 465 309 486; x_wconf 76' lang='lat' dir='ltr'>autem</span> 
     </span>
    </p>
   </div>
   <div class='ocr_carea' id='block_1_5' title="bbox 96 491 308 546">
    <p class='ocr_par' dir='ltr' id='par_1_5' title="bbox 96 491 308 546">
     <span class='ocr_line' id='line_1_6' title="bbox 96 491 308 546; baseline 0 -8"><span class='ocrx_word' id='word_1_12' title='bbox 96 491 237 546; x_wconf 49' lang='lat' dir='ltr'>ffle‘gf&#39;y,</span> <span class='ocrx_word' id='word_1_13' title='bbox 246 528 258 534; x_wconf 88' lang='lat'><em>-</em></span> <span class='ocrx_word' id='word_1_14' title='bbox 272 516 308 539; x_wconf 77' lang='lat' dir='ltr'>Ct‘.</span> 
     </span>
    </p>
   </div>
   <div class='ocr_carea' id='block_1_6' title="bbox 96 544 308 593">
    <p class='ocr_par' dir='ltr' id='par_1_6' title="bbox 96 544 308 593">
     <span class='ocr_line' id='line_1_7' title="bbox 96 544 308 593; baseline -0.005 -28"><span class='ocrx_word' id='word_1_15' title='bbox 96 544 154 592; x_wconf 48' lang='lat'>31¹2.</span> <span class='ocrx_word' id='word_1_16' title='bbox 174 549 234 593; x_wconf 57' lang='grc' dir='ltr'>ι«ἔαρ.</span> <span class='ocrx_word' id='word_1_17' title='bbox 262 549 308 570; x_wconf 77' lang='lat' dir='ltr'>xvi,</span> 
     </span>
    </p>
   </div>
   <div class='ocr_carea' id='block_1_7' title="bbox 94 799 304 882">
    <p class='ocr_par' dir='ltr' id='par_1_7' title="bbox 94 799 304 882">
     <span class='ocr_line' id='line_1_8' title="bbox 96 799 304 828; baseline -0.005 -6"><span class='ocrx_word' id='word_1_18' title='bbox 96 801 107 812; x_wconf 75' lang='lat'><em>⁶</em></span> <span class='ocrx_word' id='word_1_19' title='bbox 122 801 165 822; x_wconf 79' lang='lat' dir='ltr'>Art</span> <span class='ocrx_word' id='word_1_20' title='bbox 191 806 210 826; x_wconf 77' lang='grc' dir='ltr'>ι,</span> <span class='ocrx_word' id='word_1_21' title='bbox 221 805 261 828; x_wconf 70' lang='grc'>3.-</span> <span class='ocrx_word' id='word_1_22' title='bbox 273 799 304 822; x_wconf 75' lang='lat' dir='ltr'>cf</span> 
     </span>
     <span class='ocr_line' id='line_1_9' title="bbox 94 829 298 882; baseline 0.005 -34"><span class='ocrx_word' id='word_1_23' title='bbox 94 831 214 882; x_wconf 35' lang='grc' dir='ltr'>ἕξις-ιιι,</span> <span class='ocrx_word' id='word_1_24' title='bbox 228 829 271 848; x_wconf 78' lang='lat' dir='ltr'>art.</span> <span class='ocrx_word' id='word_1_25' title='bbox 290 833 298 849; x_wconf 75' lang='grc' dir='ltr'><strong><em>ι</em></strong></span> 
     </span>
    </p>
   </div>
   <div class='ocr_carea' id='block_1_8' title="bbox 97 1376 311 1432">
    <p class='ocr_par' dir='ltr' id='par_1_8' title="bbox 97 1376 311 1432">
     <span class='ocr_line' id='line_1_10' title="bbox 97 1376 311 1404; baseline -0.005 -4"><span class='ocrx_word' id='word_1_26' title='bbox 97 1377 110 1390; x_wconf 82' lang='grc'><em>·</em></span> <span class='ocrx_word' id='word_1_27' title='bbox 132 1376 230 1404; x_wconf 59' lang='lat' dir='ltr'>enqu.</span> <span class='ocrx_word' id='word_1_28' title='bbox 252 1381 311 1404; x_wconf 78' lang='lat' dir='ltr'>uu,</span> 
     </span>
     <span class='ocr_line' id='line_1_11' title="bbox 97 1402 259 1432; baseline -0.012 -5"><span class='ocrx_word' id='word_1_29' title='bbox 97 1402 259 1432; x_wconf 47' lang='grc' dir='ltr'>ατη-115.</span> 
     </span>
    </p>
   </div>
   <div class='ocr_carea' id='block_1_9' title="bbox 96 2036 243 2061">
    <p class='ocr_par' dir='ltr' id='par_1_9' title="bbox 96 2036 243 2061">
     <span class='ocr_line' id='line_1_12' title="bbox 96 2036 243 2061; baseline 0 -1"><span class='ocrx_word' id='word_1_30' title='bbox 96 2038 110 2051; x_wconf 83' lang='grc'><em>·</em></span> <span class='ocrx_word' id='word_1_31' title='bbox 122 2036 191 2061; x_wconf 70' lang='lat' dir='ltr'>Van.</span> <span class='ocrx_word' id='word_1_32' title='bbox 203 2043 243 2060; x_wconf 70' lang='lat' dir='ltr'>zo.</span> 
     </span>
    </p>
   </div>
   <div class='ocr_carea' id='block_1_10' title="bbox 103 3195 317 3246">
    <p class='ocr_par' dir='ltr' id='par_1_10' title="bbox 103 3195 317 3246">
     <span class='ocr_line' id='line_1_13' title="bbox 103 3195 317 3246; baseline -0.009 -26"><span class='ocrx_word' id='word_1_33' title='bbox 103 3195 317 3246; x_wconf 49' lang='lat' dir='ltr'>Lffiqmustn-</span> 
     </span>
    </p>
   </div>
   <div class='ocr_carea' id='block_1_11' title="bbox 639 181 2220 230">
    <p class='ocr_par' dir='ltr' id='par_1_11' title="bbox 639 181 2220 230">
     <span class='ocr_line' id='line_1_14' title="bbox 639 181 2220 230; baseline 0.003 -11"><span class='ocrx_word' id='word_1_34' title='bbox 639 183 903 230; x_wconf 90' lang='lat' dir='ltr'>QUAESTIO</span> <span class='ocrx_word' id='word_1_35' title='bbox 931 184 1029 229; x_wconf 91' lang='lat' dir='ltr'>LIX,</span> <span class='ocrx_word' id='word_1_36' title='bbox 1050 182 1343 220; x_wconf 91' lang='lat' dir='ltr'>ARTICULUS</span> <span class='ocrx_word' id='word_1_37' title='bbox 1370 181 1420 219; x_wconf 89' lang='lat' dir='ltr'>Vl</span> <span class='ocrx_word' id='word_1_38' title='bbox 1440 203 1465 208; x_wconf 92' lang='lat'>-</span> <span class='ocrx_word' id='word_1_39' title='bbox 1485 182 1749 229; x_wconf 90' lang='lat' dir='ltr'>QUAESTIO</span> <span class='ocrx_word' id='word_1_40' title='bbox 1778 184 1860 229; x_wconf 88' lang='lat' dir='ltr'>LX,</span> <span class='ocrx_word' id='word_1_41' title='bbox 1886 186 2178 224; x_wconf 90' lang='lat' dir='ltr'>ARTICULUS</span> <span class='ocrx_word' id='word_1_42' title='bbox 2206 189 2220 224; x_wconf 94' lang='lat' dir='ltr'>I</span> 
     </span>
    </p>
   </div>
   <div class='ocr_carea' id='block_1_12' title="bbox 335 262 1407 790">
    <p class='ocr_par' dir='ltr' id='par_1_12' title="bbox 335 262 1405 435">
     <span class='ocr_line' id='line_1_15' title="bbox 389 262 1403 302; baseline -0.002 -9"><span class='ocrx_word' id='word_1_43' title='bbox 389 271 421 302; x_wconf 91' lang='lat'>4.</span> <span class='ocrx_word' id='word_1_44' title='bbox 433 263 631 298; x_wconf 63' lang='lat' dir='ltr'>Pmmnm,</span> <span class='ocrx_word' id='word_1_45' title='bbox 642 263 769 292; x_wconf 91' lang='lat' dir='ltr'>avaritia</span> <span class='ocrx_word' id='word_1_46' title='bbox 787 262 967 292; x_wconf 89' lang='lat' dir='ltr'>idololatria</span> <span class='ocrx_word' id='word_1_47' title='bbox 983 268 1039 298; x_wconf 90' lang='lat' dir='ltr'>est,</span> <span class='ocrx_word' id='word_1_48' title='bbox 1050 268 1086 293; x_wconf 93' lang='lat' dir='ltr'>ut</span> <span class='ocrx_word' id='word_1_49' title='bbox 1098 262 1213 292; x_wconf 91' lang='lat' dir='ltr'>dicitur</span> <span class='ocrx_word' id='word_1_50' title='bbox 1221 262 1365 302; x_wconf 80' lang='lat' dir='ltr'>Ephes.v</span> <span class='ocrx_word' id='word_1_51' title='bbox 1376 262 1403 291; x_wconf 48' lang='grc' dir='ltr'><strong>ἢ</strong></span> 
     </span>
     <span class='ocr_line' id='line_1_16' title="bbox 336 306 1405 347; baseline -0.001 -11"><span class='ocrx_word' id='word_1_52' title='bbox 336 306 400 337; x_wconf 88' lang='lat' dir='ltr'>Sed</span> <span class='ocrx_word' id='word_1_53' title='bbox 422 312 555 347; x_wconf 92' lang='lat' dir='ltr'>propter</span> <span class='ocrx_word' id='word_1_54' title='bbox 576 306 790 337; x_wconf 88' lang='lat' dir='ltr'>idololatriam</span> <span class='ocrx_word' id='word_1_55' title='bbox 813 312 922 346; x_wconf 89' lang='lat' dir='ltr'>potest</span> <span class='ocrx_word' id='word_1_56' title='bbox 935 307 1051 337; x_wconf 89' lang='lat' dir='ltr'>mulier</span> <span class='ocrx_word' id='word_1_57' title='bbox 1074 306 1199 336; x_wconf 90' lang='lat' dir='ltr'>dimitti.</span> <span class='ocrx_word' id='word_1_58' title='bbox 1224 306 1320 346; x_wconf 90' lang='lat' dir='ltr'>Ergo,</span> <span class='ocrx_word' id='word_1_59' title='bbox 1338 306 1405 345; x_wconf 91' lang='lat' dir='ltr'>pari</span> 
     </span>
     <span class='ocr_line' id='line_1_17' title="bbox 335 351 1405 391; baseline -0.002 -10"><span class='ocrx_word' id='word_1_60' title='bbox 335 352 469 387; x_wconf 83' lang='lat' dir='ltr'>ratione,</span> <span class='ocrx_word' id='word_1_61' title='bbox 486 356 619 391; x_wconf 86' lang='lat' dir='ltr'>propter</span> <span class='ocrx_word' id='word_1_62' title='bbox 637 352 810 381; x_wconf 85' lang='lat' dir='ltr'>avaritiam.</span> <span class='ocrx_word' id='word_1_63' title='bbox 834 351 876 381; x_wconf 91' lang='lat' dir='ltr'>Et</span> <span class='ocrx_word' id='word_1_64' title='bbox 890 351 934 381; x_wconf 87' lang='lat' dir='ltr'>ita</span> <span class='ocrx_word' id='word_1_65' title='bbox 949 356 1081 391; x_wconf 90' lang='lat' dir='ltr'>propter</span> <span class='ocrx_word' id='word_1_66' title='bbox 1099 351 1159 381; x_wconf 89' lang='lat' dir='ltr'>alia</span> <span class='ocrx_word' id='word_1_67' title='bbox 1175 356 1305 390; x_wconf 93' lang='lat' dir='ltr'>peccata</span> <span class='ocrx_word' id='word_1_68' title='bbox 1322 359 1405 390; x_wconf 93' lang='lat' dir='ltr'>quae</span> 
     </span>
     <span class='ocr_line' id='line_1_18' title="bbox 335 396 839 435; baseline 0.002 -10"><span class='ocrx_word' id='word_1_69' title='bbox 335 401 411 426; x_wconf 90' lang='lat' dir='ltr'>sunt</span> <span class='ocrx_word' id='word_1_70' title='bbox 433 396 555 425; x_wconf 90' lang='lat' dir='ltr'>maiora</span> <span class='ocrx_word' id='word_1_71' title='bbox 579 405 677 435; x_wconf 92' lang='lat' dir='ltr'>quam</span> <span class='ocrx_word' id='word_1_72' title='bbox 701 396 839 426; x_wconf 89' lang='lat' dir='ltr'>avaritia.</span> 
     </span>
    </p>

    <p class='ocr_par' dir='ltr' id='par_1_13' title="bbox 394 439 1404 480">
     <span class='ocr_line' id='line_1_19' title="bbox 394 439 1404 480; baseline -0.001 -11"><span class='ocrx_word' id='word_1_73' title='bbox 394 440 422 470; x_wconf 90' lang='lat'>5.</span> <span class='ocrx_word' id='word_1_74' title='bbox 447 440 652 475; x_wconf 63' lang='lat' dir='ltr'>Paaaraaaa,</span> <span class='ocrx_word' id='word_1_75' title='bbox 677 440 827 480; x_wconf 86' lang='lat' dir='ltr'>Magister</span> <span class='ocrx_word' id='word_1_76' title='bbox 849 440 912 470; x_wconf 91' lang='lat' dir='ltr'>hoc</span> <span class='ocrx_word' id='word_1_77' title='bbox 936 448 1082 480; x_wconf 84' lang='lat' dir='ltr'>expresse</span> <span class='ocrx_word' id='word_1_78' title='bbox 1106 439 1182 469; x_wconf 87' lang='lat' dir='ltr'>dicit</span> <span class='ocrx_word' id='word_1_79' title='bbox 1204 439 1238 469; x_wconf 91' lang='lat' dir='ltr'>in</span> <span class='ocrx_word' id='word_1_80' title='bbox 1261 439 1362 469; x_wconf 91' lang='lat' dir='ltr'>littera</span> <span class='ocrx_word' id='word_1_81' title='bbox 1377 439 1404 468; x_wconf 47' lang='grc' dir='ltr'>ι’.</span> 
     </span>
    </p>

    <p class='ocr_par' dir='ltr' id='par_1_14' title="bbox 337 482 1406 568">
     <span class='ocr_line' id='line_1_20' title="bbox 392 482 1406 524; baseline -0.002 -10"><span class='ocrx_word' id='word_1_82' title='bbox 392 483 455 514; x_wconf 75' lang='lat' dir='ltr'>San</span> <span class='ocrx_word' id='word_1_83' title='bbox 480 494 604 514; x_wconf 77' lang='lat' dir='ltr'>CONTRA</span> <span class='ocrx_word' id='word_1_84' title='bbox 621 494 675 514; x_wconf 70' lang='lat' dir='ltr'>as&#39;r</span> <span class='ocrx_word' id='word_1_85' title='bbox 694 483 783 524; x_wconf 91' lang='lat' dir='ltr'>quod</span> <span class='ocrx_word' id='word_1_86' title='bbox 807 483 922 514; x_wconf 89' lang='lat' dir='ltr'>dicitur</span> <span class='ocrx_word' id='word_1_87' title='bbox 938 484 1048 514; x_wconf 83' lang='lat' dir='ltr'>Matth.</span> <span class='ocrx_word' id='word_1_88' title='bbox 1065 493 1086 513; x_wconf 86' lang='lat' dir='ltr'>v</span> <span class='ocrx_word' id='word_1_89' title='bbox 1101 484 1134 512; x_wconf 73' lang='lat'>*2</span> <span class='ocrx_word' id='word_1_90' title='bbox 1163 482 1227 519; x_wconf 87' lang='lat' dir='ltr'>Qui</span> <span class='ocrx_word' id='word_1_91' title='bbox 1250 482 1406 513; x_wconf 85' lang='lat' dir='ltr'><em>dimiserit</em></span> 
     </span>
     <span class='ocr_line' id='line_1_21' title="bbox 337 527 1250 568; baseline -0.001 -10"><span class='ocrx_word' id='word_1_92' title='bbox 337 537 484 564; x_wconf 80' lang='lat' dir='ltr'>uxorem,</span> <span class='ocrx_word' id='word_1_93' title='bbox 510 533 642 568; x_wconf 82' lang='lat' dir='ltr'>excepta</span> <span class='ocrx_word' id='word_1_94' title='bbox 666 537 766 559; x_wconf 84' lang='lat' dir='ltr'>causa</span> <span class='ocrx_word' id='word_1_95' title='bbox 786 528 1029 568; x_wconf 82' lang='lat' dir='ltr'><strong><em>fornicationis,</em></strong></span> <span class='ocrx_word' id='word_1_96' title='bbox 1053 527 1250 557; x_wconf 86' lang='lat' dir='ltr'>moechatur.</span> 
     </span>
    </p>

    <p class='ocr_par' dir='ltr' id='par_1_15' title="bbox 336 570 1407 702">
     <span class='ocr_line' id='line_1_22' title="bbox 395 570 1405 608; baseline -0.002 -6"><span class='ocrx_word' id='word_1_97' title='bbox 395 581 424 603; x_wconf 82' lang='lat'>2.</span> <span class='ocrx_word' id='word_1_98' title='bbox 449 573 645 608; x_wconf 61' lang='lat' dir='ltr'>Pnaa&#39;raaaa,</span> <span class='ocrx_word' id='word_1_99' title='bbox 663 572 842 603; x_wconf 89' lang='lat' dir='ltr'>secundum</span> <span class='ocrx_word' id='word_1_100' title='bbox 865 572 929 603; x_wconf 92' lang='lat' dir='ltr'>hoc</span> <span class='ocrx_word' id='word_1_101' title='bbox 952 577 1020 602; x_wconf 91' lang='lat' dir='ltr'>tota</span> <span class='ocrx_word' id='word_1_102' title='bbox 1043 571 1095 602; x_wconf 91' lang='lat' dir='ltr'>die</span> <span class='ocrx_word' id='word_1_103' title='bbox 1118 570 1231 601; x_wconf 91' lang='lat' dir='ltr'>fierent</span> <span class='ocrx_word' id='word_1_104' title='bbox 1255 570 1405 601; x_wconf 85' lang='lat' dir='ltr'>divortia:</span> 
     </span>
     <span class='ocr_line' id='line_1_23' title="bbox 337 615 1407 656; baseline -0.003 -9"><span class='ocrx_word' id='word_1_105' title='bbox 337 626 413 647; x_wconf 90' lang='lat' dir='ltr'>cum</span> <span class='ocrx_word' id='word_1_106' title='bbox 436 626 507 647; x_wconf 92' lang='lat' dir='ltr'>raro</span> <span class='ocrx_word' id='word_1_107' title='bbox 530 617 711 647; x_wconf 91' lang='lat' dir='ltr'>inveniatur</span> <span class='ocrx_word' id='word_1_108' title='bbox 733 617 976 647; x_wconf 87' lang='lat' dir='ltr'>matrimonium</span> <span class='ocrx_word' id='word_1_109' title='bbox 990 617 1025 646; x_wconf 92' lang='lat' dir='ltr'>in</span> <span class='ocrx_word' id='word_1_110' title='bbox 1041 625 1109 656; x_wconf 92' lang='lat' dir='ltr'>quo</span> <span class='ocrx_word' id='word_1_111' title='bbox 1129 615 1206 645; x_wconf 91' lang='lat' dir='ltr'>alter</span> <span class='ocrx_word' id='word_1_112' title='bbox 1229 615 1407 654; x_wconf 90' lang='lat' dir='ltr'>coniugum</span> 
     </span>
     <span class='ocr_line' id='line_1_24' title="bbox 336 661 812 702; baseline -0.002 -11"><span class='ocrx_word' id='word_1_113' title='bbox 336 662 371 691; x_wconf 93' lang='lat' dir='ltr'>in</span> <span class='ocrx_word' id='word_1_114' title='bbox 394 667 564 702; x_wconf 90' lang='lat' dir='ltr'>peccatum</span> <span class='ocrx_word' id='word_1_115' title='bbox 587 671 656 692; x_wconf 90' lang='lat' dir='ltr'>non</span> <span class='ocrx_word' id='word_1_116' title='bbox 679 661 812 691; x_wconf 86' lang='lat' dir='ltr'>labatur.</span> 
     </span>
    </p>

    <p class='ocr_par' dir='ltr' id='par_1_16' title="bbox 337 701 1407 790">
     <span class='ocr_line' id='line_1_25' title="bbox 392 701 1407 744; baseline -0.004 -8"><span class='ocrx_word' id='word_1_117' title='bbox 392 706 582 736; x_wconf 71' lang='lat' dir='ltr'>Rasronnao</span> <span class='ocrx_word' id='word_1_118' title='bbox 606 714 767 736; x_wconf 74' lang='lat' dir='ltr'>meanmm</span> <span class='ocrx_word' id='word_1_119' title='bbox 791 703 881 744; x_wconf 89' lang='lat' dir='ltr'>quod</span> <span class='ocrx_word' id='word_1_120' title='bbox 904 703 1074 734; x_wconf 83' lang='lat' dir='ltr'>fornicatio</span> <span class='ocrx_word' id='word_1_121' title='bbox 1098 703 1273 743; x_wconf 88' lang='lat' dir='ltr'>corporalis</span> <span class='ocrx_word' id='word_1_122' title='bbox 1290 709 1321 733; x_wconf 89' lang='lat' dir='ltr'>et</span> <span class='ocrx_word' id='word_1_123' title='bbox 1336 701 1407 732; x_wconf 92' lang='lat' dir='ltr'>infi-</span> 
     </span>
     <span class='ocr_line' id='line_1_26' title="bbox 337 747 1407 790; baseline -0.003 -10"><span class='ocrx_word' id='word_1_124' title='bbox 337 749 448 780; x_wconf 88' lang='lat' dir='ltr'>delitas</span> <span class='ocrx_word' id='word_1_125' title='bbox 479 750 651 790; x_wconf 81' lang='lat' dir='ltr'>specialem</span> <span class='ocrx_word' id='word_1_126' title='bbox 680 749 800 779; x_wconf 90' lang='lat' dir='ltr'>habent</span> <span class='ocrx_word' id='word_1_127' title='bbox 830 749 1085 779; x_wconf 86' lang='lat' dir='ltr'>contrarietatem</span> <span class='ocrx_word' id='word_1_128' title='bbox 1116 747 1156 777; x_wconf 92' lang='lat' dir='ltr'>ad</span> <span class='ocrx_word' id='word_1_129' title='bbox 1185 748 1271 777; x_wconf 93' lang='lat' dir='ltr'>bona</span> <span class='ocrx_word' id='word_1_130' title='bbox 1300 747 1407 777; x_wconf 88' lang='lat' dir='ltr'>matri-</span> 
     </span>
    </p>
   </div>
   <div class='ocr_carea' id='block_1_13' title="bbox 302 791 1409 878">
    <p class='ocr_par' dir='ltr' id='par_1_17' title="bbox 302 791 1409 878">
     <span class='ocr_line' id='line_1_27' title="bbox 302 791 1408 833; baseline -0.001 -11"><span class='ocrx_word' id='word_1_131' title='bbox 302 815 309 822; x_wconf 93' lang='lat'>.</span> <span class='ocrx_word' id='word_1_132' title='bbox 337 794 451 830; x_wconf 90' lang='lat' dir='ltr'>monii,</span> <span class='ocrx_word' id='word_1_133' title='bbox 467 799 504 824; x_wconf 90' lang='lat' dir='ltr'>ut</span> <span class='ocrx_word' id='word_1_134' title='bbox 520 803 558 824; x_wconf 89' lang='lat' dir='ltr'>ex</span> <span class='ocrx_word' id='word_1_135' title='bbox 574 793 666 824; x_wconf 88' lang='lat' dir='ltr'>dictis</span> <span class='ocrx_word' id='word_1_136' title='bbox 681 794 698 810; x_wconf 73' lang='grc'><em>“</em></span> <span class='ocrx_word' id='word_1_137' title='bbox 721 798 829 833; x_wconf 90' lang='lat' dir='ltr'>patere</span> <span class='ocrx_word' id='word_1_138' title='bbox 850 798 966 832; x_wconf 90' lang='lat' dir='ltr'>potest.</span> <span class='ocrx_word' id='word_1_139' title='bbox 991 791 1085 823; x_wconf 89' lang='lat' dir='ltr'>Unde</span> <span class='ocrx_word' id='word_1_140' title='bbox 1101 791 1273 831; x_wconf 87' lang='lat' dir='ltr'>specialem</span> <span class='ocrx_word' id='word_1_141' title='bbox 1289 792 1408 822; x_wconf 91' lang='lat' dir='ltr'>habent</span> 
     </span>
     <span class='ocr_line' id='line_1_28' title="bbox 303 835 1409 878; baseline -0.004 -9"><span class='ocrx_word' id='word_1_142' title='bbox 303 842 310 853; x_wconf 81' lang='lat'><strong>¹</strong></span> <span class='ocrx_word' id='word_1_143' title='bbox 337 839 404 869; x_wconf 89' lang='lat' dir='ltr'>vim</span> <span class='ocrx_word' id='word_1_144' title='bbox 427 837 594 878; x_wconf 89' lang='lat' dir='ltr'>separandi</span> <span class='ocrx_word' id='word_1_145' title='bbox 623 837 837 868; x_wconf 90' lang='lat' dir='ltr'>matrimonia.</span> <span class='ocrx_word' id='word_1_146' title='bbox 869 836 932 867; x_wconf 86' lang='lat' dir='ltr'>Sed</span> <span class='ocrx_word' id='word_1_147' title='bbox 955 841 1063 866; x_wconf 89' lang='lat' dir='ltr'>tamen</span> <span class='ocrx_word' id='word_1_148' title='bbox 1092 835 1338 875; x_wconf 88' lang='lat' dir='ltr'>intelligendum</span> <span class='ocrx_word' id='word_1_149' title='bbox 1362 840 1409 865; x_wconf 91' lang='lat' dir='ltr'>est</span> 
     </span>
    </p>
   </div>
   <div class='ocr_carea' id='block_1_14' title="bbox 336 879 1409 1320">
    <p class='ocr_par' dir='ltr' id='par_1_18' title="bbox 336 879 1409 1276">
     <span class='ocr_line' id='line_1_29' title="bbox 338 879 1408 923; baseline -0.003 -10"><span class='ocrx_word' id='word_1_150' title='bbox 338 882 430 923; x_wconf 88' lang='lat' dir='ltr'>quod</span> <span class='ocrx_word' id='word_1_151' title='bbox 451 882 694 912; x_wconf 83' lang='lat' dir='ltr'>matrimonium</span> <span class='ocrx_word' id='word_1_152' title='bbox 718 880 888 921; x_wconf 90' lang='lat' dir='ltr'>dupliciter</span> <span class='ocrx_word' id='word_1_153' title='bbox 911 880 1054 910; x_wconf 89' lang='lat' dir='ltr'>solvitur.</span> <span class='ocrx_word' id='word_1_154' title='bbox 1078 880 1153 911; x_wconf 90' lang='lat' dir='ltr'>Uno</span> <span class='ocrx_word' id='word_1_155' title='bbox 1177 879 1289 916; x_wconf 92' lang='lat' dir='ltr'>modo,</span> <span class='ocrx_word' id='word_1_156' title='bbox 1307 889 1408 920; x_wconf 91' lang='lat' dir='ltr'>quan-</span> 
     </span>
     <span class='ocr_line' id='line_1_30' title="bbox 337 924 1408 964; baseline -0.003 -7"><span class='ocrx_word' id='word_1_157' title='bbox 337 932 408 958; x_wconf 88' lang='lat' dir='ltr'>tum</span> <span class='ocrx_word' id='word_1_158' title='bbox 431 926 471 957; x_wconf 86' lang='lat' dir='ltr'>ad</span> <span class='ocrx_word' id='word_1_159' title='bbox 492 926 670 956; x_wconf 89' lang='lat' dir='ltr'>vinculum.</span> <span class='ocrx_word' id='word_1_160' title='bbox 694 925 736 955; x_wconf 91' lang='lat' dir='ltr'>Et</span> <span class='ocrx_word' id='word_1_161' title='bbox 754 926 799 955; x_wconf 89' lang='lat' dir='ltr'>sic</span> <span class='ocrx_word' id='word_1_162' title='bbox 822 934 891 955; x_wconf 91' lang='lat' dir='ltr'>non</span> <span class='ocrx_word' id='word_1_163' title='bbox 914 930 1021 964; x_wconf 87' lang='lat' dir='ltr'>potest</span> <span class='ocrx_word' id='word_1_164' title='bbox 1043 924 1134 959; x_wconf 87' lang='lat' dir='ltr'>solvi,</span> <span class='ocrx_word' id='word_1_165' title='bbox 1151 930 1325 964; x_wconf 89' lang='lat' dir='ltr'>postquam</span> <span class='ocrx_word' id='word_1_166' title='bbox 1341 934 1408 954; x_wconf 94' lang='lat' dir='ltr'>ma-</span> 
     </span>
     <span class='ocr_line' id='line_1_31' title="bbox 336 968 1408 1010; baseline -0.002 -9"><span class='ocrx_word' id='word_1_167' title='bbox 336 971 527 1001; x_wconf 88' lang='lat' dir='ltr'>trimonium</span> <span class='ocrx_word' id='word_1_168' title='bbox 551 975 598 1000; x_wconf 89' lang='lat' dir='ltr'>est</span> <span class='ocrx_word' id='word_1_169' title='bbox 620 969 822 1004; x_wconf 87' lang='lat' dir='ltr'>ratificatum,</span> <span class='ocrx_word' id='word_1_170' title='bbox 845 978 953 1009; x_wconf 90' lang='lat' dir='ltr'>neque</span> <span class='ocrx_word' id='word_1_171' title='bbox 977 979 1034 1010; x_wconf 90' lang='lat' dir='ltr'>per</span> <span class='ocrx_word' id='word_1_172' title='bbox 1056 968 1278 1000; x_wconf 88' lang='lat' dir='ltr'>infidelitatem</span> <span class='ocrx_word' id='word_1_173' title='bbox 1300 978 1408 1009; x_wconf 90' lang='lat' dir='ltr'>neque</span> 
     </span>
     <span class='ocr_line' id='line_1_32' title="bbox 337 1013 1408 1056; baseline -0.002 -11"><span class='ocrx_word' id='word_1_174' title='bbox 337 1023 395 1056; x_wconf 88' lang='lat' dir='ltr'>per</span> <span class='ocrx_word' id='word_1_175' title='bbox 417 1014 620 1045; x_wconf 88' lang='lat' dir='ltr'>adulterium.</span> <span class='ocrx_word' id='word_1_176' title='bbox 654 1013 718 1044; x_wconf 91' lang='lat' dir='ltr'>Sed</span> <span class='ocrx_word' id='word_1_177' title='bbox 741 1015 766 1044; x_wconf 91' lang='lat' dir='ltr'>si</span> <span class='ocrx_word' id='word_1_178' title='bbox 789 1023 858 1044; x_wconf 90' lang='lat' dir='ltr'>non</span> <span class='ocrx_word' id='word_1_179' title='bbox 882 1019 929 1044; x_wconf 89' lang='lat' dir='ltr'>est</span> <span class='ocrx_word' id='word_1_180' title='bbox 951 1013 1159 1050; x_wconf 86' lang='lat' dir='ltr'>ratificatum,</span> <span class='ocrx_word' id='word_1_181' title='bbox 1183 1014 1317 1044; x_wconf 87' lang='lat' dir='ltr'>solvitur</span> <span class='ocrx_word' id='word_1_182' title='bbox 1339 1014 1408 1043; x_wconf 91' lang='lat' dir='ltr'>vin-</span> 
     </span>
     <span class='ocr_line' id='line_1_33' title="bbox 337 1057 1409 1101; baseline -0.002 -11"><span class='ocrx_word' id='word_1_183' title='bbox 337 1058 460 1101; x_wconf 75' lang='lat' dir='ltr'>culum,</span> <span class='ocrx_word' id='word_1_184' title='bbox 477 1063 686 1099; x_wconf 88' lang='lat' dir='ltr'>permanente</span> <span class='ocrx_word' id='word_1_185' title='bbox 703 1057 891 1088; x_wconf 87' lang='lat' dir='ltr'>infidelitate</span> <span class='ocrx_word' id='word_1_186' title='bbox 909 1059 943 1088; x_wconf 92' lang='lat' dir='ltr'>in</span> <span class='ocrx_word' id='word_1_187' title='bbox 959 1058 1058 1088; x_wconf 90' lang='lat' dir='ltr'>altero</span> <span class='ocrx_word' id='word_1_188' title='bbox 1084 1059 1272 1098; x_wconf 88' lang='lat' dir='ltr'>coniugum,</span> <span class='ocrx_word' id='word_1_189' title='bbox 1290 1059 1316 1088; x_wconf 90' lang='lat' dir='ltr'>si</span> <span class='ocrx_word' id='word_1_190' title='bbox 1332 1058 1409 1088; x_wconf 92' lang='lat' dir='ltr'>alter</span> 
     </span>
     <span class='ocr_line' id='line_1_34' title="bbox 337 1102 1409 1143; baseline -0.002 -9"><span class='ocrx_word' id='word_1_191' title='bbox 337 1113 512 1134; x_wconf 89' lang='lat' dir='ltr'>conversus</span> <span class='ocrx_word' id='word_1_192' title='bbox 541 1103 582 1133; x_wconf 91' lang='lat' dir='ltr'>ad</span> <span class='ocrx_word' id='word_1_193' title='bbox 612 1102 710 1133; x_wconf 92' lang='lat' dir='ltr'>fidem</span> <span class='ocrx_word' id='word_1_194' title='bbox 741 1102 782 1133; x_wconf 93' lang='lat' dir='ltr'>ad</span> <span class='ocrx_word' id='word_1_195' title='bbox 811 1102 898 1133; x_wconf 92' lang='lat' dir='ltr'>aliud</span> <span class='ocrx_word' id='word_1_196' title='bbox 930 1103 1120 1143; x_wconf 85' lang='lat' dir='ltr'>coniugium</span> <span class='ocrx_word' id='word_1_197' title='bbox 1152 1108 1299 1134; x_wconf 89' lang='lat' dir='ltr'>transeat.</span> <span class='ocrx_word' id='word_1_198' title='bbox 1333 1103 1409 1133; x_wconf 91' lang='lat' dir='ltr'>Non</span> 
     </span>
     <span class='ocr_line' id='line_1_35' title="bbox 337 1147 1409 1187; baseline -0.001 -9"><span class='ocrx_word' id='word_1_199' title='bbox 337 1152 447 1178; x_wconf 86' lang='lat' dir='ltr'>autem</span> <span class='ocrx_word' id='word_1_200' title='bbox 470 1148 604 1178; x_wconf 89' lang='lat' dir='ltr'>solvitur</span> <span class='ocrx_word' id='word_1_201' title='bbox 622 1147 790 1178; x_wconf 89' lang='lat' dir='ltr'>vinculum</span> <span class='ocrx_word' id='word_1_202' title='bbox 813 1147 1012 1187; x_wconf 87' lang='lat' dir='ltr'>praedictum</span> <span class='ocrx_word' id='word_1_203' title='bbox 1027 1157 1086 1187; x_wconf 89' lang='lat' dir='ltr'>per</span> <span class='ocrx_word' id='word_1_204' title='bbox 1101 1147 1308 1178; x_wconf 87' lang='lat' dir='ltr'>adulterium:</span> <span class='ocrx_word' id='word_1_205' title='bbox 1334 1147 1409 1177; x_wconf 89' lang='lat' dir='ltr'>alias</span> 
     </span>
     <span class='ocr_line' id='line_1_36' title="bbox 337 1191 1408 1232; baseline -0.001 -9"><span class='ocrx_word' id='word_1_206' title='bbox 337 1191 475 1223; x_wconf 87' lang='lat' dir='ltr'>infidelis</span> <span class='ocrx_word' id='word_1_207' title='bbox 490 1192 589 1223; x_wconf 89' lang='lat' dir='ltr'>libere</span> <span class='ocrx_word' id='word_1_208' title='bbox 604 1197 714 1232; x_wconf 86' lang='lat' dir='ltr'>posset</span> <span class='ocrx_word' id='word_1_209' title='bbox 730 1191 804 1222; x_wconf 92' lang='lat' dir='ltr'>dare</span> <span class='ocrx_word' id='word_1_210' title='bbox 820 1191 965 1222; x_wconf 90' lang='lat' dir='ltr'>libellum</span> <span class='ocrx_word' id='word_1_211' title='bbox 988 1191 1114 1232; x_wconf 91' lang='lat' dir='ltr'>repudii</span> <span class='ocrx_word' id='word_1_212' title='bbox 1129 1192 1223 1222; x_wconf 89' lang='lat' dir='ltr'>uxori</span> <span class='ocrx_word' id='word_1_213' title='bbox 1238 1192 1408 1228; x_wconf 86' lang='lat' dir='ltr'>adulterae,</span> 
     </span>
     <span class='ocr_line' id='line_1_37' title="bbox 338 1235 1216 1276; baseline -0.002 -8"><span class='ocrx_word' id='word_1_214' title='bbox 338 1242 380 1274; x_wconf 89' lang='lat' dir='ltr'>et,</span> <span class='ocrx_word' id='word_1_215' title='bbox 405 1246 442 1267; x_wconf 92' lang='lat' dir='ltr'>ea</span> <span class='ocrx_word' id='word_1_216' title='bbox 466 1236 604 1273; x_wconf 89' lang='lat' dir='ltr'>dimissa,</span> <span class='ocrx_word' id='word_1_217' title='bbox 629 1236 723 1266; x_wconf 91' lang='lat' dir='ltr'>aliam</span> <span class='ocrx_word' id='word_1_218' title='bbox 747 1235 881 1272; x_wconf 90' lang='lat' dir='ltr'>ducere;</span> <span class='ocrx_word' id='word_1_219' title='bbox 906 1236 996 1276; x_wconf 91' lang='lat' dir='ltr'>quod</span> <span class='ocrx_word' id='word_1_220' title='bbox 1019 1236 1135 1266; x_wconf 85' lang='lat' dir='ltr'>falsum</span> <span class='ocrx_word' id='word_1_221' title='bbox 1160 1241 1216 1267; x_wconf 92' lang='lat' dir='ltr'>est.</span> 
     </span>
    </p>

    <p class='ocr_par' dir='ltr' id='par_1_19' title="bbox 393 1280 1409 1320">
     <span class='ocr_line' id='line_1_38' title="bbox 393 1280 1409 1320; baseline -0.001 -8"><span class='ocrx_word' id='word_1_222' title='bbox 393 1281 468 1312; x_wconf 86' lang='lat' dir='ltr'>Alio</span> <span class='ocrx_word' id='word_1_223' title='bbox 491 1281 593 1312; x_wconf 85' lang='lat' dir='ltr'>modo</span> <span class='ocrx_word' id='word_1_224' title='bbox 616 1281 750 1311; x_wconf 82' lang='lat' dir='ltr'>solvitur</span> <span class='ocrx_word' id='word_1_225' title='bbox 776 1281 1019 1311; x_wconf 89' lang='lat' dir='ltr'>matrimonium</span> <span class='ocrx_word' id='word_1_226' title='bbox 1047 1286 1205 1320; x_wconf 88' lang='lat' dir='ltr'>quantum</span> <span class='ocrx_word' id='word_1_227' title='bbox 1229 1280 1269 1311; x_wconf 92' lang='lat' dir='ltr'>ad</span> <span class='ocrx_word' id='word_1_228' title='bbox 1291 1286 1409 1311; x_wconf 86' lang='lat' dir='ltr'>actum.</span> 
     </span>
    </p>
   </div>
   <div class='ocr_carea' id='block_1_15' title="bbox 321 1324 1411 1366">
    <p class='ocr_par' dir='ltr' id='par_1_20' title="bbox 321 1324 1411 1366">
     <span class='ocr_line' id='line_1_39' title="bbox 321 1324 1411 1366; baseline -0.002 -9"><span class='ocrx_word' id='word_1_229' title='bbox 321 1325 453 1357; x_wconf 21' lang='lat' dir='ltr'>VBtfls&#39;rc</span> <span class='ocrx_word' id='word_1_230' title='bbox 471 1324 552 1356; x_wconf 86' lang='lat' dir='ltr'>solvi</span> <span class='ocrx_word' id='word_1_231' title='bbox 567 1331 674 1366; x_wconf 89' lang='lat' dir='ltr'>potest</span> <span class='ocrx_word' id='word_1_232' title='bbox 696 1330 767 1355; x_wconf 68' lang='lat' dir='ltr'>tam⁴</span> <span class='ocrx_word' id='word_1_233' title='bbox 785 1335 843 1365; x_wconf 89' lang='lat' dir='ltr'>per</span> <span class='ocrx_word' id='word_1_234' title='bbox 865 1324 1086 1355; x_wconf 88' lang='lat' dir='ltr'>infidelitatem</span> <span class='ocrx_word' id='word_1_235' title='bbox 1110 1334 1207 1365; x_wconf 89' lang='lat' dir='ltr'>quarn</span> <span class='ocrx_word' id='word_1_236' title='bbox 1231 1334 1289 1365; x_wconf 90' lang='lat' dir='ltr'>per</span> <span class='ocrx_word' id='word_1_237' title='bbox 1311 1324 1411 1355; x_wconf 91' lang='lat' dir='ltr'>forni-</span> 
     </span>
    </p>
   </div>
   <div class='ocr_carea' id='block_1_16' title="bbox 338 1369 1412 1809">
    <p class='ocr_par' dir='ltr' id='par_1_21' title="bbox 338 1369 1411 1579">
     <span class='ocr_line' id='line_1_40' title="bbox 339 1369 1411 1410; baseline -0.002 -9"><span class='ocrx_word' id='word_1_238' title='bbox 339 1371 501 1402; x_wconf 87' lang='lat' dir='ltr'>cationem</span> <span class='ocrx_word' id='word_1_239' title='bbox 517 1369 718 1410; x_wconf 90' lang='lat' dir='ltr'>corporalem</span> <span class='ocrx_word' id='word_1_240' title='bbox 727 1370 754 1400; x_wconf 72' lang='lat'>⁴².</span> <span class='ocrx_word' id='word_1_241' title='bbox 774 1369 837 1400; x_wconf 89' lang='lat' dir='ltr'>Sed</span> <span class='ocrx_word' id='word_1_242' title='bbox 853 1375 984 1409; x_wconf 92' lang='lat' dir='ltr'>propter</span> <span class='ocrx_word' id='word_1_243' title='bbox 1000 1369 1060 1399; x_wconf 87' lang='lat' dir='ltr'>alia</span> <span class='ocrx_word' id='word_1_244' title='bbox 1075 1374 1207 1409; x_wconf 89' lang='lat' dir='ltr'>peccata</span> <span class='ocrx_word' id='word_1_245' title='bbox 1221 1379 1288 1400; x_wconf 91' lang='lat' dir='ltr'>non</span> <span class='ocrx_word' id='word_1_246' title='bbox 1304 1374 1411 1410; x_wconf 92' lang='lat' dir='ltr'>potest</span> 
     </span>
     <span class='ocr_line' id='line_1_41' title="bbox 338 1413 1411 1454; baseline -0.002 -8"><span class='ocrx_word' id='word_1_247' title='bbox 338 1415 421 1446; x_wconf 89' lang='lat' dir='ltr'>solvi</span> <span class='ocrx_word' id='word_1_248' title='bbox 443 1415 686 1445; x_wconf 85' lang='lat' dir='ltr'>matrimonium</span> <span class='ocrx_word' id='word_1_249' title='bbox 716 1414 811 1444; x_wconf 90' lang='lat' dir='ltr'>etiam</span> <span class='ocrx_word' id='word_1_250' title='bbox 842 1419 1000 1454; x_wconf 90' lang='lat' dir='ltr'>quantum</span> <span class='ocrx_word' id='word_1_251' title='bbox 1023 1413 1063 1444; x_wconf 88' lang='lat' dir='ltr'>ad</span> <span class='ocrx_word' id='word_1_252' title='bbox 1087 1419 1208 1444; x_wconf 90' lang='lat' dir='ltr'>actum:</span> <span class='ocrx_word' id='word_1_253' title='bbox 1237 1414 1298 1444; x_wconf 90' lang='lat' dir='ltr'>nisi</span> <span class='ocrx_word' id='word_1_254' title='bbox 1329 1414 1411 1444; x_wconf 86' lang='lat' dir='ltr'>forte</span> 
     </span>
     <span class='ocr_line' id='line_1_42' title="bbox 339 1457 1410 1499; baseline -0.002 -9"><span class='ocrx_word' id='word_1_255' title='bbox 339 1459 380 1490; x_wconf 89' lang='lat' dir='ltr'>ad</span> <span class='ocrx_word' id='word_1_256' title='bbox 401 1464 531 1499; x_wconf 88' lang='lat' dir='ltr'>tempus</span> <span class='ocrx_word' id='word_1_257' title='bbox 554 1469 588 1489; x_wconf 91' lang='lat' dir='ltr'>se</span> <span class='ocrx_word' id='word_1_258' title='bbox 610 1458 687 1489; x_wconf 90' lang='lat' dir='ltr'>velit</span> <span class='ocrx_word' id='word_1_259' title='bbox 716 1459 763 1488; x_wconf 91' lang='lat' dir='ltr'>vir</span> <span class='ocrx_word' id='word_1_260' title='bbox 792 1459 976 1488; x_wconf 86' lang='lat' dir='ltr'>subtrahere</span> <span class='ocrx_word' id='word_1_261' title='bbox 999 1468 1018 1488; x_wconf 88' lang='lat' dir='ltr'>a</span> <span class='ocrx_word' id='word_1_262' title='bbox 1045 1459 1209 1488; x_wconf 88' lang='lat' dir='ltr'>consortio</span> <span class='ocrx_word' id='word_1_263' title='bbox 1239 1458 1348 1489; x_wconf 88' lang='lat' dir='ltr'>uxoris</span> <span class='ocrx_word' id='word_1_264' title='bbox 1371 1457 1410 1488; x_wconf 93' lang='lat' dir='ltr'>ad</span> 
     </span>
     <span class='ocr_line' id='line_1_43' title="bbox 339 1502 1410 1544; baseline -0.003 -9"><span class='ocrx_word' id='word_1_265' title='bbox 339 1504 581 1544; x_wconf 84' lang='lat' dir='ltr'>castigationem</span> <span class='ocrx_word' id='word_1_266' title='bbox 616 1503 694 1538; x_wconf 88' lang='lat' dir='ltr'>eius,</span> <span class='ocrx_word' id='word_1_267' title='bbox 705 1502 922 1533; x_wconf 71' lang='lat' dir='ltr'>subtrahendo</span> <span class='ocrx_word' id='word_1_268' title='bbox 957 1503 987 1532; x_wconf 91' lang='lat' dir='ltr'>ei</span> <span class='ocrx_word' id='word_1_269' title='bbox 1021 1503 1220 1542; x_wconf 89' lang='lat' dir='ltr'>praesentiae</span> <span class='ocrx_word' id='word_1_270' title='bbox 1254 1512 1331 1533; x_wconf 90' lang='lat' dir='ltr'>suae</span> <span class='ocrx_word' id='word_1_271' title='bbox 1357 1512 1410 1533; x_wconf 91' lang='lat' dir='ltr'>so-</span> 
     </span>
     <span class='ocr_line' id='line_1_44' title="bbox 338 1548 463 1579; baseline 0 0"><span class='ocrx_word' id='word_1_272' title='bbox 338 1548 463 1579; x_wconf 86' lang='lat' dir='ltr'>latium.</span> 
     </span>
    </p>

    <p class='ocr_par' dir='ltr' id='par_1_22' title="bbox 338 1590 1412 1809">
     <span class='ocr_line' id='line_1_45' title="bbox 394 1590 1412 1630; baseline -0.002 -7"><span class='ocrx_word' id='word_1_273' title='bbox 394 1592 446 1623; x_wconf 83' lang='lat' dir='ltr'>An</span> <span class='ocrx_word' id='word_1_274' title='bbox 476 1601 595 1622; x_wconf 72' lang='lat' dir='ltr'>ramma</span> <span class='ocrx_word' id='word_1_275' title='bbox 624 1600 708 1622; x_wconf 71' lang='lat' dir='ltr'>aneo</span> <span class='ocrx_word' id='word_1_276' title='bbox 734 1600 896 1621; x_wconf 77' lang='lat' dir='ltr'>nrcanmm</span> <span class='ocrx_word' id='word_1_277' title='bbox 919 1590 1019 1630; x_wconf 92' lang='lat' dir='ltr'>quod,</span> <span class='ocrx_word' id='word_1_278' title='bbox 1043 1591 1189 1630; x_wconf 85' lang='lat' dir='ltr'>quamvis</span> <span class='ocrx_word' id='word_1_279' title='bbox 1219 1590 1412 1622; x_wconf 88' lang='lat' dir='ltr'>adulterium</span> 
     </span>
     <span class='ocr_line' id='line_1_46' title="bbox 338 1634 1410 1677; baseline -0.003 -9"><span class='ocrx_word' id='word_1_280' title='bbox 338 1637 441 1677; x_wconf 86' lang='lat' dir='ltr'>magis</span> <span class='ocrx_word' id='word_1_281' title='bbox 457 1636 574 1666; x_wconf 88' lang='lat' dir='ltr'>directe</span> <span class='ocrx_word' id='word_1_282' title='bbox 595 1641 780 1676; x_wconf 90' lang='lat' dir='ltr'>opponatur</span> <span class='ocrx_word' id='word_1_283' title='bbox 795 1635 1001 1665; x_wconf 89' lang='lat' dir='ltr'>matrimonio</span> <span class='ocrx_word' id='word_1_284' title='bbox 1018 1635 1212 1674; x_wconf 90' lang='lat' dir='ltr'>inquantum</span> <span class='ocrx_word' id='word_1_285' title='bbox 1229 1641 1276 1666; x_wconf 93' lang='lat' dir='ltr'>est</span> <span class='ocrx_word' id='word_1_286' title='bbox 1290 1636 1323 1665; x_wconf 91' lang='lat' dir='ltr'>in</span> <span class='ocrx_word' id='word_1_287' title='bbox 1340 1634 1410 1665; x_wconf 87' lang='lat' dir='ltr'>offi-</span> 
     </span>
     <span class='ocr_line' id='line_1_47' title="bbox 339 1679 1411 1719; baseline -0.002 -8"><span class='ocrx_word' id='word_1_288' title='bbox 339 1681 428 1712; x_wconf 89' lang='lat' dir='ltr'>cium</span> <span class='ocrx_word' id='word_1_289' title='bbox 449 1685 592 1716; x_wconf 86' lang='lat' dir='ltr'>naturae,</span> <span class='ocrx_word' id='word_1_290' title='bbox 609 1689 708 1719; x_wconf 89' lang='lat' dir='ltr'>quam</span> <span class='ocrx_word' id='word_1_291' title='bbox 726 1679 913 1715; x_wconf 87' lang='lat' dir='ltr'>infidelitas;</span> <span class='ocrx_word' id='word_1_292' title='bbox 937 1684 1046 1708; x_wconf 89' lang='lat' dir='ltr'>tamen</span> <span class='ocrx_word' id='word_1_293' title='bbox 1070 1688 1087 1709; x_wconf 92' lang='lat' dir='ltr'>e</span> <span class='ocrx_word' id='word_1_294' title='bbox 1112 1688 1268 1710; x_wconf 86' lang='lat' dir='ltr'>converso</span> <span class='ocrx_word' id='word_1_295' title='bbox 1294 1685 1340 1709; x_wconf 90' lang='lat' dir='ltr'>est</span> <span class='ocrx_word' id='word_1_296' title='bbox 1362 1680 1411 1709; x_wconf 89' lang='lat' dir='ltr'>in-</span> 
     </span>
     <span class='ocr_line' id='line_1_48' title="bbox 339 1722 1411 1766; baseline -0.002 -11"><span class='ocrx_word' id='word_1_297' title='bbox 339 1722 499 1766; x_wconf 78' lang='lat' dir='ltr'>quantum</span> <span class='ocrx_word' id='word_1_298' title='bbox 513 1724 757 1754; x_wconf 88' lang='lat' dir='ltr'>matrimonium</span> <span class='ocrx_word' id='word_1_299' title='bbox 773 1729 820 1754; x_wconf 90' lang='lat' dir='ltr'>est</span> <span class='ocrx_word' id='word_1_300' title='bbox 835 1728 1071 1753; x_wconf 90' lang='lat' dir='ltr'>sacramentum</span> <span class='ocrx_word' id='word_1_301' title='bbox 1093 1722 1267 1760; x_wconf 83' lang='lat' dir='ltr'>Ecclesiae,</span> <span class='ocrx_word' id='word_1_302' title='bbox 1285 1733 1323 1754; x_wconf 85' lang='lat' dir='ltr'>ex</span> <span class='ocrx_word' id='word_1_303' title='bbox 1344 1732 1411 1763; x_wconf 93' lang='lat' dir='ltr'>quo</span> 
     </span>
     <span class='ocr_line' id='line_1_49' title="bbox 338 1766 1411 1809; baseline -0.003 -9"><span class='ocrx_word' id='word_1_304' title='bbox 338 1769 435 1800; x_wconf 85' lang='lat' dir='ltr'>habet</span> <span class='ocrx_word' id='word_1_305' title='bbox 456 1767 632 1809; x_wconf 86' lang='lat' dir='ltr'>perfectam</span> <span class='ocrx_word' id='word_1_306' title='bbox 655 1767 856 1803; x_wconf 88' lang='lat' dir='ltr'>firmitatem,</span> <span class='ocrx_word' id='word_1_307' title='bbox 873 1767 1066 1807; x_wconf 91' lang='lat' dir='ltr'>inquantum</span> <span class='ocrx_word' id='word_1_308' title='bbox 1090 1766 1247 1807; x_wconf 87' lang='lat' dir='ltr'>significat</span> <span class='ocrx_word' id='word_1_309' title='bbox 1269 1767 1411 1798; x_wconf 90' lang='lat' dir='ltr'>indivisi-</span> 
     </span>
    </p>
   </div>
   <div class='ocr_carea' id='block_1_17' title="bbox 305 1811 1412 1844">
    <p class='ocr_par' dir='ltr' id='par_1_23' title="bbox 305 1811 1412 1844">
     <span class='ocr_line' id='line_1_50' title="bbox 305 1811 1412 1844; baseline -0.003 0"><span class='ocrx_word' id='word_1_310' title='bbox 305 1834 311 1841; x_wconf 86' lang='lat'>.</span> <span class='ocrx_word' id='word_1_311' title='bbox 338 1813 438 1844; x_wconf 82' lang='lat' dir='ltr'>bilem</span> <span class='ocrx_word' id='word_1_312' title='bbox 461 1813 727 1843; x_wconf 88' lang='lat' dir='ltr'>coniunctionem</span> <span class='ocrx_word' id='word_1_313' title='bbox 751 1811 869 1842; x_wconf 90' lang='lat' dir='ltr'>Christi</span> <span class='ocrx_word' id='word_1_314' title='bbox 893 1818 924 1842; x_wconf 88' lang='lat' dir='ltr'>et</span> <span class='ocrx_word' id='word_1_315' title='bbox 946 1811 1110 1842; x_wconf 87' lang='lat' dir='ltr'>Ecclesiae</span> <span class='ocrx_word' id='word_1_316' title='bbox 1125 1812 1152 1841; x_wconf 68' lang='lat'>*.</span> <span class='ocrx_word' id='word_1_317' title='bbox 1183 1812 1224 1842; x_wconf 88' lang='lat' dir='ltr'>Et</span> <span class='ocrx_word' id='word_1_318' title='bbox 1245 1811 1320 1842; x_wconf 91' lang='lat' dir='ltr'>ideo</span> <span class='ocrx_word' id='word_1_319' title='bbox 1344 1821 1412 1841; x_wconf 92' lang='lat' dir='ltr'>ma-</span> 
     </span>
    </p>
   </div>
   <div class='ocr_carea' id='block_1_18' title="bbox 337 1856 1413 2521">
    <p class='ocr_par' dir='ltr' id='par_1_24' title="bbox 337 1856 1412 1941">
     <span class='ocr_line' id='line_1_51' title="bbox 337 1856 1412 1897; baseline -0.002 -9"><span class='ocrx_word' id='word_1_320' title='bbox 337 1858 528 1888; x_wconf 87' lang='lat' dir='ltr'>trimonium</span> <span class='ocrx_word' id='word_1_321' title='bbox 551 1856 641 1897; x_wconf 93' lang='lat' dir='ltr'>quod</span> <span class='ocrx_word' id='word_1_322' title='bbox 664 1866 732 1887; x_wconf 93' lang='lat' dir='ltr'>non</span> <span class='ocrx_word' id='word_1_323' title='bbox 756 1861 804 1887; x_wconf 91' lang='lat' dir='ltr'>est</span> <span class='ocrx_word' id='word_1_324' title='bbox 826 1861 941 1891; x_wconf 89' lang='lat' dir='ltr'>ratum,</span> <span class='ocrx_word' id='word_1_325' title='bbox 957 1856 1058 1896; x_wconf 88' lang='lat' dir='ltr'>magis</span> <span class='ocrx_word' id='word_1_326' title='bbox 1074 1861 1182 1896; x_wconf 84' lang='lat' dir='ltr'>potest</span> <span class='ocrx_word' id='word_1_327' title='bbox 1205 1856 1286 1886; x_wconf 89' lang='lat' dir='ltr'>solvi</span> <span class='ocrx_word' id='word_1_328' title='bbox 1310 1865 1412 1896; x_wconf 92' lang='lat' dir='ltr'>quan-</span> 
     </span>
     <span class='ocr_line' id='line_1_52' title="bbox 337 1899 1410 1941; baseline -0.003 -8"><span class='ocrx_word' id='word_1_329' title='bbox 337 1907 410 1934; x_wconf 87' lang='lat' dir='ltr'>tum</span> <span class='ocrx_word' id='word_1_330' title='bbox 432 1901 473 1932; x_wconf 91' lang='lat' dir='ltr'>ad</span> <span class='ocrx_word' id='word_1_331' title='bbox 494 1901 662 1932; x_wconf 85' lang='lat' dir='ltr'>vinculum</span> <span class='ocrx_word' id='word_1_332' title='bbox 684 1910 742 1941; x_wconf 91' lang='lat' dir='ltr'>per</span> <span class='ocrx_word' id='word_1_333' title='bbox 765 1899 986 1931; x_wconf 88' lang='lat' dir='ltr'>infidelitatem</span> <span class='ocrx_word' id='word_1_334' title='bbox 1009 1909 1108 1940; x_wconf 91' lang='lat' dir='ltr'>quam</span> <span class='ocrx_word' id='word_1_335' title='bbox 1128 1910 1186 1940; x_wconf 90' lang='lat' dir='ltr'>per</span> <span class='ocrx_word' id='word_1_336' title='bbox 1208 1900 1410 1931; x_wconf 89' lang='lat' dir='ltr'>adulterium.</span> 
     </span>
    </p>

    <p class='ocr_par' dir='ltr' id='par_1_25' title="bbox 337 1944 1413 2245">
     <span class='ocr_line' id='line_1_53' title="bbox 393 1944 1411 1985; baseline -0.002 -8"><span class='ocrx_word' id='word_1_337' title='bbox 393 1947 446 1977; x_wconf 79' lang='lat' dir='ltr'>An</span> <span class='ocrx_word' id='word_1_338' title='bbox 469 1955 632 1977; x_wconf 70' lang='lat' dir='ltr'>secuuntur</span> <span class='ocrx_word' id='word_1_339' title='bbox 654 1955 815 1976; x_wconf 74' lang='lat' dir='ltr'>mcanntm</span> <span class='ocrx_word' id='word_1_340' title='bbox 831 1944 922 1985; x_wconf 93' lang='lat' dir='ltr'>quod</span> <span class='ocrx_word' id='word_1_341' title='bbox 945 1945 1133 1975; x_wconf 87' lang='lat' dir='ltr'>coniunctio</span> <span class='ocrx_word' id='word_1_342' title='bbox 1160 1945 1264 1985; x_wconf 90' lang='lat' dir='ltr'>prima</span> <span class='ocrx_word' id='word_1_343' title='bbox 1287 1946 1411 1975; x_wconf 89' lang='lat' dir='ltr'>animae</span> 
     </span>
     <span class='ocr_line' id='line_1_54' title="bbox 339 1988 1412 2031; baseline -0.003 -8"><span class='ocrx_word' id='word_1_344' title='bbox 339 1990 380 2022; x_wconf 84' lang='lat' dir='ltr'>ad</span> <span class='ocrx_word' id='word_1_345' title='bbox 402 1991 510 2022; x_wconf 90' lang='lat' dir='ltr'>Deum</span> <span class='ocrx_word' id='word_1_346' title='bbox 543 1996 590 2021; x_wconf 91' lang='lat' dir='ltr'>est</span> <span class='ocrx_word' id='word_1_347' title='bbox 611 1999 669 2031; x_wconf 92' lang='lat' dir='ltr'>per</span> <span class='ocrx_word' id='word_1_348' title='bbox 691 1989 800 2020; x_wconf 91' lang='lat' dir='ltr'>fidem.</span> <span class='ocrx_word' id='word_1_349' title='bbox 835 1990 877 2020; x_wconf 91' lang='lat' dir='ltr'>Et</span> <span class='ocrx_word' id='word_1_350' title='bbox 907 1988 982 2019; x_wconf 91' lang='lat' dir='ltr'>ideo</span> <span class='ocrx_word' id='word_1_351' title='bbox 1006 1999 1063 2029; x_wconf 92' lang='lat' dir='ltr'>per</span> <span class='ocrx_word' id='word_1_352' title='bbox 1087 1999 1159 2020; x_wconf 90' lang='lat' dir='ltr'>eam</span> <span class='ocrx_word' id='word_1_353' title='bbox 1191 1990 1297 2020; x_wconf 89' lang='lat' dir='ltr'>anima</span> <span class='ocrx_word' id='word_1_354' title='bbox 1320 1990 1412 2030; x_wconf 90' lang='lat' dir='ltr'>quasi</span> 
     </span>
     <span class='ocr_line' id='line_1_55' title="bbox 339 2033 1413 2076; baseline -0.003 -9"><span class='ocrx_word' id='word_1_355' title='bbox 339 2034 552 2076; x_wconf 82' lang='lat' dir='ltr'>desponsatur</span> <span class='ocrx_word' id='word_1_356' title='bbox 581 2035 670 2066; x_wconf 87' lang='lat' dir='ltr'>Deo:</span> <span class='ocrx_word' id='word_1_357' title='bbox 701 2040 738 2065; x_wconf 90' lang='lat' dir='ltr'>ut</span> <span class='ocrx_word' id='word_1_358' title='bbox 764 2039 852 2074; x_wconf 91' lang='lat' dir='ltr'>patet</span> <span class='ocrx_word' id='word_1_359' title='bbox 883 2033 968 2064; x_wconf 90' lang='lat' dir='ltr'>Osee</span> <span class='ocrx_word' id='word_1_360' title='bbox 990 2044 1014 2064; x_wconf 89' lang='lat' dir='ltr'>rr</span> <span class='ocrx_word' id='word_1_361' title='bbox 1028 2035 1064 2070; x_wconf 74' lang='lat'>*,</span> <span class='ocrx_word' id='word_1_362' title='bbox 1090 2033 1257 2074; x_wconf 78' lang='lat' dir='ltr'>Sponsabo</span> <span class='ocrx_word' id='word_1_363' title='bbox 1282 2039 1312 2065; x_wconf 88' lang='lat' dir='ltr'>te</span> <span class='ocrx_word' id='word_1_364' title='bbox 1334 2034 1413 2064; x_wconf 81' lang='lat' dir='ltr'>mihi</span> 
     </span>
     <span class='ocr_line' id='line_1_56' title="bbox 339 2078 1412 2121; baseline -0.002 -10"><span class='ocrx_word' id='word_1_365' title='bbox 339 2080 373 2111; x_wconf 78' lang='lat' dir='ltr'>in</span> <span class='ocrx_word' id='word_1_366' title='bbox 386 2079 469 2121; x_wconf 87' lang='lat' dir='ltr'>fide.</span> <span class='ocrx_word' id='word_1_367' title='bbox 494 2078 588 2111; x_wconf 93' lang='lat' dir='ltr'>Unde</span> <span class='ocrx_word' id='word_1_368' title='bbox 611 2081 645 2110; x_wconf 92' lang='lat' dir='ltr'>in</span> <span class='ocrx_word' id='word_1_369' title='bbox 668 2088 756 2109; x_wconf 91' lang='lat' dir='ltr'>sacra</span> <span class='ocrx_word' id='word_1_370' title='bbox 771 2079 933 2119; x_wconf 89' lang='lat' dir='ltr'>Scriptura</span> <span class='ocrx_word' id='word_1_371' title='bbox 951 2078 1130 2118; x_wconf 86' lang='lat' dir='ltr'>specialiter</span> <span class='ocrx_word' id='word_1_372' title='bbox 1149 2088 1206 2118; x_wconf 94' lang='lat' dir='ltr'>per</span> <span class='ocrx_word' id='word_1_373' title='bbox 1227 2078 1412 2112; x_wconf 81' lang='lat' dir='ltr'>fornicatio-</span> 
     </span>
     <span class='ocr_line' id='line_1_57' title="bbox 337 2122 1412 2163; baseline -0.003 -7"><span class='ocrx_word' id='word_1_374' title='bbox 337 2133 416 2156; x_wconf 85' lang='lat' dir='ltr'>nem</span> <span class='ocrx_word' id='word_1_375' title='bbox 437 2123 619 2155; x_wconf 87' lang='lat' dir='ltr'>idololatn&#39;a</span> <span class='ocrx_word' id='word_1_376' title='bbox 642 2129 674 2154; x_wconf 93' lang='lat' dir='ltr'>et</span> <span class='ocrx_word' id='word_1_377' title='bbox 688 2122 858 2154; x_wconf 89' lang='lat' dir='ltr'>infidelitas</span> <span class='ocrx_word' id='word_1_378' title='bbox 881 2122 1096 2163; x_wconf 82' lang='lat' dir='ltr'>designantur.</span> <span class='ocrx_word' id='word_1_379' title='bbox 1122 2122 1185 2154; x_wconf 91' lang='lat' dir='ltr'>Sed</span> <span class='ocrx_word' id='word_1_380' title='bbox 1200 2123 1261 2154; x_wconf 91' lang='lat' dir='ltr'>alia</span> <span class='ocrx_word' id='word_1_381' title='bbox 1281 2128 1412 2163; x_wconf 89' lang='lat' dir='ltr'>peccata</span> 
     </span>
     <span class='ocr_line' id='line_1_58' title="bbox 338 2166 1412 2209; baseline -0.002 -9"><span class='ocrx_word' id='word_1_382' title='bbox 338 2169 440 2209; x_wconf 84' lang='lat' dir='ltr'>magis</span> <span class='ocrx_word' id='word_1_383' title='bbox 469 2174 594 2199; x_wconf 89' lang='lat' dir='ltr'>remota</span> <span class='ocrx_word' id='word_1_384' title='bbox 623 2167 856 2208; x_wconf 89' lang='lat' dir='ltr'>significatione</span> <span class='ocrx_word' id='word_1_385' title='bbox 885 2166 1036 2198; x_wconf 85' lang='lat' dir='ltr'>dicuntur</span> <span class='ocrx_word' id='word_1_386' title='bbox 1066 2167 1244 2208; x_wconf 76' lang='lat' dir='ltr'>spirituales</span> <span class='ocrx_word' id='word_1_387' title='bbox 1275 2167 1412 2198; x_wconf 90' lang='lat' dir='ltr'>fornica-</span> 
     </span>
     <span class='ocr_line' id='line_1_59' title="bbox 337 2214 453 2245; baseline -0.009 0"><span class='ocrx_word' id='word_1_388' title='bbox 337 2214 453 2245; x_wconf 76' lang='lat' dir='ltr'>tiones.</span> 
     </span>
    </p>

    <p class='ocr_par' dir='ltr' id='par_1_26' title="bbox 339 2255 1413 2432">
     <span class='ocr_line' id='line_1_60' title="bbox 395 2255 1411 2297; baseline 0 -9"><span class='ocrx_word' id='word_1_389' title='bbox 395 2257 447 2288; x_wconf 85' lang='lat' dir='ltr'>An</span> <span class='ocrx_word' id='word_1_390' title='bbox 463 2267 598 2287; x_wconf 71' lang='lat' dir='ltr'>&#39;raarnnr</span> <span class='ocrx_word' id='word_1_391' title='bbox 609 2266 770 2287; x_wconf 68' lang='lat' dir='ltr'>memnon</span> <span class='ocrx_word' id='word_1_392' title='bbox 782 2255 871 2296; x_wconf 93' lang='lat' dir='ltr'>quod</span> <span class='ocrx_word' id='word_1_393' title='bbox 886 2257 950 2286; x_wconf 89' lang='lat' dir='ltr'>hoc</span> <span class='ocrx_word' id='word_1_394' title='bbox 964 2256 1209 2297; x_wconf 88' lang='lat' dir='ltr'>intelligendum</span> <span class='ocrx_word' id='word_1_395' title='bbox 1222 2262 1269 2287; x_wconf 89' lang='lat' dir='ltr'>est</span> <span class='ocrx_word' id='word_1_396' title='bbox 1280 2256 1411 2297; x_wconf 90' lang='lat' dir='ltr'>quando</span> 
     </span>
     <span class='ocr_line' id='line_1_61' title="bbox 339 2301 1413 2342; baseline -0.002 -9"><span class='ocrx_word' id='word_1_397' title='bbox 339 2301 457 2334; x_wconf 88' lang='lat' dir='ltr'>mulier</span> <span class='ocrx_word' id='word_1_398' title='bbox 478 2307 617 2342; x_wconf 84' lang='lat' dir='ltr'>praestat</span> <span class='ocrx_word' id='word_1_399' title='bbox 638 2310 789 2341; x_wconf 90' lang='lat' dir='ltr'>magnam</span> <span class='ocrx_word' id='word_1_400' title='bbox 812 2301 1017 2331; x_wconf 87' lang='lat' dir='ltr'>occasionem</span> <span class='ocrx_word' id='word_1_401' title='bbox 1048 2301 1158 2331; x_wconf 91' lang='lat' dir='ltr'>ruinae</span> <span class='ocrx_word' id='word_1_402' title='bbox 1181 2302 1250 2332; x_wconf 90' lang='lat' dir='ltr'>viro</span> <span class='ocrx_word' id='word_1_403' title='bbox 1274 2311 1352 2338; x_wconf 90' lang='lat' dir='ltr'>suo,</span> <span class='ocrx_word' id='word_1_404' title='bbox 1376 2307 1413 2332; x_wconf 93' lang='lat' dir='ltr'>ut</span> 
     </span>
     <span class='ocr_line' id='line_1_62' title="bbox 339 2345 1413 2387; baseline -0.001 -10"><span class='ocrx_word' id='word_1_405' title='bbox 339 2347 389 2378; x_wconf 82' lang='lat' dir='ltr'>vir</span> <span class='ocrx_word' id='word_1_406' title='bbox 410 2346 616 2387; x_wconf 78' lang='lat' dir='ltr'>probabiliter</span> <span class='ocrx_word' id='word_1_407' title='bbox 647 2346 708 2376; x_wconf 89' lang='lat' dir='ltr'>sibi</span> <span class='ocrx_word' id='word_1_408' title='bbox 731 2345 771 2376; x_wconf 91' lang='lat' dir='ltr'>de</span> <span class='ocrx_word' id='word_1_409' title='bbox 801 2345 946 2386; x_wconf 88' lang='lat' dir='ltr'>periculo</span> <span class='ocrx_word' id='word_1_410' title='bbox 977 2346 1096 2376; x_wconf 88' lang='lat' dir='ltr'>timeat.</span> <span class='ocrx_word' id='word_1_411' title='bbox 1130 2346 1226 2376; x_wconf 92' lang='lat' dir='ltr'>Tunc</span> <span class='ocrx_word' id='word_1_412' title='bbox 1256 2346 1343 2376; x_wconf 91' lang='lat' dir='ltr'>enim</span> <span class='ocrx_word' id='word_1_413' title='bbox 1365 2346 1413 2376; x_wconf 89' lang='lat' dir='ltr'>vir</span> 
     </span>
     <span class='ocr_line' id='line_1_63' title="bbox 339 2389 1410 2432; baseline -0.001 -10"><span class='ocrx_word' id='word_1_414' title='bbox 339 2396 448 2432; x_wconf 88' lang='lat' dir='ltr'>potest</span> <span class='ocrx_word' id='word_1_415' title='bbox 463 2390 696 2421; x_wconf 53' lang='lat' dir='ltr'>sesubtrahere</span> <span class='ocrx_word' id='word_1_416' title='bbox 712 2390 751 2420; x_wconf 93' lang='lat' dir='ltr'>ab</span> <span class='ocrx_word' id='word_1_417' title='bbox 768 2390 836 2420; x_wconf 89' lang='lat' dir='ltr'>eius</span> <span class='ocrx_word' id='word_1_418' title='bbox 853 2390 1107 2426; x_wconf 83' lang='lat' dir='ltr'>conversatione,</span> <span class='ocrx_word' id='word_1_419' title='bbox 1123 2395 1160 2420; x_wconf 95' lang='lat' dir='ltr'>ut</span> <span class='ocrx_word' id='word_1_420' title='bbox 1183 2389 1306 2420; x_wconf 92' lang='lat' dir='ltr'>dictum</span> <span class='ocrx_word' id='word_1_421' title='bbox 1322 2396 1369 2421; x_wconf 91' lang='lat' dir='ltr'>est</span> <span class='ocrx_word' id='word_1_422' title='bbox 1384 2391 1410 2421; x_wconf 48' lang='grc' dir='ltr'><strong>ἦ</strong></span> 
     </span>
    </p>

    <p class='ocr_par' dir='ltr' id='par_1_27' title="bbox 339 2434 1413 2521">
     <span class='ocr_line' id='line_1_64' title="bbox 395 2434 1413 2475; baseline -0.001 -9"><span class='ocrx_word' id='word_1_423' title='bbox 395 2435 447 2466; x_wconf 84' lang='lat' dir='ltr'>AD</span> <span class='ocrx_word' id='word_1_424' title='bbox 472 2445 622 2466; x_wconf 62' lang='lat' dir='ltr'>nullarum</span> <span class='ocrx_word' id='word_1_425' title='bbox 643 2444 805 2465; x_wconf 74' lang='lat' dir='ltr'>nlcanntm</span> <span class='ocrx_word' id='word_1_426' title='bbox 829 2434 919 2475; x_wconf 91' lang='lat' dir='ltr'>quod</span> <span class='ocrx_word' id='word_1_427' title='bbox 943 2435 1071 2465; x_wconf 88' lang='lat' dir='ltr'>avaritia</span> <span class='ocrx_word' id='word_1_428' title='bbox 1094 2434 1210 2465; x_wconf 87' lang='lat' dir='ltr'>dicitur</span> <span class='ocrx_word' id='word_1_429' title='bbox 1232 2434 1413 2466; x_wconf 91' lang='lat' dir='ltr'>idololatria</span> 
     </span>
     <span class='ocr_line' id='line_1_65' title="bbox 339 2478 1412 2521; baseline -0.001 -10"><span class='ocrx_word' id='word_1_430' title='bbox 339 2489 399 2521; x_wconf 88' lang='lat' dir='ltr'>per</span> <span class='ocrx_word' id='word_1_431' title='bbox 430 2479 594 2520; x_wconf 89' lang='lat' dir='ltr'>quandam</span> <span class='ocrx_word' id='word_1_432' title='bbox 623 2478 866 2509; x_wconf 85' lang='lat' dir='ltr'>similitudinem</span> <span class='ocrx_word' id='word_1_433' title='bbox 898 2479 1073 2509; x_wconf 87' lang='lat' dir='ltr'>servitutis:</span> <span class='ocrx_word' id='word_1_434' title='bbox 1108 2479 1184 2519; x_wconf 90' lang='lat' dir='ltr'>quia</span> <span class='ocrx_word' id='word_1_435' title='bbox 1211 2485 1277 2510; x_wconf 89' lang='lat' dir='ltr'>tam</span> <span class='ocrx_word' id='word_1_436' title='bbox 1300 2489 1412 2510; x_wconf 89' lang='lat' dir='ltr'>avarus</span> 
     </span>
    </p>
   </div>
   <div class='ocr_carea' id='block_1_19' title="bbox 305 2523 1411 2566">
    <p class='ocr_par' dir='ltr' id='par_1_28' title="bbox 305 2523 1411 2566">
     <span class='ocr_line' id='line_1_66' title="bbox 305 2523 1411 2566; baseline 0.002 -13"><span class='ocrx_word' id='word_1_437' title='bbox 305 2546 312 2553; x_wconf 94' lang='lat'>.</span> <span class='ocrx_word' id='word_1_438' title='bbox 334 2534 440 2566; x_wconf 71' lang='lat' dir='ltr'>¹quam</span> <span class='ocrx_word' id='word_1_439' title='bbox 462 2524 631 2555; x_wconf 88' lang='lat' dir='ltr'>idololatra</span> <span class='ocrx_word' id='word_1_440' title='bbox 647 2523 760 2564; x_wconf 82' lang='lat' dir='ltr'>potius</span> <span class='ocrx_word' id='word_1_441' title='bbox 782 2523 883 2554; x_wconf 79' lang='lat' dir='ltr'>servit</span> <span class='ocrx_word' id='word_1_442' title='bbox 904 2528 1076 2554; x_wconf 83' lang='lat' dir='ltr'>creaturae</span> <span class='ocrx_word' id='word_1_443' title='bbox 1094 2533 1191 2565; x_wconf 85' lang='lat' dir='ltr'>quam</span> <span class='ocrx_word' id='word_1_444' title='bbox 1217 2524 1370 2554; x_wconf 83' lang='lat' dir='ltr'>Creatori</span> <span class='ocrx_word' id='word_1_445' title='bbox 1384 2525 1411 2555; x_wconf 73' lang='lat'>*.</span> 
     </span>
    </p>
   </div>
   <div class='ocr_carea' id='block_1_20' title="bbox 340 2567 1413 2876">
    <p class='ocr_par' dir='ltr' id='par_1_29' title="bbox 340 2567 1412 2649">
     <span class='ocr_line' id='line_1_67' title="bbox 340 2567 1412 2609; baseline -0.001 -9"><span class='ocrx_word' id='word_1_446' title='bbox 340 2569 417 2600; x_wconf 88' lang='lat' dir='ltr'>Non</span> <span class='ocrx_word' id='word_1_447' title='bbox 440 2574 549 2600; x_wconf 91' lang='lat' dir='ltr'>autem</span> <span class='ocrx_word' id='word_1_448' title='bbox 572 2578 629 2609; x_wconf 91' lang='lat' dir='ltr'>per</span> <span class='ocrx_word' id='word_1_449' title='bbox 652 2567 894 2598; x_wconf 91' lang='lat' dir='ltr'>similitudinem</span> <span class='ocrx_word' id='word_1_450' title='bbox 910 2567 1122 2599; x_wconf 86' lang='lat' dir='ltr'>infidelitatis:</span> <span class='ocrx_word' id='word_1_451' title='bbox 1147 2569 1223 2608; x_wconf 89' lang='lat' dir='ltr'>quia</span> <span class='ocrx_word' id='word_1_452' title='bbox 1247 2569 1412 2609; x_wconf 87' lang='lat' dir='ltr'>corruptio</span> 
     </span>
     <span class='ocr_line' id='line_1_68' title="bbox 340 2612 1311 2649; baseline -0.001 -5"><span class='ocrx_word' id='word_1_453' title='bbox 340 2612 536 2644; x_wconf 84' lang='lat' dir='ltr'>infidelitatis</span> <span class='ocrx_word' id='word_1_454' title='bbox 559 2618 606 2643; x_wconf 92' lang='lat' dir='ltr'>est</span> <span class='ocrx_word' id='word_1_455' title='bbox 628 2613 663 2643; x_wconf 91' lang='lat' dir='ltr'>in</span> <span class='ocrx_word' id='word_1_456' title='bbox 685 2612 861 2649; x_wconf 91' lang='lat' dir='ltr'>intellectu,</span> <span class='ocrx_word' id='word_1_457' title='bbox 878 2612 935 2643; x_wconf 92' lang='lat' dir='ltr'>sed</span> <span class='ocrx_word' id='word_1_458' title='bbox 957 2613 1106 2643; x_wconf 89' lang='lat' dir='ltr'>avaritiae</span> <span class='ocrx_word' id='word_1_459' title='bbox 1128 2613 1162 2643; x_wconf 92' lang='lat' dir='ltr'>in</span> <span class='ocrx_word' id='word_1_460' title='bbox 1185 2612 1311 2643; x_wconf 84' lang='lat' dir='ltr'>affectu.</span> 
     </span>
    </p>

    <p class='ocr_par' dir='ltr' id='par_1_30' title="bbox 340 2656 1413 2787">
     <span class='ocr_line' id='line_1_69' title="bbox 396 2656 1413 2697; baseline 0 -9"><span class='ocrx_word' id='word_1_461' title='bbox 396 2657 448 2688; x_wconf 79' lang='lat' dir='ltr'>An</span> <span class='ocrx_word' id='word_1_462' title='bbox 472 2667 612 2688; x_wconf 69' lang='lat' dir='ltr'>omnum</span> <span class='ocrx_word' id='word_1_463' title='bbox 635 2666 796 2687; x_wconf 65' lang='lat' dir='ltr'>mcanntm</span> <span class='ocrx_word' id='word_1_464' title='bbox 819 2656 910 2697; x_wconf 95' lang='lat' dir='ltr'>quod</span> <span class='ocrx_word' id='word_1_465' title='bbox 940 2657 1037 2687; x_wconf 89' lang='lat' dir='ltr'>verba</span> <span class='ocrx_word' id='word_1_466' title='bbox 1066 2657 1209 2697; x_wconf 87' lang='lat' dir='ltr'>Magistri</span> <span class='ocrx_word' id='word_1_467' title='bbox 1232 2662 1307 2687; x_wconf 90' lang='lat' dir='ltr'>sunt</span> <span class='ocrx_word' id='word_1_468' title='bbox 1331 2658 1413 2688; x_wconf 90' lang='lat' dir='ltr'>acci-</span> 
     </span>
     <span class='ocr_line' id='line_1_70' title="bbox 340 2701 1412 2742; baseline 0 -10"><span class='ocrx_word' id='word_1_469' title='bbox 340 2701 459 2742; x_wconf 90' lang='lat' dir='ltr'>pienda</span> <span class='ocrx_word' id='word_1_470' title='bbox 482 2701 522 2732; x_wconf 93' lang='lat' dir='ltr'>de</span> <span class='ocrx_word' id='word_1_471' title='bbox 544 2701 763 2742; x_wconf 89' lang='lat' dir='ltr'>sponsalibus:</span> <span class='ocrx_word' id='word_1_472' title='bbox 789 2702 865 2741; x_wconf 88' lang='lat' dir='ltr'>quia</span> <span class='ocrx_word' id='word_1_473' title='bbox 887 2706 1019 2742; x_wconf 88' lang='lat' dir='ltr'>propter</span> <span class='ocrx_word' id='word_1_474' title='bbox 1039 2702 1161 2732; x_wconf 91' lang='lat' dir='ltr'>crimen</span> <span class='ocrx_word' id='word_1_475' title='bbox 1184 2703 1412 2742; x_wconf 90' lang='lat' dir='ltr'>superveniens</span> 
     </span>
     <span class='ocr_line' id='line_1_71' title="bbox 341 2745 774 2787; baseline -0.002 -10"><span class='ocrx_word' id='word_1_476' title='bbox 341 2745 502 2787; x_wconf 84' lang='lat' dir='ltr'>sponsalia</span> <span class='ocrx_word' id='word_1_477' title='bbox 524 2746 604 2776; x_wconf 90' lang='lat' dir='ltr'>solvi</span> <span class='ocrx_word' id='word_1_478' title='bbox 628 2750 774 2786; x_wconf 89' lang='lat' dir='ltr'>possunt.</span> 
     </span>
    </p>

    <p class='ocr_par' dir='ltr' id='par_1_31' title="bbox 341 2789 1412 2876">
     <span class='ocr_line' id='line_1_72' title="bbox 396 2789 1412 2830; baseline 0 -10"><span class='ocrx_word' id='word_1_479' title='bbox 396 2790 467 2826; x_wconf 93' lang='lat' dir='ltr'>Vel,</span> <span class='ocrx_word' id='word_1_480' title='bbox 483 2791 510 2821; x_wconf 89' lang='lat' dir='ltr'>si</span> <span class='ocrx_word' id='word_1_481' title='bbox 532 2790 677 2830; x_wconf 90' lang='lat' dir='ltr'>loquitur</span> <span class='ocrx_word' id='word_1_482' title='bbox 706 2789 746 2820; x_wconf 91' lang='lat' dir='ltr'>de</span> <span class='ocrx_word' id='word_1_483' title='bbox 777 2790 1003 2826; x_wconf 87' lang='lat' dir='ltr'>matrimonio,</span> <span class='ocrx_word' id='word_1_484' title='bbox 1027 2789 1272 2830; x_wconf 88' lang='lat' dir='ltr'>intelligendum</span> <span class='ocrx_word' id='word_1_485' title='bbox 1302 2796 1350 2821; x_wconf 91' lang='lat' dir='ltr'>est</span> <span class='ocrx_word' id='word_1_486' title='bbox 1372 2790 1412 2821; x_wconf 93' lang='lat' dir='ltr'>de</span> 
     </span>
     <span class='ocr_line' id='line_1_73' title="bbox 341 2833 1412 2876; baseline 0 -11"><span class='ocrx_word' id='word_1_487' title='bbox 341 2835 542 2876; x_wconf 83' lang='lat' dir='ltr'>separatione</span> <span class='ocrx_word' id='word_1_488' title='bbox 558 2844 577 2864; x_wconf 90' lang='lat' dir='ltr'>a</span> <span class='ocrx_word' id='word_1_489' title='bbox 591 2835 760 2865; x_wconf 89' lang='lat' dir='ltr'>communi</span> <span class='ocrx_word' id='word_1_490' title='bbox 772 2834 1016 2864; x_wconf 80' lang='lat' dir='ltr'>conversatione</span> <span class='ocrx_word' id='word_1_491' title='bbox 1032 2833 1072 2864; x_wconf 92' lang='lat' dir='ltr'>ad</span> <span class='ocrx_word' id='word_1_492' title='bbox 1086 2839 1226 2874; x_wconf 90' lang='lat' dir='ltr'>tempus,</span> <span class='ocrx_word' id='word_1_493' title='bbox 1238 2840 1275 2865; x_wconf 91' lang='lat' dir='ltr'>ut</span> <span class='ocrx_word' id='word_1_494' title='bbox 1290 2834 1412 2866; x_wconf 88' lang='lat' dir='ltr'>dictum</span> 
     </span>
    </p>
   </div>
   <div class='ocr_carea' id='block_1_21' title="bbox 1428 449 1438 470">
    <p class='ocr_par' dir='ltr' id='par_1_32' title="bbox 1428 449 1438 470">
     <span class='ocr_line' id='line_1_74' title="bbox 1428 449 1438 470; baseline 0 0"><span class='ocrx_word' id='word_1_495' title='bbox 1428 449 1438 470; x_wconf 87' lang='lat'><em>5</em></span> 
     </span>
    </p>
   </div>
   <div class='ocr_carea' id='block_1_22' title="bbox 1422 670 1448 684">
    <p class='ocr_par' dir='ltr' id='par_1_33' title="bbox 1422 670 1448 684">
     <span class='ocr_line' id='line_1_75' title="bbox 1422 670 1448 684; baseline 0 0"><span class='ocrx_word' id='word_1_496' title='bbox 1422 670 1448 684; x_wconf 75' lang='lat'>10</span> 
     </span>
    </p>
   </div>
   <div class='ocr_carea' id='block_1_23' title="bbox 1423 890 1446 910">
    <p class='ocr_par' dir='ltr' id='par_1_34' title="bbox 1423 890 1446 910">
     <span class='ocr_line' id='line_1_76' title="bbox 1423 890 1446 910; baseline 0 0"><span class='ocrx_word' id='word_1_497' title='bbox 1423 890 1446 910; x_wconf 83' lang='lat'>¹5</span> 
     </span>
    </p>
   </div>
   <div class='ocr_carea' id='block_1_24' title="bbox 1423 1111 1449 1126">
    <p class='ocr_par' dir='ltr' id='par_1_35' title="bbox 1423 1111 1449 1126">
     <span class='ocr_line' id='line_1_77' title="bbox 1423 1111 1449 1126; baseline 0 0"><span class='ocrx_word' id='word_1_498' title='bbox 1423 1111 1449 1126; x_wconf 76' lang='lat'>20</span> 
     </span>
    </p>
   </div>
   <div class='ocr_carea' id='block_1_25' title="bbox 1425 1337 1448 1357">
    <p class='ocr_par' dir='ltr' id='par_1_36' title="bbox 1425 1337 1448 1357">
     <span class='ocr_line' id='line_1_78' title="bbox 1425 1337 1448 1357; baseline 0 0"><span class='ocrx_word' id='word_1_499' title='bbox 1425 1337 1448 1357; x_wconf 78' lang='lat'>²5</span> 
     </span>
    </p>
   </div>
   <div class='ocr_carea' id='block_1_26' title="bbox 1426 1558 1452 1577">
    <p class='ocr_par' dir='ltr' id='par_1_37' title="bbox 1426 1558 1452 1577">
     <span class='ocr_line' id='line_1_79' title="bbox 1426 1558 1452 1577; baseline 0 -5"><span class='ocrx_word' id='word_1_500' title='bbox 1426 1558 1452 1577; x_wconf 74' lang='lat'>³0</span> 
     </span>
    </p>
   </div>
   <div class='ocr_carea' id='block_1_27' title="bbox 1426 1777 1449 1797">
    <p class='ocr_par' dir='ltr' id='par_1_38' title="bbox 1426 1777 1449 1797">
     <span class='ocr_line' id='line_1_80' title="bbox 1426 1777 1449 1797; baseline 0 0"><span class='ocrx_word' id='word_1_501' title='bbox 1426 1777 1449 1797; x_wconf 79' lang='lat'>35</span> 
     </span>
    </p>
   </div>
   <div class='ocr_carea' id='block_1_28' title="bbox 1425 2002 1452 2022">
    <p class='ocr_par' dir='ltr' id='par_1_39' title="bbox 1425 2002 1452 2022">
     <span class='ocr_line' id='line_1_81' title="bbox 1425 2002 1452 2022; baseline 0 -6"><span class='ocrx_word' id='word_1_502' title='bbox 1425 2002 1452 2022; x_wconf 84' lang='lat'>4⁰</span> 
     </span>
    </p>
   </div>
   <div class='ocr_carea' id='block_1_29' title="bbox 1425 2223 1450 2243">
    <p class='ocr_par' dir='ltr' id='par_1_40' title="bbox 1425 2223 1450 2243">
     <span class='ocr_line' id='line_1_82' title="bbox 1425 2223 1450 2243; baseline 0 0"><span class='ocrx_word' id='word_1_503' title='bbox 1425 2223 1450 2243; x_wconf 78' lang='lat'>45</span> 
     </span>
    </p>
   </div>
   <div class='ocr_carea' id='block_1_30' title="bbox 1427 2445 1453 2465">
    <p class='ocr_par' dir='ltr' id='par_1_41' title="bbox 1427 2445 1453 2465">
     <span class='ocr_line' id='line_1_83' title="bbox 1427 2445 1453 2465; baseline 0 -6"><span class='ocrx_word' id='word_1_504' title='bbox 1427 2445 1453 2465; x_wconf 78' lang='lat'>50</span> 
     </span>
    </p>
   </div>
   <div class='ocr_carea' id='block_1_31' title="bbox 1428 2666 1451 2687">
    <p class='ocr_par' dir='ltr' id='par_1_42' title="bbox 1428 2666 1451 2687">
     <span class='ocr_line' id='line_1_84' title="bbox 1428 2666 1451 2687; baseline 0 0"><span class='ocrx_word' id='word_1_505' title='bbox 1428 2666 1451 2687; x_wconf 84' lang='lat'>55</span> 
     </span>
    </p>
   </div>
   <div class='ocr_carea' id='block_1_32' title="bbox 2450 187 2519 224">
    <p class='ocr_par' dir='ltr' id='par_1_43' title="bbox 2450 187 2519 224">
     <span class='ocr_line' id='line_1_85' title="bbox 2450 187 2519 224; baseline 0 0"><span class='ocrx_word' id='word_1_506' title='bbox 2450 187 2519 224; x_wconf 84' lang='lat'>123</span> 
     </span>
    </p>
   </div>
   <div class='ocr_carea' id='block_1_33' title="bbox 1459 260 2531 1053">
    <p class='ocr_par' dir='ltr' id='par_1_44' title="bbox 1459 260 2523 386">
     <span class='ocr_line' id='line_1_86' title="bbox 1459 260 2523 309; baseline 0.008 -19"><span class='ocrx_word' id='word_1_507' title='bbox 1459 260 1566 291; x_wconf 86' lang='lat' dir='ltr'>divina</span> <span class='ocrx_word' id='word_1_508' title='bbox 1588 262 1743 302; x_wconf 89' lang='lat' dir='ltr'>praecipit</span> <span class='ocrx_word' id='word_1_509' title='bbox 1773 262 1929 293; x_wconf 88' lang='lat' dir='ltr'>adulteras</span> <span class='ocrx_word' id='word_1_510' title='bbox 1959 265 2090 304; x_wconf 88' lang='lat' dir='ltr'>lapidari</span> <span class='ocrx_word' id='word_1_511' title='bbox 2106 267 2132 296; x_wconf 43' lang='grc' dir='ltr'>θ’.</span> <span class='ocrx_word' id='word_1_512' title='bbox 2164 267 2226 297; x_wconf 89' lang='lat' dir='ltr'>Sed</span> <span class='ocrx_word' id='word_1_513' title='bbox 2249 267 2302 298; x_wconf 89' lang='lat' dir='ltr'>ille</span> <span class='ocrx_word' id='word_1_514' title='bbox 2335 269 2391 308; x_wconf 88' lang='lat' dir='ltr'>qui</span> <span class='ocrx_word' id='word_1_515' title='bbox 2420 269 2523 309; x_wconf 88' lang='lat' dir='ltr'>legem</span> 
     </span>
     <span class='ocr_line' id='line_1_87' title="bbox 1460 304 2523 353; baseline 0.009 -19"><span class='ocrx_word' id='word_1_516' title='bbox 1460 304 1599 336; x_wconf 91' lang='lat' dir='ltr'>divinam</span> <span class='ocrx_word' id='word_1_517' title='bbox 1616 307 1793 346; x_wconf 88' lang='lat' dir='ltr'>exequitur,</span> <span class='ocrx_word' id='word_1_518' title='bbox 1806 316 1873 337; x_wconf 92' lang='lat' dir='ltr'>non</span> <span class='ocrx_word' id='word_1_519' title='bbox 1888 314 2010 347; x_wconf 89' lang='lat' dir='ltr'>peccat.</span> <span class='ocrx_word' id='word_1_520' title='bbox 2027 309 2112 349; x_wconf 91' lang='lat' dir='ltr'>Ergo</span> <span class='ocrx_word' id='word_1_521' title='bbox 2128 321 2187 341; x_wconf 91' lang='lat' dir='ltr'>nec</span> <span class='ocrx_word' id='word_1_522' title='bbox 2201 311 2349 342; x_wconf 88' lang='lat' dir='ltr'>occidens</span> <span class='ocrx_word' id='word_1_523' title='bbox 2361 314 2523 353; x_wconf 85' lang='lat' dir='ltr'>propriam</span> 
     </span>
     <span class='ocr_line' id='line_1_88' title="bbox 1459 350 1881 386; baseline 0.002 -6"><span class='ocrx_word' id='word_1_524' title='bbox 1459 359 1603 386; x_wconf 85' lang='lat' dir='ltr'>uxorem,</span> <span class='ocrx_word' id='word_1_525' title='bbox 1620 351 1646 380; x_wconf 94' lang='lat' dir='ltr'>si</span> <span class='ocrx_word' id='word_1_526' title='bbox 1669 351 1709 380; x_wconf 89' lang='lat' dir='ltr'>sit</span> <span class='ocrx_word' id='word_1_527' title='bbox 1731 350 1881 381; x_wconf 88' lang='lat' dir='ltr'>adultera.</span> 
     </span>
    </p>

    <p class='ocr_par' dir='ltr' id='par_1_45' title="bbox 1460 394 2526 611">
     <span class='ocr_line' id='line_1_89' title="bbox 1516 394 2524 437; baseline 0.009 -14"><span class='ocrx_word' id='word_1_528' title='bbox 1516 403 1546 424; x_wconf 87' lang='lat'>2.</span> <span class='ocrx_word' id='word_1_529' title='bbox 1570 394 1767 430; x_wconf 65' lang='lat' dir='ltr'>Pium-anm,</span> <span class='ocrx_word' id='word_1_530' title='bbox 1783 394 1863 425; x_wconf 91' lang='lat' dir='ltr'>illud</span> <span class='ocrx_word' id='word_1_531' title='bbox 1883 396 1972 435; x_wconf 91' lang='lat' dir='ltr'>quod</span> <span class='ocrx_word' id='word_1_532' title='bbox 1994 396 2068 427; x_wconf 92' lang='lat' dir='ltr'>licet</span> <span class='ocrx_word' id='word_1_533' title='bbox 2091 397 2162 437; x_wconf 87' lang='lat' dir='ltr'>legi,</span> <span class='ocrx_word' id='word_1_534' title='bbox 2180 399 2252 429; x_wconf 88' lang='lat' dir='ltr'>licet</span> <span class='ocrx_word' id='word_1_535' title='bbox 2268 401 2297 430; x_wconf 88' lang='lat' dir='ltr'>ei</span> <span class='ocrx_word' id='word_1_536' title='bbox 2321 402 2372 431; x_wconf 92' lang='lat' dir='ltr'>cui</span> <span class='ocrx_word' id='word_1_537' title='bbox 2395 401 2445 431; x_wconf 89' lang='lat' dir='ltr'>lex</span> <span class='ocrx_word' id='word_1_538' title='bbox 2461 401 2524 431; x_wconf 88' lang='lat' dir='ltr'>hoc</span> 
     </span>
     <span class='ocr_line' id='line_1_90' title="bbox 1461 438 2524 485; baseline 0.008 -17"><span class='ocrx_word' id='word_1_539' title='bbox 1461 439 1642 469; x_wconf 90' lang='lat' dir='ltr'>committit.</span> <span class='ocrx_word' id='word_1_540' title='bbox 1667 438 1731 469; x_wconf 92' lang='lat' dir='ltr'>Sed</span> <span class='ocrx_word' id='word_1_541' title='bbox 1753 439 1816 478; x_wconf 88' lang='lat' dir='ltr'>legi</span> <span class='ocrx_word' id='word_1_542' title='bbox 1838 439 1912 470; x_wconf 91' lang='lat' dir='ltr'>licet</span> <span class='ocrx_word' id='word_1_543' title='bbox 1934 440 2111 471; x_wconf 89' lang='lat' dir='ltr'>interficere</span> <span class='ocrx_word' id='word_1_544' title='bbox 2135 442 2319 480; x_wconf 88' lang='lat' dir='ltr'>adulteram,</span> <span class='ocrx_word' id='word_1_545' title='bbox 2336 450 2390 475; x_wconf 92' lang='lat' dir='ltr'>aut</span> <span class='ocrx_word' id='word_1_546' title='bbox 2413 455 2524 485; x_wconf 89' lang='lat' dir='ltr'>quam-</span> 
     </span>
     <span class='ocr_line' id='line_1_91' title="bbox 1460 482 2526 526; baseline 0.008 -14"><span class='ocrx_word' id='word_1_547' title='bbox 1460 482 1537 512; x_wconf 90' lang='lat' dir='ltr'>libet</span> <span class='ocrx_word' id='word_1_548' title='bbox 1559 492 1730 522; x_wconf 90' lang='lat' dir='ltr'>personam</span> <span class='ocrx_word' id='word_1_549' title='bbox 1754 492 1841 513; x_wconf 89' lang='lat' dir='ltr'>ream</span> <span class='ocrx_word' id='word_1_550' title='bbox 1864 485 1986 514; x_wconf 90' lang='lat' dir='ltr'>mortis.</span> <span class='ocrx_word' id='word_1_551' title='bbox 2012 484 2098 515; x_wconf 92' lang='lat' dir='ltr'>Cum</span> <span class='ocrx_word' id='word_1_552' title='bbox 2126 495 2201 526; x_wconf 89' lang='lat' dir='ltr'>ergo</span> <span class='ocrx_word' id='word_1_553' title='bbox 2226 487 2275 517; x_wconf 86' lang='lat' dir='ltr'>lex</span> <span class='ocrx_word' id='word_1_554' title='bbox 2291 489 2307 504; x_wconf 67' lang='lat'>¹*</span> <span class='ocrx_word' id='word_1_555' title='bbox 2332 490 2526 519; x_wconf 89' lang='lat' dir='ltr'>commiserit</span> 
     </span>
     <span class='ocr_line' id='line_1_92' title="bbox 1460 526 2525 572; baseline 0.008 -16"><span class='ocrx_word' id='word_1_556' title='bbox 1460 527 1529 556; x_wconf 91' lang='lat' dir='ltr'>viro</span> <span class='ocrx_word' id='word_1_557' title='bbox 1554 526 1811 558; x_wconf 90' lang='lat' dir='ltr'>interfectionem</span> <span class='ocrx_word' id='word_1_558' title='bbox 1841 529 1949 558; x_wconf 88' lang='lat' dir='ltr'>uxoris</span> <span class='ocrx_word' id='word_1_559' title='bbox 1972 529 2006 558; x_wconf 92' lang='lat' dir='ltr'>in</span> <span class='ocrx_word' id='word_1_560' title='bbox 2029 535 2102 559; x_wconf 92' lang='lat' dir='ltr'>actu</span> <span class='ocrx_word' id='word_1_561' title='bbox 2126 530 2270 561; x_wconf 90' lang='lat' dir='ltr'>adulterii</span> <span class='ocrx_word' id='word_1_562' title='bbox 2294 531 2525 572; x_wconf 88' lang='lat' dir='ltr'>deprehensae,</span> 
     </span>
     <span class='ocr_line' id='line_1_93' title="bbox 1460 570 1878 611; baseline 0.007 -11"><span class='ocrx_word' id='word_1_563' title='bbox 1460 570 1586 601; x_wconf 86' lang='lat' dir='ltr'>videtur</span> <span class='ocrx_word' id='word_1_564' title='bbox 1610 571 1700 611; x_wconf 92' lang='lat' dir='ltr'>quod</span> <span class='ocrx_word' id='word_1_565' title='bbox 1723 572 1753 602; x_wconf 92' lang='lat' dir='ltr'>ei</span> <span class='ocrx_word' id='word_1_566' title='bbox 1776 572 1878 603; x_wconf 86' lang='lat' dir='ltr'>liceat.</span> 
     </span>
    </p>

    <p class='ocr_par' dir='ltr' id='par_1_46' title="bbox 1462 615 2530 876">
     <span class='ocr_line' id='line_1_94' title="bbox 1518 615 2527 660; baseline 0.006 -15"><span class='ocrx_word' id='word_1_567' title='bbox 1518 615 1548 645; x_wconf 89' lang='lat'>3.</span> <span class='ocrx_word' id='word_1_568' title='bbox 1572 615 1769 651; x_wconf 65' lang='lat' dir='ltr'>annnm,</span> <span class='ocrx_word' id='word_1_569' title='bbox 1784 616 1832 646; x_wconf 90' lang='lat' dir='ltr'>vir</span> <span class='ocrx_word' id='word_1_570' title='bbox 1847 617 1942 647; x_wconf 86' lang='lat' dir='ltr'>habet</span> <span class='ocrx_word' id='word_1_571' title='bbox 1957 622 2148 657; x_wconf 90' lang='lat' dir='ltr'>potestatem</span> <span class='ocrx_word' id='word_1_572' title='bbox 2164 619 2319 649; x_wconf 90' lang='lat' dir='ltr'>maiorem</span> <span class='ocrx_word' id='word_1_573' title='bbox 2337 629 2432 660; x_wconf 85' lang='lat' dir='ltr'>super</span> <span class='ocrx_word' id='word_1_574' title='bbox 2447 631 2527 651; x_wconf 88' lang='lat' dir='ltr'>uxo-</span> 
     </span>
     <span class='ocr_line' id='line_1_95' title="bbox 1462 659 2528 701; baseline 0.007 -13"><span class='ocrx_word' id='word_1_575' title='bbox 1462 668 1530 689; x_wconf 91' lang='lat' dir='ltr'>rem</span> <span class='ocrx_word' id='word_1_576' title='bbox 1553 659 1729 690; x_wconf 87' lang='lat' dir='ltr'>adulteram</span> <span class='ocrx_word' id='word_1_577' title='bbox 1754 669 1851 700; x_wconf 90' lang='lat' dir='ltr'>quam</span> <span class='ocrx_word' id='word_1_578' title='bbox 1874 670 1971 700; x_wconf 91' lang='lat' dir='ltr'>super</span> <span class='ocrx_word' id='word_1_579' title='bbox 1994 671 2069 691; x_wconf 90' lang='lat' dir='ltr'>eum</span> <span class='ocrx_word' id='word_1_580' title='bbox 2099 663 2154 701; x_wconf 91' lang='lat' dir='ltr'>qui</span> <span class='ocrx_word' id='word_1_581' title='bbox 2179 672 2253 692; x_wconf 91' lang='lat' dir='ltr'>curn</span> <span class='ocrx_word' id='word_1_582' title='bbox 2277 673 2314 693; x_wconf 92' lang='lat' dir='ltr'>ea</span> <span class='ocrx_word' id='word_1_583' title='bbox 2338 664 2528 695; x_wconf 89' lang='lat' dir='ltr'>adulterium</span> 
     </span>
     <span class='ocr_line' id='line_1_96' title="bbox 1463 703 2529 749; baseline 0.007 -17"><span class='ocrx_word' id='word_1_584' title='bbox 1463 704 1633 733; x_wconf 89' lang='lat' dir='ltr'>commisit.</span> <span class='ocrx_word' id='word_1_585' title='bbox 1659 703 1722 734; x_wconf 93' lang='lat' dir='ltr'>Sed</span> <span class='ocrx_word' id='word_1_586' title='bbox 1746 705 1772 734; x_wconf 94' lang='lat' dir='ltr'>si</span> <span class='ocrx_word' id='word_1_587' title='bbox 1794 705 1841 734; x_wconf 88' lang='lat' dir='ltr'>vir</span> <span class='ocrx_word' id='word_1_588' title='bbox 1863 706 2021 745; x_wconf 90' lang='lat' dir='ltr'>percutiat</span> <span class='ocrx_word' id='word_1_589' title='bbox 2053 706 2204 736; x_wconf 90' lang='lat' dir='ltr'>clericum</span> <span class='ocrx_word' id='word_1_590' title='bbox 2229 716 2326 746; x_wconf 91' lang='lat' dir='ltr'>quem</span> <span class='ocrx_word' id='word_1_591' title='bbox 2357 718 2431 738; x_wconf 91' lang='lat' dir='ltr'>cum</span> <span class='ocrx_word' id='word_1_592' title='bbox 2454 719 2529 749; x_wconf 91' lang='lat' dir='ltr'>pro-</span> 
     </span>
     <span class='ocr_line' id='line_1_97' title="bbox 1462 747 2530 792; baseline 0.007 -16"><span class='ocrx_word' id='word_1_593' title='bbox 1462 747 1532 787; x_wconf 91' lang='lat' dir='ltr'>pria</span> <span class='ocrx_word' id='word_1_594' title='bbox 1550 757 1650 778; x_wconf 90' lang='lat' dir='ltr'>uxore</span> <span class='ocrx_word' id='word_1_595' title='bbox 1666 749 1797 784; x_wconf 87' lang='lat' dir='ltr'>invenit,</span> <span class='ocrx_word' id='word_1_596' title='bbox 1814 759 1883 779; x_wconf 91' lang='lat' dir='ltr'>non</span> <span class='ocrx_word' id='word_1_597' title='bbox 1906 755 1952 779; x_wconf 92' lang='lat' dir='ltr'>est</span> <span class='ocrx_word' id='word_1_598' title='bbox 1969 751 2266 781; x_wconf 84' lang='lat' dir='ltr'>excommunicatus</span> <span class='ocrx_word' id='word_1_599' title='bbox 2282 753 2308 782; x_wconf 50' lang='grc' dir='ltr'>’ἃ</span> <span class='ocrx_word' id='word_1_600' title='bbox 2333 752 2419 792; x_wconf 90' lang='lat' dir='ltr'>Ergo</span> <span class='ocrx_word' id='word_1_601' title='bbox 2443 753 2530 783; x_wconf 90' lang='lat' dir='ltr'>vide-</span> 
     </span>
     <span class='ocr_line' id='line_1_98' title="bbox 1462 791 2530 835; baseline 0.006 -14"><span class='ocrx_word' id='word_1_602' title='bbox 1462 796 1514 821; x_wconf 92' lang='lat' dir='ltr'>tur</span> <span class='ocrx_word' id='word_1_603' title='bbox 1538 791 1628 831; x_wconf 92' lang='lat' dir='ltr'>quod</span> <span class='ocrx_word' id='word_1_604' title='bbox 1644 793 1739 822; x_wconf 88' lang='lat' dir='ltr'>etiam</span> <span class='ocrx_word' id='word_1_605' title='bbox 1755 793 1848 823; x_wconf 89' lang='lat' dir='ltr'>liceat</span> <span class='ocrx_word' id='word_1_606' title='bbox 1862 793 2041 825; x_wconf 89' lang='lat' dir='ltr'>interficere</span> <span class='ocrx_word' id='word_1_607' title='bbox 2063 796 2227 835; x_wconf 89' lang='lat' dir='ltr'>propriam</span> <span class='ocrx_word' id='word_1_608' title='bbox 2243 805 2377 827; x_wconf 87' lang='lat' dir='ltr'>uxorem</span> <span class='ocrx_word' id='word_1_609' title='bbox 2392 797 2426 827; x_wconf 88' lang='lat' dir='ltr'>in</span> <span class='ocrx_word' id='word_1_610' title='bbox 2441 796 2530 827; x_wconf 91' lang='lat' dir='ltr'>adul-</span> 
     </span>
     <span class='ocr_line' id='line_1_99' title="bbox 1462 835 1810 876; baseline 0.003 -10"><span class='ocrx_word' id='word_1_611' title='bbox 1462 836 1544 866; x_wconf 90' lang='lat' dir='ltr'>terio</span> <span class='ocrx_word' id='word_1_612' title='bbox 1568 835 1810 876; x_wconf 90' lang='lat' dir='ltr'>deprehensam.</span> 
     </span>
    </p>

    <p class='ocr_par' dir='ltr' id='par_1_47' title="bbox 1462 880 2531 1053">
     <span class='ocr_line' id='line_1_100' title="bbox 1516 880 2531 925; baseline 0.007 -16"><span class='ocrx_word' id='word_1_613' title='bbox 1516 889 1548 919; x_wconf 91' lang='lat'>4.</span> <span class='ocrx_word' id='word_1_614' title='bbox 1572 880 1769 917; x_wconf 50' lang='lat' dir='ltr'>Primum,</span> <span class='ocrx_word' id='word_1_615' title='bbox 1785 883 1834 912; x_wconf 86' lang='lat' dir='ltr'>vir</span> <span class='ocrx_word' id='word_1_616' title='bbox 1855 887 1982 913; x_wconf 89' lang='lat' dir='ltr'>tenetur</span> <span class='ocrx_word' id='word_1_617' title='bbox 2005 893 2140 914; x_wconf 88' lang='lat' dir='ltr'>uxorem</span> <span class='ocrx_word' id='word_1_618' title='bbox 2163 894 2254 914; x_wconf 88' lang='lat' dir='ltr'>suam</span> <span class='ocrx_word' id='word_1_619' title='bbox 2278 886 2444 925; x_wconf 87' lang='lat' dir='ltr'>corrigere.</span> <span class='ocrx_word' id='word_1_620' title='bbox 2469 885 2531 916; x_wconf 89' lang='lat' dir='ltr'>Sed</span> 
     </span>
     <span class='ocr_line' id='line_1_101' title="bbox 1464 924 2530 970; baseline 0.008 -17"><span class='ocrx_word' id='word_1_621' title='bbox 1464 925 1620 954; x_wconf 89' lang='lat' dir='ltr'>correctio</span> <span class='ocrx_word' id='word_1_622' title='bbox 1651 924 1687 955; x_wconf 91' lang='lat' dir='ltr'>fit</span> <span class='ocrx_word' id='word_1_623' title='bbox 1709 935 1767 966; x_wconf 92' lang='lat' dir='ltr'>per</span> <span class='ocrx_word' id='word_1_624' title='bbox 1796 926 2008 957; x_wconf 86' lang='lat' dir='ltr'>inflictionem</span> <span class='ocrx_word' id='word_1_625' title='bbox 2039 928 2140 958; x_wconf 88' lang='lat' dir='ltr'>iustae</span> <span class='ocrx_word' id='word_1_626' title='bbox 2171 938 2308 969; x_wconf 90' lang='lat' dir='ltr'>poenae.</span> <span class='ocrx_word' id='word_1_627' title='bbox 2344 929 2430 960; x_wconf 90' lang='lat' dir='ltr'>Cum</span> <span class='ocrx_word' id='word_1_628' title='bbox 2455 939 2530 970; x_wconf 91' lang='lat' dir='ltr'>ergo</span> 
     </span>
     <span class='ocr_line' id='line_1_102' title="bbox 1463 969 2530 1013; baseline 0.007 -15"><span class='ocrx_word' id='word_1_629' title='bbox 1463 969 1546 999; x_wconf 90' lang='lat' dir='ltr'>iusta</span> <span class='ocrx_word' id='word_1_630' title='bbox 1568 978 1675 1009; x_wconf 90' lang='lat' dir='ltr'>poena</span> <span class='ocrx_word' id='word_1_631' title='bbox 1698 970 1843 1001; x_wconf 92' lang='lat' dir='ltr'>adulterii</span> <span class='ocrx_word' id='word_1_632' title='bbox 1866 972 1906 1001; x_wconf 89' lang='lat' dir='ltr'>sit</span> <span class='ocrx_word' id='word_1_633' title='bbox 1928 981 2026 1007; x_wconf 82' lang='lat' dir='ltr'>morS,</span> <span class='ocrx_word' id='word_1_634' title='bbox 2043 973 2118 1012; x_wconf 88' lang='lat' dir='ltr'>quia</span> <span class='ocrx_word' id='word_1_635' title='bbox 2141 978 2188 1003; x_wconf 91' lang='lat' dir='ltr'>est</span> <span class='ocrx_word' id='word_1_636' title='bbox 2211 973 2344 1013; x_wconf 91' lang='lat' dir='ltr'>capitale</span> <span class='ocrx_word' id='word_1_637' title='bbox 2367 974 2488 1005; x_wconf 90' lang='lat' dir='ltr'>crimen</span> <span class='ocrx_word' id='word_1_638' title='bbox 2503 975 2530 1011; x_wconf 42' lang='grc' dir='ltr'>ὓ,</span> 
     </span>
     <span class='ocr_line' id='line_1_103' title="bbox 1462 1013 2445 1053; baseline 0.006 -10"><span class='ocrx_word' id='word_1_639' title='bbox 1462 1013 1588 1043; x_wconf 90' lang='lat' dir='ltr'>videtur</span> <span class='ocrx_word' id='word_1_640' title='bbox 1611 1013 1701 1053; x_wconf 94' lang='lat' dir='ltr'>quod</span> <span class='ocrx_word' id='word_1_641' title='bbox 1724 1015 1817 1045; x_wconf 90' lang='lat' dir='ltr'>liceat</span> <span class='ocrx_word' id='word_1_642' title='bbox 1839 1016 1908 1046; x_wconf 91' lang='lat' dir='ltr'>viro</span> <span class='ocrx_word' id='word_1_643' title='bbox 1932 1025 2066 1046; x_wconf 90' lang='lat' dir='ltr'>uxorem</span> <span class='ocrx_word' id='word_1_644' title='bbox 2090 1017 2265 1048; x_wconf 90' lang='lat' dir='ltr'>adulteram</span> <span class='ocrx_word' id='word_1_645' title='bbox 2289 1018 2445 1049; x_wconf 91' lang='lat' dir='ltr'>occidere.</span> 
     </span>
    </p>
   </div>
   <div class='ocr_carea' id='block_1_34' title="bbox 1519 1057 2568 1104">
    <p class='ocr_par' dir='ltr' id='par_1_48' title="bbox 1519 1057 2568 1104">
     <span class='ocr_line' id='line_1_104' title="bbox 1519 1057 2568 1104; baseline 0.007 -17"><span class='ocrx_word' id='word_1_646' title='bbox 1519 1057 1582 1088; x_wconf 80' lang='lat' dir='ltr'>San</span> <span class='ocrx_word' id='word_1_647' title='bbox 1607 1067 1740 1094; x_wconf 80' lang='lat' dir='ltr'>CONTRA,</span> <span class='ocrx_word' id='word_1_648' title='bbox 1756 1060 1790 1090; x_wconf 92' lang='lat' dir='ltr'>in</span> <span class='ocrx_word' id='word_1_649' title='bbox 1805 1059 1908 1090; x_wconf 90' lang='lat' dir='ltr'>littera</span> <span class='ocrx_word' id='word_1_650' title='bbox 1923 1061 1940 1077; x_wconf 71' lang='lat'>⁴*</span> <span class='ocrx_word' id='word_1_651' title='bbox 1964 1060 2079 1091; x_wconf 93' lang='lat' dir='ltr'>dicitur</span> <span class='ocrx_word' id='word_1_652' title='bbox 2095 1061 2184 1101; x_wconf 92' lang='lat' dir='ltr'>quod</span> <span class='ocrx_word' id='word_1_653' title='bbox 2199 1062 2346 1093; x_wconf 84' lang='lat' dir='ltr'>Ecclesia</span> <span class='ocrx_word' id='word_1_654' title='bbox 2360 1063 2433 1099; x_wconf 90' lang='lat' dir='ltr'>Dei,</span> <span class='ocrx_word' id='word_1_655' title='bbox 2450 1073 2533 1104; x_wconf 83' lang='lat' dir='ltr'>quae</span> <span class='ocrx_word' id='word_1_656' title='bbox 2559 1070 2568 1080; x_wconf 91' lang='grc'><em>“</em></span> 
     </span>
    </p>
   </div>
   <div class='ocr_carea' id='block_1_35' title="bbox 1463 1104 2537 2878">
    <p class='ocr_par' dir='ltr' id='par_1_49' title="bbox 1463 1104 2533 1275">
     <span class='ocr_line' id='line_1_105' title="bbox 1465 1104 2531 1148; baseline 0.006 -16"><span class='ocrx_word' id='word_1_657' title='bbox 1465 1111 1630 1142; x_wconf 83' lang='lat' dir='ltr'>nunquam</span> <span class='ocrx_word' id='word_1_658' title='bbox 1658 1104 1897 1145; x_wconf 83' lang='lat' dir='ltr'>constringitur</span> <span class='ocrx_word' id='word_1_659' title='bbox 1926 1105 2051 1146; x_wconf 85' lang='lat' dir='ltr'>legibus</span> <span class='ocrx_word' id='word_1_660' title='bbox 2073 1106 2264 1142; x_wconf 83' lang='lat' dir='ltr'>mundanis,</span> <span class='ocrx_word' id='word_1_661' title='bbox 2287 1107 2436 1148; x_wconf 80' lang='lat' dir='ltr'>gladium</span> <span class='ocrx_word' id='word_1_662' title='bbox 2466 1117 2531 1138; x_wconf 91' lang='lat' dir='ltr'>non</span> 
     </span>
     <span class='ocr_line' id='line_1_106' title="bbox 1463 1147 2533 1191; baseline 0.007 -15"><span class='ocrx_word' id='word_1_663' title='bbox 1463 1147 1558 1177; x_wconf 85' lang='lat' dir='ltr'>habet</span> <span class='ocrx_word' id='word_1_664' title='bbox 1580 1147 1644 1177; x_wconf 87' lang='lat' dir='ltr'>nisi</span> <span class='ocrx_word' id='word_1_665' title='bbox 1658 1148 1869 1188; x_wconf 84' lang='lat' dir='ltr'>spiritualem.</span> <span class='ocrx_word' id='word_1_666' title='bbox 1894 1149 1980 1189; x_wconf 91' lang='lat' dir='ltr'>Ergo</span> <span class='ocrx_word' id='word_1_667' title='bbox 1996 1149 2121 1180; x_wconf 91' lang='lat' dir='ltr'>videtur</span> <span class='ocrx_word' id='word_1_668' title='bbox 2140 1150 2230 1191; x_wconf 92' lang='lat' dir='ltr'>quod</span> <span class='ocrx_word' id='word_1_669' title='bbox 2253 1152 2281 1181; x_wconf 91' lang='lat' dir='ltr'>ei</span> <span class='ocrx_word' id='word_1_670' title='bbox 2302 1152 2358 1191; x_wconf 93' lang='lat' dir='ltr'>qui</span> <span class='ocrx_word' id='word_1_671' title='bbox 2380 1152 2450 1182; x_wconf 89' lang='lat' dir='ltr'>vult</span> <span class='ocrx_word' id='word_1_672' title='bbox 2465 1162 2533 1182; x_wconf 87' lang='lat' dir='ltr'>esse</span> 
     </span>
     <span class='ocr_line' id='line_1_107' title="bbox 1465 1190 2532 1236; baseline 0.007 -16"><span class='ocrx_word' id='word_1_673' title='bbox 1465 1190 1504 1221; x_wconf 93' lang='lat' dir='ltr'>de</span> <span class='ocrx_word' id='word_1_674' title='bbox 1528 1191 1682 1228; x_wconf 84' lang='lat' dir='ltr'>Ecclesia,</span> <span class='ocrx_word' id='word_1_675' title='bbox 1698 1201 1766 1223; x_wconf 90' lang='lat' dir='ltr'>non</span> <span class='ocrx_word' id='word_1_676' title='bbox 1789 1193 1829 1223; x_wconf 90' lang='lat' dir='ltr'>sit</span> <span class='ocrx_word' id='word_1_677' title='bbox 1851 1193 1956 1224; x_wconf 91' lang='lat' dir='ltr'>licitus</span> <span class='ocrx_word' id='word_1_678' title='bbox 1980 1203 2057 1224; x_wconf 91' lang='lat' dir='ltr'>usus</span> <span class='ocrx_word' id='word_1_679' title='bbox 2079 1195 2158 1234; x_wconf 90' lang='lat' dir='ltr'>legis</span> <span class='ocrx_word' id='word_1_680' title='bbox 2181 1195 2265 1226; x_wconf 92' lang='lat' dir='ltr'>illius</span> <span class='ocrx_word' id='word_1_681' title='bbox 2289 1205 2372 1236; x_wconf 93' lang='lat' dir='ltr'>quae</span> <span class='ocrx_word' id='word_1_682' title='bbox 2394 1197 2532 1227; x_wconf 88' lang='lat' dir='ltr'>uxorici-</span> 
     </span>
     <span class='ocr_line' id='line_1_108' title="bbox 1465 1235 1743 1275; baseline 0.007 -10"><span class='ocrx_word' id='word_1_683' title='bbox 1465 1235 1555 1266; x_wconf 85' lang='lat' dir='ltr'>dium</span> <span class='ocrx_word' id='word_1_684' title='bbox 1578 1237 1743 1275; x_wconf 89' lang='lat' dir='ltr'>permittit.</span> 
     </span>
    </p>

    <p class='ocr_par' dir='ltr' id='par_1_50' title="bbox 1464 1280 2533 1409">
     <span class='ocr_line' id='line_1_109' title="bbox 1522 1280 2533 1323; baseline 0.007 -14"><span class='ocrx_word' id='word_1_685' title='bbox 1522 1289 1551 1309; x_wconf 85' lang='lat'>2.</span> <span class='ocrx_word' id='word_1_686' title='bbox 1576 1280 1779 1317; x_wconf 52' lang='lat' dir='ltr'>Palmum,</span> <span class='ocrx_word' id='word_1_687' title='bbox 1803 1282 1851 1311; x_wconf 90' lang='lat' dir='ltr'>vir</span> <span class='ocrx_word' id='word_1_688' title='bbox 1874 1287 1905 1312; x_wconf 89' lang='lat' dir='ltr'>et</span> <span class='ocrx_word' id='word_1_689' title='bbox 1928 1292 2009 1313; x_wconf 89' lang='lat' dir='ltr'>uxor</span> <span class='ocrx_word' id='word_1_690' title='bbox 2032 1282 2072 1313; x_wconf 92' lang='lat' dir='ltr'>ad</span> <span class='ocrx_word' id='word_1_691' title='bbox 2094 1284 2182 1323; x_wconf 88' lang='lat' dir='ltr'>paria</span> <span class='ocrx_word' id='word_1_692' title='bbox 2211 1283 2392 1315; x_wconf 90' lang='lat' dir='ltr'>iudicantur</span> <span class='ocrx_word' id='word_1_693' title='bbox 2407 1285 2434 1315; x_wconf 57' lang='lat'>³.</span> <span class='ocrx_word' id='word_1_694' title='bbox 2469 1285 2533 1316; x_wconf 91' lang='lat' dir='ltr'>Sed</span> 
     </span>
     <span class='ocr_line' id='line_1_110' title="bbox 1464 1324 2532 1369; baseline 0.007 -16"><span class='ocrx_word' id='word_1_695' title='bbox 1464 1324 1559 1354; x_wconf 86' lang='lat' dir='ltr'>uxori</span> <span class='ocrx_word' id='word_1_696' title='bbox 1581 1334 1649 1354; x_wconf 93' lang='lat' dir='ltr'>non</span> <span class='ocrx_word' id='word_1_697' title='bbox 1672 1325 1747 1355; x_wconf 88' lang='lat' dir='ltr'>licet</span> <span class='ocrx_word' id='word_1_698' title='bbox 1775 1325 1954 1357; x_wconf 91' lang='lat' dir='ltr'>interficere</span> <span class='ocrx_word' id='word_1_699' title='bbox 1982 1327 2087 1358; x_wconf 91' lang='lat' dir='ltr'>virum</span> <span class='ocrx_word' id='word_1_700' title='bbox 2109 1328 2144 1358; x_wconf 92' lang='lat' dir='ltr'>in</span> <span class='ocrx_word' id='word_1_701' title='bbox 2167 1327 2323 1359; x_wconf 90' lang='lat' dir='ltr'>adulterio</span> <span class='ocrx_word' id='word_1_702' title='bbox 2356 1328 2532 1369; x_wconf 90' lang='lat' dir='ltr'>deprehen-</span> 
     </span>
     <span class='ocr_line' id='line_1_111' title="bbox 1465 1369 2003 1409; baseline 0.006 -11"><span class='ocrx_word' id='word_1_703' title='bbox 1465 1378 1548 1399; x_wconf 87' lang='lat' dir='ltr'>sum.</span> <span class='ocrx_word' id='word_1_704' title='bbox 1572 1369 1658 1409; x_wconf 87' lang='lat' dir='ltr'>Ergo</span> <span class='ocrx_word' id='word_1_705' title='bbox 1682 1379 1743 1400; x_wconf 92' lang='lat' dir='ltr'>nec</span> <span class='ocrx_word' id='word_1_706' title='bbox 1765 1370 1834 1400; x_wconf 91' lang='lat' dir='ltr'>viro</span> <span class='ocrx_word' id='word_1_707' title='bbox 1857 1380 2003 1401; x_wconf 90' lang='lat' dir='ltr'>uxorem.</span> 
     </span>
    </p>

    <p class='ocr_par' dir='ltr' id='par_1_51' title="bbox 1464 1413 2535 1842">
     <span class='ocr_line' id='line_1_112' title="bbox 1519 1413 2533 1455; baseline 0.006 -12"><span class='ocrx_word' id='word_1_708' title='bbox 1519 1413 1710 1444; x_wconf 65' lang='lat' dir='ltr'>Rasaonnao</span> <span class='ocrx_word' id='word_1_709' title='bbox 1743 1423 1903 1444; x_wconf 73' lang='lat' dir='ltr'>mcanmm</span> <span class='ocrx_word' id='word_1_710' title='bbox 1935 1415 2025 1455; x_wconf 93' lang='lat' dir='ltr'>quod</span> <span class='ocrx_word' id='word_1_711' title='bbox 2054 1417 2159 1447; x_wconf 88' lang='lat' dir='ltr'>virum</span> <span class='ocrx_word' id='word_1_712' title='bbox 2189 1416 2366 1448; x_wconf 85' lang='lat' dir='ltr'>interficere</span> <span class='ocrx_word' id='word_1_713' title='bbox 2397 1428 2533 1448; x_wconf 89' lang='lat' dir='ltr'>uxorem</span> 
     </span>
     <span class='ocr_line' id='line_1_113' title="bbox 1466 1457 2534 1501; baseline 0.005 -14"><span class='ocrx_word' id='word_1_714' title='bbox 1466 1458 1624 1497; x_wconf 89' lang='lat' dir='ltr'>contingit</span> <span class='ocrx_word' id='word_1_715' title='bbox 1647 1457 1825 1498; x_wconf 88' lang='lat' dir='ltr'>dupliciter.</span> <span class='ocrx_word' id='word_1_716' title='bbox 1850 1459 1926 1490; x_wconf 91' lang='lat' dir='ltr'>Uno</span> <span class='ocrx_word' id='word_1_717' title='bbox 1949 1460 2070 1496; x_wconf 93' lang='lat' dir='ltr'>modo,</span> <span class='ocrx_word' id='word_1_718' title='bbox 2096 1470 2154 1501; x_wconf 91' lang='lat' dir='ltr'>per</span> <span class='ocrx_word' id='word_1_719' title='bbox 2176 1461 2332 1492; x_wconf 91' lang='lat' dir='ltr'>iudicium</span> <span class='ocrx_word' id='word_1_720' title='bbox 2356 1462 2458 1492; x_wconf 88' lang='lat' dir='ltr'>civile.</span> <span class='ocrx_word' id='word_1_721' title='bbox 2493 1463 2534 1492; x_wconf 91' lang='lat' dir='ltr'>Et</span> 
     </span>
     <span class='ocr_line' id='line_1_114' title="bbox 1465 1501 2532 1545; baseline 0.006 -14"><span class='ocrx_word' id='word_1_722' title='bbox 1465 1501 1511 1531; x_wconf 89' lang='lat' dir='ltr'>sic</span> <span class='ocrx_word' id='word_1_723' title='bbox 1533 1511 1602 1531; x_wconf 91' lang='lat' dir='ltr'>non</span> <span class='ocrx_word' id='word_1_724' title='bbox 1630 1507 1677 1532; x_wconf 89' lang='lat' dir='ltr'>est</span> <span class='ocrx_word' id='word_1_725' title='bbox 1700 1502 1835 1533; x_wconf 87' lang='lat' dir='ltr'>dubium</span> <span class='ocrx_word' id='word_1_726' title='bbox 1866 1503 1956 1543; x_wconf 93' lang='lat' dir='ltr'>quod</span> <span class='ocrx_word' id='word_1_727' title='bbox 1979 1505 2047 1535; x_wconf 88' lang='lat' dir='ltr'>sine</span> <span class='ocrx_word' id='word_1_728' title='bbox 2078 1510 2212 1545; x_wconf 89' lang='lat' dir='ltr'>peccato</span> <span class='ocrx_word' id='word_1_729' title='bbox 2242 1511 2350 1545; x_wconf 89' lang='lat' dir='ltr'>potest</span> <span class='ocrx_word' id='word_1_730' title='bbox 2372 1507 2438 1543; x_wconf 92' lang='lat' dir='ltr'>vir,</span> <span class='ocrx_word' id='word_1_731' title='bbox 2462 1507 2532 1537; x_wconf 92' lang='lat' dir='ltr'>zelo</span> 
     </span>
     <span class='ocr_line' id='line_1_115' title="bbox 1465 1546 2533 1586; baseline 0.006 -11"><span class='ocrx_word' id='word_1_732' title='bbox 1465 1546 1614 1582; x_wconf 81' lang='lat' dir='ltr'>iustitiae,</span> <span class='ocrx_word' id='word_1_733' title='bbox 1630 1556 1699 1576; x_wconf 90' lang='lat' dir='ltr'>non</span> <span class='ocrx_word' id='word_1_734' title='bbox 1714 1546 1815 1577; x_wconf 91' lang='lat' dir='ltr'>livore</span> <span class='ocrx_word' id='word_1_735' title='bbox 1830 1547 1990 1578; x_wconf 90' lang='lat' dir='ltr'>vindictae</span> <span class='ocrx_word' id='word_1_736' title='bbox 2005 1554 2060 1579; x_wconf 92' lang='lat' dir='ltr'>aut</span> <span class='ocrx_word' id='word_1_737' title='bbox 2076 1549 2143 1579; x_wconf 93' lang='lat' dir='ltr'>odii</span> <span class='ocrx_word' id='word_1_738' title='bbox 2158 1555 2277 1586; x_wconf 89' lang='lat' dir='ltr'>motus,</span> <span class='ocrx_word' id='word_1_739' title='bbox 2294 1560 2428 1581; x_wconf 91' lang='lat' dir='ltr'>uxorem</span> <span class='ocrx_word' id='word_1_740' title='bbox 2445 1551 2533 1581; x_wconf 92' lang='lat' dir='ltr'>adul-</span> 
     </span>
     <span class='ocr_line' id='line_1_116' title="bbox 1464 1590 2534 1625; baseline 0.006 -6"><span class='ocrx_word' id='word_1_741' title='bbox 1464 1594 1566 1620; x_wconf 88' lang='lat' dir='ltr'>teram</span> <span class='ocrx_word' id='word_1_742' title='bbox 1589 1591 1623 1620; x_wconf 90' lang='lat' dir='ltr'>in</span> <span class='ocrx_word' id='word_1_743' title='bbox 1645 1590 1766 1621; x_wconf 92' lang='lat' dir='ltr'>iudicio</span> <span class='ocrx_word' id='word_1_744' title='bbox 1790 1592 1944 1622; x_wconf 91' lang='lat' dir='ltr'>saeculari</span> <span class='ocrx_word' id='word_1_745' title='bbox 1977 1602 2125 1623; x_wconf 90' lang='lat' dir='ltr'>accusare</span> <span class='ocrx_word' id='word_1_746' title='bbox 2150 1594 2354 1624; x_wconf 78' lang='lat' dir='ltr'>criminaliter</span> <span class='ocrx_word' id='word_1_747' title='bbox 2381 1594 2421 1625; x_wconf 91' lang='lat' dir='ltr'>de</span> <span class='ocrx_word' id='word_1_748' title='bbox 2444 1595 2534 1625; x_wconf 92' lang='lat' dir='ltr'>adul-</span> 
     </span>
     <span class='ocr_line' id='line_1_117' title="bbox 1465 1634 2534 1677; baseline 0.005 -13"><span class='ocrx_word' id='word_1_749' title='bbox 1465 1634 1557 1670; x_wconf 90' lang='lat' dir='ltr'>terio,</span> <span class='ocrx_word' id='word_1_750' title='bbox 1575 1639 1606 1664; x_wconf 92' lang='lat' dir='ltr'>et</span> <span class='ocrx_word' id='word_1_751' title='bbox 1620 1644 1762 1674; x_wconf 90' lang='lat' dir='ltr'>poenam</span> <span class='ocrx_word' id='word_1_752' title='bbox 1777 1637 1889 1666; x_wconf 91' lang='lat' dir='ltr'>mortis</span> <span class='ocrx_word' id='word_1_753' title='bbox 1905 1646 1923 1666; x_wconf 93' lang='lat' dir='ltr'>a</span> <span class='ocrx_word' id='word_1_754' title='bbox 1939 1636 2009 1676; x_wconf 89' lang='lat' dir='ltr'>lege</span> <span class='ocrx_word' id='word_1_755' title='bbox 2028 1642 2177 1668; x_wconf 87' lang='lat' dir='ltr'>statutam</span> <span class='ocrx_word' id='word_1_756' title='bbox 2193 1643 2317 1677; x_wconf 88' lang='lat' dir='ltr'>petere:</span> <span class='ocrx_word' id='word_1_757' title='bbox 2341 1639 2424 1669; x_wconf 89' lang='lat' dir='ltr'>sicut</span> <span class='ocrx_word' id='word_1_758' title='bbox 2439 1640 2534 1669; x_wconf 83' lang='lat' dir='ltr'>etiam</span> 
     </span>
     <span class='ocr_line' id='line_1_118' title="bbox 1465 1678 2533 1718; baseline 0.005 -10"><span class='ocrx_word' id='word_1_759' title='bbox 1465 1678 1540 1708; x_wconf 92' lang='lat' dir='ltr'>licet</span> <span class='ocrx_word' id='word_1_760' title='bbox 1563 1679 1705 1718; x_wconf 89' lang='lat' dir='ltr'>aliquem</span> <span class='ocrx_word' id='word_1_761' title='bbox 1728 1689 1876 1710; x_wconf 90' lang='lat' dir='ltr'>accusare</span> <span class='ocrx_word' id='word_1_762' title='bbox 1900 1679 1940 1710; x_wconf 94' lang='lat' dir='ltr'>de</span> <span class='ocrx_word' id='word_1_763' title='bbox 1962 1681 2140 1712; x_wconf 93' lang='lat' dir='ltr'>homicidio</span> <span class='ocrx_word' id='word_1_764' title='bbox 2163 1687 2218 1712; x_wconf 91' lang='lat' dir='ltr'>aut</span> <span class='ocrx_word' id='word_1_765' title='bbox 2242 1682 2281 1712; x_wconf 92' lang='lat' dir='ltr'>de</span> <span class='ocrx_word' id='word_1_766' title='bbox 2305 1682 2367 1713; x_wconf 90' lang='lat' dir='ltr'>alio</span> <span class='ocrx_word' id='word_1_767' title='bbox 2392 1684 2533 1713; x_wconf 86' lang='lat' dir='ltr'>crimine.</span> 
     </span>
     <span class='ocr_line' id='line_1_119' title="bbox 1465 1722 2535 1764; baseline 0.006 -13"><span class='ocrx_word' id='word_1_768' title='bbox 1465 1722 1542 1752; x_wconf 91' lang='lat' dir='ltr'>Non</span> <span class='ocrx_word' id='word_1_769' title='bbox 1565 1728 1673 1753; x_wconf 88' lang='lat' dir='ltr'>tamen</span> <span class='ocrx_word' id='word_1_770' title='bbox 1689 1723 1759 1753; x_wconf 90' lang='lat' dir='ltr'>talis</span> <span class='ocrx_word' id='word_1_771' title='bbox 1783 1724 1944 1754; x_wconf 87' lang='lat' dir='ltr'>accusatio</span> <span class='ocrx_word' id='word_1_772' title='bbox 1965 1730 2072 1764; x_wconf 90' lang='lat' dir='ltr'>potest</span> <span class='ocrx_word' id='word_1_773' title='bbox 2094 1725 2163 1755; x_wconf 91' lang='lat' dir='ltr'>fieri</span> <span class='ocrx_word' id='word_1_774' title='bbox 2186 1726 2219 1756; x_wconf 91' lang='lat' dir='ltr'>in</span> <span class='ocrx_word' id='word_1_775' title='bbox 2242 1725 2363 1757; x_wconf 82' lang='lat' dir='ltr'>iudicio</span> <span class='ocrx_word' id='word_1_776' title='bbox 2387 1727 2535 1757; x_wconf 90' lang='lat' dir='ltr'>ecclesia-</span> 
     </span>
     <span class='ocr_line' id='line_1_120' title="bbox 1465 1767 2535 1810; baseline 0.005 -14"><span class='ocrx_word' id='word_1_777' title='bbox 1465 1767 1564 1796; x_wconf 88' lang='lat' dir='ltr'>stico:</span> <span class='ocrx_word' id='word_1_778' title='bbox 1589 1767 1665 1807; x_wconf 87' lang='lat' dir='ltr'>quia</span> <span class='ocrx_word' id='word_1_779' title='bbox 1688 1767 1831 1798; x_wconf 89' lang='lat' dir='ltr'>Ecclesia</span> <span class='ocrx_word' id='word_1_780' title='bbox 1854 1777 1922 1798; x_wconf 91' lang='lat' dir='ltr'>non</span> <span class='ocrx_word' id='word_1_781' title='bbox 1945 1769 2042 1799; x_wconf 91' lang='lat' dir='ltr'>habet</span> <span class='ocrx_word' id='word_1_782' title='bbox 2063 1769 2206 1810; x_wconf 83' lang='lat' dir='ltr'>gladium</span> <span class='ocrx_word' id='word_1_783' title='bbox 2228 1770 2434 1807; x_wconf 87' lang='lat' dir='ltr'>materialem,</span> <span class='ocrx_word' id='word_1_784' title='bbox 2450 1777 2487 1801; x_wconf 89' lang='lat' dir='ltr'>ut</span> <span class='ocrx_word' id='word_1_785' title='bbox 2501 1772 2535 1801; x_wconf 88' lang='lat' dir='ltr'>in</span> 
     </span>
     <span class='ocr_line' id='line_1_121' title="bbox 1465 1811 1748 1842; baseline 0.004 -1"><span class='ocrx_word' id='word_1_786' title='bbox 1465 1811 1568 1841; x_wconf 92' lang='lat' dir='ltr'>littera</span> <span class='ocrx_word' id='word_1_787' title='bbox 1583 1812 1600 1828; x_wconf 71' lang='lat'>⁴*</span> <span class='ocrx_word' id='word_1_788' title='bbox 1623 1811 1748 1842; x_wconf 92' lang='lat' dir='ltr'>dicitur.</span> 
     </span>
    </p>

    <p class='ocr_par' dir='ltr' id='par_1_52' title="bbox 1465 1855 2537 2433">
     <span class='ocr_line' id='line_1_122' title="bbox 1521 1855 2535 1897; baseline 0.006 -12"><span class='ocrx_word' id='word_1_789' title='bbox 1521 1855 1596 1886; x_wconf 90' lang='lat' dir='ltr'>Alio</span> <span class='ocrx_word' id='word_1_790' title='bbox 1612 1855 1712 1886; x_wconf 91' lang='lat' dir='ltr'>modo</span> <span class='ocrx_word' id='word_1_791' title='bbox 1728 1861 1835 1896; x_wconf 88' lang='lat' dir='ltr'>potest</span> <span class='ocrx_word' id='word_1_792' title='bbox 1850 1865 1922 1887; x_wconf 91' lang='lat' dir='ltr'>eam</span> <span class='ocrx_word' id='word_1_793' title='bbox 1934 1866 1991 1896; x_wconf 91' lang='lat' dir='ltr'>per</span> <span class='ocrx_word' id='word_1_794' title='bbox 2006 1857 2148 1897; x_wconf 90' lang='lat' dir='ltr'>seipsum</span> <span class='ocrx_word' id='word_1_795' title='bbox 2160 1858 2316 1896; x_wconf 89' lang='lat' dir='ltr'>occidere,</span> <span class='ocrx_word' id='word_1_796' title='bbox 2329 1869 2397 1890; x_wconf 91' lang='lat' dir='ltr'>non</span> <span class='ocrx_word' id='word_1_797' title='bbox 2409 1860 2442 1890; x_wconf 93' lang='lat' dir='ltr'>in</span> <span class='ocrx_word' id='word_1_798' title='bbox 2454 1859 2535 1890; x_wconf 91' lang='lat' dir='ltr'>iudi-</span> 
     </span>
     <span class='ocr_line' id='line_1_123' title="bbox 1467 1900 2535 1940; baseline 0.006 -11"><span class='ocrx_word' id='word_1_799' title='bbox 1467 1900 1518 1930; x_wconf 87' lang='lat' dir='ltr'>cio</span> <span class='ocrx_word' id='word_1_800' title='bbox 1535 1900 1726 1930; x_wconf 89' lang='lat' dir='ltr'>convictam.</span> <span class='ocrx_word' id='word_1_801' title='bbox 1747 1900 1788 1930; x_wconf 93' lang='lat' dir='ltr'>Et</span> <span class='ocrx_word' id='word_1_802' title='bbox 1804 1901 1849 1931; x_wconf 92' lang='lat' dir='ltr'>sic</span> <span class='ocrx_word' id='word_1_803' title='bbox 1866 1906 1951 1931; x_wconf 84' lang='lat' dir='ltr'>extra</span> <span class='ocrx_word' id='word_1_804' title='bbox 1967 1906 2074 1932; x_wconf 92' lang='lat' dir='ltr'>actum</span> <span class='ocrx_word' id='word_1_805' title='bbox 2100 1902 2244 1933; x_wconf 90' lang='lat' dir='ltr'>adulterii</span> <span class='ocrx_word' id='word_1_806' title='bbox 2261 1912 2333 1934; x_wconf 92' lang='lat' dir='ltr'>eam</span> <span class='ocrx_word' id='word_1_807' title='bbox 2347 1903 2535 1940; x_wconf 88' lang='lat' dir='ltr'>interficere,</span> 
     </span>
     <span class='ocr_line' id='line_1_124' title="bbox 1467 1945 2536 1988; baseline 0.006 -14"><span class='ocrx_word' id='word_1_808' title='bbox 1467 1950 1770 1985; x_wconf 89' lang='lat' dir='ltr'>quantumcumque</span> <span class='ocrx_word' id='word_1_809' title='bbox 1800 1945 1878 1975; x_wconf 92' lang='lat' dir='ltr'>sciat</span> <span class='ocrx_word' id='word_1_810' title='bbox 1900 1955 1971 1976; x_wconf 90' lang='lat' dir='ltr'>eam</span> <span class='ocrx_word' id='word_1_811' title='bbox 1998 1945 2191 1983; x_wconf 88' lang='lat' dir='ltr'>adulteram,</span> <span class='ocrx_word' id='word_1_812' title='bbox 2221 1957 2328 1988; x_wconf 90' lang='lat' dir='ltr'>neque</span> <span class='ocrx_word' id='word_1_813' title='bbox 2357 1948 2536 1979; x_wconf 89' lang='lat' dir='ltr'>secundum</span> 
     </span>
     <span class='ocr_line' id='line_1_125' title="bbox 1466 1989 2537 2031; baseline 0.005 -12"><span class='ocrx_word' id='word_1_814' title='bbox 1466 1989 1552 2028; x_wconf 88' lang='lat' dir='ltr'>leges</span> <span class='ocrx_word' id='word_1_815' title='bbox 1576 1989 1683 2020; x_wconf 91' lang='lat' dir='ltr'>civiles</span> <span class='ocrx_word' id='word_1_816' title='bbox 1706 1999 1814 2029; x_wconf 91' lang='lat' dir='ltr'>neque</span> <span class='ocrx_word' id='word_1_817' title='bbox 1837 1989 2017 2021; x_wconf 91' lang='lat' dir='ltr'>secundum</span> <span class='ocrx_word' id='word_1_818' title='bbox 2039 1990 2143 2031; x_wconf 86' lang='lat' dir='ltr'>legem</span> <span class='ocrx_word' id='word_1_819' title='bbox 2172 1993 2385 2023; x_wconf 90' lang='lat' dir='ltr'>conscientiae</span> <span class='ocrx_word' id='word_1_820' title='bbox 2408 1993 2491 2024; x_wconf 90' lang='lat' dir='ltr'>licet.</span> <span class='ocrx_word' id='word_1_821' title='bbox 2513 2011 2537 2015; x_wconf 92' lang='lat'><strong>—</strong></span> 
     </span>
     <span class='ocr_line' id='line_1_126' title="bbox 1467 2033 2536 2077; baseline 0.005 -14"><span class='ocrx_word' id='word_1_822' title='bbox 1467 2033 1530 2064; x_wconf 92' lang='lat' dir='ltr'>Sed</span> <span class='ocrx_word' id='word_1_823' title='bbox 1553 2034 1604 2064; x_wconf 86' lang='lat' dir='ltr'>lex</span> <span class='ocrx_word' id='word_1_824' title='bbox 1625 2033 1725 2064; x_wconf 92' lang='lat' dir='ltr'>civilis</span> <span class='ocrx_word' id='word_1_825' title='bbox 1749 2034 1842 2074; x_wconf 45' lang='lat' dir='ltr'>quasi,</span> <span class='ocrx_word' id='word_1_826' title='bbox 1865 2034 1989 2065; x_wconf 91' lang='lat' dir='ltr'>licitum</span> <span class='ocrx_word' id='word_1_827' title='bbox 2013 2041 2180 2076; x_wconf 91' lang='lat' dir='ltr'>computat</span> <span class='ocrx_word' id='word_1_828' title='bbox 2199 2036 2289 2076; x_wconf 89' lang='lat' dir='ltr'>quod</span> <span class='ocrx_word' id='word_1_829' title='bbox 2311 2037 2345 2067; x_wconf 91' lang='lat' dir='ltr'>in</span> <span class='ocrx_word' id='word_1_830' title='bbox 2368 2038 2439 2077; x_wconf 90' lang='lat' dir='ltr'>ipso</span> <span class='ocrx_word' id='word_1_831' title='bbox 2463 2043 2536 2068; x_wconf 87' lang='lat' dir='ltr'>actu</span> 
     </span>
     <span class='ocr_line' id='line_1_127' title="bbox 1467 2077 2536 2122; baseline 0.005 -14"><span class='ocrx_word' id='word_1_832' title='bbox 1467 2087 1539 2108; x_wconf 89' lang='lat' dir='ltr'>eam</span> <span class='ocrx_word' id='word_1_833' title='bbox 1556 2077 1726 2109; x_wconf 91' lang='lat' dir='ltr'>interficiat</span> <span class='ocrx_word' id='word_1_834' title='bbox 1740 2079 1767 2115; x_wconf 67' lang='lat'>⁴²,</span> <span class='ocrx_word' id='word_1_835' title='bbox 1783 2088 1852 2109; x_wconf 93' lang='lat' dir='ltr'>non</span> <span class='ocrx_word' id='word_1_836' title='bbox 1876 2080 1968 2119; x_wconf 91' lang='lat' dir='ltr'>quasi</span> <span class='ocrx_word' id='word_1_837' title='bbox 1990 2081 2199 2121; x_wconf 91' lang='lat' dir='ltr'>praecipiens,</span> <span class='ocrx_word' id='word_1_838' title='bbox 2216 2081 2271 2111; x_wconf 89' lang='lat' dir='ltr'>sed</span> <span class='ocrx_word' id='word_1_839' title='bbox 2287 2082 2378 2122; x_wconf 89' lang='lat' dir='ltr'>quasi</span> <span class='ocrx_word' id='word_1_840' title='bbox 2396 2091 2536 2122; x_wconf 90' lang='lat' dir='ltr'>poenam</span> 
     </span>
     <span class='ocr_line' id='line_1_128' title="bbox 1465 2122 2536 2164; baseline 0.004 -11"><span class='ocrx_word' id='word_1_841' title='bbox 1465 2122 1633 2153; x_wconf 91' lang='lat' dir='ltr'>homicidii</span> <span class='ocrx_word' id='word_1_842' title='bbox 1655 2132 1724 2153; x_wconf 91' lang='lat' dir='ltr'>non</span> <span class='ocrx_word' id='word_1_843' title='bbox 1750 2122 1908 2163; x_wconf 73' lang='lat' dir='ltr'>infligens,</span> <span class='ocrx_word' id='word_1_844' title='bbox 1927 2129 2060 2164; x_wconf 90' lang='lat' dir='ltr'>propter</span> <span class='ocrx_word' id='word_1_845' title='bbox 2087 2126 2263 2155; x_wconf 81' lang='lat' dir='ltr'>maximum</span> <span class='ocrx_word' id='word_1_846' title='bbox 2292 2126 2536 2157; x_wconf 86' lang='lat' dir='ltr'>incitamentum</span> 
     </span>
     <span class='ocr_line' id='line_1_129' title="bbox 1467 2167 2537 2207; baseline 0.004 -10"><span class='ocrx_word' id='word_1_847' title='bbox 1467 2167 1557 2207; x_wconf 93' lang='lat' dir='ltr'>quod</span> <span class='ocrx_word' id='word_1_848' title='bbox 1586 2167 1682 2198; x_wconf 90' lang='lat' dir='ltr'>habet</span> <span class='ocrx_word' id='word_1_849' title='bbox 1711 2167 1758 2198; x_wconf 90' lang='lat' dir='ltr'>vir</span> <span class='ocrx_word' id='word_1_850' title='bbox 1789 2168 1823 2198; x_wconf 88' lang='lat' dir='ltr'>in</span> <span class='ocrx_word' id='word_1_851' title='bbox 1846 2168 1902 2198; x_wconf 93' lang='lat' dir='ltr'>tali</span> <span class='ocrx_word' id='word_1_852' title='bbox 1924 2168 2010 2199; x_wconf 85' lang='lat' dir='ltr'>facto</span> <span class='ocrx_word' id='word_1_853' title='bbox 2034 2168 2073 2199; x_wconf 94' lang='lat' dir='ltr'>ad</span> <span class='ocrx_word' id='word_1_854' title='bbox 2097 2170 2294 2200; x_wconf 91' lang='lat' dir='ltr'>occisionem</span> <span class='ocrx_word' id='word_1_855' title='bbox 2321 2171 2438 2201; x_wconf 89' lang='lat' dir='ltr'>uxoris.</span> <span class='ocrx_word' id='word_1_856' title='bbox 2474 2170 2537 2201; x_wconf 87' lang='lat' dir='ltr'>Sed</span> 
     </span>
     <span class='ocr_line' id='line_1_130' title="bbox 1466 2212 2536 2254; baseline 0.004 -12"><span class='ocrx_word' id='word_1_857' title='bbox 1466 2212 1610 2242; x_wconf 89' lang='lat' dir='ltr'>Ecclesia</span> <span class='ocrx_word' id='word_1_858' title='bbox 1624 2212 1658 2242; x_wconf 92' lang='lat' dir='ltr'>in</span> <span class='ocrx_word' id='word_1_859' title='bbox 1681 2212 1745 2242; x_wconf 91' lang='lat' dir='ltr'>hoc</span> <span class='ocrx_word' id='word_1_860' title='bbox 1759 2221 1828 2242; x_wconf 90' lang='lat' dir='ltr'>non</span> <span class='ocrx_word' id='word_1_861' title='bbox 1851 2218 1898 2243; x_wconf 89' lang='lat' dir='ltr'>est</span> <span class='ocrx_word' id='word_1_862' title='bbox 1913 2212 2060 2243; x_wconf 90' lang='lat' dir='ltr'>adstricta</span> <span class='ocrx_word' id='word_1_863' title='bbox 2082 2214 2205 2254; x_wconf 88' lang='lat' dir='ltr'>legibus</span> <span class='ocrx_word' id='word_1_864' title='bbox 2220 2215 2378 2252; x_wconf 90' lang='lat' dir='ltr'>humanis,</span> <span class='ocrx_word' id='word_1_865' title='bbox 2394 2221 2431 2246; x_wconf 91' lang='lat' dir='ltr'>ut</span> <span class='ocrx_word' id='word_1_866' title='bbox 2453 2215 2536 2246; x_wconf 91' lang='lat' dir='ltr'>iudi-</span> 
     </span>
     <span class='ocr_line' id='line_1_131' title="bbox 1467 2257 2535 2299; baseline 0.004 -13"><span class='ocrx_word' id='word_1_867' title='bbox 1467 2262 1518 2287; x_wconf 89' lang='lat' dir='ltr'>cet</span> <span class='ocrx_word' id='word_1_868' title='bbox 1537 2266 1612 2287; x_wconf 92' lang='lat' dir='ltr'>eum</span> <span class='ocrx_word' id='word_1_869' title='bbox 1636 2257 1704 2287; x_wconf 90' lang='lat' dir='ltr'>sine</span> <span class='ocrx_word' id='word_1_870' title='bbox 1727 2261 1817 2287; x_wconf 90' lang='lat' dir='ltr'>reatu</span> <span class='ocrx_word' id='word_1_871' title='bbox 1840 2266 1966 2297; x_wconf 91' lang='lat' dir='ltr'>poenae</span> <span class='ocrx_word' id='word_1_872' title='bbox 1990 2263 2146 2295; x_wconf 88' lang='lat' dir='ltr'>aeternae,</span> <span class='ocrx_word' id='word_1_873' title='bbox 2166 2259 2217 2289; x_wconf 91' lang='lat' dir='ltr'>vel</span> <span class='ocrx_word' id='word_1_874' title='bbox 2240 2269 2366 2299; x_wconf 90' lang='lat' dir='ltr'>poenae</span> <span class='ocrx_word' id='word_1_875' title='bbox 2389 2260 2535 2290; x_wconf 89' lang='lat' dir='ltr'>ecclesia-</span> 
     </span>
     <span class='ocr_line' id='line_1_132' title="bbox 1467 2300 2536 2344; baseline 0.004 -13"><span class='ocrx_word' id='word_1_876' title='bbox 1467 2301 1547 2331; x_wconf 83' lang='lat' dir='ltr'>stico</span> <span class='ocrx_word' id='word_1_877' title='bbox 1571 2301 1692 2331; x_wconf 90' lang='lat' dir='ltr'>iudicio</span> <span class='ocrx_word' id='word_1_878' title='bbox 1711 2300 1914 2341; x_wconf 88' lang='lat' dir='ltr'>infligendae,</span> <span class='ocrx_word' id='word_1_879' title='bbox 1931 2311 1969 2332; x_wconf 89' lang='lat' dir='ltr'>ex</span> <span class='ocrx_word' id='word_1_880' title='bbox 1992 2302 2056 2333; x_wconf 84' lang='lat' dir='ltr'>hoc</span> <span class='ocrx_word' id='word_1_881' title='bbox 2080 2303 2170 2343; x_wconf 93' lang='lat' dir='ltr'>quod</span> <span class='ocrx_word' id='word_1_882' title='bbox 2186 2309 2232 2334; x_wconf 90' lang='lat' dir='ltr'>est</span> <span class='ocrx_word' id='word_1_883' title='bbox 2255 2304 2322 2334; x_wconf 90' lang='lat' dir='ltr'>sine</span> <span class='ocrx_word' id='word_1_884' title='bbox 2346 2310 2434 2334; x_wconf 91' lang='lat' dir='ltr'>reatu</span> <span class='ocrx_word' id='word_1_885' title='bbox 2457 2314 2536 2344; x_wconf 88' lang='lat' dir='ltr'>poe—</span> 
     </span>
     <span class='ocr_line' id='line_1_133' title="bbox 1466 2345 2535 2386; baseline 0.004 -11"><span class='ocrx_word' id='word_1_886' title='bbox 1466 2355 1527 2376; x_wconf 91' lang='lat' dir='ltr'>nae</span> <span class='ocrx_word' id='word_1_887' title='bbox 1557 2345 1749 2386; x_wconf 88' lang='lat' dir='ltr'>infligendae</span> <span class='ocrx_word' id='word_1_888' title='bbox 1772 2355 1830 2386; x_wconf 92' lang='lat' dir='ltr'>per</span> <span class='ocrx_word' id='word_1_889' title='bbox 1859 2346 2016 2377; x_wconf 91' lang='lat' dir='ltr'>iudicium</span> <span class='ocrx_word' id='word_1_890' title='bbox 2039 2348 2191 2378; x_wconf 90' lang='lat' dir='ltr'>seculare.</span> <span class='ocrx_word' id='word_1_891' title='bbox 2222 2348 2262 2378; x_wconf 92' lang='lat' dir='ltr'>Et</span> <span class='ocrx_word' id='word_1_892' title='bbox 2285 2347 2358 2379; x_wconf 91' lang='lat' dir='ltr'>ideo</span> <span class='ocrx_word' id='word_1_893' title='bbox 2389 2349 2422 2379; x_wconf 91' lang='lat' dir='ltr'>in</span> <span class='ocrx_word' id='word_1_894' title='bbox 2444 2349 2535 2379; x_wconf 93' lang='lat' dir='ltr'>nullo</span> 
     </span>
     <span class='ocr_line' id='line_1_134' title="bbox 1467 2389 2435 2433; baseline 0.003 -13"><span class='ocrx_word' id='word_1_895' title='bbox 1467 2399 1544 2421; x_wconf 92' lang='lat' dir='ltr'>casu</span> <span class='ocrx_word' id='word_1_896' title='bbox 1566 2390 1642 2421; x_wconf 90' lang='lat' dir='ltr'>licet</span> <span class='ocrx_word' id='word_1_897' title='bbox 1663 2390 1733 2433; x_wconf 88' lang='lat' dir='ltr'>viro</span> <span class='ocrx_word' id='word_1_898' title='bbox 1757 2389 1904 2421; x_wconf 87' lang='lat' dir='ltr'>occidere</span> <span class='ocrx_word' id='word_1_899' title='bbox 1928 2401 2064 2422; x_wconf 86' lang='lat' dir='ltr'>uxorem</span> <span class='ocrx_word' id='word_1_900' title='bbox 2086 2393 2216 2432; x_wconf 89' lang='lat' dir='ltr'>propria</span> <span class='ocrx_word' id='word_1_901' title='bbox 2239 2393 2435 2423; x_wconf 90' lang='lat' dir='ltr'>auctoritate.</span> 
     </span>
    </p>

    <p class='ocr_par' dir='ltr' id='par_1_53' title="bbox 1466 2435 2536 2644">
     <span class='ocr_line' id='line_1_135' title="bbox 1521 2435 2536 2478; baseline 0.004 -14"><span class='ocrx_word' id='word_1_902' title='bbox 1521 2435 1573 2465; x_wconf 86' lang='lat' dir='ltr'>Ar&gt;</span> <span class='ocrx_word' id='word_1_903' title='bbox 1597 2444 1715 2465; x_wconf 68' lang='lat' dir='ltr'>panum</span> <span class='ocrx_word' id='word_1_904' title='bbox 1730 2444 1814 2465; x_wconf 77' lang='lat' dir='ltr'>ERGO</span> <span class='ocrx_word' id='word_1_905' title='bbox 1837 2445 1998 2466; x_wconf 70' lang='lat' dir='ltr'>mcanmm</span> <span class='ocrx_word' id='word_1_906' title='bbox 2014 2436 2104 2476; x_wconf 92' lang='lat' dir='ltr'>quod</span> <span class='ocrx_word' id='word_1_907' title='bbox 2126 2446 2266 2477; x_wconf 89' lang='lat' dir='ltr'>poenam</span> <span class='ocrx_word' id='word_1_908' title='bbox 2286 2437 2373 2467; x_wconf 90' lang='lat' dir='ltr'>illam</span> <span class='ocrx_word' id='word_1_909' title='bbox 2390 2437 2536 2478; x_wconf 84' lang='lat' dir='ltr'>infligen-</span> 
     </span>
     <span class='ocr_line' id='line_1_136' title="bbox 1467 2479 2536 2522; baseline 0.003 -13"><span class='ocrx_word' id='word_1_910' title='bbox 1467 2479 1542 2510; x_wconf 87' lang='lat' dir='ltr'>dam</span> <span class='ocrx_word' id='word_1_911' title='bbox 1565 2479 1615 2510; x_wconf 85' lang='lat' dir='ltr'>lex</span> <span class='ocrx_word' id='word_1_912' title='bbox 1638 2488 1707 2509; x_wconf 90' lang='lat' dir='ltr'>non</span> <span class='ocrx_word' id='word_1_913' title='bbox 1731 2480 1893 2510; x_wconf 91' lang='lat' dir='ltr'>commisit</span> <span class='ocrx_word' id='word_1_914' title='bbox 1907 2481 2053 2520; x_wconf 89' lang='lat' dir='ltr'>personis</span> <span class='ocrx_word' id='word_1_915' title='bbox 2075 2482 2214 2521; x_wconf 87' lang='lat' dir='ltr'>privatis,</span> <span class='ocrx_word' id='word_1_916' title='bbox 2231 2481 2286 2512; x_wconf 91' lang='lat' dir='ltr'>sed</span> <span class='ocrx_word' id='word_1_917' title='bbox 2308 2482 2453 2522; x_wconf 89' lang='lat' dir='ltr'>personis</span> <span class='ocrx_word' id='word_1_918' title='bbox 2476 2491 2536 2522; x_wconf 93' lang='lat' dir='ltr'>pu-</span> 
     </span>
     <span class='ocr_line' id='line_1_137' title="bbox 1469 2523 2536 2566; baseline 0.002 -12"><span class='ocrx_word' id='word_1_919' title='bbox 1469 2524 1568 2560; x_wconf 82' lang='lat' dir='ltr'>blicis,</span> <span class='ocrx_word' id='word_1_920' title='bbox 1585 2533 1668 2564; x_wconf 94' lang='lat' dir='ltr'>quae</span> <span class='ocrx_word' id='word_1_921' title='bbox 1684 2524 1803 2554; x_wconf 90' lang='lat' dir='ltr'>habent</span> <span class='ocrx_word' id='word_1_922' title='bbox 1817 2523 1962 2555; x_wconf 88' lang='lat' dir='ltr'>officium</span> <span class='ocrx_word' id='word_1_923' title='bbox 1986 2524 2026 2555; x_wconf 84' lang='lat' dir='ltr'>ad</span> <span class='ocrx_word' id='word_1_924' title='bbox 2047 2525 2112 2556; x_wconf 91' lang='lat' dir='ltr'>hoc</span> <span class='ocrx_word' id='word_1_925' title='bbox 2127 2525 2325 2566; x_wconf 90' lang='lat' dir='ltr'>deputatum.</span> <span class='ocrx_word' id='word_1_926' title='bbox 2349 2526 2406 2556; x_wconf 91' lang='lat' dir='ltr'>Vir</span> <span class='ocrx_word' id='word_1_927' title='bbox 2429 2531 2536 2556; x_wconf 90' lang='lat' dir='ltr'>autem</span> 
     </span>
     <span class='ocr_line' id='line_1_138' title="bbox 1466 2568 2535 2611; baseline 0.002 -12"><span class='ocrx_word' id='word_1_928' title='bbox 1466 2578 1536 2599; x_wconf 91' lang='lat' dir='ltr'>non</span> <span class='ocrx_word' id='word_1_929' title='bbox 1559 2574 1607 2599; x_wconf 90' lang='lat' dir='ltr'>est</span> <span class='ocrx_word' id='word_1_930' title='bbox 1624 2568 1721 2599; x_wconf 84' lang='lat' dir='ltr'>iudex</span> <span class='ocrx_word' id='word_1_931' title='bbox 1744 2569 1862 2599; x_wconf 89' lang='lat' dir='ltr'>uxoris.</span> <span class='ocrx_word' id='word_1_932' title='bbox 1887 2569 1929 2599; x_wconf 94' lang='lat' dir='ltr'>Et</span> <span class='ocrx_word' id='word_1_933' title='bbox 1943 2568 2018 2600; x_wconf 91' lang='lat' dir='ltr'>ideo</span> <span class='ocrx_word' id='word_1_934' title='bbox 2041 2579 2110 2601; x_wconf 93' lang='lat' dir='ltr'>non</span> <span class='ocrx_word' id='word_1_935' title='bbox 2133 2576 2240 2611; x_wconf 91' lang='lat' dir='ltr'>potest</span> <span class='ocrx_word' id='word_1_936' title='bbox 2255 2580 2326 2601; x_wconf 88' lang='lat' dir='ltr'>eam</span> <span class='ocrx_word' id='word_1_937' title='bbox 2348 2570 2535 2607; x_wconf 90' lang='lat' dir='ltr'>interficere,</span> 
     </span>
     <span class='ocr_line' id='line_1_139' title="bbox 1468 2612 1970 2644; baseline 0 0"><span class='ocrx_word' id='word_1_938' title='bbox 1468 2613 1524 2644; x_wconf 92' lang='lat' dir='ltr'>sed</span> <span class='ocrx_word' id='word_1_939' title='bbox 1547 2622 1657 2644; x_wconf 90' lang='lat' dir='ltr'>coram</span> <span class='ocrx_word' id='word_1_940' title='bbox 1679 2612 1786 2643; x_wconf 84' lang='lat' dir='ltr'>iudice</span> <span class='ocrx_word' id='word_1_941' title='bbox 1811 2623 1970 2644; x_wconf 89' lang='lat' dir='ltr'>accusare.</span> 
     </span>
    </p>

    <p class='ocr_par' dir='ltr' id='par_1_54' title="bbox 1467 2658 2537 2878">
     <span class='ocr_line' id='line_1_140' title="bbox 1523 2658 2537 2698; baseline 0.003 -11"><span class='ocrx_word' id='word_1_942' title='bbox 1523 2658 1575 2688; x_wconf 70' lang='lat' dir='ltr'>Ar&gt;</span> <span class='ocrx_word' id='word_1_943' title='bbox 1598 2659 1763 2688; x_wconf 67' lang='lat' dir='ltr'>secuntum</span> <span class='ocrx_word' id='word_1_944' title='bbox 1785 2667 1947 2688; x_wconf 77' lang='lat' dir='ltr'>nrcmmtm</span> <span class='ocrx_word' id='word_1_945' title='bbox 1969 2658 2060 2698; x_wconf 94' lang='lat' dir='ltr'>quod</span> <span class='ocrx_word' id='word_1_946' title='bbox 2083 2659 2134 2690; x_wconf 88' lang='lat' dir='ltr'>lex</span> <span class='ocrx_word' id='word_1_947' title='bbox 2157 2660 2257 2690; x_wconf 91' lang='lat' dir='ltr'>civilis</span> <span class='ocrx_word' id='word_1_948' title='bbox 2280 2669 2348 2690; x_wconf 92' lang='lat' dir='ltr'>non</span> <span class='ocrx_word' id='word_1_949' title='bbox 2376 2660 2537 2690; x_wconf 90' lang='lat' dir='ltr'>commisit</span> 
     </span>
     <span class='ocr_line' id='line_1_141' title="bbox 1467 2702 2536 2744; baseline 0.002 -12"><span class='ocrx_word' id='word_1_950' title='bbox 1467 2703 1536 2733; x_wconf 85' lang='lat' dir='ltr'>viro</span> <span class='ocrx_word' id='word_1_951' title='bbox 1568 2702 1767 2733; x_wconf 92' lang='lat' dir='ltr'>occisionem</span> <span class='ocrx_word' id='word_1_952' title='bbox 1797 2703 1906 2732; x_wconf 84' lang='lat' dir='ltr'>uxoris</span> <span class='ocrx_word' id='word_1_953' title='bbox 1930 2704 2022 2743; x_wconf 93' lang='lat' dir='ltr'>quasi</span> <span class='ocrx_word' id='word_1_954' title='bbox 2045 2705 2263 2744; x_wconf 85' lang='lat' dir='ltr'>praecipiens:</span> <span class='ocrx_word' id='word_1_955' title='bbox 2297 2705 2372 2744; x_wconf 89' lang='lat' dir='ltr'>quia</span> <span class='ocrx_word' id='word_1_956' title='bbox 2401 2705 2446 2734; x_wconf 90' lang='lat' dir='ltr'>sic</span> <span class='ocrx_word' id='word_1_957' title='bbox 2468 2713 2536 2734; x_wconf 92' lang='lat' dir='ltr'>non</span> 
     </span>
     <span class='ocr_line' id='line_1_142' title="bbox 1467 2747 2536 2787; baseline 0.001 -10"><span class='ocrx_word' id='word_1_958' title='bbox 1467 2752 1625 2787; x_wconf 85' lang='lat' dir='ltr'>peccaret,</span> <span class='ocrx_word' id='word_1_959' title='bbox 1642 2747 1724 2777; x_wconf 88' lang='lat' dir='ltr'>sicut</span> <span class='ocrx_word' id='word_1_960' title='bbox 1746 2756 1807 2777; x_wconf 90' lang='lat' dir='ltr'>nec</span> <span class='ocrx_word' id='word_1_961' title='bbox 1829 2753 1943 2786; x_wconf 91' lang='lat' dir='ltr'>peccat</span> <span class='ocrx_word' id='word_1_962' title='bbox 1964 2748 2109 2778; x_wconf 91' lang='lat' dir='ltr'>minister</span> <span class='ocrx_word' id='word_1_963' title='bbox 2130 2748 2244 2779; x_wconf 91' lang='lat' dir='ltr'>iudicis</span> <span class='ocrx_word' id='word_1_964' title='bbox 2271 2748 2428 2779; x_wconf 81' lang='lat' dir='ltr'>latronem</span> <span class='ocrx_word' id='word_1_965' title='bbox 2451 2749 2536 2778; x_wconf 91' lang='lat' dir='ltr'>occi-</span> 
     </span>
     <span class='ocr_line' id='line_1_143' title="bbox 1470 2791 2536 2833; baseline 0.002 -12"><span class='ocrx_word' id='word_1_966' title='bbox 1470 2791 1549 2822; x_wconf 92' lang='lat' dir='ltr'>dens</span> <span class='ocrx_word' id='word_1_967' title='bbox 1568 2791 1821 2822; x_wconf 90' lang='lat' dir='ltr'>condemnatum</span> <span class='ocrx_word' id='word_1_968' title='bbox 1837 2791 1877 2821; x_wconf 94' lang='lat' dir='ltr'>ad</span> <span class='ocrx_word' id='word_1_969' title='bbox 1892 2797 2041 2822; x_wconf 88' lang='lat' dir='ltr'>mortem.</span> <span class='ocrx_word' id='word_1_970' title='bbox 2066 2792 2130 2823; x_wconf 88' lang='lat' dir='ltr'>Sed</span> <span class='ocrx_word' id='word_1_971' title='bbox 2144 2793 2297 2833; x_wconf 88' lang='lat' dir='ltr'>permisit,</span> <span class='ocrx_word' id='word_1_972' title='bbox 2313 2802 2454 2832; x_wconf 91' lang='lat' dir='ltr'>poenam</span> <span class='ocrx_word' id='word_1_973' title='bbox 2469 2802 2536 2822; x_wconf 90' lang='lat' dir='ltr'>non</span> 
     </span>
     <span class='ocr_line' id='line_1_144' title="bbox 1468 2835 2535 2878; baseline 0 -12"><span class='ocrx_word' id='word_1_974' title='bbox 1468 2835 1631 2866; x_wconf 86' lang='lat' dir='ltr'>adhibens.</span> <span class='ocrx_word' id='word_1_975' title='bbox 1656 2835 1750 2866; x_wconf 88' lang='lat' dir='ltr'>Unde</span> <span class='ocrx_word' id='word_1_976' title='bbox 1774 2836 1870 2866; x_wconf 91' lang='lat' dir='ltr'>etiam</span> <span class='ocrx_word' id='word_1_977' title='bbox 1894 2835 2094 2868; x_wconf 91' lang='lat' dir='ltr'>difficultates</span> <span class='ocrx_word' id='word_1_978' title='bbox 2111 2837 2265 2877; x_wconf 90' lang='lat' dir='ltr'>quasdam</span> <span class='ocrx_word' id='word_1_979' title='bbox 2288 2838 2448 2878; x_wconf 88' lang='lat' dir='ltr'>apposuit,</span> <span class='ocrx_word' id='word_1_980' title='bbox 2465 2838 2535 2877; x_wconf 91' lang='lat' dir='ltr'>qui-</span> 
     </span>
    </p>
   </div>
   <div class='ocr_carea' id='block_1_36' title="bbox 342 2878 2176 2919">
    <p class='ocr_par' dir='ltr' id='par_1_55' title="bbox 342 2878 2176 2919">
     <span class='ocr_line' id='line_1_145' title="bbox 342 2878 2176 2919; baseline 0.001 -9"><span class='ocrx_word' id='word_1_981' title='bbox 342 2885 390 2911; x_wconf 87' lang='lat' dir='ltr'>est</span> <span class='ocrx_word' id='word_1_982' title='bbox 404 2880 431 2910; x_wconf 49' lang='grc' dir='ltr'>ἢ</span> <span class='ocrx_word' id='word_1_983' title='bbox 457 2879 519 2910; x_wconf 91' lang='lat' dir='ltr'>Vel</span> <span class='ocrx_word' id='word_1_984' title='bbox 541 2878 672 2919; x_wconf 90' lang='lat' dir='ltr'>quando</span> <span class='ocrx_word' id='word_1_985' title='bbox 688 2888 771 2909; x_wconf 90' lang='lat' dir='ltr'>uxor</span> <span class='ocrx_word' id='word_1_986' title='bbox 793 2888 861 2908; x_wconf 90' lang='lat' dir='ltr'>non</span> <span class='ocrx_word' id='word_1_987' title='bbox 875 2878 945 2908; x_wconf 91' lang='lat' dir='ltr'>vult</span> <span class='ocrx_word' id='word_1_988' title='bbox 968 2879 1150 2909; x_wconf 79' lang='lat' dir='ltr'>cohabitare</span> <span class='ocrx_word' id='word_1_989' title='bbox 1166 2879 1227 2909; x_wconf 91' lang='lat' dir='ltr'>nisi</span> <span class='ocrx_word' id='word_1_990' title='bbox 1251 2880 1310 2909; x_wconf 94' lang='lat' dir='ltr'>sub</span> <span class='ocrx_word' id='word_1_991' title='bbox 1334 2889 1413 2910; x_wconf 83' lang='lat' dir='ltr'>con·</span> <span class='ocrx_word' id='word_1_992' title='bbox 1426 2886 1453 2907; x_wconf 84' lang='lat'>60</span> <span class='ocrx_word' id='word_1_993' title='bbox 1467 2880 1527 2910; x_wconf 91' lang='lat' dir='ltr'>bus</span> <span class='ocrx_word' id='word_1_994' title='bbox 1550 2880 1785 2910; x_wconf 87' lang='lat' dir='ltr'>retraherentur</span> <span class='ocrx_word' id='word_1_995' title='bbox 1807 2880 1867 2910; x_wconf 89' lang='lat' dir='ltr'>viri</span> <span class='ocrx_word' id='word_1_996' title='bbox 1890 2881 1929 2911; x_wconf 92' lang='lat' dir='ltr'>ab</span> <span class='ocrx_word' id='word_1_997' title='bbox 1953 2881 2133 2912; x_wconf 87' lang='lat' dir='ltr'>uxoricidio</span> <span class='ocrx_word' id='word_1_998' title='bbox 2150 2883 2176 2912; x_wconf 68' lang='lat'>*.</span> 
     </span>
    </p>
   </div>
   <div class='ocr_carea' id='block_1_37' title="bbox 342 2922 1414 2964">
    <p class='ocr_par' dir='ltr' id='par_1_56' title="bbox 342 2922 1414 2964">
     <span class='ocr_line' id='line_1_146' title="bbox 342 2922 1414 2964; baseline -0.001 -9"><span class='ocrx_word' id='word_1_999' title='bbox 342 2923 465 2955; x_wconf 87' lang='lat' dir='ltr'>ditione</span> <span class='ocrx_word' id='word_1_1000' title='bbox 494 2923 667 2964; x_wconf 91' lang='lat' dir='ltr'>peccandi,</span> <span class='ocrx_word' id='word_1_1001' title='bbox 691 2928 727 2954; x_wconf 91' lang='lat' dir='ltr'>ut</span> <span class='ocrx_word' id='word_1_1002' title='bbox 751 2932 827 2953; x_wconf 91' lang='lat' dir='ltr'>cum</span> <span class='ocrx_word' id='word_1_1003' title='bbox 850 2922 943 2959; x_wconf 85' lang='lat' dir='ltr'>dicit,</span> <span class='ocrx_word' id='word_1_1004' title='bbox 967 2923 1044 2953; x_wconf 92' lang='lat' dir='ltr'>Non</span> <span class='ocrx_word' id='word_1_1005' title='bbox 1077 2933 1134 2953; x_wconf 87' lang='lat' dir='ltr'>ero</span> <span class='ocrx_word' id='word_1_1006' title='bbox 1159 2933 1247 2954; x_wconf 83' lang='lat' dir='ltr'>uxor</span> <span class='ocrx_word' id='word_1_1007' title='bbox 1270 2929 1326 2954; x_wconf 84' lang='lat' dir='ltr'>tua</span> <span class='ocrx_word' id='word_1_1008' title='bbox 1350 2924 1414 2954; x_wconf 87' lang='lat' dir='ltr'>nisi</span> 
     </span>
    </p>
   </div>
   <div class='ocr_carea' id='block_1_38' title="bbox 341 2967 1902 3009">
    <p class='ocr_par' dir='ltr' id='par_1_57' title="bbox 341 2967 1902 3009">
     <span class='ocr_line' id='line_1_147' title="bbox 341 2967 1902 3009; baseline 0 -10"><span class='ocrx_word' id='word_1_1009' title='bbox 341 2968 420 2999; x_wconf 72' lang='lat' dir='ltr'>mihi</span> <span class='ocrx_word' id='word_1_1010' title='bbox 442 2968 482 2999; x_wconf 86' lang='lat' dir='ltr'>de</span> <span class='ocrx_word' id='word_1_1011' title='bbox 505 2967 680 2999; x_wconf 84' lang='lat' dir='ltr'>latrocinio</span> <span class='ocrx_word' id='word_1_1012' title='bbox 704 2967 834 2998; x_wconf 80' lang='lat' dir='ltr'>divitias</span> <span class='ocrx_word' id='word_1_1013' title='bbox 857 2975 1057 3008; x_wconf 81' lang='lat' dir='ltr'>congreges:</span> <span class='ocrx_word' id='word_1_1014' title='bbox 1083 2973 1162 2998; x_wconf 91' lang='lat' dir='ltr'>tunc</span> <span class='ocrx_word' id='word_1_1015' title='bbox 1193 2968 1280 2998; x_wconf 90' lang='lat' dir='ltr'>enim</span> <span class='ocrx_word' id='word_1_1016' title='bbox 1303 2969 1413 3009; x_wconf 90' lang='lat' dir='ltr'>potius</span> <span class='ocrx_word' id='word_1_1017' title='bbox 1467 2969 1507 2999; x_wconf 92' lang='lat' dir='ltr'>sit</span> <span class='ocrx_word' id='word_1_1018' title='bbox 1540 2969 1665 2999; x_wconf 91' lang='lat' dir='ltr'>licitum</span> <span class='ocrx_word' id='word_1_1019' title='bbox 1699 2969 1902 3008; x_wconf 90' lang='lat' dir='ltr'>simpliciter:</span> 
     </span>
    </p>
   </div>
   <div class='ocr_carea' id='block_1_39' title="bbox 342 3012 1203 3160">
    <p class='ocr_par' dir='ltr' id='par_1_58' title="bbox 342 3012 1203 3160">
     <span class='ocr_line' id='line_1_148' title="bbox 342 3012 1203 3052; baseline -0.002 -8"><span class='ocrx_word' id='word_1_1020' title='bbox 342 3022 414 3044; x_wconf 78' lang='lat' dir='ltr'>eam</span> <span class='ocrx_word' id='word_1_1021' title='bbox 437 3012 532 3044; x_wconf 91' lang='lat' dir='ltr'>debet</span> <span class='ocrx_word' id='word_1_1022' title='bbox 554 3012 713 3043; x_wconf 90' lang='lat' dir='ltr'>dimittere</span> <span class='ocrx_word' id='word_1_1023' title='bbox 737 3021 836 3052; x_wconf 91' lang='lat' dir='ltr'>quam</span> <span class='ocrx_word' id='word_1_1024' title='bbox 858 3012 1024 3042; x_wconf 89' lang='lat' dir='ltr'>latrocinia</span> <span class='ocrx_word' id='word_1_1025' title='bbox 1047 3021 1203 3042; x_wconf 87' lang='lat' dir='ltr'>exercere.</span> 
     </span>
     <span class='ocr_line' id='line_1_149' title="bbox 577 3077 1182 3122; baseline 0.002 -11"><span class='ocrx_word' id='word_1_1026' title='bbox 577 3077 832 3122; x_wconf 83' lang='lat' dir='ltr'>QUAESTIO</span> <span class='ocrx_word' id='word_1_1027' title='bbox 856 3077 1182 3112; x_wconf 76' lang='lat' dir='ltr'>SEXAGESIMA</span> 
     </span>
     <span class='ocr_line' id='line_1_150' title="bbox 745 3135 1011 3160; baseline 0 0"><span class='ocrx_word' id='word_1_1028' title='bbox 745 3136 789 3160; x_wconf 88' lang='lat' dir='ltr'>DE</span> <span class='ocrx_word' id='word_1_1029' title='bbox 809 3135 1011 3160; x_wconf 86' lang='lat' dir='ltr'>UXORICIDIO</span> 
     </span>
    </p>
   </div>
   <div class='ocr_carea' id='block_1_40' title="bbox 349 3189 1412 3319">
    <p class='ocr_par' dir='ltr' id='par_1_59' title="bbox 349 3189 1412 3319">
     <span class='ocr_line' id='line_1_151' title="bbox 349 3189 1171 3262; baseline 0 -42"><span class='ocrx_word' id='word_1_1030' title='bbox 349 3199 501 3262; x_wconf 72' lang='lat' dir='ltr'>Damna</span> <span class='ocrx_word' id='word_1_1031' title='bbox 524 3189 794 3220; x_wconf 88' lang='lat' dir='ltr'>considerandum</span> <span class='ocrx_word' id='word_1_1032' title='bbox 818 3195 864 3220; x_wconf 87' lang='lat' dir='ltr'>est</span> <span class='ocrx_word' id='word_1_1033' title='bbox 888 3189 928 3220; x_wconf 91' lang='lat' dir='ltr'>de</span> <span class='ocrx_word' id='word_1_1034' title='bbox 951 3189 1129 3221; x_wconf 85' lang='lat' dir='ltr'>uxoricidio</span> <span class='ocrx_word' id='word_1_1035' title='bbox 1145 3191 1171 3220; x_wconf 77' lang='lat'>*.</span> 
     </span>
     <span class='ocr_line' id='line_1_152' title="bbox 409 3232 938 3274; baseline 0 -10"><span class='ocrx_word' id='word_1_1036' title='bbox 409 3232 503 3264; x_wconf 86' lang='lat' dir='ltr'>Circa</span> <span class='ocrx_word' id='word_1_1037' title='bbox 526 3233 616 3274; x_wconf 90' lang='lat' dir='ltr'>quod</span> <span class='ocrx_word' id='word_1_1038' title='bbox 639 3239 838 3274; x_wconf 90' lang='lat' dir='ltr'>quaeruntur</span> <span class='ocrx_word' id='word_1_1039' title='bbox 861 3233 938 3264; x_wconf 84' lang='lat' dir='ltr'>duo.</span> 
     </span>
     <span class='ocr_line' id='line_1_153' title="bbox 399 3277 1412 3319; baseline 0.003 -12"><span class='ocrx_word' id='word_1_1040' title='bbox 399 3277 526 3308; x_wconf 86' lang='lat' dir='ltr'>Primo:</span> <span class='ocrx_word' id='word_1_1041' title='bbox 550 3283 660 3308; x_wconf 89' lang='lat' dir='ltr'>utrum</span> <span class='ocrx_word' id='word_1_1042' title='bbox 682 3279 716 3308; x_wconf 92' lang='lat' dir='ltr'>in</span> <span class='ocrx_word' id='word_1_1043' title='bbox 740 3278 849 3319; x_wconf 87' lang='lat' dir='ltr'>aliquo</span> <span class='ocrx_word' id='word_1_1044' title='bbox 874 3288 950 3309; x_wconf 90' lang='lat' dir='ltr'>casu</span> <span class='ocrx_word' id='word_1_1045' title='bbox 973 3278 1067 3309; x_wconf 90' lang='lat' dir='ltr'>liceat</span> <span class='ocrx_word' id='word_1_1046' title='bbox 1089 3288 1225 3309; x_wconf 90' lang='lat' dir='ltr'>uxorem</span> <span class='ocrx_word' id='word_1_1047' title='bbox 1255 3279 1412 3310; x_wconf 91' lang='lat' dir='ltr'>occidere.</span> 
     </span>
    </p>
   </div>
   <div class='ocr_carea' id='block_1_41' title="bbox 1427 3107 1451 3133">
    <p class='ocr_par' dir='ltr' id='par_1_60' title="bbox 1427 3107 1451 3133">
     <span class='ocr_line' id='line_1_154' title="bbox 1427 3107 1451 3133; baseline 0 0"><span class='ocrx_word' id='word_1_1048' title='bbox 1427 3107 1451 3133; x_wconf 84' lang='lat'>⁶5</span> 
     </span>
    </p>
   </div>
   <div class='ocr_carea' id='block_1_42' title="bbox 1467 2924 2535 3320">
    <p class='ocr_par' dir='ltr' id='par_1_61' title="bbox 1467 2924 2535 3097">
     <span class='ocr_line' id='line_1_155' title="bbox 1522 2924 2535 2966; baseline 0.001 -12"><span class='ocrx_word' id='word_1_1049' title='bbox 1522 2924 1574 2954; x_wconf 86' lang='lat' dir='ltr'>Ar&gt;</span> <span class='ocrx_word' id='word_1_1050' title='bbox 1597 2934 1733 2954; x_wconf 68' lang='lat' dir='ltr'>‘ram-nm</span> <span class='ocrx_word' id='word_1_1051' title='bbox 1754 2934 1916 2955; x_wconf 70' lang='lat' dir='ltr'>mcannma</span> <span class='ocrx_word' id='word_1_1052' title='bbox 1931 2925 2021 2965; x_wconf 92' lang='lat' dir='ltr'>quod</span> <span class='ocrx_word' id='word_1_1053' title='bbox 2041 2935 2078 2956; x_wconf 83' lang='lat' dir='ltr'>ex</span> <span class='ocrx_word' id='word_1_1054' title='bbox 2101 2926 2165 2957; x_wconf 91' lang='lat' dir='ltr'>hoc</span> <span class='ocrx_word' id='word_1_1055' title='bbox 2188 2936 2255 2956; x_wconf 90' lang='lat' dir='ltr'>non</span> <span class='ocrx_word' id='word_1_1056' title='bbox 2271 2926 2424 2966; x_wconf 90' lang='lat' dir='ltr'>probatur</span> <span class='ocrx_word' id='word_1_1057' title='bbox 2447 2925 2535 2965; x_wconf 94' lang='lat' dir='ltr'>quod</span> 
     </span>
     <span class='ocr_line' id='line_1_156' title="bbox 1945 2969 2535 3011; baseline 0.002 -12"><span class='ocrx_word' id='word_1_1058' title='bbox 1945 2969 2002 3000; x_wconf 90' lang='lat' dir='ltr'>sed</span> <span class='ocrx_word' id='word_1_1059' title='bbox 2036 2976 2194 3011; x_wconf 90' lang='lat' dir='ltr'>quantum</span> <span class='ocrx_word' id='word_1_1060' title='bbox 2227 2970 2267 3001; x_wconf 89' lang='lat' dir='ltr'>ad</span> <span class='ocrx_word' id='word_1_1061' title='bbox 2299 2971 2535 3000; x_wconf 89' lang='lat' dir='ltr'>immunitatem</span> 
     </span>
     <span class='ocr_line' id='line_1_157' title="bbox 1468 3013 2534 3054; baseline 0.001 -11"><span class='ocrx_word' id='word_1_1062' title='bbox 1468 3013 1507 3043; x_wconf 88' lang='lat' dir='ltr'>ab</span> <span class='ocrx_word' id='word_1_1063' title='bbox 1531 3013 1639 3053; x_wconf 90' lang='lat' dir='ltr'>aliqua</span> <span class='ocrx_word' id='word_1_1064' title='bbox 1667 3022 1791 3053; x_wconf 89' lang='lat' dir='ltr'>poena;</span> <span class='ocrx_word' id='word_1_1065' title='bbox 1823 3014 1899 3054; x_wconf 91' lang='lat' dir='ltr'>quia</span> <span class='ocrx_word' id='word_1_1066' title='bbox 1931 3015 2027 3044; x_wconf 89' lang='lat' dir='ltr'>etiam</span> <span class='ocrx_word' id='word_1_1067' title='bbox 2061 3016 2354 3046; x_wconf 84' lang='lat' dir='ltr'>excommunicatio</span> <span class='ocrx_word' id='word_1_1068' title='bbox 2378 3013 2534 3054; x_wconf 88' lang='lat' dir='ltr'>quaedam</span> 
     </span>
     <span class='ocr_line' id='line_1_158' title="bbox 1467 3062 1655 3097; baseline 0 -10"><span class='ocrx_word' id='word_1_1069' title='bbox 1467 3066 1576 3097; x_wconf 90' lang='lat' dir='ltr'>poena</span> <span class='ocrx_word' id='word_1_1070' title='bbox 1599 3062 1655 3088; x_wconf 92' lang='lat' dir='ltr'>est.</span> 
     </span>
    </p>

    <p class='ocr_par' dir='ltr' id='par_1_62' title="bbox 1468 3101 2535 3320">
     <span class='ocr_line' id='line_1_159' title="bbox 1524 3101 2533 3144; baseline 0.001 -13"><span class='ocrx_word' id='word_1_1071' title='bbox 1524 3101 1576 3131; x_wconf 85' lang='lat' dir='ltr'>An</span> <span class='ocrx_word' id='word_1_1072' title='bbox 1601 3111 1762 3132; x_wconf 55' lang='lat' dir='ltr'>ansarum</span> <span class='ocrx_word' id='word_1_1073' title='bbox 1784 3111 1945 3132; x_wconf 74' lang='lat' dir='ltr'>nrcanmm</span> <span class='ocrx_word' id='word_1_1074' title='bbox 1977 3102 2068 3143; x_wconf 93' lang='lat' dir='ltr'>quod</span> <span class='ocrx_word' id='word_1_1075' title='bbox 2097 3103 2216 3144; x_wconf 85' lang='lat' dir='ltr'>duplex</span> <span class='ocrx_word' id='word_1_1076' title='bbox 2240 3109 2286 3134; x_wconf 91' lang='lat' dir='ltr'>est</span> <span class='ocrx_word' id='word_1_1077' title='bbox 2309 3103 2533 3143; x_wconf 86' lang='lat' dir='ltr'>congregatio:</span> 
     </span>
     <span class='ocr_line' id='line_1_160' title="bbox 1470 3145 2534 3188; baseline 0 -12"><span class='ocrx_word' id='word_1_1078' title='bbox 1470 3145 1629 3186; x_wconf 90' lang='lat' dir='ltr'>quaedam</span> <span class='ocrx_word' id='word_1_1079' title='bbox 1652 3147 1882 3183; x_wconf 90' lang='lat' dir='ltr'>oeconomica,</span> <span class='ocrx_word' id='word_1_1080' title='bbox 1909 3147 1991 3177; x_wconf 90' lang='lat' dir='ltr'>sicut</span> <span class='ocrx_word' id='word_1_1081' title='bbox 2020 3146 2140 3178; x_wconf 89' lang='lat' dir='ltr'>familia</span> <span class='ocrx_word' id='word_1_1082' title='bbox 2168 3148 2290 3188; x_wconf 86' lang='lat' dir='ltr'>aliqua;</span> <span class='ocrx_word' id='word_1_1083' title='bbox 2316 3153 2347 3178; x_wconf 90' lang='lat' dir='ltr'>et</span> <span class='ocrx_word' id='word_1_1084' title='bbox 2378 3146 2534 3187; x_wconf 89' lang='lat' dir='ltr'>quaedam</span> 
     </span>
     <span class='ocr_line' id='line_1_161' title="bbox 1468 3190 2534 3232; baseline 0 -12"><span class='ocrx_word' id='word_1_1085' title='bbox 1468 3190 1610 3230; x_wconf 90' lang='lat' dir='ltr'>politica,</span> <span class='ocrx_word' id='word_1_1086' title='bbox 1626 3191 1709 3221; x_wconf 90' lang='lat' dir='ltr'>sicut</span> <span class='ocrx_word' id='word_1_1087' title='bbox 1732 3191 1840 3221; x_wconf 87' lang='lat' dir='ltr'>civitas</span> <span class='ocrx_word' id='word_1_1088' title='bbox 1857 3196 1888 3221; x_wconf 90' lang='lat' dir='ltr'>et</span> <span class='ocrx_word' id='word_1_1089' title='bbox 1902 3200 2048 3231; x_wconf 87' lang='lat' dir='ltr'>regnum.</span> <span class='ocrx_word' id='word_1_1090' title='bbox 2073 3192 2129 3223; x_wconf 93' lang='lat' dir='ltr'>Ille</span> <span class='ocrx_word' id='word_1_1091' title='bbox 2152 3193 2247 3232; x_wconf 92' lang='lat' dir='ltr'>igitur</span> <span class='ocrx_word' id='word_1_1092' title='bbox 2263 3192 2319 3232; x_wconf 93' lang='lat' dir='ltr'>qui</span> <span class='ocrx_word' id='word_1_1093' title='bbox 2341 3196 2464 3231; x_wconf 91' lang='lat' dir='ltr'>praeest</span> <span class='ocrx_word' id='word_1_1094' title='bbox 2486 3200 2534 3220; x_wconf 92' lang='lat' dir='ltr'>se-</span> 
     </span>
     <span class='ocr_line' id='line_1_162' title="bbox 1469 3234 2534 3276; baseline -0.001 -11"><span class='ocrx_word' id='word_1_1095' title='bbox 1469 3234 1594 3265; x_wconf 92' lang='lat' dir='ltr'>cundae</span> <span class='ocrx_word' id='word_1_1096' title='bbox 1617 3235 1875 3275; x_wconf 88' lang='lat' dir='ltr'>congregationi,</span> <span class='ocrx_word' id='word_1_1097' title='bbox 1899 3241 1936 3266; x_wconf 90' lang='lat' dir='ltr'>ut</span> <span class='ocrx_word' id='word_1_1098' title='bbox 1958 3245 2013 3266; x_wconf 85' lang='lat' dir='ltr'>rex</span> <span class='ocrx_word' id='word_1_1099' title='bbox 2036 3242 2091 3267; x_wconf 92' lang='lat' dir='ltr'>aut</span> <span class='ocrx_word' id='word_1_1100' title='bbox 2120 3236 2232 3273; x_wconf 87' lang='lat' dir='ltr'>iudex,</span> <span class='ocrx_word' id='word_1_1101' title='bbox 2256 3241 2362 3276; x_wconf 90' lang='lat' dir='ltr'>potest</span> <span class='ocrx_word' id='word_1_1102' title='bbox 2392 3234 2534 3275; x_wconf 90' lang='lat' dir='ltr'>infligere</span> 
     </span>
     <span class='ocr_line' id='line_1_163' title="bbox 1468 3278 2535 3320; baseline -0.001 -11"><span class='ocrx_word' id='word_1_1103' title='bbox 1468 3288 1610 3319; x_wconf 89' lang='lat' dir='ltr'>poenam</span> <span class='ocrx_word' id='word_1_1104' title='bbox 1633 3284 1665 3309; x_wconf 91' lang='lat' dir='ltr'>et</span> <span class='ocrx_word' id='word_1_1105' title='bbox 1691 3279 1904 3319; x_wconf 88' lang='lat' dir='ltr'>corrigentem</span> <span class='ocrx_word' id='word_1_1106' title='bbox 1933 3289 2104 3320; x_wconf 89' lang='lat' dir='ltr'>personam</span> <span class='ocrx_word' id='word_1_1107' title='bbox 2137 3286 2168 3311; x_wconf 90' lang='lat' dir='ltr'>et</span> <span class='ocrx_word' id='word_1_1108' title='bbox 2191 3280 2470 3315; x_wconf 83' lang='lat' dir='ltr'>exterminantem,</span> <span class='ocrx_word' id='word_1_1109' title='bbox 2495 3278 2535 3309; x_wconf 89' lang='lat' dir='ltr'>ad</span> 
     </span>
    </p>
   </div>
   <div class='ocr_carea' id='block_1_43' title="bbox 404 3320 2534 3365">
    <p class='ocr_par' dir='ltr' id='par_1_63' title="bbox 404 3320 2534 3365">
     <span class='ocr_line' id='line_1_164' title="bbox 404 3320 2534 3365; baseline -0 -12"><span class='ocrx_word' id='word_1_1110' title='bbox 404 3320 574 3358; x_wconf 79' lang='lat' dir='ltr'>Secundo:</span> <span class='ocrx_word' id='word_1_1111' title='bbox 597 3327 707 3354; x_wconf 67' lang='lat' dir='ltr'>uuum</span> <span class='ocrx_word' id='word_1_1112' title='bbox 729 3322 944 3354; x_wconf 83' lang='lat' dir='ltr'>uxoricidium</span> <span class='ocrx_word' id='word_1_1113' title='bbox 962 3323 1205 3354; x_wconf 82' lang='lat' dir='ltr'>matrimonium</span> <span class='ocrx_word' id='word_1_1114' title='bbox 1227 3323 1391 3364; x_wconf 91' lang='lat' dir='ltr'>impediat.</span> <span class='ocrx_word' id='word_1_1115' title='bbox 1428 3333 1454 3354; x_wconf 77' lang='grc' dir='ltr'>το</span> <span class='ocrx_word' id='word_1_1116' title='bbox 1467 3324 1695 3363; x_wconf 88' lang='lat' dir='ltr'>purgationem</span> <span class='ocrx_word' id='word_1_1117' title='bbox 1711 3324 1950 3354; x_wconf 90' lang='lat' dir='ltr'>communitatis</span> <span class='ocrx_word' id='word_1_1118' title='bbox 1973 3325 2065 3355; x_wconf 92' lang='lat' dir='ltr'>cuius</span> <span class='ocrx_word' id='word_1_1119' title='bbox 2086 3335 2195 3355; x_wconf 89' lang='lat' dir='ltr'>curam</span> <span class='ocrx_word' id='word_1_1120' title='bbox 2211 3325 2299 3365; x_wconf 89' lang='lat' dir='ltr'>gerit.</span> <span class='ocrx_word' id='word_1_1121' title='bbox 2324 3323 2386 3354; x_wconf 92' lang='lat' dir='ltr'>Sed</span> <span class='ocrx_word' id='word_1_1122' title='bbox 2409 3323 2461 3353; x_wconf 92' lang='lat' dir='ltr'>ille</span> <span class='ocrx_word' id='word_1_1123' title='bbox 2478 3323 2534 3363; x_wconf 93' lang='lat' dir='ltr'>qui</span> 
     </span>
    </p>
   </div>
   <div class='ocr_carea' id='block_1_44' title="bbox 443 3386 1316 3464">
    <p class='ocr_par' dir='ltr' id='par_1_64' title="bbox 443 3386 1316 3464">
     <span class='ocr_line' id='line_1_165' title="bbox 443 3386 1316 3420; baseline 0.002 -2"><span class='ocrx_word' id='word_1_1124' title='bbox 443 3386 584 3418; x_wconf 87' lang='lat' dir='ltr'>ART.1.</span> <span class='ocrx_word' id='word_1_1125' title='bbox 606 3397 712 3419; x_wconf 69' lang='lat' dir='ltr'>mun</span> <span class='ocrx_word' id='word_1_1126' title='bbox 734 3399 844 3420; x_wconf 70' lang='lat' dir='ltr'>meam·</span> <span class='ocrx_word' id='word_1_1127' title='bbox 866 3399 941 3420; x_wconf 67' lang='lat' dir='ltr'>vnto</span> <span class='ocrx_word' id='word_1_1128' title='bbox 965 3399 1092 3420; x_wconf 73' lang='lat' dir='ltr'>uxorum</span> <span class='ocrx_word' id='word_1_1129' title='bbox 1115 3400 1316 3420; x_wconf 69' lang='lat' dir='ltr'>mantem</span> 
     </span>
     <span class='ocr_line' id='line_1_166' title="bbox 593 3441 1162 3464; baseline 0.004 -2"><span class='ocrx_word' id='word_1_1130' title='bbox 593 3441 626 3462; x_wconf 81' lang='lat' dir='ltr'>m</span> <span class='ocrx_word' id='word_1_1131' title='bbox 648 3442 729 3463; x_wconf 77' lang='lat' dir='ltr'>Ae‘ru</span> <span class='ocrx_word' id='word_1_1132' title='bbox 751 3443 918 3464; x_wconf 67' lang='lat' dir='ltr'>amimam</span> <span class='ocrx_word' id='word_1_1133' title='bbox 940 3444 1162 3464; x_wconf 61' lang='lat' dir='ltr'>napaarmnsan</span> 
     </span>
    </p>
   </div>
   <div class='ocr_carea' id='block_1_45' title="bbox 1467 3368 2534 3498">
    <p class='ocr_par' dir='ltr' id='par_1_65' title="bbox 1467 3368 2534 3498">
     <span class='ocr_line' id='line_1_167' title="bbox 1467 3368 2534 3409; baseline -0.001 -12"><span class='ocrx_word' id='word_1_1134' title='bbox 1467 3373 1593 3408; x_wconf 90' lang='lat' dir='ltr'>praeest</span> <span class='ocrx_word' id='word_1_1135' title='bbox 1614 3368 1648 3398; x_wconf 90' lang='lat' dir='ltr'>in</span> <span class='ocrx_word' id='word_1_1136' title='bbox 1671 3368 1774 3408; x_wconf 90' lang='lat' dir='ltr'>prima</span> <span class='ocrx_word' id='word_1_1137' title='bbox 1789 3369 2048 3409; x_wconf 90' lang='lat' dir='ltr'>congregatione,</span> <span class='ocrx_word' id='word_1_1138' title='bbox 2061 3375 2101 3400; x_wconf 90' lang='lat' dir='ltr'>-ut</span> <span class='ocrx_word' id='word_1_1139' title='bbox 2123 3368 2355 3409; x_wconf 84' lang='lat' dir='ltr'>paterfamilias,</span> <span class='ocrx_word' id='word_1_1140' title='bbox 2371 3377 2438 3397; x_wconf 90' lang='lat' dir='ltr'>non</span> <span class='ocrx_word' id='word_1_1141' title='bbox 2461 3372 2534 3407; x_wconf 91' lang='lat' dir='ltr'>pot-</span> 
     </span>
     <span class='ocr_line' id='line_1_168' title="bbox 1470 3411 2534 3454; baseline -0.001 -12"><span class='ocrx_word' id='word_1_1142' title='bbox 1470 3417 1517 3442; x_wconf 88' lang='lat' dir='ltr'>est</span> <span class='ocrx_word' id='word_1_1143' title='bbox 1539 3411 1682 3452; x_wconf 85' lang='lat' dir='ltr'>infligere</span> <span class='ocrx_word' id='word_1_1144' title='bbox 1697 3412 1758 3442; x_wconf 91' lang='lat' dir='ltr'>nisi</span> <span class='ocrx_word' id='word_1_1145' title='bbox 1781 3421 1922 3452; x_wconf 87' lang='lat' dir='ltr'>poenam</span> <span class='ocrx_word' id='word_1_1146' title='bbox 1937 3414 2160 3454; x_wconf 86' lang='lat' dir='ltr'>corrigentem,</span> <span class='ocrx_word' id='word_1_1147' title='bbox 2178 3422 2260 3453; x_wconf 91' lang='lat' dir='ltr'>quae</span> <span class='ocrx_word' id='word_1_1148' title='bbox 2283 3422 2350 3442; x_wconf 93' lang='lat' dir='ltr'>non</span> <span class='ocrx_word' id='word_1_1149' title='bbox 2373 3421 2407 3441; x_wconf 92' lang='lat' dir='ltr'>se</span> <span class='ocrx_word' id='word_1_1150' title='bbox 2426 3416 2534 3441; x_wconf 89' lang='lat' dir='ltr'>exten-</span> 
     </span>
     <span class='ocr_line' id='line_1_169' title="bbox 1469 3454 2534 3498; baseline -0.002 -11"><span class='ocrx_word' id='word_1_1151' title='bbox 1469 3456 1516 3487; x_wconf 90' lang='lat' dir='ltr'>dit</span> <span class='ocrx_word' id='word_1_1152' title='bbox 1538 3457 1620 3487; x_wconf 91' lang='lat' dir='ltr'>ultra</span> <span class='ocrx_word' id='word_1_1153' title='bbox 1642 3457 1797 3487; x_wconf 90' lang='lat' dir='ltr'>terminos</span> <span class='ocrx_word' id='word_1_1154' title='bbox 1820 3457 2069 3494; x_wconf 90' lang='lat' dir='ltr'>emendationis,</span> <span class='ocrx_word' id='word_1_1155' title='bbox 2094 3467 2192 3498; x_wconf 91' lang='lat' dir='ltr'>quam</span> <span class='ocrx_word' id='word_1_1156' title='bbox 2215 3454 2406 3487; x_wconf 89' lang='lat' dir='ltr'>transcendit</span> <span class='ocrx_word' id='word_1_1157' title='bbox 2428 3465 2534 3495; x_wconf 92' lang='lat' dir='ltr'>poena</span> 
     </span>
    </p>
   </div>
   <div class='ocr_carea' id='block_1_46' title="bbox 349 3500 2532 3587">
    <p class='ocr_par' dir='ltr' id='par_1_66' title="bbox 349 3500 2532 3587">
     <span class='ocr_line' id='line_1_170' title="bbox 349 3500 2532 3571; baseline 0.001 -45"><span class='ocrx_word' id='word_1_1158' title='bbox 349 3507 432 3571; x_wconf 73' lang='lat' dir='ltr'>Ar&gt;</span> <span class='ocrx_word' id='word_1_1159' title='bbox 448 3507 566 3528; x_wconf 71' lang='lat' dir='ltr'>parium</span> <span class='ocrx_word' id='word_1_1160' title='bbox 585 3507 631 3528; x_wconf 87' lang='lat' dir='ltr'>src</span> <span class='ocrx_word' id='word_1_1161' title='bbox 653 3508 858 3530; x_wconf 69' lang='lat' dir='ltr'>raocanrrua.</span> <span class='ocrx_word' id='word_1_1162' title='bbox 877 3500 1012 3531; x_wconf 86' lang='lat' dir='ltr'>Videtur</span> <span class='ocrx_word' id='word_1_1163' title='bbox 1035 3500 1125 3541; x_wconf 92' lang='lat' dir='ltr'>quod</span> <span class='ocrx_word' id='word_1_1164' title='bbox 1139 3501 1233 3531; x_wconf 90' lang='lat' dir='ltr'>liceat</span> <span class='ocrx_word' id='word_1_1165' title='bbox 1247 3501 1317 3531; x_wconf 85' lang='lat' dir='ltr'>viro</span> <span class='ocrx_word' id='word_1_1166' title='bbox 1334 3510 1415 3531; x_wconf 90' lang='lat' dir='ltr'>uxo-</span> <span class='ocrx_word' id='word_1_1167' title='bbox 1469 3502 1591 3531; x_wconf 92' lang='lat' dir='ltr'>mortis.</span> <span class='ocrx_word' id='word_1_1168' title='bbox 1616 3501 1657 3531; x_wconf 93' lang='lat' dir='ltr'>Et</span> <span class='ocrx_word' id='word_1_1169' title='bbox 1671 3501 1746 3531; x_wconf 89' lang='lat' dir='ltr'>ideo</span> <span class='ocrx_word' id='word_1_1170' title='bbox 1762 3502 1819 3538; x_wconf 92' lang='lat' dir='ltr'>vir,</span> <span class='ocrx_word' id='word_1_1171' title='bbox 1837 3502 1893 3542; x_wconf 93' lang='lat' dir='ltr'>qui</span> <span class='ocrx_word' id='word_1_1172' title='bbox 1909 3502 1954 3532; x_wconf 89' lang='lat' dir='ltr'>sic</span> <span class='ocrx_word' id='word_1_1173' title='bbox 1969 3508 2094 3542; x_wconf 87' lang='lat' dir='ltr'>praeest</span> <span class='ocrx_word' id='word_1_1174' title='bbox 2109 3502 2211 3537; x_wconf 85' lang='lat' dir='ltr'>uxori,</span> <span class='ocrx_word' id='word_1_1175' title='bbox 2227 3510 2295 3531; x_wconf 93' lang='lat' dir='ltr'>non</span> <span class='ocrx_word' id='word_1_1176' title='bbox 2310 3505 2416 3540; x_wconf 87' lang='lat' dir='ltr'>potest</span> <span class='ocrx_word' id='word_1_1177' title='bbox 2431 3500 2532 3539; x_wconf 81' lang='lat' dir='ltr'>ipsam</span> 
     </span>
     <span class='ocr_line' id='line_1_171' title="bbox 412 3541 2010 3587; baseline 0.003 -16"><span class='ocrx_word' id='word_1_1178' title='bbox 412 3551 480 3572; x_wconf 92' lang='lat' dir='ltr'>rem</span> <span class='ocrx_word' id='word_1_1179' title='bbox 490 3541 669 3573; x_wconf 89' lang='lat' dir='ltr'>interficere</span> <span class='ocrx_word' id='word_1_1180' title='bbox 684 3543 719 3573; x_wconf 90' lang='lat' dir='ltr'>in</span> <span class='ocrx_word' id='word_1_1181' title='bbox 735 3549 808 3574; x_wconf 91' lang='lat' dir='ltr'>actu</span> <span class='ocrx_word' id='word_1_1182' title='bbox 824 3543 970 3575; x_wconf 86' lang='lat' dir='ltr'>adulterii</span> <span class='ocrx_word' id='word_1_1183' title='bbox 985 3544 1226 3585; x_wconf 89' lang='lat' dir='ltr'>deprehensam.</span> <span class='ocrx_word' id='word_1_1184' title='bbox 1244 3545 1311 3576; x_wconf 86' lang='lat' dir='ltr'>Lex</span> <span class='ocrx_word' id='word_1_1185' title='bbox 1327 3546 1414 3576; x_wconf 91' lang='lat' dir='ltr'>enim</span> <span class='ocrx_word' id='word_1_1186' title='bbox 1429 3554 1452 3575; x_wconf 80' lang='lat'>75</span> <span class='ocrx_word' id='word_1_1187' title='bbox 1469 3545 1656 3582; x_wconf 87' lang='lat' dir='ltr'>interficere,</span> <span class='ocrx_word' id='word_1_1188' title='bbox 1673 3545 1729 3576; x_wconf 91' lang='lat' dir='ltr'>sed</span> <span class='ocrx_word' id='word_1_1189' title='bbox 1752 3545 1826 3576; x_wconf 90' lang='lat' dir='ltr'>alias</span> <span class='ocrx_word' id='word_1_1190' title='bbox 1851 3547 2010 3587; x_wconf 86' lang='lat' dir='ltr'>castigare.</span> 
     </span>
    </p>
   </div>
   <div class='ocr_carea' id='block_1_47' title="bbox 2551 273 2762 405">
    <p class='ocr_par' dir='ltr' id='par_1_67' title="bbox 2551 273 2762 405">
     <span class='ocr_line' id='line_1_172' title="bbox 2551 273 2761 301; baseline 0.005 -8"><span class='ocrx_word' id='word_1_1191' title='bbox 2551 275 2560 283; x_wconf 92' lang='grc'>·</span> <span class='ocrx_word' id='word_1_1192' title='bbox 2575 273 2637 294; x_wconf 86' lang='lat' dir='ltr'>loan.</span> <span class='ocrx_word' id='word_1_1193' title='bbox 2650 279 2675 294; x_wconf 82' lang='lat' dir='ltr'>ca</span> <span class='ocrx_word' id='word_1_1194' title='bbox 2694 290 2699 295; x_wconf 88' lang='lat'>.</span> <span class='ocrx_word' id='word_1_1195' title='bbox 2712 280 2761 301; x_wconf 66' lang='lat' dir='ltr'>vin,</span> 
     </span>
     <span class='ocr_line' id='line_1_173' title="bbox 2551 280 2760 327; baseline 0 -7"><span class='ocrx_word' id='word_1_1196' title='bbox 2551 306 2610 321; x_wconf 86' lang='lat' dir='ltr'>vers.</span> <span class='ocrx_word' id='word_1_1197' title='bbox 2623 306 2641 327; x_wconf 84' lang='lat'>5.</span> <span class='ocrx_word' id='word_1_1198' title='bbox 2652 310 2663 314; x_wconf 94' lang='lat'>-</span> <span class='ocrx_word' id='word_1_1199' title='bbox 2673 280 2708 321; x_wconf 59' lang='lat' dir='ltr'>Es.</span> <span class='ocrx_word' id='word_1_1200' title='bbox 2720 300 2760 320; x_wconf 85' lang='lat' dir='ltr'>Le-</span> 
     </span>
     <span class='ocr_line' id='line_1_174' title="bbox 2551 326 2754 374; baseline 0 -27"><span class='ocrx_word' id='word_1_1201' title='bbox 2551 326 2591 347; x_wconf 78' lang='lat' dir='ltr'>vit.</span> <span class='ocrx_word' id='word_1_1202' title='bbox 2599 332 2649 374; x_wconf 64' lang='lat' dir='ltr'>caB.</span> <span class='ocrx_word' id='word_1_1203' title='bbox 2657 333 2694 349; x_wconf 83' lang='lat' dir='ltr'>xx.</span> <span class='ocrx_word' id='word_1_1204' title='bbox 2705 333 2754 347; x_wconf 84' lang='lat' dir='ltr'>vers</span> 
     </span>
     <span class='ocr_line' id='line_1_175' title="bbox 2553 355 2762 380; baseline 0.005 -6"><span class='ocrx_word' id='word_1_1205' title='bbox 2553 359 2593 377; x_wconf 77' lang='lat'>10:</span> <span class='ocrx_word' id='word_1_1206' title='bbox 2640 355 2686 374; x_wconf 78' lang='lat' dir='ltr'>eut.</span> <span class='ocrx_word' id='word_1_1207' title='bbox 2711 359 2762 380; x_wconf 79' lang='lat' dir='ltr'>cap.</span> 
     </span>
     <span class='ocr_line' id='line_1_176' title="bbox 2552 385 2730 405; baseline 0 -5"><span class='ocrx_word' id='word_1_1208' title='bbox 2552 385 2606 405; x_wconf 78' lang='lat' dir='ltr'>xxn,</span> <span class='ocrx_word' id='word_1_1209' title='bbox 2622 385 2680 401; x_wconf 87' lang='lat' dir='ltr'>vers.</span> <span class='ocrx_word' id='word_1_1210' title='bbox 2697 386 2730 400; x_wconf 82' lang='lat'>22.</span> 
     </span>
    </p>
   </div>
   <div class='ocr_carea' id='block_1_48' title="bbox 2553 493 2764 647">
    <p class='ocr_par' dir='ltr' id='par_1_68' title="bbox 2553 493 2764 647">
     <span class='ocr_line' id='line_1_177' title="bbox 2553 493 2762 521; baseline 0 -6"><span class='ocrx_word' id='word_1_1211' title='bbox 2553 495 2563 505; x_wconf 91' lang='grc'>·</span> <span class='ocrx_word' id='word_1_1212' title='bbox 2580 494 2631 521; x_wconf 83' lang='lat' dir='ltr'>Dig.</span> <span class='ocrx_word' id='word_1_1213' title='bbox 2653 493 2746 515; x_wconf 83' lang='lat' dir='ltr'>XLVIII</span> <span class='ocrx_word' id='word_1_1214' title='bbox 2757 511 2762 518; x_wconf 80' lang='grc'>,</span> 
     </span>
     <span class='ocr_line' id='line_1_178' title="bbox 2553 520 2764 546; baseline 0 -5"><span class='ocrx_word' id='word_1_1215' title='bbox 2553 527 2574 546; x_wconf 84' lang='grc' dir='ltr'>ν,</span> <span class='ocrx_word' id='word_1_1216' title='bbox 2590 520 2619 541; x_wconf 81' lang='lat' dir='ltr'>de</span> <span class='ocrx_word' id='word_1_1217' title='bbox 2633 520 2764 542; x_wconf 79' lang='lat' dir='ltr'>Adulteriis</span> 
     </span>
     <span class='ocr_line' id='line_1_179' title="bbox 2553 547 2761 573; baseline -0.005 -5"><span class='ocrx_word' id='word_1_1218' title='bbox 2553 547 2703 573; x_wconf 77' lang='lat' dir='ltr'>coercendis,</span> <span class='ocrx_word' id='word_1_1219' title='bbox 2739 553 2761 568; x_wconf 64' lang='grc' dir='ltr'>αι</span> 
     </span>
     <span class='ocr_line' id='line_1_180' title="bbox 2554 573 2763 600; baseline 0 -6"><span class='ocrx_word' id='word_1_1220' title='bbox 2554 576 2605 597; x_wconf 87' lang='lat'><strong>(20)</strong></span> <span class='ocrx_word' id='word_1_1221' title='bbox 2623 579 2649 600; x_wconf 84' lang='lat' dir='ltr'>sq</span> <span class='ocrx_word' id='word_1_1222' title='bbox 2669 581 2688 597; x_wconf 83' lang='lat'>.;</span> <span class='ocrx_word' id='word_1_1223' title='bbox 2705 573 2763 595; x_wconf 70' lang='grc' dir='ltr'>(3οά.</span> 
     </span>
     <span class='ocr_line' id='line_1_181' title="bbox 2554 599 2763 626; baseline 0 -6"><span class='ocrx_word' id='word_1_1224' title='bbox 2554 599 2593 625; x_wconf 84' lang='grc' dir='ltr'>ΙΧ,</span> <span class='ocrx_word' id='word_1_1225' title='bbox 2606 606 2636 626; x_wconf 81' lang='lat' dir='ltr'>ix,</span> <span class='ocrx_word' id='word_1_1226' title='bbox 2665 606 2678 620; x_wconf 89' lang='lat' dir='ltr'>e</span> <span class='ocrx_word' id='word_1_1227' title='bbox 2691 600 2763 621; x_wconf 77' lang='lat' dir='ltr'>Adul-</span> 
     </span>
     <span class='ocr_line' id='line_1_182' title="bbox 2555 626 2763 647; baseline 0.005 -1"><span class='ocrx_word' id='word_1_1228' title='bbox 2555 626 2615 647; x_wconf 80' lang='lat' dir='ltr'>ter-io</span> <span class='ocrx_word' id='word_1_1229' title='bbox 2631 628 2654 646; x_wconf 82' lang='lat' dir='ltr'>et</span> <span class='ocrx_word' id='word_1_1230' title='bbox 2667 626 2696 647; x_wconf 82' lang='lat' dir='ltr'>de</span> <span class='ocrx_word' id='word_1_1231' title='bbox 2709 626 2763 647; x_wconf 87' lang='lat' dir='ltr'>Stu-</span> 
     </span>
    </p>
   </div>
   <div class='ocr_carea' id='block_1_49' title="bbox 2552 658 2643 680">
    <p class='ocr_par' dir='ltr' id='par_1_69' title="bbox 2552 658 2643 680">
     <span class='ocr_line' id='line_1_183' title="bbox 2552 658 2643 680; baseline -0.022 0"><span class='ocrx_word' id='word_1_1232' title='bbox 2552 658 2606 680; x_wconf 67' lang='lat' dir='ltr'>pro,</span> <span class='ocrx_word' id='word_1_1233' title='bbox 2620 659 2643 678; x_wconf 88' lang='lat'>4·</span> 
     </span>
    </p>
   </div>
   <div class='ocr_carea' id='block_1_50' title="bbox 2557 761 2767 835">
    <p class='ocr_par' dir='ltr' id='par_1_70' title="bbox 2557 761 2767 835">
     <span class='ocr_line' id='line_1_184' title="bbox 2558 761 2767 788; baseline 0 -6"><span class='ocrx_word' id='word_1_1234' title='bbox 2558 763 2566 771; x_wconf 86' lang='lat'>¹</span> <span class='ocrx_word' id='word_1_1235' title='bbox 2581 761 2638 788; x_wconf 85' lang='lat' dir='ltr'>Cap.</span> <span class='ocrx_word' id='word_1_1236' title='bbox 2663 761 2691 782; x_wconf 87' lang='lat' dir='ltr'>Si</span> <span class='ocrx_word' id='word_1_1237' title='bbox 2712 768 2767 783; x_wconf 80' lang='lat' dir='ltr'>vero</span> 
     </span>
     <span class='ocr_line' id='line_1_185' title="bbox 2557 788 2767 813; baseline 0.01 -5"><span class='ocrx_word' id='word_1_1238' title='bbox 2557 788 2698 813; x_wconf 72' lang='lat' dir='ltr'>alicuius,d2</span> <span class='ocrx_word' id='word_1_1239' title='bbox 2704 788 2767 810; x_wconf 81' lang='lat' dir='ltr'>Sent.</span> 
     </span>
     <span class='ocr_line' id='line_1_186' title="bbox 2558 813 2674 835; baseline 0 0"><span class='ocrx_word' id='word_1_1240' title='bbox 2558 813 2674 835; x_wconf 78' lang='lat' dir='ltr'>Excomm.</span> 
     </span>
    </p>
   </div>
   <div class='ocr_carea' id='block_1_51' title="bbox 2558 974 2770 1229">
    <p class='ocr_par' dir='ltr' id='par_1_71' title="bbox 2558 974 2769 1055">
     <span class='ocr_line' id='line_1_187' title="bbox 2558 974 2769 1001; baseline 0 -5"><span class='ocrx_word' id='word_1_1241' title='bbox 2558 974 2769 1001; x_wconf 74' lang='lat' dir='ltr'>‘Instit.w‚xvm‚</span> 
     </span>
     <span class='ocr_line' id='line_1_188' title="bbox 2559 1001 2769 1033; baseline 0.005 -11"><span class='ocrx_word' id='word_1_1242' title='bbox 2559 1001 2696 1033; x_wconf 40' lang='lat' dir='ltr'>de&#39;Publicis</span> <span class='ocrx_word' id='word_1_1243' title='bbox 2706 1002 2769 1023; x_wconf 75' lang='lat' dir='ltr'>ludi—</span> 
     </span>
     <span class='ocr_line' id='line_1_189' title="bbox 2559 1034 2649 1055; baseline 0.011 -6"><span class='ocrx_word' id='word_1_1244' title='bbox 2559 1034 2611 1055; x_wconf 76' lang='lat' dir='ltr'>cns,</span> <span class='ocrx_word' id='word_1_1245' title='bbox 2626 1035 2649 1055; x_wconf 79' lang='grc'>4.</span> 
     </span>
    </p>

    <p class='ocr_par' dir='ltr' id='par_1_72' title="bbox 2559 1068 2770 1229">
     <span class='ocr_line' id='line_1_190' title="bbox 2592 1068 2769 1094; baseline 0 -5"><span class='ocrx_word' id='word_1_1246' title='bbox 2592 1068 2648 1090; x_wconf 79' lang='lat' dir='ltr'>Dist.</span> <span class='ocrx_word' id='word_1_1247' title='bbox 2673 1074 2752 1089; x_wconf 81' lang='lat' dir='ltr'>xxxvii</span> <span class='ocrx_word' id='word_1_1248' title='bbox 2763 1084 2769 1094; x_wconf 84' lang='lat'>,</span> 
     </span>
     <span class='ocr_line' id='line_1_191' title="bbox 2559 1094 2769 1143; baseline 0 -1"><span class='ocrx_word' id='word_1_1249' title='bbox 2559 1094 2681 1143; x_wconf 55' lang='grc' dir='ltr'>ἓέηαῌῗ</span> <span class='ocrx_word' id='word_1_1250' title='bbox 2697 1094 2769 1143; x_wconf 62' lang='grc' dir='ltr'>.””ἑ’ὲῑ</span> 
     </span>
     <span class='ocr_line' id='line_1_192' title="bbox 2559 1148 2770 1171; baseline 0.009 -2"><span class='ocrx_word' id='word_1_1251' title='bbox 2559 1154 2610 1169; x_wconf 88' lang='lat' dir='ltr'>can.</span> <span class='ocrx_word' id='word_1_1252' title='bbox 2625 1148 2688 1169; x_wconf 77' lang='lat' dir='ltr'>Inter</span> <span class='ocrx_word' id='word_1_1253' title='bbox 2705 1148 2770 1171; x_wconf 77' lang='lat' dir='ltr'>naec,</span> 
     </span>
     <span class='ocr_line' id='line_1_193' title="bbox 2559 1174 2769 1229; baseline -0.005 -33"><span class='ocrx_word' id='word_1_1254' title='bbox 2559 1181 2640 1229; x_wconf 42' lang='lat' dir='ltr'>{tasin</span> <span class='ocrx_word' id='word_1_1255' title='bbox 2656 1174 2754 1196; x_wconf 82' lang='lat' dir='ltr'>XXXIII</span> <span class='ocrx_word' id='word_1_1256' title='bbox 2765 1192 2769 1200; x_wconf 82' lang='lat'>‚</span> 
     </span>
    </p>
   </div>
   <div class='ocr_carea' id='block_1_52' title="bbox 2559 1289 2772 1424">
    <p class='ocr_par' dir='ltr' id='par_1_73' title="bbox 2559 1289 2772 1424">
     <span class='ocr_line' id='line_1_194' title="bbox 2560 1289 2771 1317; baseline 0 -7"><span class='ocrx_word' id='word_1_1257' title='bbox 2560 1292 2570 1301; x_wconf 88' lang='grc'><em>·</em></span> <span class='ocrx_word' id='word_1_1258' title='bbox 2591 1289 2647 1311; x_wconf 84' lang='lat' dir='ltr'>Can.</span> <span class='ocrx_word' id='word_1_1259' title='bbox 2671 1289 2700 1311; x_wconf 80' lang='lat' dir='ltr'>Si</span> <span class='ocrx_word' id='word_1_1260' title='bbox 2719 1289 2771 1317; x_wconf 72' lang='lat' dir='ltr'>quis</span> 
     </span>
     <span class='ocr_line' id='line_1_195' title="bbox 2559 1322 2770 1370; baseline 0 -6"><span class='ocrx_word' id='word_1_1261' title='bbox 2559 1322 2770 1370; x_wconf 52' lang='lat' dir='ltr'>ffl‘ift’qufffsssss</span> 
     </span>
     <span class='ocr_line' id='line_1_196' title="bbox 2560 1369 2771 1392; baseline -0.009 0"><span class='ocrx_word' id='word_1_1262' title='bbox 2560 1370 2596 1392; x_wconf 77' lang='lat' dir='ltr'>Cf.</span> <span class='ocrx_word' id='word_1_1263' title='bbox 2614 1369 2702 1391; x_wconf 82' lang='lat' dir='ltr'>ibidem</span> <span class='ocrx_word' id='word_1_1264' title='bbox 2721 1375 2771 1391; x_wconf 83' lang='lat' dir='ltr'>can.</span> 
     </span>
     <span class='ocr_line' id='line_1_197' title="bbox 2559 1395 2772 1424; baseline 0 -7"><span class='ocrx_word' id='word_1_1265' title='bbox 2559 1395 2628 1424; x_wconf 75' lang='lat' dir='ltr'>Apud</span> <span class='ocrx_word' id='word_1_1266' title='bbox 2640 1401 2684 1417; x_wconf 79' lang='lat' dir='ltr'>nos</span> <span class='ocrx_word' id='word_1_1267' title='bbox 2699 1402 2738 1424; x_wconf 83' lang='lat' dir='ltr'>qu.</span> <span class='ocrx_word' id='word_1_1268' title='bbox 2749 1403 2772 1418; x_wconf 85' lang='lat' dir='ltr'>v.</span> 
     </span>
    </p>
   </div>
   <div class='ocr_carea' id='block_1_53' title="bbox 2563 1811 2773 1860">
    <p class='ocr_par' dir='ltr' id='par_1_74' title="bbox 2563 1811 2773 1860">
     <span class='ocr_line' id='line_1_198' title="bbox 2563 1811 2773 1839; baseline 0.005 -7"><span class='ocrx_word' id='word_1_1269' title='bbox 2563 1814 2572 1822; x_wconf 84' lang='lat'><strong>·</strong></span> <span class='ocrx_word' id='word_1_1270' title='bbox 2580 1811 2636 1833; x_wconf 92' lang='lat' dir='ltr'>Loc.</span> <span class='ocrx_word' id='word_1_1271' title='bbox 2645 1811 2683 1832; x_wconf 90' lang='lat' dir='ltr'>cit.</span> <span class='ocrx_word' id='word_1_1272' title='bbox 2692 1812 2714 1832; x_wconf 89' lang='lat' dir='ltr'>in</span> <span class='ocrx_word' id='word_1_1273' title='bbox 2726 1818 2773 1839; x_wconf 86' lang='lat' dir='ltr'>arg.</span> 
     </span>
     <span class='ocr_line' id='line_1_199' title="bbox 2563 1838 2724 1860; baseline 0 0"><span class='ocrx_word' id='word_1_1274' title='bbox 2563 1838 2611 1860; x_wconf 76' lang='lat' dir='ltr'>Sed</span> <span class='ocrx_word' id='word_1_1275' title='bbox 2624 1840 2685 1859; x_wconf 85' lang='lat' dir='ltr'>cont.</span> <span class='ocrx_word' id='word_1_1276' title='bbox 2706 1845 2724 1860; x_wconf 88' lang='grc' dir='ltr'>ι.</span> 
     </span>
    </p>
   </div>
   <div class='ocr_carea' id='block_1_54' title="bbox 2563 2087 2775 2142">
    <p class='ocr_par' dir='ltr' id='par_1_75' title="bbox 2563 2087 2775 2142">
     <span class='ocr_line' id='line_1_200' title="bbox 2563 2087 2775 2109; baseline 0 0"><span class='ocrx_word' id='word_1_1277' title='bbox 2563 2089 2574 2099; x_wconf 81' lang='lat'><strong>‘</strong></span> <span class='ocrx_word' id='word_1_1278' title='bbox 2588 2087 2623 2109; x_wconf 81' lang='lat' dir='ltr'>cf.</span> <span class='ocrx_word' id='word_1_1279' title='bbox 2639 2088 2683 2109; x_wconf 88' lang='lat' dir='ltr'>loc.</span> <span class='ocrx_word' id='word_1_1280' title='bbox 2699 2088 2738 2109; x_wconf 77' lang='lat' dir='ltr'>cit.</span> <span class='ocrx_word' id='word_1_1281' title='bbox 2753 2089 2775 2109; x_wconf 90' lang='lat' dir='ltr'>in</span> 
     </span>
     <span class='ocr_line' id='line_1_201' title="bbox 2563 2120 2647 2142; baseline 0.024 -7"><span class='ocrx_word' id='word_1_1282' title='bbox 2563 2120 2612 2142; x_wconf 87' lang='lat' dir='ltr'>arg.</span> <span class='ocrx_word' id='word_1_1283' title='bbox 2627 2120 2647 2137; x_wconf 82' lang='lat'>2.</span> 
     </span>
    </p>
   </div>
   <div class='ocr_carea' id='block_1_55' title="bbox 2562 2880 2772 2935">
    <p class='ocr_par' dir='ltr' id='par_1_76' title="bbox 2562 2880 2772 2935">
     <span class='ocr_line' id='line_1_202' title="bbox 2563 2880 2772 2903; baseline -0.01 0"><span class='ocrx_word' id='word_1_1284' title='bbox 2563 2883 2573 2893; x_wconf 85' lang='lat'><strong>‘</strong></span> <span class='ocrx_word' id='word_1_1285' title='bbox 2589 2880 2624 2903; x_wconf 85' lang='lat' dir='ltr'>Cf.</span> <span class='ocrx_word' id='word_1_1286' title='bbox 2636 2881 2680 2902; x_wconf 87' lang='lat' dir='ltr'>loc.</span> <span class='ocrx_word' id='word_1_1287' title='bbox 2695 2881 2733 2902; x_wconf 85' lang='lat' dir='ltr'>cit.</span> <span class='ocrx_word' id='word_1_1288' title='bbox 2750 2880 2772 2901; x_wconf 91' lang='lat' dir='ltr'>in</span> 
     </span>
     <span class='ocr_line' id='line_1_203' title="bbox 2562 2914 2609 2935; baseline 0 -6"><span class='ocrx_word' id='word_1_1289' title='bbox 2562 2914 2609 2935; x_wconf 80' lang='lat' dir='ltr'>arg.</span> 
     </span>
    </p>
   </div>
  </div>
 </body>
</html>
