2918 4088
77 809 89 821 ·
103 807 160 835 cap.
174 813 222 829 xm.

77 969 89 981 ·
102 967 170 990 vm.
180 973 213 995 25,
230 967 265 989 26.

74 1184 88 1196 ‘
101 1182 178 1206 Tract-
193 1182 276 1205 Lxxx
281 1198 286 1203 .

74 1334 220 1363 ‘Am2‚3.

1012 205 1274 253 QUAESTIO
1303 205 1391 251 LX,
1421 205 1712 242 ARTICULUS
1741 207 1791 242 VI
2463 223 2485 258 9

373 295 406 320 2.
437 284 668 327 ΡΜΕΤΕΚΕΑ,
689 291 972 320 sacramentum
991 293 1046 321 est
1069 283 1212 333 aliquid
1240 295 1376 320 unum.

319 336 377 372 Ex
405 335 464 372 his
492 342 622 372 autem
650 347 750 384 quae
778 344 866 372 sunt
903 336 1145 373 diversorum
1179 347 1378 383 generum,

318 399 398 424 non
425 387 578 424 videtur
604 399 717 436 posse
745 387 888 437 aliquid
915 401 1041 425 unum
1059 388 1153 424 fieri.
1184 388 1283 424 Cum
1314 386 1378 435 igi—

318 448 379 477 tur
397 452 456 477 res
485 439 678 477 sensibiles
698 448 734 477 et
761 441 879 477 verba
907 440 980 477 sint
998 441 1239 477 diversorum
1266 451 1378 486 gene-

318 504 418 539 rum,
439 492 530 541 quia
549 504 609 529 res
637 492 832 530 sensibiles
851 501 940 529 sunt
958 506 980 530 a
1008 500 1154 538 natura,
1174 492 1293 529 verba
1312 504 1378 529 au-

317 553 396 581 tem
424 557 447 582 a
465 544 632 591 ratione,
661 545 814 582 videtur
840 545 947 593 quod
975 545 1014 581 in
1034 544 1279 581 sacramentis
1299 556 1379 581 non

317 596 560 646 requirantur
587 597 705 634 verba
732 610 823 634 cum
851 597 965 634 rebus
993 596 1245 633 sensibilibus.

373 649 406 686 3.
428 650 668 696 PRAETEREA,
699 657 935 686 sacramenta
971 661 1097 686 novae
1134 649 1224 697 legis
1253 661 1378 686 succe-

318 756 385 790 ista
411 761 495 791 sunt
519 756 690 799 instituta,
709 761 751 790 ut
769 753 1004 801 Augustinus
1023 753 1122 800 dicit,
1143 754 1230 791 XIX
1249 760 1379 791 contra

317 809 495 844 Faustum
513 806 544 843 ³¹².
575 806 652 843 Sed
679 805 718 842 in
747 806 992 843 sacramentis
1019 806 1156 843 veteris
1180 806 1270 854 legis
1298 819 1378 843 non

318 858 582 908 requirebatur
609 858 736 906 aliqua
762 858 886 895 forma
913 859 1135 896 verborum.
1177 859 1279 906 Ergo
1308 871 1379 896 nec

317 910 356 948 in
385 910 629 948 sacramentis
657 922 782 947 novae
810 911 912 959 legis.

370 963 444 1000 SED
459 975 604 1000 CONTRA
618 974 684 1000 Es‘r
698 963 805 1012 quod
820 965 1027 1013 Apostolus
1042 963 1142 1012 dicit,
1153 966 1286 1013 Ephes.
1302 977 1326 1001 v
1339 964 1376 1001 *ε

320 1016 483 1053 Christus
510 1016 637 1053 dilexit
662 1016 885 1062 Ecclesiam,
914 1022 946 1053 et
973 1016 1120 1053 tradidit
1146 1018 1377 1067 semetipsum

310 1080 384 1117 pro
412 1080 469 1114 ea,
490 1074 528 1106 ut
555 1068 657 1106 illam
684 1071 941 1118 sanctificaret,
962 1069 1146 1106 mundans
1165 1081 1248 1106 eam
1276 1070 1378 1108 lava-

315 1133 381 1158 cro
417 1133 538 1171 aquae
564 1123 601 1158 in
629 1123 742 1159 verbo
778 1124 884 1160 vitae.
923 1123 971 1168 Et
998 1121 1233 1170 Augustinus
1268 1122 1376 1169 dicit,

313 1185 425 1222 super
451 1175 559 1211 Ioan.
579 1173 616 1210 *ε
645 1174 797 1212 Accedit
823 1177 976 1213 verbum
1005 1175 1056 1212 ad
1081 1176 1316 1222 elementum,
1346 1181 1379 1213 et

302 1228 354 1274 fit
379 1233 666 1264 sacramentum.

365 1280 592 1317 Respommo
610 1291 792 1318 mcENDUM
811 1281 918 1330 quod
940 1289 1188 1327 sacramenta,
1209 1280 1304 1317 sicut
1323 1281 1377 1318 di-

314 1339 420 1371 ctum
439 1340 495 1369 est
511 1332 553 1381 *Ἀ
562 1332 793 1371 adhibentur
811 1333 860 1370 ad
888 1333 1095 1370 hominum
1114 1332 1376 1370 sanctificatio-

313 1385 529 1423 nemsssic‘tit
556 1386 749 1434 quaedam
777 1385 893 1434 signa.
923 1385 1136 1435 Tripliciter
1163 1397 1253 1434 ergo
1286 1398 1376 1423 con-

314 1438 469 1475 siderari
496 1445 675 1487 possunt:
705 1446 741 1474 et
769 1438 940 1487 quolibet
967 1438 1087 1475 modo
1122 1438 1296 1487 congruit
1324 1439 1376 1476 eis

313 1491 422 1541 quod
439 1490 559 1528 verba
572 1491 687 1527 rebus
701 1490 942 1528 sensibilibus
957 1491 1223 1539 adiungantur.
1244 1491 1376 1530 Primo

313 1543 419 1581 enim
436 1551 600 1592 possunt
626 1543 858 1581 considerari
877 1555 923 1580 ex
949 1551 1056 1592 parte
1075 1556 1213 1580 causae
1242 1541 1376 1582 sancti-⁴

312 1596 473 1644 ficanfis,
494 1607 593 1645 quae
613 1603 668 1632 est
691 1595 866 1633 Verbum
883 1595 1142 1632 incarnatum:
1173 1596 1235 1633 cui
1255 1609 1376 1634 sacra-

254 1658 258 1660 ·
312 1656 488 1686 mentum
507 1648 802 1698 quodammodo
821 1649 1084 1685 conformatur
1102 1648 1141 1684 in
1169 1649 1244 1685 hoc
1270 1650 1377 1698 quod

75 2123 287 2152 'lalana-Evam„

74 2154 140 2174 unct.
155 2149 246 2178 thxx.

75 2179 98 2190 “¹
111 2177 179 2200 veru.
192 2183 213 2206 3.

313 1701 367 1739 rei
401 1700 566 1739 sensibili
599 1700 765 1741 verbum
800 1700 1018 1747 adhibetur,
1048 1701 1144 1738 sicut
1171 1701 1209 1737 in
1238 1709 1378 1751 myste-

313 1755 370 1792 rio
398 1753 668 1791 incarnationis
696 1753 799 1790 carni
828 1753 995 1790 sensibili
1022 1761 1078 1791 est
1103 1754 1278 1791 Verbum
1306 1755 1378 1792 Dei

312 1807 477 1846 unitum.

367 1860 548 1898 Secundo
585 1867 747 1908 possunt
783 1858 1015 1896 considerari
1060 1867 1297 1897 sacramenta
1333 1871 1378 1896 ex

312 1921 418 1964 parte
447 1912 616 1950 hominis
643 1912 711 1961 qui
738 1911 1007 1959 sanctificatur,
1038 1912 1105 1961 qui
1133 1912 1380 1962 componitur

313 1979 359 2004 ex
388 1965 518 2003 anima
545 1973 580 2002 et
607 1976 790 2014 corpore:
820 1964 883 2002 cui
909 1965 1224 2014 proportionatur
1256 1977 1378 2002 sacra-

313 2018 488 2057 mentalis
507 2017 710 2064 medicina,
731 2030 830 2067 quae
849 2029 919 2067 per
943 2029 1026 2054 rem
1045 2016 1060 2047 β
1087 2017 1277 2055 visibilem
1297 2030 1379 2055 cor-

313 2085 388 2122 pus
414 2071 552 2119 tangit,
582 2079 619 2108 et
645 2083 714 2120 per
749 2071 916 2108 verbum
952 2070 1000 2107 ab
1036 2070 1166 2108 anima
1202 2071 1378 2108 creditur.

314 2125 426 2163 Unde
454 2123 690 2173 Augustinus
718 2123 807 2160 dicit
825 2123 855 2171 ³¹³,
876 2135 992 2172 super
1019 2123 1112 2160 illud
1135 2125 1239 2161 Ioan.
1259 2137 1308 2161 xv
1325 2125 1378 2172 ³²¹⁵,

313 2179 399 2215 Iam
418 2189 483 2215 vos
501 2177 633 2214 mundi
649 2178 730 2213 estis
743 2182 900 2226 propter
916 2189 1127 2214 sermonem
1151 2185 1240 2214 etc.:
1275 2179 1381 2215 Unde

315 2233 382 2269 ista
418 2235 468 2268 est
501 2236 604 2267 tanta
638 2231 752 2267 virtus
783 2241 905 2279 aquae
941 2235 978 2266 ut
1014 2242 1148 2279 corpus
1182 2236 1314 2280 tangat
1347 2237 1381 2268 et

314 2297 382 2322 cor
408 2283 548 2330 abluat,
576 2284 647 2319 nisi
661 2283 830 2330 faciente
856 2284 987 2329 verbo,
1015 2295 1089 2320 non
1114 2284 1200 2332 quia
1228 2283 1378 2331 dicitur,

314 2337 380 2375 sed
405 2338 492 2386 quia
519 2335 712 2373 creditur?

366 2389 500 2427 Tertio
527 2396 652 2438 potest
669 2393 685 2416 Υ
714 2388 946 2426 considerari
979 2401 1023 2425 ex
1051 2396 1157 2438 parte
1186 2388 1305 2438 ipsius
1333 2389 1380 2426 si-

315 2442 568 2492 gnificationis
596 2441 888 2479 sacramentalis.
922 2441 1023 2478 Dicit
1059 2449 1189 2479 autern
1208 2441 1221 2463 ⁶
1249 2443 1379 2491 Augu-

316 2495 447 2542 stinus,
468 2495 508 2532 in
535 2495 565 2532 11
593 2495 638 2531 de
663 2495 770 2532 Doct.
795 2493 982 2542 Christ.'*,
1011 2494 1118 2544 quod
1145 2497 1259 2532 verba
1287 2497 1382 2533 inter

316 2549 482 2594 homines
522 2549 756 2585 obtinuerunt
789 2549 1039 2597 principatum
1068 2553 1080 2568 ⁵
1122 2549 1382 2597 significandi:

317 2601 408 2651 quia
434 2600 554 2638 verba
580 2600 838 2649 diversimode
870 2600 1027 2638 formari
1059 2608 1222 2649 possunt
1256 2601 1304 2638 ad
1333 2601 1379 2638 si-

316 2653 555 2703 gnificandos
574 2653 746 2690 diversos
764 2661 973 2702 conceptus
1000 2653 1149 2700 mentis,
1170 2661 1206 2689 et
1223 2662 1381 2703 propter

371 2767 399 2802 α)
417 2767 570 2793 succedunt.
589 2781 608 2785 -
624 2766 801 2792 succederunt
819 2767 842 2795 b,
861 2771 1044 2792 successerunt
1062 2767 1105 2792 Pc.

371 2803 398 2837 β)
412 2810 464 2835 per
482 2810 546 2828 rem.
558 2816 578 2821 —
595 2802 616 2826 E
635 2807 661 2826 et
678 2802 752 2826 tertia
770 2807 871 2834 praeter
883 2802 907 2832 1;
922 2809 974 2833 per
987 2805 1096 2834 partem
1115 2803 1146 2834 D,
1161 2806 1269 2835 partem
1290 2802 1380 2833 ceteri;

317 2847 366 2873 pro
383 2845 490 2870 corpus,
508 2838 608 2863 scilicet
625 2844 722 2869 corpus
741 2837 770 2862 F.
825 2856 827 2858 .

371 2874 398 2908 γ)
414 2877 513 2906 potest.
530 2887 549 2892 —
563 2877 678 2906 possunt
696 2873 726 2897 Ρ.

371 2909 397 2943 ὃ)
416 2913 515 2935 autem.
531 2923 552 2928 -
569 2909 638 2933 enim
658 2907 809 2937 EFGHabc,
827 2915 881 2932 om.
900 2908 943 2933 Al.

373 2946 395 2979 ε)
410 2945 603 2977 principatum.
621 2958 640 2962 -
659 2944 722 2972 P1a;
736 2943 926 2975 principaliter
944 2943 973 2974 F,
988 2942 1159 2975 principatus
1177 2943 1264 2968 ceteri.

371 2981 397 3016 ζ)
417 2984 442 3006 te
461 2980 575 3013 baptizo.
592 2994 611 2998 —
629 2979 735 3011 baptizo
754 2982 779 3003 te
798 2978 857 3007 Bbc,
877 2978 982 3011 bapn'zo
1002 2978 1060 3003 GH.

1434 284 1509 319 hoc
1535 295 1605 331 per
1631 284 1749 320 verba
1776 284 1896 331 magis
1923 285 2093 321 distincte
2125 298 2331 334 possumus
2369 289 2489 338 expri-

1433 347 1538 371 mere
1567 336 1674 383 quod
1702 344 1829 372 mente
1858 337 2107 385 concipimus.
2141 339 2188 374 Et
2216 339 2302 376 ideo
2331 341 2378 376 ad
2405 353 2488 389 per-

1433 387 1636 424 fectionem
1656 387 1938 435 significationis
1958 390 2237 426 sacramentalis
2252 403 2404 429 necesse
2423 388 2490 430 fuit

1433 449 1475 477 ut
1494 439 1718 488 significatio
1738 452 1867 477 rerum
1887 441 2122 478 sensibilium
2141 454 2210 490 per
2228 443 2354 491 aliqua
2373 446 2489 482 verba

1433 492 1761 530 determinaretur.
1790 494 1903 541 Aqua
1931 494 2035 530 enim
2069 493 2278 541 significare
2306 504 2427 544 potest
2455 507 2490 534 et

1434 545 1671 582 ablutionem
1703 553 1860 594 propter
1887 558 1998 582 suam
2026 546 2303 594 humiditatem,
2327 557 2362 584 et
2390 550 2489 586 refri-

1433 597 1582 645 gerium
1613 605 1770 646 propter
1797 610 1908 634 suam
1935 598 2189 646 frigiditatem:
2225 600 2290 636 sed
2319 613 2408 637 cum
2437 602 2490 638 di-

1406 674 1407 700 }
1434 650 1540 696 citur,
1569 652 1654 699 Ego
1682 656 1716 686 te
1743 652 1884 699 baptizo
1910 650 1932 697 ζ,
1962 651 2222 687 manifestatur
2258 654 2362 700 quod
2391 666 2491 702 aqua

318 702 414 738 dunt
434 707 450 724 α
470 701 714 739 sacramentis
732 701 868 738 veteris
888 701 997 749 legis:
1027 701 1128 750 quia,
1149 702 1218 738 illis
1237 702 1377 748 ablatis,
1406 701 1407 709 ¹

1434 703 1579 739 utimur
1607 702 1646 739 in
1674 702 1864 751 baptismo
1900 703 1949 739 ad
1986 703 2273 751 significandam
2307 707 2490 743 emunda-

1433 755 1578 792 tionem
1607 754 1852 804 spiritualem.

1487 809 1544 844 AD
1564 819 1698 845 Palmum
1718 820 1815 844 ERGO
1843 820 2023 845 DICENDUM
2048 809 2154 857 quod
2174 821 2232 844 res
2251 809 2416 846 visibiles
2435 824 2491 847 sa-

1434 868 1719 897 cramentorum
1755 860 1933 897 dicuntur
1966 860 2083 897 verba
2111 873 2179 909 per
2207 861 2492 899 similitudinem

1434 914 1641 962 quandam,
1653 913 1883 962 inquantum
1903 913 2039 949 scilicet
2054 913 2277 962 participant
2296 916 2489 963 quandam

1433 965 1514 1002 vim
1542 965 1798 1014 significandi,
1832 977 1930 1014 quae
1965 965 2221 1015 principaliter
2249 974 2302 1003 est
2329 966 2369 1004 in
2402 967 2492 1017 ipsis

1432 1018 1572 1065 verbis,
1593 1026 1634 1055 ut
1661 1018 1806 1055 dictum
1835 1025 1888 1054 est
1906 1018 1937 1054 ²⁸.
1975 1019 2023 1055 Et
2050 1018 2137 1055 ideo
2166 1031 2246 1056 non
2279 1027 2336 1056 est-
2361 1032 2491 1069 super-

1433 1070 1513 1108 flua
1540 1070 1785 1119 ingeminatio
1813 1070 2022 1107 verborum
2058 1083 2148 1108 cum
2176 1071 2216 1108 in
2247 1073 2492 1110 sacramentis

1433 1124 1547 1161 rebus
1575 1123 1786 1160 visibilibus
1818 1123 1935 1160 verba
1955 1129 1972 1150 η
2001 1123 2213 1161 adduntur:
2250 1124 2340 1173 quia
2367 1138 2492 1162 unum

1433 1189 1572 1214 eorum
1599 1177 1872 1213 determinatur
1898 1187 1967 1225 per
1994 1176 2114 1223 aliud,
2144 1184 2186 1213 ut
2213 1177 2355 1214 dictum
2385 1186 2440 1214 est
2458 1178 2489 1214 ⁹¹².

1485 1231 1542 1266 AD
1562 1241 1750 1267 SECUNDUM
1778 1241 1957 1266 memnon
1984 1229 2102 1278 quod,
2123 1229 2300 1278 quamvis
2319 1230 2437 1267 verba
2456 1239 2492 1267 et

1432 1282 1526 1319 aliae
1555 1294 1614 1318 res
1642 1281 1837 1319 sensibiles
1866 1281 1938 1318 sint
1966 1281 2005 1318 in
2033 1281 2184 1318 diverso
2203 1294 2340 1329 genere
2369 1295 2490 1331 quan-

1431 1343 1512 1372 tum
1542 1334 1703 1384 pertinet
1730 1334 1778 1371 ad
1806 1342 1980 1371 naturam
2011 1334 2075 1381 rei,
2100 1334 2335 1371 conveniunt
2362 1343 2491 1372 tamen

1431 1388 1576 1425 ratione
1605 1386 1851 1436 significandi.
1882 1387 1993 1434 Quae
2017 1386 2216 1436 perfectius
2235 1395 2289 1423 est
2308 1388 2347 1424 in
2366 1388 2491 1425 verbis

1431 1453 1547 1490 quarn
1579 1440 1617 1477 in
1645 1439 1725 1477 aliis
1753 1440 1878 1477 rebus.
1908 1440 1956 1475 Et
1983 1439 2069 1476 ideo
2098 1451 2144 1476 ex
2171 1439 2297 1476 verbis
2323 1448 2359 1477 et
2378 1441 2492 1477 rebus

1430 1493 1474 1530 fit
1501 1492 1794 1542 quodammodo
1826 1503 1952 1529 unum
1979 1491 2018 1528 in
2046 1491 2291 1529 sacramentis
2323 1492 2418 1529 sicut
2446 1506 2492 1530 ex

1430 1546 1554 1582 forma
1582 1553 1618 1581 et
1645 1545 1820 1581 materia:
1858 1544 2086 1592 inquantum
2115 1544 2252 1581 scilicet
2279 1557 2348 1594 per
2374 1546 2492 1582 verba

1430 1597 1626 1646 perficitur
1658 1596 1880 1644 significatio
1914 1608 2055 1642 rerum,
2084 1604 2126 1633 ut
2158 1596 2302 1633 dictum
2335 1605 2390 1634 est
2407 1598 2437 1634 ²¹⁴.
2466 1621 2491 1625 —

1433 1650 1515 1687 Sub
1547 1650 1661 1686 rebus
1696 1656 1826 1686 autem
1860 1649 2241 1697 comprehenduntur
2273 1649 2386 1686 etiam
2421 1650 2493 1698 ipsi

1432 1710 1538 1740 actus
1566 1701 1773 1748 sensibiles,
1806 1709 1899 1750 puta
1926 1701 2068 1738 ablutio
2098 1708 2133 1737 et
2160 1699 2322 1738 uncti0·⁶
2355 1710 2390 1738 et
2422 1702 2493 1739 alia

1432 1754 1676 1793 huiusmodi:
1707 1754 1798 1803 quia
1825 1753 1864 1790 in
1892 1753 1951 1790 his
1979 1761 2034 1790 est
2061 1753 2197 1790 eadem
2231 1753 2324 1790 ratio
2353 1754 2493 1802 signifi-

1432 1808 1544 1846 candi
1572 1815 1608 1844 et
1635 1807 1674 1844 in
1703 1807 1828 1843 rebus.

1485 1862 1542 1897 Ao
1569 1872 1728 1897 TERTmM
1755 1871 1935 1896 mci-:NDUM
1971 1859 2098 1907 quod,
2127 1858 2223 1895 sicut
2258 1859 2493 1912 Augustinus

1433 1913 1533 1960 dicit,
1563 1919 1693 1950 contra
1720 1914 1898 1949 Faustum
1915 1910 1956 1958 *,
1985 1911 2058 1948 alia
2090 1911 2230 1948 debent
2262 1924 2344 1948 esse
2372 1925 2492 1949 sacra-

1433 1974 1563 2003 menta
1591 1965 1644 2002 rei
1671 1963 1891 2015 praesentis,
1921 1971 1956 2000 et
1984 1963 2055 2000 alia
2083 1963 2136 2000 rei
2163 1964 2322 2001 futurae.
2363 1965 2493 2002 Sacra-

1433 2027 1563 2056 menta
1590 2026 1720 2055 autem
1738 2017 1875 2054 veteris
1903 2016 1993 2064 legis
2015 2017 2242 2066 praenuntia
2261 2025 2367 2054 erant
2386 2018 2493 2054 Chri-

1434 2072 1479 2109 sti
1497 2071 1660 2108 venturi.
1690 2071 1738 2107 Et
1756 2070 1843 2107 ideo
1863 2081 1943 2106 non
1970 2069 2020 2106 ita
2038 2081 2213 2118 expresse
2233 2069 2494 2118 significabant

1435 2124 1629 2162 Christum
1660 2123 1756 2160 sicut
1783 2130 2019 2160 sacramenta
2043 2134 2168 2159 novae
2196 2122 2296 2170 legis,
2317 2136 2417 2172 quae
2445 2124 2493 2160 ab

1433 2178 1517 2226 ipso
1547 2176 1698 2214 Christo
1727 2175 1899 2222 effluunt,
1920 2182 1956 2211 et
1983 2175 2180 2224 quandam
2207 2175 2494 2213 similitudinem

1434 2230 1552 2280 ipsius
1571 2230 1611 2266 in
1639 2241 1678 2266 se
1698 2228 1852 2275 habent,
1872 2236 1914 2264 ut
1941 2227 2086 2264 dictum
2106 2235 2160 2264 est
2177 2227 2208 2264 *.
2229 2250 2254 2254 —
2282 2228 2494 2265 Utebantur

1433 2291 1563 2320 tamen
1583 2283 1622 2319 in
1648 2281 1767 2318 veteri
1793 2282 1872 2329 lege
1899 2280 2088 2329 aliquibus
2110 2280 2238 2317 verbis
2257 2280 2296 2317 in
2315 2280 2374 2317 his
2393 2294 2492 2330 quae

1434 2336 1483 2373 ad
1502 2337 1646 2372 cultum
1662 2334 1735 2371 Dei
1749 2333 1948 2383 pertinent,
1964 2341 2042 2370 tam
2062 2333 2285 2380 sacerdotes,
2301 2334 2367 2382 qui
2387 2343 2494 2371 erant

1434 2395 1762 2426 sacramentorum
1787 2386 1937 2423 illorum
1967 2385 2138 2433 ministri,
2159 2387 2373 2423 secundum
2401 2386 2493 2424 illud

1433 2443 1550 2479 Num.
1570 2453 1604 2478 Vl
1623 2440 1662 2487 ²¹²,
1690 2441 1750 2477 Sic
1781 2439 1996 2476 benedicetis
2011 2439 2106 2487 filiis
2141 2440 2261 2476 Israel
2267 2453 2279 2475 .-
2312 2445 2345 2475 et
2372 2439 2494 2476 dicetis

1435 2497 1496 2541 eis,
1515 2494 1716 2531 Benedicat
1743 2494 1808 2529 tibi
1829 2493 2024 2537 Dominus,
2045 2499 2134 2537 etc.;
2164 2503 2284 2540 quam
2311 2491 2424 2528 etiam
2443 2492 2493 2529 illi

1435 2546 1502 2596 qui
1529 2546 1599 2583 illis
1627 2544 1870 2582 sacramentis
1896 2545 2101 2581 utebantur
2118 2550 2138 2590 ²,
2160 2544 2371 2581 secundum
2401 2545 2492 2581 illud

1434 2602 1542 2637 Deut.
1557 2611 1640 2636 xxw
1658 2598 1692 2635 *ε
1721 2599 1906 2646 Profiteor
1924 2597 2031 2635 hodie
2046 2604 2062 2619 ²
2081 2609 2210 2634 coram
2230 2598 2392 2634 Domino
2411 2599 2492 2634 Deo

1433 2659 1507 2698 tuo,
1537 2659 1606 2689 etc.

1485 2765 1512 2799 η)
1533 2766 1621 2791 verba.
1638 2779 1656 2783 -
1674 2772 1690 2789 a
1705 2769 1731 2789 et
1748 2764 1835 2794 tertia;
1854 2768 1913 2788 ante
1932 2763 2009 2788 rebus
2029 2762 2101 2795 ponit
2117 2762 2146 2791 F,
2166 2767 2226 2795 post
2245 2763 2322 2788 rebus
2340 2764 2426 2788 ceteri.

1486 2800 1511 2834 Θ)
1529 2804 1556 2826 et
1574 2801 1672 2826 unctio.
1689 2814 1710 2818 —
1728 2799 1818 2824 unctio
1837 2799 1866 2829 Β,
1885 2798 2004 2823 inunctio
2022 2797 2076 2822 Plc.

1487 2836 1506 2870 ι)
1525 2836 1571 2869 qui
1595 2836 1649 2860 illis
1673 2834 1847 2860 sacramentis
1871 2834 2021 2859 utebantur.
2039 2846 2059 2851 -
2076 2833 2139 2857 GsH
2157 2837 2184 2857 et
2202 2833 2340 2864 editiones;
2363 2834 2409 2866 qui
2429 2834 2493 2859 solis

1433 2872 1517 2897 sacris
1543 2871 1722 2896 induebantur
1739 2869 1846 2902 ABCpE
1865 2874 1891 2893 et
1908 2876 1933 2898 a,
1952 2869 2036 2893 sacris
2061 2867 2239 2893 induebantur
2257 2868 2287 2896 D,
2306 2869 2352 2900 qui
2369 2868 2433 2893 solis
2449 2875 2493 2893 sa-

1433 2907 1487 2932 cris
1510 2907 1654 2931 utebantur
1675 2905 1719 2934 sE.
1737 2905 1783 2937 qui
1805 2905 1890 2929 solum
1914 2903 2089 2928 sacramentis
2113 2903 2296 2927 imbuebantur
2313 2903 2342 2933 F,
2362 2903 2408 2935 qui
2430 2903 2494 2928 solis

1433 2942 1519 2968 sacris
1538 2941 1722 2966 imbuebantur
1741 2941 1759 2969 l,
1777 2940 1823 2972 qui
1841 2939 1894 2964 illis
1911 2939 1996 2964 sacris
2015 2939 2157 2964 utebantur
2175 2939 2225 2970 pH.

1488 2975 1514 3010 κ)
1532 2977 1618 3001 hodie.
1635 2990 1654 2994 -
1673 2975 1733 3000 Om.
1752 2975 1826 2999 tertia
1844 2979 1946 3006 praeter
1964 2973 1981 2999 I.

992 3047 1327 3080 Commentaria
1349 3046 1601 3079 cardinalis
1623 3044 1825 3077 Caietam

381 3130 488 3152 rruuts
522 3120 634 3151 clarus.
657 3137 680 3141 -
710 3119 745 3149 In
775 3128 911 3158 corpore
948 3127 1012 3148 una
1045 3118 1232 3148 conclusio:
1266 3117 1384 3148 Sacra·
1440 3117 1582 3147 cundum
1609 3115 1866 3147 sanctificationis
1894 3125 2021 3145 causam
2045 3114 2122 3145 fieri.
2157 3114 2198 3144 Et
2220 3114 2295 3153 quia
2317 3113 2356 3143 ad
2378 3114 2492 3144 sancti-

324 3132 488 3195 Tmenta
505 3163 957 3205 tripliciter-considerantur.·
980 3167 1011 3192 et
1033 3161 1173 3202 quolibet
1188 3161 1283 3192 modo
1308 3171 1384 3192 con-

321 3214 447 3250 gruunt
469 3208 515 3239 eis
537 3208 643 3238 verba.
674 3207 830 3238 Probatur
855 3206 962 3247 quoad
984 3206 1120 3246 primam
1142 3211 1285 3246 partem:
1311 3206 1385 3245 quia

322 3258 518 3284 sacramenta
549 3251 738 3282 adhibentur
768 3257 803 3281 ut
834 3251 922 3291 signa
956 3249 1113 3290 quaedam
1146 3249 1186 3280 ad
1215 3250 1384 3280 hominum

323 3296 615 3327 sanctificationem.
647 3314 671 3318 -
702 3293 821 3333 Quoad
853 3294 1036 3330 secundam,
1071 3293 1252 3333 singillatim
1282 3293 1384 3324 decla-

323 3340 422 3371 rando
451 3340 574 3380 singula
602 3340 746 3371 membra
773 3349 848 3369 cum
872 3338 936 3368 suis
964 3338 1158 3368 rationibus:
1190 3342 1226 3368 ut
1249 3337 1331 3368 clare
1355 3342 1385 3367 et

269 3405 275 3412 .
324 3383 467 3415 ordinate
489 3389 576 3424 patet
598 3385 633 3415 in
655 3383 766 3414 littera.

379 3427 516 3458 Adverte
549 3427 638 3468 quod
670 3423 772 3468 prima
803 3436 874 3467 pars
908 3426 1122 3457 conclusionis
1154 3435 1191 3455 ex
1221 3430 1384 3464 assumpto

324 3471 416 3502 facile
440 3471 616 3502 deducitur.
640 3471 723 3501 Nam
747 3471 821 3511 quia
837 3476 1031 3500 sacramenta
1047 3469 1085 3500 ad
1102 3468 1385 3499 sanctificationem

325 3515 527 3551 adhibentur,
552 3521 679 3555 oportet
711 3516 847 3555 primam
880 3523 992 3544 eorum
1026 3513 1314 3543 considerationem
1338 3522 1384 3544 se-

465 3577 575 3602 Smnmn
591 3577 695 3601 Tutor.
714 3577 744 3600 D.
759 3576 873 3600 Taunus
887 3575 919 3600 Τ.
939 3576 980 3600 ῙΧ.

1438 3160 1580 3191 ficandos
1612 3161 1759 3190 homines
1791 3164 1873 3195 sunt,
1898 3158 2037 3189 secunda
2069 3167 2181 3188 eorum
2214 3157 2423 3188 consideratio
2455 3167 2491 3187 ex

1437 3211 1526 3245 parte
1556 3205 1695 3234 hominis
1728 3209 1783 3233 est.
1818 3203 1859 3233 Et
1886 3203 1960 3243 quia
1983 3208 2019 3233 ut
2042 3203 2130 3242 signa
2160 3201 2356 3237 adhibentur,
2381 3211 2492 3231 conse-

1439 3258 1541 3288 quens
1565 3254 1610 3278 est
1632 3253 1669 3278 ut
1690 3247 1780 3277 tertia
1804 3256 1916 3277 eorum
1940 3246 2150 3276 consideratio
2174 3244 2351 3275 secundum
2375 3244 2492 3285 signifi-

1439 3293 1598 3323 cationem
1621 3291 1685 3321 fiat.

1493 3336 1530 3366 11.
1555 3335 1591 3366 In
1613 3335 1822 3375 responsione
1845 3334 1885 3366 ad
1908 3333 2094 3371 secundum,
2117 3334 2262 3374 perspice
2286 3332 2375 3373 quod
2396 3334 2429 3363 in
2445 3343 2492 3362 sa-

1439 3380 1606 3410 cramentis
1637 3389 1686 3409 res
1714 3385 1745 3409 et
1772 3379 1866 3409 verba
1899 3383 2018 3409 coeunt
2046 3379 2080 3408 in
2102 3387 2205 3408 unum
2236 3379 2382 3418 signum:
2418 3377 2493 3416 quia

1439 3424 1638 3454 constituunt
1669 3432 1771 3453 unum
1804 3427 2045 3458 sacramentum,
2070 3421 2158 3462 quod
2186 3431 2253 3452 non
2280 3421 2340 3452 nisi
2366 3421 2492 3459 signum

1439 3477 1541 3498 unum
1575 3472 1629 3498 est.
1662 3466 1766 3502 Unde,
1790 3466 1917 3506 proprie
1949 3466 2123 3505 loquendo,
2148 3466 2267 3496 ablutio
2291 3466 2328 3495 'in
2355 3473 2437 3503 aqua
2459 3464 2492 3493 in

1439 3512 1596 3551 baptismo
1625 3521 1691 3540 non
1716 3516 1762 3540 est
1784 3520 1885 3540 unum
1917 3511 2051 3549 signum,
2076 3515 2106 3539 et
2128 3510 2222 3539 verba
2249 3514 2322 3539 sunt
2345 3506 2430 3537 aliud
2452 3507 2492 3537 si-

2337 3577 2349 3593 2

2520 1033 2529 1042 ·
2545 1031 2568 1052 ln
2585 1037 2689 1059 corpore.

2615 1136 2631 1159 η

2519 1179 2529 1189 ·
2544 1178 2602 1200 ibid.

2519 1603 2528 1612 ·
2543 1601 2568 1622 ln
2583 1606 2688 1628 corpore.

2619 1701 2632 1725 θ

2521 1923 2529 1931 -
2544 1915 2666 1946 Lib.X1x,
2680 1925 2730 1946 cap,

2520 1954 2568 1970 xvt.

2521 2234 2530 2243 ·
2545 2232 2569 2253 ln
2585 2237 2690 2258 corpore.

2521 2440 2530 2449 '¹
2545 2438 2609 2459 Vers.
2624 2443 2658 2467 23,
2673 2443 2708 2463 ²4·

2621 2551 2628 2566 ι

2520 2596 2529 2605 ·
2544 2594 2609 2615 Vers.
2624 2599 2643 2621 3.

2614 2631 2629 2646 κ
