2918 4088
63 399 75 409 '¹
88 396 116 418 D.
131 396 184 423 684.

1019 214 1283 261 QUAESTIO
1311 214 1430 261 LXII,
1460 212 1751 250 ARTICULUS
1780 213 1828 249 VI
2432 223 2480 260 29

304 292 378 329 tius
397 292 652 330 consideranti
678 299 835 342 apparet
854 293 930 329 hoc
956 291 1070 328 etiam
1096 304 1176 328 non
1203 303 1284 328 esse
1303 303 1367 327 ve·
1393 289 1396 328 Ι
1422 291 1629 338 Apostolus
1657 289 1756 336 dicit,
1777 292 1886 326 Rom.
1909 291 1990 336 1v*‚
2011 292 2116 339 quod
2151 292 2342 328 Abraham
2378 303 2481 328 acce-

305 356 413 381 rum:
443 344 534 393 quia
557 345 718 382 minima
740 345 857 393 gratia
879 352 1003 394 potest
1027 344 1196 381 resistere
1217 343 1369 380 cuilibet
1418 344 1473 391 pit
1499 343 1649 391 signum
1677 344 1974 387 circumcisionis,
1994 344 2226 392 signaculum
2260 345 2412 380 iustitiae
2428 345 2480 391 fi-

305 397 635 446 concupiscentiae
659 405 695 434 et
714 397 852 434 mereri
879 397 995 434 vitam
1017 404 1211 433 aeternam
1229 395 1260 431 *.
1423 394 1492 431 dei.
1523 395 1571 430 Et
1598 394 1685 430 ideo
1714 394 1753 430 in
1785 394 2074 432 circumcisione
2111 395 2374 432 conferebatur
2400 407 2480 443 gra-

357 450 405 486 Et
433 449 527 489 ideo,
555 450 693 487 melius
730 450 939 490 dicendum
974 448 1127 486 videtur
1158 448 1264 497 quod
1300 446 1369 484 cir-
1423 446 1474 483 tia
1500 446 1522 468 '⁸
1548 446 1780 495 inquantum
1816 455 1894 483 erat
1933 446 2084 495 signum
2120 447 2306 496 passionis
2344 447 2480 483 Christi

303 501 489 539 cumcisio
523 510 602 539 erat
635 502 788 550 signum
812 507 824 523 ⁸
851 500 942 538 fidei
972 498 1229 537 iustificantis‘:
1266 499 1370 536 unde
1424 499 1572 535 futurae
1590 498 1621 546 *,
1642 506 1684 535 ut
1711 498 1806 535 infra
1824 498 1864 520 ᾗ*
1891 499 2032 547 patebit
2051 499 2074 535 ζ.

1419 631 1544 656 virtutem
1571 639 1618 657 nec
1639 632 1796 665 conferendi
1818 632 1937 664 gratiam
1963 639 2009 656 nec
2033 633 2174 665 auferendi
2192 637 2340 664 peccatum,
2364 634 2412 658 sed
2435 633 2482 658 hoc

1412 667 1499 699 fiebat
1518 673 1570 698 per
1592 667 1717 691 virtutem
1738 667 1874 699 passionis
1895 667 1996 692 Christi
2018 675 2096 699 quam
2120 666 2202 699 (quod
2220 667 2298 700 Brix.)
2316 668 2482 693 circumcisio

1422 701 1581 734 designabat
1600 702 1702 726 codices
1720 702 1811 726 Ambr.
1830 707 1855 726 et
1874 703 1940 727 Brix.
1959 702 1999 726 Cf.
2017 702 2075 726 Vol.
2095 702 2128 726 XI
2149 703 2230 728 Praef.
2250 708 2294 727 110⁵
2314 701 2345 728 16
2364 709 2390 727 et
2405 710 2446 735 ²7·

353 632 376 667 ε)
395 634 563 659 circumcisio
580 637 640 659 erat
657 634 774 666 signum.
786 647 805 652 -
816 632 983 658 circumcisio
1000 633 1070 657 sicut
1088 635 1114 656 et
1131 632 1186 656 alia
1198 635 1367 657 sacramenta

301 669 398 694 veteris
417 669 483 702 Iegis
501 672 561 694 erat
582 669 667 694 solum
686 668 782 701 (solum
802 676 856 693 om.
875 667 907 699 E)
925 667 1032 700 signum
1052 667 1123 692 ElsG
1142 672 1168 692 et
1186 667 1312 692 editiones
1332 665 1369 700 (et

301 704 404 729 codices
422 704 612 728 Ambrosianus
631 709 657 728 et
674 703 826 734 Brixiensis;
846 702 879 728 cf.
897 701 933 734 ζ).

353 738 379 773 ζ)
400 739 436 764 Et
453 739 513 764 ideo
532 739 558 763 in
577 738 803 764 circumcisione...
817 737 931 770 patebit.
947 751 967 756 -
986 737 1022 762 Et
1041 737 1101 762 ideo
1125 744 1177 762 non
1198 737 1276 762 habet
1295 738 1322 762 in
1342 744 1370 762 se

974 814 1311 847 commentaria
1332 814 1586 847 cardinalis
1609 815 1811 848 Caietam

361 941 536 980 negativae.
566 939 672 969 Prima
704 943 768 969 est:
801 938 1013 969 Sacramenta
1041 939 1156 969 veteris
1186 938 1269 980 legis
1301 948 1366 968 non
1420 948 1556 979 operans
1583 948 1641 979 per
1666 939 1734 974 illa,
1762 939 1872 979 priscis
1905 944 2011 969 autem
2041 948 2109 969 non
2137 944 2242 979 potest
2269 940 2420 979 coniungi
2446 946 2481 969 ut

300 984 512 1025 conserebant
531 983 676 1025 gratiam
697 982 818 1013 virtute
834 983 985 1023 propria.
1008 982 1165 1013 Probatur
1180 983 1368 1013 auctoritate
1420 993 1515 1013 causa
1538 984 1640 1013 activa
1663 992 1799 1023 operans
1817 992 1874 1022 per
1893 982 1962 1019 illa,
1987 982 2076 1022 quod
2098 988 2145 1013 est
2167 984 2327 1014 intentum
2349 984 2480 1013 conclu-

300 1028 459 1070 Apostoli.
1419 1027 1535 1057 sionis:
1567 1032 1599 1057 et
1627 1026 1716 1066 quod
1742 1027 1848 1066 passio
1879 1026 1996 1058 Christi
2025 1032 2061 1057 ut
2090 1026 2192 1057 finalis
2220 1036 2315 1057 causa
2345 1028 2479 1057 coniun-

355 1072 463 1103 Altera
486 1077 550 1102 est:
582 1071 794 1102 Sacramenta
824 1071 939 1102 veteris
962 1070 1045 1112 Iegis
1068 1080 1133 1101 non
1158 1070 1369 1112 conferebant
1419 1071 1503 1110 gitur
1525 1080 1583 1111 per
1605 1070 1703 1101 fidem
1729 1076 1795 1100 tam
1822 1071 1916 1100 nobis
1943 1080 2041 1110 quam
2069 1071 2215 1110 antiquis.
2249 1071 2289 1101 Et
2312 1076 2479 1110 propterea

299 1116 444 1158 gratiam
467 1115 585 1146 virtute
608 1115 641 1145 in
661 1116 707 1146 eis
724 1115 833 1146 habita
848 1124 869 1145 a
879 1115 1034 1155 passione
1059 1115 1188 1145 Christi.
1212 1115 1368 1144 Probatur
1419 1115 1548 1155 utrique
1578 1115 1736 1145 salvamur
1764 1123 1822 1154 per
1850 1114 1947 1144 fidem
1977 1115 2131 1154 passionis
2162 1114 2297 1144 Christi:
2330 1114 2386 1144 sed
2412 1124 2478 1144 non

301 1170 340 1191 ex
363 1160 530 1191 communi
557 1158 733 1190 differentia
762 1159 1000 1190 coniunctionis
1029 1159 1162 1189 alicuius
1190 1167 1304 1189 causae
1327 1157 1367 1188 ad
1419 1159 1547 1199 utrique
1569 1168 1627 1198 per
1649 1163 1845 1189 sacramenta
1866 1159 2006 1188 virtuosa
2029 1168 2067 1188 ex
2089 1158 2237 1198 passione
2253 1158 2379 1189 Christi.
2404 1158 2478 1188 Non

301 1203 499 1235 causandum
513 1203 565 1234 vel
580 1213 638 1244 per
653 1213 750 1234 usum
774 1204 965 1234 exteriorum
988 1212 1105 1239 rerum,
1121 1203 1172 1234 vel
1187 1212 1244 1243 per
1259 1207 1367 1233 actum
1418 1208 1526 1234 tamen
1556 1203 1793 1242 superstitiosus
1826 1207 1891 1232 erat
1919 1211 1995 1232 usus
2026 1202 2155 1232 illorum
2187 1207 2476 1232 sacramentorum:

301 1249 444 1279 animae:
478 1248 554 1288 quia
586 1248 690 1288 prima
721 1253 768 1278 est
799 1257 914 1278 causae
946 1246 1127 1283 effectivae,
1151 1257 1188 1277 ac
1217 1256 1275 1287 per
1303 1247 1367 1276 hoc
1419 1247 1495 1286 quia
1517 1246 1761 1282 adhibebantur,
1786 1247 1844 1276 etsi
1870 1255 1937 1276 non
1965 1251 2001 1276 ut
2022 1246 2178 1282 virtuosa,
2202 1251 2309 1276 tamen
2331 1250 2367 1275 ut
2390 1246 2478 1286 signa

300 1293 414 1333 prioris
437 1291 616 1323 secundum
640 1301 727 1328 esse;
752 1291 893 1322 secunda
915 1296 1023 1321 autem
1046 1297 1094 1322 est
1116 1301 1230 1321 causae
1253 1290 1366 1326 finalis,
1418 1290 1494 1321 fidei
1516 1291 1686 1320 virtuosae.

301 1346 339 1367 ac
353 1345 411 1376 per
425 1336 489 1366 hoc
503 1340 611 1376 potest
631 1345 700 1366 esse
721 1335 906 1376 posterioris
929 1335 1107 1366 secundum
1123 1345 1200 1366 esse.
1225 1335 1291 1366 Sub
1307 1335 1366 1365 hac
1474 1334 1528 1365 Sta
1549 1334 1654 1374 igitur,
1678 1335 1808 1370 Lector,
1831 1334 1865 1363 in
1888 1333 2014 1364 formali
2043 1333 2218 1363 differentia
2238 1334 2321 1363 inter
2343 1334 2478 1363 coniun-

302 1380 389 1412 enim
404 1379 580 1412 differentia
598 1380 766 1410 communi
787 1380 984 1410 subsumitur
998 1381 1032 1410 in
1047 1379 1177 1420 speciali
1192 1378 1367 1419 differentia
1419 1379 1561 1409 ctionem
1583 1387 1641 1418 per
1667 1377 1765 1408 fidem
1792 1387 1849 1408 seu
1876 1383 1983 1408 actum
2010 1378 2134 1407 animae
2156 1383 2192 1407 ut
2215 1378 2273 1412 sic,
2298 1383 2329 1407 et
2350 1386 2408 1417 per
2430 1386 2478 1407 sa-

303 906 469 971 Trruws
497 896 610 927 clarus.
633 913 656 918 -—
684 895 720 926 In
748 904 885 935 corpore
921 899 996 925 sunt
1027 894 1109 925 duae
1141 895 1367 925 conclusiones
1391 896 1395 1080 Ι
1420 896 1588 925 eramentis
1615 895 1721 935 passio
1750 894 1867 925 Christi
1897 895 2049 935 coniungi
2078 901 2185 935 potest
2206 901 2242 925 ut
2265 905 2359 925 causa
2381 897 2481 926 activa

264 1416 588 1464 “‘ifitetrpassionem
611 1423 732 1454 Christi
753 1424 906 1463 coniungi
927 1433 987 1464 per
1007 1429 1214 1459 sacramenta,
1237 1423 1287 1453 vel
1309 1432 1367 1463 per
1419 1427 1580 1453 eramenta
1602 1431 1660 1452 seu
1681 1431 1778 1452 usum
1801 1422 1992 1452 exteriorum
2022 1430 2128 1451 rerum
2149 1426 2187 1451 ut
2209 1421 2271 1451 sic:
2304 1426 2336 1452 et
2357 1419 2478 1451 videbis

300 1467 419 1500 fidem:
441 1469 486 1498 ita
501 1468 592 1508 quod
605 1477 664 1508 pet
678 1473 874 1498 sacramenta
896 1468 1084 1498 coniunctio
1109 1468 1292 1498 continetur
1306 1467 1366 1497 sub
1419 1466 1627 1497 differentiam
1643 1466 1676 1495 in
1690 1465 1793 1496 littera
1814 1465 1970 1495 subtiliter
1986 1465 2123 1505 positam
2146 1464 2261 1495 inferre
2283 1470 2478 1501 sacramenta

301 1513 533 1544 coniunctione
554 1521 613 1552 per
634 1521 731 1542 usum
754 1512 947 1542 exteriorum
969 1520 1092 1547 rerum;
1123 1516 1155 1542 ct
1177 1511 1368 1545 coniunctio⁴
1419 1510 1527 1540 ndstra
1550 1519 1617 1540 esse
1639 1510 1791 1545 virtuosa,
1814 1514 1846 1539 et
1868 1510 1999 1548 antiqua
2020 1518 2098 1539 non.
2125 1508 2166 1539 Et
2187 1514 2363 1545 memento,
2378 1508 2477 1538 Novi-

300 1565 360 1596 per
373 1555 473 1587 fidem
495 1556 678 1586 continetur
695 1555 754 1586 sub
776 1555 1004 1586 coniunctione
1026 1564 1084 1595 per
1099 1560 1207 1585 actum
1230 1554 1364 1584 animae.
1418 1554 1472 1589 tie,
1493 1553 1583 1592 quod
1605 1552 1644 1582 de
1668 1553 1896 1582 coniunctione
1926 1553 2059 1588 causali,
2083 1562 2140 1582 seu
2171 1562 2284 1582 causae
2306 1557 2343 1582 ut
2360 1553 2415 1588 sic,
2431 1558 2478 1582 est

243 1624 245 1626 v
300 1599 424 1631 Etsub
441 1599 506 1630 hoc
519 1598 727 1640 procedendo
751 1598 963 1635 descenditur,
979 1603 1011 1628 et
1035 1598 1124 1638 quod
1146 1598 1252 1638 passio
1273 1597 1366 1627 Chri-
1419 1606 1544 1627 sermo:
1567 1601 1604 1626 ut
1625 1605 1694 1626 non
1716 1595 1830 1626 fallaris
1852 1596 1891 1625 ab
1914 1596 2153 1636 importunitate
2177 1595 2420 1635 digredientium
2438 1595 2478 1626 ad

300 1643 341 1674 sfi
355 1648 404 1674 est
416 1644 505 1684 prior
519 1642 699 1674 secundum
715 1651 783 1673 esse
803 1642 1009 1673 sacramentis
1030 1642 1146 1672 nostris
1163 1646 1195 1671 et
1208 1641 1367 1681 posterior
1421 1650 1457 1670 ea
1481 1649 1564 1680 quae
1587 1644 1662 1670 sunt
1683 1649 1741 1679 per
1762 1638 1919 1669 accidens.

297 1687 504 1718 sacramentis
530 1687 645 1718 veteris
671 1686 766 1726 legis,
790 1695 828 1716 ac
850 1695 909 1726 per
933 1686 998 1716 hoc
1021 1685 1137 1716 nostris
1165 1684 1296 1725 quidem
1319 1694 1367 1715 sa-

2509 302 2518 311 ·
2535 301 2600 323 Vers.
2618 310 2648 324 n.

2509 425 2518 433 '
2534 423 2560 444 D.
2577 423 2628 448 804.

2509 450 2518 459 ·
2535 449 2560 470 ὓ-
2577 455 2623 476 3⁴3·

2508 477 2529 485 ··
2538 475 2719 502 Qu.1.xx.art.4.
