2878 4088
380 252 537 285 Principium
556 252 642 285 operis
661 251 767 286 predicti
787 253 924 286 completi:
949 253 1042 279 Utrum
1062 252 1184 277 contricio
1203 252 1237 277 sit
1255 251 1331 276 dolor
1347 257 1396 283 pro

327 289 439 320 peccatis
464 293 615 320 assumptus
638 295 698 313 cum
722 288 857 321 proposito
879 287 1017 314 confitendi
1045 293 1071 312 et
1093 287 1272 313 satisfaciendi.
1291 286 1397 311 Ponun-

327 329 369 349 tur
387 323 437 348 viii.
457 323 570 348 rationes
590 324 616 348 in
635 325 801 349 contrarium.
827 324 898 349 Finis
916 325 1003 357 operis
1022 324 1059 348 sic
1077 323 1169 348 habet:
1188 323 1220 348 ad
1238 323 1271 349 vi.
1289 327 1338 347 em.
1357 321 1395 346 in·-

327 357 393 383 firmi
412 359 525 383 totaliter
543 364 700 384 excusantur
718 359 787 392 apud
807 359 893 389 deum,
908 360 948 384 cui
968 365 1008 384 est
1021 359 1105 383 honor
1120 363 1145 383 et
1162 358 1246 391 gloria
1263 358 1289 382 in
1307 357 1395 382 secula

327 393 476 418 semlerum
496 401 581 419 amen.

380 429 502 454 Similiter
529 436 598 461 mag.
626 435 716 462 petrus
737 430 769 454 de
791 429 913 454 Alvernia
940 429 1080 462 complevit
1103 435 1196 453 omnes
1222 427 1301 452 libros
1327 432 1395 459 quos

329 465 353 489 b.
367 464 484 489 Thomas
504 465 602 489 dimisit
619 465 801 498 incompletos,
812 465 932 490 videlicet
949 466 1026 489 istam
1044 465 1100 489 ulti.
1113 468 1223 496 partem.
1241 463 1321 487 libros
1340 469 1395 487 me-

327 505 474 531 teororum,
494 501 526 524 de
544 506 658 532 generat.
687 506 714 525 et
738 500 916 532 corruptione,
935 501 983 525 celi
1002 505 1028 524 et
1051 499 1140 525 mundi
1159 503 1185 523 et
1203 498 1283 529 alios;
1302 503 1328 523 et
1346 498 1395 522 iste

327 535 417 560 doctor
435 535 482 560 fuit
501 541 613 560 sectator
632 535 748 561 doctrine
766 543 788 561 s.
802 535 913 561 Thome.
929 546 942 558 ι

382 682 487 712 Notae
502 683 598 713 huius
613 683 750 723 scriptor
765 682 877 713 eadem
893 690 958 722 qua
972 681 1025 712 alii
1039 681 1164 711 ratione
1179 680 1295 711 ductus
1310 679 1394 720 Sup-

326 727 529 767 plementum
560 727 654 757 Petro
687 726 894 757 tribuendum
925 725 1112 757 autumavit.
1151 725 1395 755 Documentum

326 771 414 802 aliud
435 780 504 801 non
526 770 712 811 producunt
743 780 841 811 quam
873 770 963 810 quod
986 769 1162 809 complevit
1188 769 1268 799 alios
1296 769 1395 799 libros

326 815 359 847 S.
383 815 532 846 Thomae
561 815 796 855 incompletos:
827 823 904 855 ergo
939 820 972 845 et
1004 814 1191 850 Summam,
1222 818 1395 854 arguerunt

326 863 450 891 ornneS.
467 858 531 890 Sed
545 859 722 890 honoratus
734 860 884 899 Magister
900 859 979 890 dum
995 858 1256 889 Commentarios
1268 859 1394 899 aliquos

325 904 358 935 S.
375 903 523 934 Thomae
545 904 580 934 in
602 913 702 943 opera
727 904 907 934 Aristotelis
931 903 1149 938 continuabat,
1173 903 1252 933 boni
1274 903 1395 943 ingenii

325 949 414 988 signa
426 946 575 984 ostendit,
588 948 641 978 cui
657 947 914 988 perfunctorium
925 957 1009 988 opus
1021 947 1246 988 Supplementi
1258 948 1394 978 omnino

325 991 524 1023 contradicit.
548 992 632 1022 Tam
654 993 852 1033 negligenter
875 998 906 1023 et
927 993 1182 1034 praecipitanter,
1203 997 1269 1022 tam
1291 993 1392 1033 impe-

323 1037 384 1067 rite
399 1036 573 1077 analyseon
589 1042 702 1067 auctor
725 1038 803 1078 egit,
827 1042 864 1068 ut
887 1038 930 1068 ob
946 1047 1017 1068 eam
1041 1037 1092 1067 vel
1110 1037 1213 1067 solam
1235 1037 1394 1067 rationem

325 1081 453 1111 credere
468 1090 536 1111 non
559 1082 720 1121 possimus
736 1082 1007 1123 Supplementum
1023 1081 1234 1122 compilatum
1253 1091 1322 1113 esse
1337 1091 1395 1122 per

324 1125 456 1156 Petrum
471 1124 511 1155 de
522 1126 682 1156 Alvernia.
698 1127 790 1157 Licet
806 1128 893 1157 enim
908 1127 961 1157 ille
977 1135 1110 1167 quoque
1122 1127 1161 1156 ab
1177 1131 1243 1156 arte
1258 1127 1290 1157 S.
1303 1127 1394 1157 Tho-

324 1179 398 1200 mae
413 1169 590 1206 defecisset,
614 1171 765 1202 Doctoris
789 1172 909 1203 scilicet
928 1181 1026 1212 quem
1049 1179 1125 1211 prae
1145 1171 1257 1201 ceteris
1280 1170 1393 1202 docto-

324 1215 412 1246 ribus
441 1214 594 1245 ineffabili
622 1216 789 1256 analyseos
813 1217 1000 1248 charismate
1023 1216 1112 1246 Deus
1135 1215 1276 1252 donavit,
1300 1215 1394 1256 quid-

326 1268 425 1300 quam
455 1259 562 1289 minus
591 1259 761 1300 indignum
791 1261 882 1301 quod
911 1261 1064 1292 Summae
1094 1266 1332 1301 compararetur
1354 1260 1393 1290 ab

327 1305 396 1335 eius
418 1303 572 1337 doctrina·
586 1309 618 1334 et
641 1305 775 1341 calamo,
801 1306 983 1346 quinimmo
1007 1305 1046 1335 ab
1070 1311 1171 1336 aetate
1187 1315 1251 1346 qua
1273 1304 1392 1340 floruit,

322 1349 420 1380 nobis
442 1348 652 1388 provenisset.
1096 1379 1098 1382 ,

380 1392 550 1423 Accedunt
565 1393 755 1423 citationum
770 1394 953 1424 inconsulta
969 1394 1114 1424 tractatio
1139 1399 1171 1424 et
1192 1393 1303 1433 iniqua
1319 1393 1394 1423 scri-

325 1437 446 1477 ptionis
467 1438 662 1477 properatio.
698 1437 732 1468 Si
754 1447 831 1468 vero
855 1439 1029 1479 scripturae
1059 1437 1156 1468 falsae
1178 1446 1246 1468 non
1270 1438 1394 1468 auctori

326 1481 545 1512 attribuendae
572 1481 761 1518 creduntur,
786 1483 908 1523 quippe
932 1483 984 1513 cui
1007 1483 1091 1513 mala
1113 1482 1243 1513 fortuna
1264 1481 1393 1522 incapa-

326 1534 399 1556 cem
420 1526 609 1566 scriptorem
632 1526 808 1563 obtulisset,
825 1533 938 1558 auctor
953 1532 1060 1557 tamen
1077 1527 1219 1557 excusari
1234 1527 1392 1567 nequiret,

326 1570 416 1611 quod
445 1571 681 1610 autographum
707 1580 804 1602 suum
835 1580 873 1602 ex
904 1571 1012 1601 officio
1042 1581 1137 1611 supra
1159 1572 1260 1611 petias
1282 1572 1393 1602 rescri-

325 1613 468 1645 bendum
482 1615 595 1654 ignoto
611 1615 736 1645 homini
756 1615 927 1651 tradiderit,
950 1621 981 1646 et
996 1616 1096 1654 petias
1113 1616 1181 1645 sine
1199 1617 1344 1646 examine
1361 1621 1393 1646 et

325 1659 525 1690 correctione
547 1659 765 1699 publicaverit.
789 1660 948 1690 Neutrum
971 1660 1085 1700 utique
1114 1660 1208 1690 Petro
1226 1661 1392 1691 evenisset.

324 1703 367 1734 Et
387 1708 560 1743 praeterea,
584 1703 758 1734 multarum
779 1704 956 1735 lectionum
979 1705 1126 1744 pravitas,
1152 1713 1228 1734 cum
1255 1705 1392 1735 modum

323 1748 516 1788 scriptorum
532 1747 672 1784 excedat,
689 1750 868 1779 necessario
881 1754 950 1779 orta
962 1754 1015 1779 est·
1028 1749 1114 1789 apud
1136 1748 1392 1790 Compilatorem

324 1792 380 1833 qui
403 1792 583 1823 orationem
606 1791 638 1822 S.
655 1792 803 1823 Thomae
825 1799 891 1824 tam
907 1793 1024 1824 claram
1047 1803 1116 1824 non
1137 1794 1391 1834 comprehendit.

323 1837 501 1870 Necoesitas
517 1835 732 1876 distinguendi
742 1838 825 1868 inter
837 1843 1002 1868 auctorem
1018 1843 1049 1868 et
1063 1839 1252 1878 scriptorem
1263 1840 1296 1869 in
1310 1839 1393 1879 Sup-

322 1881 489 1922 plemento
512 1890 580 1912 non
607 1882 720 1918 existit,
736 1883 839 1913 immo
854 1883 888 1912 in
910 1882 967 1913 illo
989 1892 1088 1923 opere
1104 1883 1248 1924 analyses
1272 1883 1391 1920 futiles,

322 1925 399 1957 mali
413 1925 594 1956 intellectus
608 1926 782 1957 verborum
798 1926 829 1958 S.
847 1927 1005 1963 Thomae,
1022 1928 1196 1968 scripturae
1212 1933 1392 1969 corruptae,

323 1968 432 2014 potius
455 1979 559 2001 unum
581 1969 749 2002 hominem
771 1971 923 2002 indicant.

327 2034 330 2039 ·
352 2036 354 2038 -
380 2015 432 2045 5ο.
447 2031 472 2038 -—
486 2015 630 2045 Fuerunt
645 2016 702 2054 qui
717 2015 987 2056 Supplementum
1003 2015 1225 2056 adscripserint
1240 2017 1392 2057 Magistro

322 2059 466 2090 Hemico
483 2058 523 2089 de
546 2058 703 2090 Gorcu‘m.
728 2060 779 2091 Cf.
797 2060 922 2090 Echard
945 2060 1019 2091 loco
1044 2061 1096 2090 cit.
1120 2061 1197 2091 Non
1221 2062 1317 2092 credo
1339 2061 1393 2092 ad-

323 2104 530 2144 scripsissent‚
547 2104 573 2133 si
595 2103 647 2134 vel
663 2105 766 2135 obiter
788 2105 920 2135 Henrici
941 2104 1211 2145 Supplementum
1235 2115 1314 2136 cum
1334 2116 1393 2136 no—

323 2153 389 2179 stro
405 2148 626 2179 contulissent.
645 2148 734 2186 Quid
749 2149 843 2179 nobis
860 2148 1011 2180 codicum
1028 2149 1286 2187 Coloniensium‚
1303 2150 1393 2181 Hen-

323 2193 380 2223 rici
401 2194 543 2228 testium,
567 2193 697 2223 collatio
721 2193 867 2224 docuerit
890 2194 1087 2224 subiicimus.

379 2237 416 2267 In
437 2237 514 2268 bibl.
530 2238 719 2278 municipali
748 2243 947 2268 asservantur
977 2238 1044 2269 duo
1074 2237 1202 2269 codices
1233 2239 1391 2270 chartacei

325 2280 462 2321 (praeter
480 2282 546 2312 duo
565 2282 668 2321 prima
689 2282 766 2313 folia
788 2291 981 2323 pergamena
998 2288 1073 2323 post
1087 2282 1241 2322 adiecta);
1266 2283 1392 2323 signan-

323 2331 376 2356 tur
399 2325 456 2357 GB
480 2325 502 2356 f.
523 2326 584 2356 152
609 2332 641 2356 et
663 2326 721 2358 (ΞΒ
744 2326 766 2357 f.
787 2327 859 2358 185.
885 2327 972 2358 Olim
989 2333 1078 2358 erant
1100 2337 1184 2357 unus
1207 2327 1297 2364 liber,
1314 2338 1393 2358 con-

324 2371 430 2400 tinens
444 2369 588 2411 Tertiam
603 2371 730 2402 Partem
745 2372 1031 2412 etsuppletionem
1046 2381 1111 2402 una
1126 2381 1226 2402 manu
1242 2373 1390 2412 scriptas;

325 2414 412 2451 folia,
428 2420 574 2446 ut-nunc
595 2420 758 2452 notantur,
780 2422 855 2446 sunt
879 2416 938 2446 261
967 2421 999 2447 et
1023 2417 1098 2453 205,
1120 2417 1256 2447 exclusis
1281 2426 1393 2458 perga-

324 2459 438 2490 menis.
461 2459 528 2497 Qui
543 2459 813 2500 Supplementum
836 2470 855 2491 a
870 2460 978 2491 Tertia
993 2461 1084 2492 Parte
1103 2462 1269 2501 separavit,
1287 2463 1392 2492 recisit

325 2503 438 2534 ultima
461 2503 537 2534 folia
559 2504 664 2535 ultimi
679 2505 887 2536 sexternionis
902 2506 998 2545 primi
1012 2506 1104 2542 tomi,
1122 2506 1239 2546 quibus
1255 2506 1392 2547 Supple-

324 2554 472 2579 mentum
503 2549 538 2579 in
567 2549 666 2579 altero
695 2554 787 2579 tomo
816 2550 939 2590 incipit.
970 2550 1066 2580 Liber
1096 2556 1170 2581 ante
1200 2550 1392 2582 divisionem

325 2593 462 2623 habebat
485 2598 624 2633 quatuor
645 2598 748 2630 notas,
772 2603 790 2624 a
812 2594 966 2634 scriptore
988 2599 1093 2625 textus
1115 2596 1208 2635 nigro
1231 2595 1323 2626 lineis
1339 2605 1392 2626 ru-

325 2637 388 2667 bris
411 2636 571 2668 subducto
595 2642 744 2674 exaratas,
761 2647 840 2678 quas
864 2639 1080 2670 exscribimus.

373 2768 456 2796 Folio
480 2768 547 2804 257.
569 2773 649 2795 recto
670 2767 726 2795 col.
749 2775 784 2796 2:

379 2819 395 2834 ι
411 2808 533 2845 Explicit
559 2808 585 2835 3·
607 2816 674 2843 pars
697 2816 812 2836 summe
834 2808 926 2836 sancti
948 2808 1076 2837 doctoris
1101 2809 1195 2838 fratris
1216 2810 1333 2838 Thome
1356 2811 1392 2839 de

324 2848 434 2885 aquino
460 2847 570 2877 ordinis
593 2847 713 2875 fratrum
736 2847 950 2884 predicatorum
975 2858 1064 2886 quarn
1087 2856 1120 2877 ut
1142 2849 1310 2878 intendebat
1331 2859 1392 2879 non

325 2887 481 2925 complevit
501 2887 607 2915 sfimati
628 2887 820 2924 (summatim)
841 2894 934 2916 morte
955 2895 1109 2926 preventus
1130 2889 1212 2917 cuius
1232 2890 1391 2927 suppletio-

323 2936 392 2956 nem
412 2937 446 2956 ex
467 2927 574 2964 scripto
600 2927 730 2955 eiusdem
751 2928 879 2957 doctoris
899 2930 939 2957 M.
961 2930 990 2957 h.
1009 2930 1045 2957 de
1067 2929 1206 2958 Gorikem
1232 2930 1310 2958 bone
1330 2939 1392 2959 me-

324 2967 418 2996 morie
438 2967 604 3004 compilavit
624 2974 656 2995 ut
676 2967 750 2996 infra
771 2968 900 2997 Domino
921 2970 1099 2998 concedente
1120 2969 1238 3006 patebit.

377 3008 521 3045 Incipiunt
535 3007 662 3044 capitula
675 3008 761 3036 tercie
775 3008 864 3046 partis
878 3018 991 3037 summe
1006 3009 1099 3038 fratris
1113 3010 1214 3038 thome
1228 3010 1264 3037 de
1281 3009 1391 3047 aquino

325 3048 436 3077 ordinis
456 3048 577 3076 fratrum
598 3048 815 3084 predicatorum
833 3060 859 3077 ».

357 3088 429 3117 folio
451 3089 519 3117 261.
534 3097 618 3116 verso
640 3088 695 3116 col.
718 3096 750 3117 2:

379 3139 395 3155 ‹
411 3128 576 3166 Expliciunt
597 3128 681 3165 tytuli
706 3129 737 3156 3ο
750 3129 839 3166 partis
862 3128 957 3157 fratris
970 3129 1086 3157 Thome
1107 3130 1144 3157 de
1159 3129 1275 3166 aquino
1300 3129 1392 3158 sancti

325 3168 454 3197 doctoris
474 3177 554 3197 sacre
574 3167 729 3206 theologie.

378 3209 545 3246 Sequuntur
565 3208 732 3245 questiones
753 3218 787 3238 ex
808 3215 913 3246 quarto
931 3208 1038 3245 scripto
1053 3208 1183 3237 eiusdem
1199 3209 1326 3238 doctoris
1340 3218 1392 3245 per

326 3248 365 3276 M.
382 3248 532 3277 henricum
553 3249 590 3277 de
610 3248 748 3278 Gorikem
770 3259 850 3278 sacre
871 3249 1017 3287 theologie
1037 3250 1232 3286 professorem
1253 3249 1390 3278 eximium

326 3296 381 3323 pro
401 3289 612 3325 complectione
633 3290 752 3319 materie
765 3290 797 3318 in
813 3290 844 3318 3ι
857 3297 938 3327 parte
953 3290 1124 3318 declarande
1145 3296 1177 3318 ut
1197 3289 1227 3317 in
1248 3289 1391 3327 principio

326 3327 419 3364 patuit
439 3327 602 3365 compilate.

379 3365 482 3404 Incipit
501 3367 733 3405 supplementum
757 3369 788 3398 3ο
807 3367 897 3407 partis
917 3378 1031 3398 summe
1052 3369 1143 3398 sancti
1164 3369 1303 3398 doctoris.

381 3404 502 3442 Questio
526 3407 620 3444 prima
639 3410 676 3438 de
697 3408 856 3447 quidditate
879 3409 1066 3439 contricionis
1083 3421 1108 3438 2.

379 3446 509 3484 sequitur
529 3446 653 3484 spatium
673 3448 828 3478 duodecim
848 3449 977 3479 versibus
995 3457 1135 3485 vacuum3
1157 3447 1227 3478 folio
1249 3448 1391 3487 sequenti,

327 3487 408 3532 quod
421 3494 499 3515 nunc
519 3486 702 3524 est'primum
715 3488 817 3518 iblium
830 3488 904 3518 tomi
928 3488 1053 3526 alterius,
1076 3489 1316 3527 Supplementum
1338 3497 1389 3518 an-

326 3531 490 3555 nuntiatum
510 3526 611 3564 incipit
630 3528 692 3557 sine
711 3528 898 3566 inscriptione
917 3530 1058 3558 absolute.

468 3584 578 3609 Smin
596 3584 698 3610 Timor..
716 3585 747 3610 D.
765 3585 880 3610 Tuom
898 3586 932 3612 T.
943 3586 987 3611 lx.

2441 182 2514 209 xvn

1482 248 1551 277 folio
1573 247 1689 276 alterius
1710 247 1783 276 tomi
1805 255 1874 276 201.
1896 257 1979 276 verso
2002 249 2056 276 col.
2082 258 2112 277 x:

1503 299 1518 314 ι
1535 287 1657 324 Explicit
1681 288 1929 324 complementum
1952 288 2039 316 tercie
2060 288 2149 324 partis
2170 299 2283 318 summe
2305 290 2394 318 sancti
2416 291 2516 318 thome

1448 329 1485 356 de
1498 327 1609 365 aquino
1620 327 1731 355 ordinis
1742 327 1956 363 predicatorum
1973 328 2100 356 doctoris
2116 328 2211 356 eximii
2227 338 2259 357 ex
2274 330 2380 366 scripto
2394 329 2422 365 4i
2441 330 2516 358 eius-

1448 369 1514 396 dem
1535 377 1588 404 per
1607 376 1648 394 m.
1670 367 1820 395 henricum
1842 368 1878 395 de
1901 367 2040 396 Gorikem
2063 377 2142 396 sacre
2161 370 2306 406 theologie
2321 370 2513 406 professorem

1449 409 1525 436 bone
1539 407 1682 436 memorie
1696 407 1895 443 compilatum.
1910 407 2054 444 Scriptum
2066 417 2144 436 anno
2159 409 2270 437 domini
2284 411 2330 437 Μο
2345 415 2425 438 cccco
2439 410 2514 437 xlvii.

1500 447 1637 484 Sequitur
1657 447 1756 475 tabula
1778 447 1863 475 huius
1885 447 2091 483 complementi
2108 460 2134 475 ».

1481 487 1551 516 folio
1574 488 1641 516 205.
1663 493 1742 515 recto
1764 487 1819 515 col.
1843 495 1876 515 2:

1502 539 1517 553 «
1534 527 1657 564 Explicit
1678 527 1776 555 tabula
1800 536 1886 564 super
1911 527 2157 564 complementum
2182 526 2268 554 tercie
2291 528 2379 563 partis
2403 538 2515 556 summe

1447 567 1540 595 sancti
1550 568 1666 595 Thome
1681 567 1808 595 doctoris
1820 567 1935 604 egregii.
1951 567 2056 604 scripta
2070 575 2148 595 anno
2164 566 2275 594 domini
2290 568 2336 595 Μο
2348 572 2428 595 cccc⁰
2439 568 2514 595 xlvii.

1447 606 1510 643 ipsa
1530 606 1691 643 penultima
1713 606 1759 635 die
1781 607 1888 635 mensis
1910 607 2013 635 martii.
2036 609 2099 635 Deo
2121 607 2231 644 gracias
2248 618 2274 635 ».

1503 717 1602 747 Libro
1625 717 1659 747 in
1682 715 1765 747 duos
1783 722 1892 747 tomos
1915 716 2029 752 diviso,
2046 717 2305 747 bibliothecarius
2320 717 2434 756 aliquis
2457 717 2516 746 sub

1446 766 1525 792 nota
1547 761 1660 791 ultima
1675 762 1770 801 primi
1793 762 1874 792 tomi
1893 762 1990 792 rubro
2014 762 2154 802 scripsit:
2182 774 2196 788 ‹
2215 762 2356 801 Require
2379 762 2412 791 in
2434 760 2516 790 libro

1447 806 1595 846 sequenti
1617 806 1742 845 signato
1767 815 1842 836 cum
1868 806 1930 845 267
1951 819 1979 836 ».

1502 851 1626 880 Revera
1640 850 1718 880 alter
1733 855 1841 880 tomus
1856 851 1962 890 primo
1978 849 2058 880 folio
2076 848 2299 890 (pergameno)
2316 855 2405 880 recto
2429 849 2516 879 exhi—

1447 895 1501 924 bet
1523 904 1696 925 numerum
1721 894 1784 934 267
1808 895 1901 934 nigro
1925 895 2090 934 scriptum,
2112 900 2143 924 et
2166 899 2328 934 praeterea
2351 893 2429 924 dum
2452 893 2515 933 pri-

1446 949 1519 969 mus
1541 945 1650 969 tomus
1673 940 1779 979 primo
1803 938 1883 969 folio
1901 939 2025 979 (itidem
2041 939 2250 979 pergameno)
2267 940 2408 978 signatur
2423 939 2514 977 nigro

1450 996 1464 1011 α
1481 984 1520 1014 Τ.
1537 984 1600 1014 xxii
1619 997 1647 1020 ›‚
1660 984 1738 1014 alter
1753 985 1894 1024 signatur
1913 997 1926 1010 ‹
1943 984 1982 1014 T.
1999 985 2074 1014 xxiii
2092 997 2120 1014 ».
2144 983 2232 1014 Idem
2256 983 2515 1014 bibliothecarius

1447 1027 1527 1059 folio
1551 1038 1747 1069 pergameno
1776 1038 1869 1059 verso
1900 1029 2028 1059 alterius
2051 1029 2132 1059 tomi
2162 1029 2258 1059 rubra
2284 1028 2439 1068 scriptura
2466 1036 2515 1057 se-

1448 1078 1603 1113 quentem
1626 1073 1746 1104 addidit
1767 1078 1898 1103 notam:

1500 1171 1515 1186 ‹
1532 1161 1699 1197 Sequuntur
1725 1160 1892 1197 questiones
1917 1169 1950 1188 ex
1973 1166 2077 1196 quarto
2100 1159 2198 1196 scripti
2223 1158 2314 1187 sancti
2335 1158 2451 1186 Thome
2478 1158 2514 1185 de

1445 1200 1555 1238 aquino
1577 1200 1687 1229 ordinis
1708 1201 1922 1237 predicatorum
1937 1209 2016 1228 sacre
2029 1199 2175 1237 theologie
2189 1198 2318 1228 doctoris
2333 1198 2438 1226 eximii.
2459 1199 2515 1226 Per

1446 1240 1640 1269 venerabilem
1655 1241 1824 1278 magistrum
1835 1241 1992 1268 Henricum
2003 1241 2039 1268 de
2051 1240 2227 1269 Gorinchem
2239 1249 2291 1277 eqz
2302 1241 2398 1275 (eque)
2409 1239 2511 1267 docto-

1445 1291 1507 1309 rem
1532 1281 1662 1309 eiusdem
1684 1281 1828 1318 theologie
1849 1290 1902 1317 pro
1925 1280 2118 1317 completione
2140 1280 2258 1309 materie
2279 1279 2310 1307 in
2330 1279 2413 1307 tertia
2433 1285 2513 1315 parte

1446 1320 1602 1358 supradicti
1623 1321 1714 1349 sancti
1736 1321 1864 1350 doctoris
1886 1322 2059 1350 declarande
2080 1327 2112 1349 ut
2126 1321 2155 1349 in
2169 1320 2312 1357 principio
2327 1319 2418 1357 patuit
2432 1328 2513 1347 cotn-

1467 1361 1542 1389 ilate.

1446 1371 1464 1398 p
1499 1400 1601 1438 Incipit
1615 1400 1849 1438 supplementum
1866 1401 1895 1429 3e
1910 1400 1998 1437 partis
2019 1410 2132 1429 summe
2153 1400 2243 1429 sancti
2265 1400 2392 1429 doctoris
2413 1399 2514 1427 thome

1445 1441 1481 1469 de
1501 1440 1621 1478 aquino.
1636 1442 1673 1468 Et
1686 1441 1782 1478 primo
1797 1442 1833 1469 de
1848 1440 2036 1469 contricione.
2052 1441 2174 1476 Questio
2189 1441 2283 1477 prima
2298 1442 2334 1469 de
2352 1439 2514 1477 quidditate

1445 1480 1632 1510 contricionis
1650 1492 1675 1509 ι.

1502 1569 1596 1601 Circa
1618 1570 1674 1600 has
1698 1570 1843 1610 quinque
1873 1575 1967 1600 notas
1995 1569 2229 1600 observandum
2253 1575 2318 1606 est,
2346 1571 2515 1610 paternita-

1445 1619 1512 1645 tem
1536 1614 1758 1654 Supplementi
1784 1614 1989 1645 Coloniensis
2012 1614 2155 1644 Henrico
2170 1624 2229 1654 per
2244 1615 2378 1645 unicum
2401 1620 2515 1644 testem

1445 1659 1616 1695 vindicari,
1640 1668 1707 1689 non
1730 1668 1788 1698 per
1810 1664 1873 1688 tres
1897 1659 1948 1688 vel
1972 1658 2064 1689 duos.
2089 1658 2210 1689 Eadem
2235 1660 2321 1689 enim
2344 1669 2458 1689 manus
2483 1665 2515 1689 et

1446 1703 1529 1734 duos
1552 1709 1656 1734 textus
1680 1709 1711 1733 et
1734 1708 1874 1743 quatuor
1901 1708 1994 1733 notas
2019 1704 2172 1739 exaravit3
2200 1709 2279 1733 nota
2305 1713 2382 1734 vero
2406 1709 2514 1743 poste-

1446 1749 1511 1778 rius
1527 1757 1623 1789 supra
1646 1747 1761 1778 folium
1778 1748 1918 1788 primum
1934 1748 2061 1778 alterius
2086 1748 2205 1778 codicis
2229 1749 2344 1788 scripta
2366 1748 2446 1778 nihil
2470 1754 2516 1779 est

1447 1802 1545 1833 quam
1573 1793 1698 1823 illarum
1730 1791 1883 1823 conflatio
1908 1798 1939 1822 et
1961 1792 2126 1832 repetitio,
2150 1802 2192 1823 ne
2214 1797 2324 1823 tomus
2353 1799 2515 1834 separatus

1446 1838 1655 1877 inscripn'one
1682 1842 1810 1867 careret.
1834 1855 1858 1859 ——
1881 1837 1916 1867 In
1939 1837 1998 1867 ista
2027 1843 2105 1867 nota
2128 1838 2222 1867 rubra
2251 1838 2388 1867 incisum
2419 1843 2455 1868 ut
2482 1838 2514 1868 in

1440 1882 1606 1923 principio
1616 1882 1727 1922 patuit
1741 1887 1868 1912 resonat
1883 1882 1979 1912 verba
1994 1887 2090 1912 notae
2106 1881 2175 1912 folii
2193 1882 2266 1912 261.
2289 1883 2403 1922 prioris
2419 1884 2514 1919 tomi;

1446 1927 1479 1958 in
1503 1936 1570 1967 quo
1593 1937 1661 1958 non
1684 1927 1858 1967 respiciunt
1874 1926 2069 1967 principium
2085 1927 2168 1963 libri,
2186 1927 2260 1966 quia
2275 1927 2355 1957 liber
2370 1927 2515 1958 absolute

1447 1982 1464 2001 a
1486 1977 1575 2001 textu
1592 1971 1720 2002 Tertiae
1735 1970 1835 2001 Partis
1855 1971 1977 2011 incipit,
1995 1970 2050 2001 sed
2065 1971 2260 2011 principium
2276 1971 2402 2001 tabulae
2419 1972 2515 2012 Capi-

1446 2016 1590 2046 tulorum
1611 2015 1754 2046 eiusdem
1770 2016 1869 2046 Partis
1889 2014 1969 2046 folio
1988 2016 2070 2055 257:
2098 2029 2112 2043 ‹
2132 2016 2270 2055 Explicit
2286 2016 2320 2046 3¹
2340 2025 2411 2055 pars
2428 2026 2515 2047 sum-

1423 2078 1427 2086 =
1446 2070 1549 2091 me...
1575 2061 1666 2091 cuius
1682 2061 1954 2100 suppletionem...
1971 2059 2130 2090 Henricus
2149 2060 2189 2090 de
2213 2060 2400 2091 Gorikem...
2425 2071 2515 2091 com-

1446 2105 1557 2145 pilavit
1579 2110 1615 2135 ut
1638 2104 1719 2135 infra
1738 2105 1882 2135 Domino
1907 2104 2106 2134 concedente
2128 2105 2249 2145 patebit
2268 2118 2295 2135 ›.
2320 2105 2413 2135 Hanc
2436 2115 2512 2136 vero

1446 2154 1557 2180 notam
1581 2150 1826 2189 interpretamur
1848 2149 1881 2179 in
1904 2150 2002 2179 istum
2032 2159 2179 2179 sensum:
2216 2162 2230 2176 ‹
2245 2149 2384 2189 Explicit
2407 2150 2515 2180 Tertia

1446 2194 1520 2224 Pars
1544 2193 1696 2224 Summae
1719 2193 1915 2234 imperfecta,
1933 2202 2031 2233 quam
2047 2203 2084 2223 ex
2102 2193 2345 2224 Commentario
2361 2194 2394 2224 in
2411 2194 2515 2232 Quar-

1446 2245 1516 2269 tum
1547 2238 1681 2269 Librum
1711 2237 1947 2269 Sententiarum
1975 2238 2124 2278 Magister
2146 2238 2305 2268 Henricus
2335 2239 2514 2279 supplevit3

1447 2293 1511 2323 qua
1533 2293 1610 2314 vero
1634 2283 1757 2313 ratione
1781 2288 1812 2313 et
1836 2283 1953 2323 quibus
1976 2283 2115 2313 materiis
2148 2283 2343 2323 suppleverit
2366 2283 2447 2313 infra
2477 2293 2515 2313 ex

1446 2329 1546 2368 ipsius
1563 2337 1660 2368 opere
1676 2327 1806 2368 patebit,
1820 2328 1845 2357 si
1861 2327 2022 2357 Dominus
2034 2327 2113 2357 mihi
2129 2332 2164 2357 ut
2179 2327 2385 2357 transcribam
2397 2337 2515 2358 conce-

1447 2372 1499 2403 dat
1518 2382 1552 2408 »;
1576 2373 1619 2403 ita
1634 2377 1670 2402 ut
1686 2372 1781 2412 quale
1804 2372 1844 2402 sit
1867 2381 1962 2411 opus,
1978 2381 2046 2401 non
2062 2372 2134 2411 quis
2149 2372 2189 2401 sit
2212 2373 2281 2402 eius
2297 2377 2419 2408 auctor,
2434 2372 2516 2402 infra

1446 2422 1555 2457 patere
1570 2417 1774 2456 intelligatur.
1798 2415 1984 2446 Secundum
2004 2416 2092 2446 hunc
2106 2416 2305 2446 intellectum
2321 2416 2406 2446 istud
2423 2421 2459 2446 ut
2481 2417 2514 2446 in

1440 2461 1606 2502 principio
1622 2461 1734 2501 patuit
1754 2461 1929 2500 explicatur
1952 2461 2043 2500 quasi
2070 2474 2083 2487 «
2102 2466 2139 2490 ut
2161 2470 2256 2501 supra
2278 2460 2399 2491 dictum
2421 2466 2468 2491 est
2486 2474 2513 2490 ».

1492 2507 1544 2536 51.
1560 2524 1584 2528 -
1606 2506 1659 2535 An
1681 2510 1807 2546 praeter
1834 2505 1921 2535 hunc
1951 2510 2067 2535 testem
2097 2505 2178 2534 alius
2208 2505 2324 2535 celebri
2355 2505 2508 2545 Magistro

1447 2550 1674 2580 Gorcomiensi
1704 2549 1837 2589 aliquod
1867 2549 2021 2580 Summae
2051 2549 2330 2589 complementum
2357 2549 2515 2580 adscribat

1445 2595 1617 2625 nescimus.
1642 2594 1718 2624 Non
1741 2594 1834 2624 facile
1857 2594 2059 2624 crederemus
2075 2602 2151 2624 eum
2175 2599 2340 2624 auctorem
2364 2603 2432 2624 esse
2449 2594 2515 2624 Co-

1446 2639 1609 2675 loniensis,
1626 2648 1702 2669 cum
1717 2639 1781 2669 hoc
1797 2644 1923 2668 tantum
1938 2639 2083 2668 recensio
2099 2639 2139 2668 sit
2153 2639 2255 2668 nostri
2275 2639 2422 2678 vulgaris.
2447 2639 2514 2668 Etsi

1445 2689 1550 2714 textus
1581 2683 1757 2723 descriptus
1787 2688 1834 2713 est
1857 2692 1875 2713 e
1899 2682 2012 2713 codice
2043 2682 2278 2713 Commentarii
2308 2688 2339 2713 et
2369 2683 2514 2723 analyses

1446 2728 1506 2758 alia
1530 2727 1612 2769 (non
1635 2728 1734 2767 bona)
1758 2727 1914 2757 methodo
1931 2727 2131 2767 compositae
2149 2733 2233 2762 sunt,
2250 2726 2382 2757 indubia
2405 2733 2513 2757 tamen

1445 2773 1576 2812 vestigia
1598 2773 1713 2802 veteris
1736 2771 1961 2812 Supplementi
1982 2772 2016 2801 in
2039 2770 2096 2801 illo
2118 2779 2207 2801 novo
2231 2771 2339 2801 relicta
2362 2777 2446 2801 sunt.

1499 2816 1622 2846 Textus
1645 2821 1677 2846 et
1698 2816 1806 2846 tabula
1836 2816 1906 2846 libri
1937 2815 2142 2846 Coloniensis
2172 2816 2291 2845 habent
2320 2821 2451 2845 centum
2482 2822 2514 2846 et

1445 2869 1544 2890 unam
1573 2861 1801 2898 Quaestiones,
1825 2869 1893 2890 non
1916 2861 2090 2899 nonaginta
2118 2869 2254 2895 novem;
2279 2859 2368 2898 quod
2392 2859 2512 2890 factum

1445 2910 1510 2940 est,
1535 2904 1659 2944 primo,
1683 2914 1740 2944 per
1763 2905 1968 2944 partitionem
1998 2904 2194 2943 quaestionis
2222 2913 2315 2933 xxxn.
2340 2903 2513 2934 virtualiter

1445 2948 1599 2989 duplicis:
1628 2961 1642 2976 ‹
1661 2949 1787 2987 Quibus
1810 2953 2045 2979 sacramentum
2068 2953 2226 2978 extremae
2249 2948 2410 2978 unctionis
2434 2957 2512 2978 con-

1445 2992 1518 3024 ferri
1535 2993 1657 3029 debeat,
1675 2998 1706 3023 et
1720 2994 1753 3023 in
1770 3001 1834 3033 qua
1849 2998 1938 3032 parte
1957 2993 2102 3032 corporis
2121 3005 2149 3028 ι,
2165 2993 2198 3022 in
2215 2992 2311 3022 duas:
2335 2992 2399 3030 Qu.
2417 3003 2511 3023 xxxn.

1448 3050 1462 3064 ‹
1481 3037 1608 3075 Quibus
1624 3037 1738 3068 debeat
1758 3037 1896 3067 conferri
1911 3051 1938 3073 2,
1960 3037 2024 3075 Qu.
2050 3046 2156 3067 xxxm.
2184 3049 2197 3063 «
2217 3036 2344 3074 Quibus
2367 3037 2509 3076 partibus

1445 3081 1559 3112 debeat
1573 3081 1642 3112 fieri
1656 3082 1768 3112 unctio
1787 3094 1816 3111 ».
1840 3081 1965 3112 Deinde
1979 3087 2054 3121 post
2076 3081 2309 3118 Quaestionem
2327 3090 2399 3111 unx
2423 3081 2510 3121 (Lxx)

1444 3127 1589 3166 sequitur
1611 3126 1765 3164 Quaestio
1790 3125 1830 3156 de
1853 3126 2040 3166 Purgatorio
2063 3130 2217 3165 tanquam
2236 3135 2325 3155 Lm:
2353 3138 2367 3151 ‹
2387 3125 2510 3156 Conse-

1445 3176 1580 3210 quenter
1602 3170 1868 3210 perscrutandum
1884 3176 1931 3200 est
1954 3169 1993 3200 de
2016 3170 2201 3210 purgatorio
2225 3169 2315 3209 quod
2339 3174 2386 3200 est
2407 3180 2511 3200 unum

1444 3214 1484 3245 de
1500 3215 1645 3255 quinque
1660 3214 1869 3255 receptaculis
1885 3215 2074 3245 animarum.
2099 3213 2193 3244 Circa
2209 3213 2298 3253 quod
2315 3220 2512 3254 quaeruntur

1443 3266 1562 3290 novem
1574 3273 1601 3290 ι.
1626 3259 1678 3290 Sic
1694 3268 1757 3290 una
1773 3260 1963 3299 quaestione
1982 3259 2128 3299 bipartita
2147 3264 2178 3288 et
2189 3268 2254 3289 una
2269 3258 2374 3288 addita
2396 3268 2511 3290 nume-

1443 3314 1497 3334 rus
1528 3304 1754 3344 quaestionum
1776 3312 1834 3344 per
1857 3303 1936 3334 duas
1951 3304 2058 3334 crevit.
2082 3303 2117 3333 In
2138 3303 2250 3333 ceteris
2273 3302 2340 3333 fere
2361 3302 2447 3333 idem
2465 3309 2512 3333 est

1443 3349 1611 3388 utriusque
1627 3348 1852 3388 Supplementi
1873 3348 2013 3378 schema.
2037 3347 2101 3386 Qu.
2118 3357 2139 3378 1.
2157 3347 2258 3378 codex
2282 3348 2377 3377 habet
2401 3349 2511 3378 omnia

1442 3398 1628 3433 argumenta
1651 3398 1756 3423 textus
1775 3392 2018 3428 Commentarii,
2036 3397 2068 3422 et
2083 3397 2139 3422 art.
2160 3399 2187 3422 1.
2205 3392 2323 3422 omittit
2339 3401 2508 3432 argumen-

1443 3443 1513 3468 tum
1531 3436 1599 3468 <Sed
1623 3435 1745 3467 Coun-a
1768 3436 1912 3468 additum
1939 3445 1998 3477 per
2026 3435 2283 3476 Compilatorem
2307 3435 2368 3476 (cf.
2398 3440 2438 3466 n⁰
2457 3436 2508 3476 2).

1443 3482 1479 3512 ln
1492 3487 1628 3522 corpore
1641 3481 1784 3512 eiusdem
1800 3482 1923 3512 articuli
1936 3481 2023 3512 adeat
2041 3494 2056 3508 ‹
2071 3481 2112 3511 Et
2124 3480 2164 3511 de
2174 3481 2291 3511 virtute
2306 3481 2402 3511 huius
2415 3494 2429 3507 ι
2449 3486 2509 3511 etc.

1442 3525 1496 3566 (cf.
1520 3525 1557 3556 n⁰
1586 3526 1649 3566 17).
1681 3526 1835 3557 Ceterum
1859 3527 2025 3557 citationes
2058 3525 2174 3556 multas
2203 3525 2361 3565 praeterit.
2396 3525 2460 3562 Qu.
2478 3534 2508 3555 x.

2334 3585 2365 3610 c*
