2878 4088
158 611 253 639 'Ad3.

158 1980 167 1990 ·
183 1979 248 2000 Vers.
264 1984 283 2000 ι.

403 182 450 217 28
673 182 937 228 QUAESTIO
967 183 1060 230 XIII,
1082 183 1375 220 ARTICULUS
1404 183 1433 219 II
1462 204 1486 208 -
1516 182 1780 228 QUAESTIO
1810 183 1907 229 XIV,
1935 182 2228 220 ARTICULUS
2257 184 2270 219 Ι

398 269 492 299 posse
509 269 603 290 suum
619 261 652 290 in
669 260 790 300 aliquid
810 270 912 291 unum
929 261 1100 301 expendat;
1122 272 1196 292 cum
1219 267 1366 302 oporteat
1382 262 1463 292 circa

398 305 497 334 multa
522 313 588 334 esse
616 304 798 335 sollicitum.
826 305 889 335 Sed
913 311 959 335 est
982 305 1140 346 quaedam
1166 316 1315 336 mensura
1338 305 1462 336 homini

397 348 535 378 adhibita
554 358 637 388 quae
660 349 698 378 ab
723 358 763 379 eo
787 350 966 389 requiritur,
991 350 1110 380 scilicet
1128 351 1272 390 impletio
1296 349 1462 380 mandato-

398 402 469 422 rum
485 392 563 422 Dei:
590 398 621 423 et
644 402 739 433 super
755 403 792 423 ea
807 399 913 434 potest
936 393 1056 434 aliquid
1079 404 1209 434 erogare
1233 400 1268 424 ut
1283 393 1460 424 satisfaciat.

451 437 502 466 An
528 447 675 467 QUARTUM
698 447 858 468 monimum
874 438 973 478 quod,
991 439 1136 478 quamvis
1155 439 1255 468 homo
1279 447 1346 468 non
1362 438 1462 477 possit

397 486 525 520 tempus
548 482 754 521 praeteritum
770 491 967 522 recuperare,
984 488 1090 522 potest
1113 488 1220 512 tamen
1235 483 1269 512 in
1288 481 1396 512 futuro
1413 491 1461 511 re-

398 534 606 565 compensare
622 525 701 556 illud
717 526 807 566 quod
828 527 861 557 in
877 527 1046 566 praeterito
1068 526 1170 556 facere
1187 526 1362 556 debuisset:
1387 526 1462 565 quia

397 578 464 599 non
488 568 612 605 debuit,
637 569 745 600 debito
769 571 945 611 praecepti,
970 576 1075 601 totum
1099 570 1188 610 quod
1211 570 1332 610 potuit,
1357 576 1392 600 ut
1416 569 1461 600 di-

398 618 487 644 ctum
510 619 557 644 est
572 614 598 644 ’ἱ

452 658 503 687 An
533 668 672 688 numum
703 668 862 688 meantum
891 658 980 698 quod
1012 659 1164 699 originale
1193 663 1379 698 peccatum,
1404 658 1461 688 etsi
1478 672 1485 685 ι

397 702 504 732 minus
527 702 641 732 habeat
665 702 703 732 de
727 703 848 733 ratione
871 703 993 742 peccati
1017 712 1114 743 quam
1135 703 1267 738 actuale,
1284 707 1392 732 tamen
1415 707 1462 733 est

397 747 522 785 gravius
545 746 684 777 malum:
711 747 786 786 quia
802 753 848 777 est
870 747 969 787 ipsius
992 747 1150 777 humanae
1166 751 1296 777 naturae
1318 745 1460 777 infectio.

398 790 439 820 Et
461 789 534 821 ideo
554 800 611 830 per
634 791 729 821 unius
745 791 884 821 hominis
908 792 979 831 puri
995 791 1242 822 satisfactionem
1261 791 1379 831 expiari
1394 800 1462 821 non

398 835 513 874 potuit,
531 835 612 865 sicut
635 835 767 874 actuale.

573 908 672 939 ART.
691 908 727 939 II.
752 918 856 938 UTRUM
879 918 1005 938 ΡοΕΝΑΜ
1024 918 1286 939 sxrrsracromAM

663 961 766 982 Possrr
783 962 860 982 unus
884 962 942 982 PRO
967 962 1039 982 ALIO
1060 962 1196 982 axanae

398 1011 456 1032 Part.
468 1010 506 1035 111.
517 1016 556 1038 qu.
572 1016 649 1037 ιινιιι,
664 1014 706 1031 art.
721 1016 741 1033 2.
756 1010 784 1031 ad
801 1017 821 1034 ις
839 1010 869 1031 111
882 1010 948 1032 Cont.
964 1010 1039 1037 Genu,
1056 1016 1106 1038 cap.
1121 1016 1206 1036 <zi-vnn
1221 1010 1262 1037 IV,
1273 1016 1323 1038 cap.
1340 1017 1376 1038 ιν,
1388 1017 1410 1032 n.
1421 1017 1462 1037 ²o;

743 1036 777 1057 De
795 1036 872 1063 Verit„
888 1043 925 1064 qu.
942 1043 1008 1062 xxix,
1025 1041 1066 1058 art.
1082 1043 1103 1063 7.

399 1105 481 1167 AD
505 1105 667 1124 SECUNDUM
690 1105 734 1124 src
755 1105 958 1125 PROCEDITUR.
983 1095 1118 1126 Videtur
1141 1095 1230 1134 quod
1248 1105 1389 1135 poenam
1415 1105 1462 1125 sa·
1477 1109 1488 1122 2

461 1138 665 1168 tisfactoriam
694 1148 762 1169 non
789 1140 890 1178 possit
919 1148 1003 1169 unus
1026 1148 1085 1178 pro
1110 1139 1172 1169 alio
1206 1139 1342 1179 explere.
1378 1138 1463 1176 Quia

397 1183 436 1213 ad
459 1182 706 1212 satisfactionem
724 1183 874 1213 meritum
897 1183 1076 1222 requiritur.
1102 1182 1165 1214 Sed
1180 1192 1263 1213 unus
1280 1192 1339 1222 pro
1363 1183 1462 1213 altero

158 1227 368 1255 ·Ps.1.x1‚vers.=3.
395 1237 463 1257 non
478 1231 584 1267 potest
599 1227 713 1257 mereri
728 1226 779 1256 vel
795 1226 968 1256 demereri:
994 1236 1069 1257 cum
1088 1227 1127 1256 sit
1147 1228 1302 1266 scriptum
1318 1228 1353 1256 ⁴¹²:
1378 1226 1461 1257 Red-

396 1271 450 1302 des
466 1276 500 1301 tu
524 1270 695 1311 unicuique
709 1270 883 1301 secundum
901 1280 999 1311 opera
1022 1280 1092 1301 sua.
1117 1271 1202 1310 Ergo
1219 1281 1303 1301 unus
1323 1280 1382 1311 pro
1399 1271 1461 1300 alio

396 1325 463 1345 non
485 1319 591 1355 potest
614 1314 800 1345 satisfacere.

453 1369 481 1388 2.
506 1359 700 1394 PRAETEREA,
719 1358 889 1389 satisfactio
910 1364 1020 1389 contra
1037 1359 1265 1389 contritionem
1282 1364 1313 1388 et
1337 1358 1461 1389 confes—

397 1404 520 1433 sionem
544 1402 701 1433 dividitur.
737 1402 799 1433 Sed
822 1413 906 1433 unus
936 1412 994 1442 pro
1019 1403 1082 1433 alio
1106 1412 1173 1433 non
1200 1408 1306 1442 potest
1339 1403 1462 1433 conteri
1508 1423 1517 1427 -

397 1453 450 1477 aut
474 1446 627 1477 confiteri.
652 1447 737 1486 Ergo
761 1456 821 1478 nec
845 1446 1033 1478 satisfacere.

453 1491 482 1521 3.
506 1491 701 1526 szmnm,
718 1501 802 1522 unus
818 1501 877 1531 pro
895 1491 957 1521 alio
982 1491 1104 1522 orando
1122 1492 1217 1522 etiam
1236 1492 1294 1521 sibi
1311 1497 1460 1522 meretur.

397 1535 429 1566 Si
445 1545 520 1575 ergo
544 1535 657 1575 aliquis
673 1545 732 1575 pro
756 1535 818 1566 alio
835 1535 1013 1566 satisfacere
1032 1541 1148 1575 potest,
1165 1535 1386 1566 satisfaciendo
1402 1545 1461 1576 pro

396 1580 456 1609 alio
480 1589 539 1619 pro
563 1588 597 1609 se
620 1578 777 1609 satisfacit.
802 1580 843 1610 Et
865 1581 908 1609 ita
932 1580 970 1610 ab
995 1589 1034 1610 eo
1059 1581 1115 1620 qui
1138 1589 1198 1620 pro
1220 1580 1318 1610 altero
1343 1579 1462 1611 satisfa-

396 1624 447 1660 cit,
464 1633 531 1654 non
556 1624 688 1663 exigitur
711 1624 770 1654 alia
793 1623 964 1654 satisfactio
988 1633 1047 1664 pro
1071 1625 1210 1664 peccatis
1232 1625 1379 1664 propriis.

450 1677 480 1706 4.
505 1668 700 1703 PRAETEREA,
723 1668 750 1698 si
773 1677 857 1698 unus
879 1677 938 1708 pro
963 1668 1026 1698 alio
1051 1668 1228 1699 satisfacere
1252 1674 1368 1709 potest,
1385 1679 1461 1709 ergo

397 1722 435 1742 ex
458 1721 524 1752 quo
548 1721 631 1742 unus
654 1712 713 1742 sibi
737 1713 869 1752 suscipit
893 1712 1036 1743 debitum
1060 1722 1195 1753 poenae,
1212 1713 1292 1744 alius
1315 1714 1420 1744 statim
1444 1723 1462 1744 a

396 1756 503 1786 debito
527 1756 684 1786 liberatur.
710 1756 806 1796 Ergo,
829 1757 855 1787 si
887 1757 1042 1787 moriatur
1069 1762 1242 1798 postquam
1265 1763 1333 1788 tota
1355 1767 1462 1798 poena

396 1800 501 1831 debita
523 1801 561 1830 ab
585 1800 647 1831 alio
671 1806 819 1840 suscepta
842 1806 898 1837 est,
916 1802 1021 1832 statim
1045 1802 1193 1832 evolabit.
1217 1802 1287 1838 Vel,
1309 1803 1335 1832 si
1358 1802 1462 1833 adhuc

396 1846 554 1884 puniatur,
572 1844 690 1884 duplex
713 1854 819 1885 poena
841 1845 990 1876 reddetur
1008 1855 1067 1886 pro
1092 1845 1208 1877 eodem
1227 1852 1378 1887 peccato:
1403 1847 1462 1877 sci-

396 1889 469 1919 licet
491 1889 573 1920 illius
598 1890 653 1929 qui
676 1889 854 1920 satisfacere
878 1890 1004 1930 incipit,
1031 1896 1063 1921 et
1086 1891 1170 1921 illius
1194 1892 1250 1931 qui
1273 1891 1405 1931 punitur
1428 1891 1462 1922 in

396 1939 589 1973 purgatono.

450 1978 510 2008 SED
535 1987 667 2013 CONTRA,
694 1977 801 2008 Galat.
819 1989 850 2008 VI
875 1979 891 1995 θ’
920 1978 1048 2010 dicitur:
1082 1980 1174 2010 Alter
1201 1980 1336 2010 alterius
1360 1989 1461 2010 onera

388 2027 529 2062 portate.
553 2022 638 2062 Ergo
663 2021 787 2053 videtur
806 2023 895 2063 quod
919 2033 1002 2054 unus
1018 2025 1119 2064 possit
1142 2034 1225 2055 onus
1245 2025 1462 2064 poenitentiae

394 2067 562 2106 impositae
586 2075 644 2106 pro
669 2066 732 2096 alio
755 2068 926 2107 suscipere.
1150 2098 1157 2111 ‚

451 2120 480 2140 2.
504 2110 700 2146 Pam-raam,
726 2112 836 2141 caritas
858 2112 959 2152 magis
982 2118 1088 2152 potest
1119 2112 1205 2152 apud
1232 2113 1339 2143 Deum
1363 2123 1461 2153 quam

395 2154 479 2195 apud
495 2155 652 2185 homines.
677 2154 740 2186 Sed
756 2165 840 2186 unus
855 2162 962 2196 potest
986 2156 1071 2197 apud
1093 2157 1242 2188 homines
1257 2167 1317 2197 pro
1334 2158 1461 2188 alterius

395 2209 502 2230 amore
526 2199 670 2230 debitum
694 2200 761 2230 eius
790 2200 923 2231 solvere.
959 2201 1044 2241 Ergo
1069 2201 1172 2232 multo
1204 2201 1318 2232 fortius
1341 2202 1404 2232 hoc
1429 2202 1461 2233 in

395 2243 502 2274 divino
527 2243 646 2274 iudicio
670 2243 739 2274 fieri
762 2250 878 2284 potest.

448 2288 636 2318 Rssspoxmzo
665 2298 823 2318 meramnum
854 2289 943 2329 quod
972 2299 1078 2330 poena
1109 2289 1315 2321 satisfactoria
1345 2295 1391 2321 est
1423 2290 1462 2321 ad

395 2332 476 2363 duo:
502 2332 620 2362 scilicet
643 2331 682 2362 ad
705 2333 902 2364 solutionem
925 2333 1040 2371 debiti;
1070 2339 1100 2364 et
1124 2334 1163 2365 ad
1186 2334 1379 2365 medicinam
1403 2344 1462 2375 pro

396 2382 527 2416 peccato
543 2376 684 2407 vitando.
702 2377 897 2417 Inquantum
913 2387 988 2418 ergo
1007 2384 1053 2409 est
1068 2378 1108 2409 ad
1130 2379 1309 2410 remedium
1325 2389 1462 2419 sequen-

395 2422 433 2451 tis
457 2421 588 2460 peccati,
606 2422 650 2451 sic
665 2421 835 2452 satisfactio
859 2422 956 2453 unius
973 2432 1043 2454 non
1062 2423 1193 2463 prodest
1216 2424 1315 2460 alteri,
1333 2424 1408 2464 quia
1425 2434 1462 2454 ex
1491 2435 1503 2448 ο

396 2466 516 2495 ieiunio
540 2466 635 2496 unius
659 2475 732 2496 caro
756 2466 883 2497 alterius
908 2476 976 2497 non
999 2467 1164 2503 domatur,
1188 2477 1249 2498 nec
1279 2478 1318 2498 ex
1341 2468 1463 2499 actibus

396 2510 490 2539 unius
514 2509 593 2540 alius
611 2510 693 2540 bene
709 2519 801 2550 agere
818 2512 1000 2542 consuevit:
1026 2512 1086 2542 nisi
1110 2512 1289 2542 secundum
1305 2512 1462 2549 accidens,

396 2554 587 2593 inquantum
603 2554 716 2594 aliquis
732 2563 789 2594 per
805 2556 890 2586 bona
914 2565 1011 2595 opera
1030 2561 1136 2596 potest
1152 2556 1240 2587 alteri
1256 2557 1371 2588 mereri
1386 2566 1463 2597 aug-

397 2603 541 2628 mentum
564 2599 690 2638 gratiae,
708 2608 791 2638 quae
815 2599 1070 2631 efficacissimum
1090 2600 1268 2631 remedium
1292 2607 1339 2631 est
1362 2601 1401 2632 ad
1416 2602 1462 2632 vi-

397 2642 528 2672 tandum
551 2649 729 2682 peccatum.
755 2643 818 2674 Sed
841 2645 904 2674 hoc
928 2650 974 2674 est
997 2654 1054 2685 per
1077 2644 1214 2676 modum
1236 2646 1340 2676 meriti
1362 2646 1463 2686 magis

398 2696 494 2726 quam
518 2696 573 2726 per
597 2686 731 2717 modum
755 2687 987 2719 satisfactionis.

453 2730 514 2761 Sed
530 2737 686 2770 quantum
702 2731 741 2761 ad
757 2732 953 2763 solutionem
970 2733 1077 2770 debiti,
1095 2743 1179 2764 unus
1202 2739 1308 2774 potest
1323 2743 1382 2774 pro
1400 2734 1462 2764 alio

398 2774 590 2805 satisfacere:
615 2775 793 2807 dummodo
813 2778 900 2807 sitin
925 2778 1062 2814 caritate,
1079 2784 1115 2808 ut
1138 2788 1236 2818 opera
1252 2779 1320 2809 eius
1344 2778 1463 2809 satisfa-

399 2820 497 2849 ctoria
521 2828 587 2849 esse
610 2821 743 2859 possint.

1518 266 1674 300 quantum
1698 270 1804 301 poena
1828 260 2033 290 satisfactoria
2057 266 2104 291 est
2126 262 2159 291 in
2182 261 2370 293 remedium.
2400 262 2493 294 Unde
2516 273 2585 294 non

1518 310 1564 335 est
1587 304 1838 345 permittendum
1862 304 1951 344 quod
1967 304 2080 344 aliquis
2095 314 2155 344 pro
2176 305 2238 336 alio
2254 307 2487 345 poenitentiam
2503 313 2583 347 agat,

1516 349 1577 378 nisi
1601 348 1742 379 defectus
1767 349 1881 389 aliquis
1904 354 2053 388 appareat
2076 350 2110 379 in
2132 349 2336 389 poenitente:
2360 350 2411 381 vel
2434 360 2584 391 corpora·
2624 348 2626 350 ’

1516 393 1564 428 lis,
1580 402 1637 432 per
1661 402 1758 433 quem
1775 392 1810 423 fit
1826 394 1987 432 impotens
2008 392 2047 423 ad
2068 393 2307 430 sustinendum;
2330 394 2382 424 vel
2405 395 2582 435 spintualis,

1516 446 1573 476 per
1596 446 1694 476 quem
1718 446 1785 467 non
1809 437 1848 466 sit
1870 442 2040 476 promptus
2064 437 2103 468 ad
2126 437 2322 477 portandum
2343 447 2495 478 poenam.

1571 481 1622 510 An
1646 491 1763 511 pansum
1786 490 1869 511 aneo
1898 491 2059 511 mensuum
2089 481 2180 521 quod
2210 482 2389 521 praemium
2418 483 2583 514 essentiale

1516 524 1656 555 redditur
1677 524 1856 555 secundum
1872 524 2116 565 dispositionem
2132 525 2288 555 hominis:
2314 527 2390 566 quia
2405 526 2584 557 secundum

1517 570 1723 609 capacitatem
1747 569 1924 599 videntium
1949 570 2006 599 erit
2029 569 2197 609 plenitudo
2221 570 2352 599 visionis
2376 569 2511 601 divinae.
2542 571 2584 601 Et

1516 612 1600 649 ideo,
1618 614 1699 643 sicut
1716 623 1799 644 unus
1815 623 1882 643 non
1899 613 2080 653 disponitur
2094 623 2151 654 per
2167 619 2275 644 actum
2290 613 2428 650 alterius,
2440 614 2484 644 ita
2499 624 2583 645 unus

1517 657 1605 687 alteri
1628 667 1696 687 non
1711 663 1852 688 meretur
1867 658 2046 697 praemium
2062 657 2244 688 essentiale:
2268 658 2329 688 nisi
2348 658 2500 688 meritum
2516 659 2583 689 eius

1516 702 1630 732 habeat
1646 701 1819 732 efficaciam
1835 701 2002 738 infinitam,
2020 702 2101 732 sicut
2124 701 2251 738 Christi,
2270 702 2361 732 cuius
2379 702 2495 732 merito
2512 702 2583 733 solo

1516 746 1608 785 pueri
1631 756 1687 786 per
1711 747 1905 786 baptismum
1929 746 1969 776 ad
1991 747 2089 776 vitam
2112 751 2272 776 aeternam
2295 747 2495 786 perveniunt.
2521 745 2584 777 Sed

1516 799 1623 829 poena
1645 790 1830 830 temporalis
1853 800 1912 830 pro
1942 796 2076 830 peccato
2100 790 2206 821 debita
2227 795 2302 830 post
2333 790 2446 830 culpae
2473 791 2583 821 remis-

1516 835 1642 864 sionem
1663 844 1731 864 non
1753 839 1875 865 taxatur
1898 834 2077 865 secundum
2098 834 2341 875 dispositionem
2365 835 2434 865 eius
2454 835 2507 865 cui
2529 834 2583 865 de-

1478 891 1499 911 15
1516 878 1623 908 betur:
1649 879 1724 918 quia
1748 878 1944 919 quandoque
1967 879 2020 909 ille
2044 879 2100 919 qui
2124 884 2170 909 est
2193 879 2317 915 melior,
2337 879 2432 909 habet
2454 879 2583 909 maioris

1516 932 1641 962 poenae
1664 928 1797 953 reatum.
1823 923 1864 953 Et
1883 922 1957 953 ideo
1981 928 2139 963 quantum
2154 923 2194 953 ad
2209 933 2335 963 poenae
2350 924 2582 959 remissionem,

1516 976 1600 996 unus
1616 966 1704 997 alteri
1727 972 1834 1007 potest
1848 968 1980 1004 mereri;
2005 973 2037 997 et
2059 973 2148 998 actus
2170 968 2266 998 unius
2290 967 2424 998 efficitur
2445 967 2582 1004 alterius,

1517 1011 1643 1040 caritate
1655 1010 1824 1047 mediante,
1833 1020 1890 1050 per
1902 1021 2000 1051 quam
2013 1021 2124 1042 omnes
2136 1021 2235 1042 unum
2247 1021 2357 1042 sumus
2370 1012 2402 1041 in
2418 1011 2547 1042 Christo
2555 1013 2582 1042 *.

1570 1054 1622 1084 An
1647 1064 1809 1085 suetmntm
1831 1065 1992 1085 mcxxnuu
2007 1055 2098 1095 quod
2121 1056 2270 1086 contritio
2291 1055 2456 1086 ordinatur
2471 1061 2584 1086 contra

1517 1097 1655 1136 culpam,
1673 1107 1756 1137 quae
1779 1098 1819 1128 ad
1842 1098 2087 1138 dispositionem
2109 1100 2259 1130 bonitatis
2285 1100 2337 1130 vel
2363 1100 2502 1130 malitiae
2523 1101 2583 1131 ho-

1515 1141 1611 1171 minis
1626 1142 1772 1180 pertinet.
1786 1142 1827 1171 Et
1841 1141 1915 1172 ideo
1931 1152 1988 1182 per
2005 1143 2232 1174 contritionem
2247 1144 2343 1174 unius
2359 1144 2438 1174 alius
2455 1154 2473 1174 a
2489 1144 2584 1184 culpa

1515 1193 1584 1214 non
1598 1185 1758 1215 liberatur.
1775 1203 1798 1207 —
1821 1185 1971 1216 Similiter
1985 1196 2042 1226 per
2058 1186 2296 1217 confessionem
2310 1188 2412 1218 homo
2433 1198 2467 1218 se
2482 1197 2584 1218 sacra—

1516 1229 1632 1258 mentis
1655 1229 1817 1259 Ecclesiae
1840 1230 1976 1260 subiicit.
2007 1230 2084 1260 Non
2106 1235 2215 1261 autem
2246 1236 2353 1270 potest
2375 1241 2460 1262 unus
2483 1241 2584 1262 sacra-

1515 1277 1663 1302 mentum
1686 1282 1745 1312 pro
1770 1273 1832 1303 alio
1855 1274 2019 1313 accipere:
2044 1275 2119 1314 quia
2141 1275 2175 1304 in
2191 1280 2389 1305 sacramento
2411 1275 2511 1315 gratia
2532 1285 2585 1306 su-

1477 1327 1488 1340 2
1516 1317 1663 1356 scipienti
1686 1316 1786 1352 datur,
1802 1317 1948 1347 non'alii.
1965 1335 1986 1340 —
2010 1318 2050 1348 Et
2072 1317 2147 1348 ideo
2170 1328 2239 1348 non
2255 1324 2302 1349 est
2316 1319 2427 1349 similis
2449 1319 2529 1350 ratio
2545 1319 2585 1350 de

1517 1360 1741 1397 satisfactione,
1758 1361 1952 1392 contritione
1975 1367 2007 1392 et
2030 1361 2243 1393 confessione.

1572 1405 1622 1434 An
1646 1415 1780 1435 ‘manum
1803 1415 1963 1435 memnon
1987 1405 2076 1446 quod
2099 1407 2132 1436 in
2148 1406 2310 1437 solutione
2333 1406 2431 1438 debiti
2451 1406 2586 1445 attendi-

1516 1454 1568 1479 tur
1591 1449 1750 1489 quantitas
1773 1459 1914 1490 poenae:
1940 1450 1995 1481 sed
2011 1451 2045 1480 in
2067 1451 2182 1481 merito
2204 1451 2376 1482 attenditur
2397 1451 2486 1482 radix
2508 1452 2585 1482 cari-

1516 1493 1598 1523 tatis.
1623 1493 1664 1524 Et
1685 1493 1760 1524 ideo
1784 1493 1837 1524 ille
1860 1494 1915 1534 qui
1939 1504 1978 1525 ex
1994 1495 2121 1526 caritate
2145 1504 2204 1535 pro
2229 1495 2291 1525 alio
2306 1500 2457 1532 meretur,
2474 1495 2586 1527 saltem

1516 1538 1630 1568 merito
1655 1538 1801 1578 congrui,
1818 1538 1914 1568 etiam
1934 1539 1994 1568 sibi
2017 1539 2117 1579 magis
2132 1545 2282 1570 meretur.
2306 1539 2382 1570 Non
2405 1545 2514 1571 autem
2527 1540 2587 1580 qui

1516 1591 1575 1621 pro
1592 1582 1655 1612 alio
1672 1581 1831 1618 satisfacit,
1847 1592 1907 1622 pro
1924 1592 1958 1613 se
1973 1583 2138 1614 satisfacit:
2164 1584 2240 1624 quia
2261 1584 2316 1614 illa
2331 1585 2490 1624 quantitas
2505 1594 2585 1625 poe-

1515 1635 1576 1656 nae
1599 1635 1668 1656 non
1691 1626 1807 1657 sufficit
1830 1627 1869 1657 ad
1892 1633 2067 1667 utrumque
2082 1633 2262 1668 peccatum.
2287 1628 2413 1659 Tamen
2435 1629 2496 1659 sibi
2516 1637 2586 1659 me-

1516 1676 1602 1701 retur
1624 1671 1728 1701 maius
1751 1681 1850 1711 quam
1874 1672 1914 1702 sit
1937 1671 2079 1702 dimissio
2103 1681 2245 1714 poenae,
2267 1671 2390 1703 scilicet
2411 1673 2510 1704 vitam
2533 1682 2586 1704 ae-

1515 1720 1649 1745 ternam.

1571 1759 1622 1789 An
1640 1769 1788 1790 unaarum
1804 1770 1963 1790 monimum
1980 1760 2079 1801 quod,
2095 1762 2122 1791 si
2137 1761 2274 1802 ipsemet
2288 1761 2328 1792 ad
2350 1761 2491 1802 aliquam
2506 1770 2585 1802 poe-

1516 1813 1591 1834 nam
1615 1813 1648 1834 se
1672 1803 1851 1844 obligasset,
1867 1814 1936 1835 non
1951 1806 2040 1845 prius
2055 1815 2073 1835 a
2089 1805 2198 1836 debito
2221 1811 2304 1836 esset
2318 1806 2471 1836 immunis
2487 1814 2599 1846 quam*

1516 1848 1542 1877 si
1566 1857 1637 1878 eam
1659 1848 1814 1879 solvisset.
1846 1849 1887 1879 Et
1910 1848 1984 1879 ideo
2007 1858 2148 1890 poenam
2171 1850 2240 1890 ipse
2263 1850 2416 1890 patietur,
2441 1849 2585 1890 quandiu

1516 1892 1569 1922 ille
1593 1892 1840 1923 satisfactionem
1864 1903 1927 1933 pro,
1955 1903 1994 1924 eo
2018 1893 2137 1924 fecerit.
2172 1894 2280 1932 Quam
2304 1894 2330 1924 si
2358 1903 2428 1924 non
2457 1893 2584 1930 fecerit,

1516 1941 1593 1967 tunc
1609 1942 1745 1977 uterque
1762 1942 1808 1967 est
1827 1937 1952 1968 debitor
1966 1938 2051 1968 illius
2066 1947 2202 1978 poenae,
2219 1947 2304 1968 unus
2322 1947 2383 1978 pro
2400 1938 2584 1974 commisso,

1516 1981 1596 2011 alius
1611 1991 1672 2021 pro
1689 1982 1819 2012 omisso.
1837 1981 1878 2012 Et
1901 1983 1945 2012 ita
1955 1983 2184 2022 nonsequitur
2199 1982 2289 2023 quod
2300 1987 2470 2023 peccatum
2481 1991 2586 2014 unum

1516 2026 1564 2055 bis
1588 2026 1748 2065 puniatur.

1709 2111 1962 2156 QUAESTIO
1989 2111 2391 2156 DECIMAQUARTA

1764 2179 1810 2214 DE
1831 2179 2032 2210 QUALITATE
2058 2179 2337 2205 suffit-menonis

1579 2256 1672 2277 amna
1696 2245 1966 2277 considerandum
1989 2251 2036 2276 est
2059 2245 2099 2276 de
2123 2245 2274 2286 qualitate
2298 2245 2519 2277 satisfactionis
2538 2247 2566 2277 *.

1519 2259 1620 2322 DEt
1643 2291 1727 2322 circa
1750 2291 1812 2321 hoc
1837 2295 2034 2331 quaeruntur
2057 2290 2212 2331 quinque.

1572 2336 1700 2366 Primo:
1725 2340 1834 2365 utrum
1860 2335 1961 2365 homo
1989 2335 2090 2375 possit
2117 2334 2156 2365 de
2181 2344 2248 2365 uno
2270 2340 2405 2375 peccato
2429 2335 2497 2365 sine
2521 2334 2584 2366 alio

1651 2379 1838 2410 satisfacere.

1573 2423 1740 2456 Secundo:
1761 2429 1869 2454 utrum
1885 2423 1937 2453 ille
1954 2424 2011 2463 qui
2027 2423 2066 2454 de
2083 2423 2234 2454 omnibus
2249 2424 2388 2464 peccatis
2402 2425 2491 2464 prius
2506 2432 2585 2455 con-

1650 2469 1740 2498 tritus
1764 2467 1824 2498 fuit
1848 2473 1879 2498 et
1901 2473 2014 2508 postea
2036 2468 2070 2498 in
2099 2473 2269 2508 peccatum
2299 2467 2430 2502 incidit,
2454 2467 2494 2499 de
2516 2468 2585 2499 aliis

1650 2513 1798 2553 peccatis,
1817 2521 1899 2552 quae
1915 2513 1975 2542 sibi
1986 2522 2043 2552 per
2059 2512 2286 2542 contritionem
2301 2511 2431 2543 fuerunt
2447 2512 2585 2549 dimissa,

1651 2556 1829 2587 satisfacere
1852 2557 1953 2596 possit
1977 2561 2062 2587 extra
2086 2557 2248 2587 caritatem
2272 2557 2417 2587 existens.

1573 2602 1700 2632 Tertio:
1726 2606 1834 2631 utrum
1857 2601 1958 2631 homo
1980 2606 2152 2641 postquam
2169 2601 2330 2632 caritatem
2345 2601 2465 2637 habuit,
2481 2601 2585 2632 valere

1650 2646 1709 2676 sibi
1733 2645 1864 2685 incipiat
1887 2644 2057 2676 satisfactio
2081 2644 2284 2685 praecedens.
2429 2651 2435 2658 ·

1573 2690 1713 2728 Quarto:
1738 2695 1847 2720 utrum
1867 2699 1965 2730 opera
1981 2695 2066 2720 extra
2089 2690 2250 2720 caritatem
2274 2689 2356 2720 facta
2375 2690 2437 2720 sint
2451 2689 2585 2721 alicuius

1651 2734 1729 2764 boni
1752 2734 1924 2764 meritoria.

1572 2778 1716 2817 Quinto:
1740 2784 1849 2809 utrum
1872 2788 1971 2819 opera
1993 2777 2154 2818 praedicta
2178 2779 2303 2809 valeant
2326 2777 2366 2808 ad
2388 2787 2514 2818 poenae
2537 2778 2585 2808 in-

1650 2822 1777 2853 fernalis
1799 2822 2044 2862 mitigationem.

2611 1013 2823 1063 :auseae-

2611 2250 2669 2300 ἔιξὲ.
2679 2256 2720 2279 qu.
2735 2255 2775 2278 ιη,
2786 2249 2826 2272 lu·

452 2863 520 2893 Nec
544 2869 671 2903 oportet
694 2864 783 2904 quod
806 2866 908 2896 maior
931 2876 1038 2906 poena
1060 2867 1246 2907 imponatur
1270 2868 1299 2898 ei
1323 2868 1379 2908 qui
1402 2877 1462 2907 pro
1476 2877 1503 2896 σο

161 2909 171 2918 ·
194 2907 286 2955 Ιίῑῧῑεηῗ
309 2907 371 2954 {¹¹35}-
399 2907 496 2937 altero
520 2907 667 2938 satisfacit
683 2918 780 2949 quam
803 2910 970 2950 principali
988 2911 1223 2951 imponeretur:
1248 2917 1283 2942 ut
1299 2911 1430 2952 quidam
1446 2913 1462 2928 ⁴*

162 2939 375 2987 ¹131.2‚;rfi2';..13t;
400 2950 518 2987 dicunt,
534 2952 593 2982 hac
616 2953 737 2984 ratione
760 2955 850 2990 moti,
868 2955 943 2994 quia
966 2964 1072 2994 poena
1095 2956 1224 2996 propria
1251 2956 1351 2996 magis
1374 2957 1462 2987 satis-

163 2992 216 3035 31⁸3.
226 2986 372 3040 xssf'pjffffq'ffi
400 2994 473 3025 facit
489 3005 585 3036 quam
601 2996 711 3027 aliena.
737 2997 821 3035 Quia
843 3008 948 3038 poena
967 3000 1062 3030 habet
1084 3001 1149 3030 vim
1168 2999 1379 3031 satisfaciendi
1395 3010 1462 3031 ma-

164 3046 179 3061 ι-
400 3039 483 3069 xime
506 3040 628 3070 ratione
651 3042 794 3078 caritatis,
819 3051 883 3082 qua
906 3043 1006 3074 homo
1030 3044 1133 3084 ipsam
1156 3045 1299 3075 sustinet.
1323 3045 1364 3076 Et
1387 3045 1462 3085 quia

401 3083 501 3113 maior
525 3085 633 3114 caritas
657 3091 786 3125 apparet
808 3087 842 3116 in
865 3087 927 3117 hoc
952 3087 1041 3128 quod
1071 3088 1185 3128 aliquis
1208 3098 1267 3129 pro
1292 3089 1391 3120 altero
1415 3099 1462 3119 sa·
1476 3098 1500 3123 ες

401 3126 514 3157 tisfacit
537 3137 634 3167 quam
657 3129 682 3158 si
705 3130 771 3169 ipse
788 3130 988 3168 satisfaceret,
1004 3131 1078 3162 ideo
1101 3134 1207 3163 minor
1227 3143 1334 3173 poena
1356 3134 1462 3174 requi-

402 3171 478 3200 ritur
500 3172 533 3201 in
557 3182 596 3202 eo
621 3174 676 3212 qui
699 3182 757 3213 pro
782 3174 843 3204 alio
868 3175 1015 3206 satisfacit
1047 3186 1145 3216 quarn
1168 3178 1201 3207 in
1223 3178 1392 3218 principali
1414 3187 1462 3208 re-

403 3215 588 3254 quireretur.
619 3216 713 3247 Unde
737 3217 850 3248 dicitur
873 3219 906 3249 in
936 3219 1012 3250 Vitis
1035 3221 1169 3251 Patr-um
1185 3222 1202 3238 ἃ
1219 3221 1308 3261 quod
1330 3227 1462 3262 propter

403 3259 562 3289 caritatem
586 3261 680 3290 unius
704 3262 769 3300 qui,
787 3262 912 3292 alterius
936 3263 1036 3295 fratris
1060 3266 1187 3295 caritate
1208 3265 1332 3302 ductus,
1349 3266 1463 3306 poeni-

403 3303 533 3333 tentiam
549 3303 623 3334 fecit
638 3314 697 3344 pro
716 3311 848 3344 peccato
866 3307 954 3346 quod
973 3317 1040 3338 non
1056 3310 1268 3346 commiserat,
1285 3310 1373 3341 alteri
1388 3319 1463 3350 pec·
1478 3324 1505 3344 70

404 3351 510 3376 catum
533 3347 621 3386 quod
645 3349 856 3385 commiserat,
874 3350 1039 3382 dimissum
1062 3358 1117 3383 est.

458 3390 526 3420 Nec
550 3392 682 3431 exigitur
705 3393 819 3428 etiam,
846 3400 1002 3433 quantum
1025 3395 1064 3426 ad
1088 3397 1323 3428 absolutionem
1347 3397 1462 3434 debiti,
1519 3403 1550 3429 et
1573 3398 1661 3428 Deus
1683 3396 1932 3428 satisfactionem
1955 3397 2051 3428 unius
2074 3397 2197 3437 peceati
2220 3398 2288 3428 sine
2311 3398 2384 3428 alio.
2612 3431 2622 3441 ,
2785 3428 2791 3434 .

405 3433 494 3473 quod
516 3434 568 3464 ille
590 3444 649 3474 pro
674 3445 740 3475 quo
763 3435 799 3466 fit
822 3437 1007 3474 satisfactio,
1033 3440 1071 3470 sit
1099 3441 1260 3481 impotens
1283 3442 1322 3473 ad
1345 3442 1463 3473 satisfa-
1575 3442 1604 3472 3.
1629 3442 1825 3478 Priuernum,
1840 3441 2033 3483 satisfactio,
2050 3447 2086 3472 ut
2108 3441 2141 3472 in
2157 3441 2259 3472 littera
2274 3442 2291 3458 ⁴*
2311 3441 2436 3478 dicitur,
2452 3446 2500 3473 est
2507 3450 2584 3482 pec·
2611 3429 2824 3483 ,ντζδῗῖϊῡᾞὲ

405 3477 564 3508 ciendum.
589 3478 682 3516 Quia,
700 3480 794 3510 etiam
810 3481 835 3510 si
859 3487 939 3511 esset
955 3488 1079 3521 potens,
1096 3485 1157 3514 alio
1173 3485 1382 3516 satisfaciente
1405 3496 1463 3526 pro
1518 3491 1666 3517 catorum
1689 3495 1806 3517 causas
1828 3485 1992 3521 excidere,
2017 3495 2076 3516 nec
2098 3486 2360 3527 suggestionibus
2389 3486 2513 3517 aditum
2536 3485 2585 3516 in·
2611 3489 2651 3537 aa·
2670 3515 2719 3536 xn,
2738 3481 2823 3538 ,ᾗῇ

405 3522 486 3561 ipso,
503 3521 570 3561 ipse
586 3532 604 3552 a
627 3522 734 3553 debito
750 3524 901 3554 immunis
925 3531 1015 3556 esset.
1032 3544 1052 3549 —
1069 3527 1131 3558 Sed
1154 3529 1217 3559 hoc
1233 3531 1402 3570 requiritur
1416 3531 1464 3561 in-
1479 3543 1502 3564 75
1519 3531 1664 3572 dulgere.
1689 3529 1753 3561 Sed
1775 3530 1932 3570 contingit
1954 3530 2018 3561 hoc
2041 3529 2081 3561 de
2104 3539 2171 3561 uno
2195 3536 2329 3571 peccato
2351 3531 2419 3562 sine
2442 3530 2524 3561 alio:
2548 3535 2585 3560 ut
2610 3541 2659 3564 arg.
2675 3543 2694 3559 ι.

1642 2889 1741 2920 ART.
1760 2889 1782 2919 Ι.
1806 2899 1911 2919 urium
1933 2898 2023 2919 nouo
2047 2898 2151 2919 rossn·
2174 2898 2214 2919 niz
2237 2898 2300 2919 uno
2324 2897 2463 2919 peccaro

1810 2943 1890 2963 snm
1922 2943 2008 2963 arro
2047 2943 2293 2964 sansracnan

1864 2988 1923 3010 Part.
1938 2987 1977 3016 m,
1993 2994 2031 3015 qu.
2048 2993 2144 3015 cxxxvi,
2159 2991 2201 3010 ιη.
2216 2993 2236 3016 3.

1583 3054 1603 3074 n
1627 3054 1744 3075 pamma
1768 3054 1814 3074 src
1842 3054 2047 3074 paocnnrrun.
2076 3044 2210 3075 Videtur
2238 3043 2327 3084 quod
2355 3044 2456 3074 horno
2484 3044 2586 3084 possit

1519 3056 1622 3120 Ade
1637 3098 1705 3119 uno
1721 3093 1855 3129 peccato
1876 3089 1944 3119 sine
1960 3088 2023 3119 alio
2044 3087 2232 3119 satisfacere.
2251 3087 2375 3118 Eorum
2395 3088 2481 3118 enim
2501 3097 2585 3128 quae

1516 3143 1585 3164 non
1608 3133 1727 3163 habent
1741 3133 1979 3163 connexionem
1994 3131 2034 3163 ad
2049 3132 2197 3168 invicem,
2213 3141 2317 3162 unum
2339 3137 2446 3172 potest
2469 3131 2585 3163 auferri

1517 3178 1585 3208 sine
1610 3177 1683 3208 alio.
1708 3176 1771 3208 Sed
1794 3182 1924 3218 peccata
1947 3186 2014 3207 non
2038 3177 2156 3207 habent
2179 3175 2218 3207 ad
2240 3176 2379 3206 invicem
2409 3177 2585 3208 connexiO-

1517 3231 1609 3252 nem:
1635 3221 1710 3252 alias
1733 3221 1790 3262 qui
1805 3221 1936 3252 haberet
1958 3230 2061 3251 unum
2083 3220 2213 3251 haberet
2229 3220 2347 3251 omnia.
2372 3220 2458 3261 Ergo
2481 3230 2585 3253 unum

1517 3271 1624 3307 potest
1647 3266 1765 3306 expiari
1787 3265 1855 3296 sine
1878 3265 1941 3295 alio
1964 3274 2022 3305 per
2045 3264 2302 3295 satisfactionem.

1575 3320 1604 3340 2.
1628 3310 1824 3346 Pani-nasa,
1842 3309 1930 3340 Deus
1953 3314 1999 3339 est
2022 3309 2122 3349 magis
2145 3309 2323 3339 misericors
2351 3318 2449 3349 quam
2471 3310 2583 3340 horno.

1518 3354 1581 3386 Sed
1604 3355 1706 3384 homo
1729 3354 1842 3394 recipit
1864 3354 1960 3384 unius
1976 3352 2073 3383 debiti
2096 3353 2293 3384 solutionem
2308 3354 2377 3384 sine
2399 3354 2473 3384 alio.
2498 3353 2584 3394 Ergo

165 3218 232 3239 wib.
244 3217 273 3244 v,
283 3217 342 3239 libet
354 3224 375 3245 v,

165 3251 187 3266 n.
203 3250 237 3272 27.
