2918 4088
203 434 212 443 ·
228 432 297 454 Num.
315 438 328 452 ι,

204 1720 211 1727 ’
224 1717 361 1741 Nun111,Et
368 1718 409 1737 est.

452 217 526 264 378

446 305 531 326 vum.
556 295 598 325 Et
620 295 699 325 haec
723 295 842 335 absque
867 295 956 325 omni
980 295 1132 335 scrupulo
1153 296 1264 325 veritas
1289 293 1510 335 amplectenda

446 346 501 370 est.

498 384 565 414 VII.
591 385 638 414 Ex
661 384 709 414 his
733 389 841 414 autem
863 389 950 423 patet
974 383 1052 423 quid
1076 383 1248 414 dicendum
1271 384 1309 413 sit
1333 382 1371 412 ad
1387 387 1509 412 motam

444 429 667 468 quaestionem
678 428 888 468 principalem
900 429 926 458 ἢ
943 428 1032 458 Patet
1043 437 1185 467 namque
1198 427 1287 467 quod
1303 431 1509 466 praeceptum

444 473 643 503 contritionis
666 482 734 503 non
750 472 977 503 determinatur
993 472 1171 502 secundum
1187 481 1219 501 se
1244 471 1283 501 ad
1299 477 1426 510 tempus
1442 479 1509 500 me-

443 518 573 553 moriae,
594 516 649 548 sed
672 517 712 547 ad
734 517 852 547 statim.
882 517 922 546 Et
945 522 1123 556 propterea,
1140 516 1200 546 nisi
1223 515 1379 545 memoria
1403 514 1510 544 afferat

443 566 610 602 urgentem
634 571 762 591 causam
785 561 824 591 ad
849 567 955 591 actum
979 561 1109 591 actualis
1133 560 1324 590 detentionis
1349 559 1414 589 odii
1438 559 1508 593 Dei,

442 615 510 636 non
531 606 702 636 incurritur
724 615 809 635 nova
833 606 963 635 omissio
988 605 1197 639 contritionis,
1214 603 1269 634 sed
1286 604 1416 643 antiqua
1439 612 1509 642 per-

442 656 572 681 severat.
607 650 703 681 Nulla
727 655 834 680 autem
865 655 997 689 apparet
1020 650 1100 679 ratio
1131 658 1228 688 quare
1255 648 1427 692 memoria,
1455 652 1510 676 aut

443 704 595 725 occursus
619 695 782 725 commissi
805 694 928 734 peccati
958 699 993 723 ut
1016 692 1209 727 detestandi,
1238 693 1409 722 constituat
1432 697 1508 721 tunc

442 745 570 779 tempus
599 739 795 769 necessariae
827 738 1063 768 commissionis
1095 736 1134 767 ad
1161 736 1369 767 detinendum
1397 735 1509 766 odium

443 784 512 819 Dei,
537 783 637 823 magis
661 792 759 822 quam
783 783 808 812 si
831 792 899 812 non
923 787 1119 812 occurreret:
1144 782 1205 811 nisi
1228 780 1309 810 forte
1333 785 1387 811 aut
1407 779 1446 810 ad
1463 779 1509 809 di-

442 829 533 858 vinae
557 828 772 867 inspirationis
796 827 960 866 sequelam
984 826 1105 856 dicatur
1129 835 1300 855 occursum
1321 825 1471 864 obligare,
1487 841 1510 845 -

443 872 498 902 sed
522 871 608 902 aliud
632 878 678 902 est
701 877 908 911 praeceptum
932 870 971 900 de
995 870 1124 910 sequela
1142 870 1357 909 inspirationis
1374 868 1508 903 divinae,

443 916 528 947 aliud
559 916 598 946 de
625 916 831 946 restitutionis
862 921 916 945 aut
943 914 1142 944 contritionis
1173 919 1337 953 tempore;
1373 918 1427 943 aut
1454 922 1508 943 oc-

443 969 592 996 cursum,
621 970 678 990 seu
701 960 908 994 memoriam,
937 965 1090 998 tanquam
1114 958 1322 997 approprians
1344 957 1509 987 materiam

443 1005 636 1035 constituere
660 1003 782 1034 dicatur
806 1009 933 1042 tempus
956 1002 1079 1041 agendi,
1097 1002 1173 1041 quia
1188 1007 1316 1041 tempus
1332 1001 1446 1041 agendi
1463 1006 1509 1031 est

443 1048 573 1088 quando
589 1048 719 1077 materia
737 1053 783 1077 est
798 1056 957 1086 praesens.
983 1046 1046 1076 Sed
1065 1045 1151 1075 aliud
1175 1051 1221 1075 est
1236 1045 1327 1084 loqui
1343 1045 1382 1075 de
1398 1054 1508 1075 neces-

442 1094 531 1122 sitate
548 1091 678 1131 agendi:
696 1090 782 1121 aliud
799 1090 838 1120 de
852 1090 1081 1120 commoditate
1098 1099 1155 1119 seu
1172 1090 1370 1128 congruitate
1383 1089 1507 1128 agendi.

442 1136 686 1176 Approximatio
704 1135 790 1164 enim
806 1134 844 1164 ad
868 1144 963 1173 agens
986 1134 1123 1163 liberum
1146 1142 1214 1163 non
1239 1133 1405 1163 constituit
1427 1138 1508 1162 tem-

442 1190 501 1220 pus
524 1179 728 1214 necessitatis,
753 1178 808 1208 sed
836 1177 1073 1208 commoditatis
1097 1176 1136 1206 ad
1166 1176 1336 1216 agendum.
1360 1176 1428 1206 Nos
1452 1186 1508 1206 au-

441 1231 516 1260 tem,
531 1229 565 1254 ut
581 1228 667 1263 patet
684 1232 721 1253 ex
738 1222 839 1257 dictis,
856 1227 983 1261 tempus
1000 1222 1194 1251 necessitatis
1211 1220 1335 1260 agendi,
1348 1221 1391 1250 ita
1408 1220 1507 1259 quod,

441 1269 500 1299 nisi
525 1273 644 1307 agatur,
661 1276 784 1297 novum
808 1271 978 1306 peccatum
1001 1266 1182 1301 incurritur,
1201 1265 1395 1304 quaerimus.

495 1311 588 1343 Unde
611 1316 706 1342 restat
729 1316 764 1341 ut
788 1310 965 1340 recordatio
990 1310 1113 1349 peccati
1137 1305 1310 1344 commissi,
1335 1314 1507 1348 quantum-

441 1366 581 1396 cumque
604 1356 750 1396 practica,
775 1365 841 1385 non
867 1355 986 1394 obliget
1009 1353 1049 1384 ad
1073 1354 1317 1383 contritionem:
1343 1353 1425 1383 sicut
1447 1362 1508 1382 nec

440 1403 473 1432 in
497 1401 672 1441 praeceptis
696 1400 763 1429 aliis
787 1408 940 1429 occursus
963 1398 1114 1428 materiae
1139 1397 1259 1437 obligat
1283 1397 1322 1427 ad
1345 1402 1463 1427 actum.

495 1446 535 1475 Et
551 1446 623 1481 hoc,
640 1443 805 1484 loquendo
826 1443 865 1473 de
882 1443 1038 1473 memoria
1061 1441 1240 1472 secundum
1256 1451 1299 1471 se.
1316 1441 1410 1477 Nam,
1427 1441 1453 1471 si
1469 1442 1508 1471 sit

440 1499 544 1520 sermo
569 1489 607 1519 de
630 1489 786 1518 memoria
809 1487 988 1518 secundum
1008 1496 1104 1517 suum
1120 1485 1270 1516 effectum
1294 1495 1392 1525 quem
1416 1490 1452 1515 ut
1474 1486 1507 1515 in

440 1534 582 1574 pluribus
606 1533 717 1569 habet,
750 1533 826 1572 quia
853 1531 973 1562 scilicet
1004 1531 1086 1571 parit
1108 1536 1163 1561 aut
1186 1530 1430 1560 detestationem
1454 1534 1509 1560 aut

440 1578 705 1618 approbationem
735 1577 858 1617 peccati
886 1576 1049 1606 commissi
1073 1575 1288 1611 occurrentis,
1320 1575 1364 1604 sic
1389 1574 1508 1614 obligat

439 1623 478 1653 ad
502 1622 744 1652 detestationem
769 1621 872 1661 (quae
890 1625 998 1650 tamen
1021 1625 1128 1660 potest
1143 1629 1211 1649 esse
1228 1619 1344 1649 attritio
1361 1619 1412 1649 vel
1429 1628 1507 1649 con-

438 1666 548 1706 tritio),
573 1676 613 1696 ne
630 1666 670 1696 'in
694 1666 960 1706 approbationem
983 1665 1090 1704 lapsus
1113 1663 1177 1694 fiat.

482 1711 563 1741 VIII.
587 1710 639 1741 Ad
670 1711 806 1750 primam
837 1715 945 1740 autem
976 1709 1194 1739 obiectionem
1224 1709 1258 1738 in
1286 1708 1507 1748 oppositum*

439 1756 553 1786 dicitur
582 1754 671 1795 quod
694 1764 756 1785 vox
781 1754 956 1785 dicentium
987 1752 1076 1794 quod
1107 1754 1208 1783 homo
1235 1758 1361 1783 tenetur
1384 1753 1507 1783 conteri

439 1796 568 1840 quando
599 1799 799 1835 recordatur,
831 1798 1011 1829 verificatur
1042 1797 1221 1828 secundum
1245 1797 1278 1827 id
1302 1796 1391 1837 quod
1415 1802 1450 1827 ut
1472 1797 1506 1827 in

438 1845 580 1884 pluribus
595 1843 720 1874 videtur
736 1843 893 1874 accidere:
911 1843 987 1883 quia
1002 1843 1122 1873 scilicet
1138 1842 1353 1872 communiter
1368 1842 1506 1881 practica

438 1889 592 1919 memoria
615 1889 649 1918 in
672 1898 741 1918 non
764 1887 894 1918 dolente
917 1897 1027 1927 parere
1043 1887 1311 1927 approbationem
1327 1884 1460 1916 videtur.

493 1933 565 1963 Divi
589 1938 697 1964 autem
721 1932 868 1963 Thomae
891 1932 997 1967 verba,
1021 1932 1047 1962 si
1063 1936 1172 1962 exacte
1188 1931 1352 1967 librentur,
1375 1939 1444 1960 non
1460 1929 1506 1960 di-

438 1983 514 2008 cunt
537 1977 704 2008 hominem
727 1978 828 2008 teneri
851 1976 891 2007 ad
914 1977 1142 2006 contritionem
1159 1975 1289 2016 quando
1305 1973 1505 2005 recordatur:

1407 215 1670 251 APPENDIX

1566 293 1622 323 sed
1644 302 1747 323 unum
1771 291 1900 332 quando
1925 291 2136 321 determinant
2158 300 2215 330 per
2231 291 2365 322 alterum
2383 292 2524 332 quando.
2548 292 2631 322 Nam

1566 337 1692 373 dicunt,
1717 336 1847 376 quando
1865 340 2001 376 peccata
2028 335 2204 365 memoriae
2227 341 2404 366 occurrunt
2426 345 2498 366 cum
2522 336 2555 366 in
2573 345 2631 376 pe-

1566 382 1669 411 riculo
1687 381 1801 410 mortis
1817 380 1926 410 existit
1941 385 1999 410 aut
2013 380 2123 419 aliquo
2141 379 2281 410 articulo
2291 387 2302 409 .·
2323 380 2380 410 ubi
2395 385 2526 420 apparet
2542 380 2632 420 quod
2647 379 2649 382 ’

1564 431 1692 465 tempus
1712 425 1886 454 memoriae
1910 423 2138 454 determinatur
2153 433 2210 463 per
2225 428 2352 463 tempus
2368 424 2502 463 periculi
2519 425 2631 454 mortis

1565 470 1615 499 vel
1638 479 1695 509 per
1717 474 1845 508 tempus
1869 468 2002 498 alicuius
2026 467 2159 503 articuli,
2177 472 2236 497 etc.
2261 467 2330 498 Nec
2349 467 2452 498 obstat
2471 468 2561 508 quod
2576 478 2631 508 ap-

1563 514 1696 553 ponitur
1719 513 1752 553 ly
1770 513 1955 553 praecipue.
1981 512 2145 549 Quoniam
2170 511 2202 552 ly
2219 512 2396 552 praecipue
2419 513 2631 552 principalita-

1564 564 1629 588 tem
1657 557 1787 588 denotat
1811 557 1944 597 periculi
1967 557 2078 586 mortis
2110 561 2257 595 respectu
2288 556 2414 586 alterius
2441 557 2537 596 partis
2569 556 2630 587 dis-

1563 603 1738 637 iunctivae,
1763 602 1897 637 scilicet,
1922 606 1980 631 aut
2002 600 2141 630 alicuius
2164 600 2297 630 articuli
2320 605 2397 630 etc.:
2421 601 2631 641 periculosius

1564 647 1651 676 enim
1674 647 1832 676 omittitur
1848 646 1996 676 contritio
2014 645 2047 674 in
2063 645 2208 684 periculo
2223 644 2345 679 mortis,
2363 645 2438 683 quia
2453 653 2522 674 non
2537 650 2632 675 restat

1564 692 1655 721 locus
1668 690 1885 730 poenitentiae
1900 691 1926 720 ’ἢ
1951 689 2010 719 Vel
2026 689 2058 729 ly
2068 689 2245 729 praecipue
2265 687 2396 718 denotat
2418 689 2631 728 principalita-

1563 741 1629 765 tem
1652 735 1782 765 rationis
1807 735 1996 774 obligativae
2014 733 2054 764 ad
2070 734 2314 764 contritionem:
2340 733 2383 762 ita
2399 731 2489 772 quod
2503 737 2632 773 tempus

1563 780 1738 810 memoriae
1766 785 1812 810 est
1840 778 1997 819 quaedam
2023 778 2104 808 ratio
2133 777 2336 811 conterendi;
2369 776 2440 812 sed,
2466 777 2542 816 quia
2563 786 2632 807 non

1564 829 1610 854 est
1631 823 1791 854 sufficiens
1806 824 1886 854 ratio
1912 822 2074 862 obligandi
2093 822 2132 852 ad
2149 820 2392 857 conterendum,
2416 820 2490 851 ideo
2508 820 2632 851 additur

1563 868 1746 908 principalis
1769 868 1848 898 ratio
1873 866 2049 906 obligandi,
2075 866 2229 902 dicendo,
2259 875 2330 896 cum
2348 865 2526 905 praecipue
2545 865 2632 905 peri-

1563 913 1672 943 culum
1696 917 1753 942 aut
1776 912 1935 942 articulus
1951 917 2010 941 etc.
2035 912 2076 941 Et
2098 910 2178 941 redit
2202 910 2314 941 eadem
2339 909 2516 940 conclusio.

1618 957 1786 996 Approbat
1805 962 1912 986 autem
1931 956 2013 986 hanc
2030 955 2207 986 doctrinam
2225 954 2408 985 communis
2423 958 2631 994 peccatorum

1563 1001 1691 1037 attritio,
1716 1010 1780 1040 qua
1803 1000 1942 1030 fatentur
1965 1000 2023 1030 sibi
2047 999 2213 1039 displicere
2237 999 2408 1029 commissa
2431 1003 2575 1038 peccata,
2601 1003 2634 1028 et

1563 1045 1675 1075 dicunt
1697 1054 1789 1075 suam
1813 1045 1959 1084 culpam,
1984 1049 2015 1074 et
2039 1043 2233 1074 confitentur
2256 1043 2453 1083 quandoque
2477 1043 2555 1073 citra
2577 1043 2632 1072 ab·

1562 1089 1770 1124 solutionem,
1795 1094 1826 1118 et
1848 1088 2039 1118 velleitatem
2063 1088 2182 1118 habent
2206 1093 2303 1118 status
2327 1087 2396 1117 sine
2419 1092 2564 1127 peccato.
2588 1086 2632 1117 Hi

1564 1133 1650 1162 enim
1674 1138 1762 1162 actus
1786 1132 1864 1162 boni
1888 1137 1962 1162 sunt
1978 1138 2010 1162 et
2025 1131 2202 1171 dispositivi
2222 1131 2262 1162 ad
2280 1131 2526 1171 poenitentiam:
2551 1130 2631 1161 adeo

1563 1182 1598 1206 ut
1620 1176 1764 1206 Ecclesia
1787 1176 1865 1206 tales
1882 1175 2100 1206 confessiones
2124 1175 2341 1215 suscipiendas
2365 1175 2449 1211 dicit,
2472 1175 2576 1211 Extra,
2593 1175 2632 1205 de

1562 1220 1686 1251 Poenit.
1711 1225 1742 1250 et
1756 1220 1901 1255 Remis-s„
1929 1219 2025 1255 Quod
2048 1219 2189 1259 quidam.
2213 1219 2254 1248 Et
2277 1224 2383 1249 tamen
2408 1228 2535 1258 semper
2557 1228 2632 1258 pec—

1563 1268 1678 1294 carent
1693 1264 1879 1298 mortaliter,
1904 1263 2084 1293 omittendo
2110 1263 2347 1298 contritionem,
2372 1263 2399 1293 si
2421 1268 2549 1302 tempus
2564 1272 2632 1293 me-

1562 1309 1684 1339 moriae
1708 1313 1790 1338 esset
1813 1313 1942 1347 tempus
1966 1308 2183 1337 contritionis:
2210 1316 2284 1337 cum
2307 1307 2358 1337 isti
2382 1312 2471 1337 actus
2486 1316 2556 1338 non
2570 1306 2633 1341 sint

1562 1353 1629 1382 sine
1653 1353 1811 1382 memoria
1833 1351 2052 1392 peccatorum.
2074 1369 2098 1373 —
2120 1351 2189 1382 Nec
2206 1352 2311 1381 obstat
2333 1350 2423 1391 quod
2438 1351 2489 1382 isti
2505 1351 2633 1383 contriti

1562 1397 1680 1427 nolunt
1702 1397 1863 1436 suscipere
1888 1396 2134 1432 absolutionem,
2159 1395 2301 1426 dicentes
2324 1405 2357 1426 se
2381 1405 2450 1426 esse
2472 1395 2632 1435 impoeni-

1562 1446 1676 1471 tentes.
1706 1440 1872 1478 Quoniam
1894 1450 2019 1470 narrare
2047 1450 2081 1470 se
2103 1439 2257 1470 habituali
2280 1440 2446 1470 voluntate
2469 1449 2538 1470 esse
2560 1448 2632 1479 per-

1562 1491 1760 1516 severantem
1783 1485 1817 1515 in
1841 1490 1923 1515 statu
1946 1485 2088 1525 peccati,
2111 1494 2179 1515 non
2204 1490 2250 1514 est
2273 1489 2453 1524 peccatum,
2477 1484 2633 1524 quoniam

1561 1540 1630 1560 non
1649 1530 1854 1570 approbatur,
1874 1528 1930 1560 sed
1948 1534 2092 1560 narratur
2109 1529 2370 1568 impoenitentia:
2395 1537 2456 1559 nee
2478 1529 2634 1569 proponit

1561 1580 1639 1605 tunc
1662 1574 1811 1604 meretrix
1834 1583 1978 1614 peccare,
2003 1573 2059 1604 sed
2080 1579 2184 1604 narrat
2199 1578 2276 1604 tunc
2292 1573 2453 1604 miseriam
2468 1578 2567 1604 status
2583 1573 2633 1605 sni

1562 1628 1638 1649 cum
1660 1619 1826 1649 voluntate
1849 1618 1945 1648 illius.·
1968 1618 2064 1649 Nolle
2083 1623 2191 1648 autem
2213 1617 2335 1648 absolvi
2359 1622 2448 1648 actus
2463 1617 2570 1648 bonus
2585 1622 2634 1649 est

1561 1663 1753 1703 indisposito
1777 1668 1855 1693 tunc
1879 1662 1918 1693 ad
1942 1662 2189 1693 absolutionem.
2283 1698 2287 1702 .

1615 1708 1667 1738 IX.
1683 1707 1736 1738 Ad
1751 1706 1925 1738 secundam
1942 1707 2159 1737 obiectionem
2175 1706 2290 1737 dicitur
2305 1705 2405 1747 quod,
2418 1706 2515 1736 etiam
2531 1714 2632 1746 quan-

1561 1752 1603 1783 do
1620 1757 1790 1792 peccatum
1814 1751 1953 1782 occurrit
1976 1757 2012 1781 ut
2035 1750 2314 1787 committendum,
2338 1749 2455 1781 sufficit
2469 1760 2538 1782 non
2554 1754 2633 1783 con-

1560 1795 1694 1827 se'ntire:
1720 1805 1781 1826 nec
1804 1801 1930 1827 tenetur
1953 1796 2054 1826 homo
2078 1795 2253 1826 dissentire.

1616 1840 1668 1872 Ad
1698 1841 1823 1871 tertiam
1855 1840 1971 1871 dicitur
2002 1839 2109 1880 quod,
2140 1840 2215 1870 licet
2245 1848 2414 1879 nunquam
2445 1839 2485 1869 sit
2506 1839 2632 1871 licitum

1561 1890 1642 1916 stare
1665 1886 1699 1916 in
1722 1890 1806 1916 statu
1829 1885 1963 1925 peccati,
1987 1894 2055 1915 non
2077 1889 2186 1915 tamen
2202 1883 2242 1915 de
2258 1893 2347 1914 novo
2369 1893 2496 1924 semper
2518 1888 2632 1924 peccat

1561 1939 1766 1970 perseverans
1789 1930 1823 1959 in
1847 1929 2092 1969 statu-peccati,
2116 1934 2153 1959 ut
2175 1933 2263 1968 patet
2287 1937 2325 1958 ex
2348 1927 2440 1959 dictis
2455 1928 2482 1958 *.

1616 1974 1742 2010 Romu,
1766 1984 1798 2004 xv
1814 1983 1931 2009 unm,
1948 1983 2079 2003 mnxvm.

2658 694 2669 704 ·
2687 693 2725 714 Ad
2742 693 2799 715 Heb.
2819 698 2872 722 cap·

2658 725 2698 745 ιιι,
2714 725 2773 741 vere.
2790 725 2821 747 ¹7·

2624 1936 2627 1947 1
2657 1931 2668 1942 ·
2681 1928 2754 1952 Num.
2768 1935 2800 1952 iv.
