2918 4088
227 581 238 590 ·
253 578 319 601 Vers.
338 584 372 606 ¹9·

229 744 239 753 ·
255 742 319 764 Vers.
335 742 371 763 26.

229 845 239 855 '
246 844 283 865 Al.
289 843 319 864 de
325 842 438 870 Baptism.

227 872 288 891 cont.
311 869 439 895 Donatist„

228 896 267 918 lib.
279 895 355 923 1v‚ca
373 911 378 917 .
390 902 441 916 xv.-

228 923 263 944 Cf.
279 922 317 944 lib.
333 902 373 948 Vi),
388 927 438 949 cap.

227 955 280 971 xxv.

321 1906 336 1929 η

225 1959 236 1968 ·
250 1957 303 1979 Vid.
325 1963 372 1985 arg.
392 1957 440 1978 Sed

225 1986 286 2006 cont.

323 2317 336 2342 θ

226 2378 237 2387 '¹
250 2376 260 2397 1
270 2375 304 2397 ad
313 2375 377 2404 Cor„
386 2382 436 2404 cap.

225 2409 242 2430 ι,
258 2408 316 2424 vers.
334 2409 364 2424 12.

328 2440 336 2456 t

226 2480 237 2490 '¹
252 2478 287 2500 Cf.
299 2485 337 2506 qu.
348 2485 385 2505 nx,
396 2483 437 2500 art.

227 2505 249 2532 8,
258 2511 305 2533 arg.
315 2505 365 2526 Sed
377 2507 438 2527 cont.

469 186 518 222 68

468 263 626 300 nomine
671 264 780 300 Verbi
813 270 849 300 et
885 264 1071 312 Imaginis
1107 269 1143 298 et
1185 261 1327 303 Geniti;
1369 257 1529 307 Spiritus

469 316 583 352 etiam
612 316 774 352 Sanctus
801 322 926 364 potest
954 314 1155 363 significari
1183 312 1342 350 nomine
1369 312 1473 347 Doni
1494 316 1530 346 et

467 370 629 414 Amoris,
659 375 695 405 et
721 368 880 405 nomine
906 373 921 396 Ὺ
953 367 1198 404 Procedentis.
1242 366 1343 412 Ergo
1378 362 1530 399 videtur

469 422 575 470 quod
604 421 720 458 etiam
746 421 806 458 his
825 420 1049 458 nominibus
1069 419 1213 456 utendo
1242 415 1438 466 perficitur
1465 415 1528 451 ba-

468 474 643 523 ptismus.

522 527 596 564 SED
629 537 773 563 CONTRA
809 538 874 563 EST
913 525 1019 574 quod
1048 523 1240 561 Dominus
1261 521 1360 566 dicit,
1390 520 1526 556 Matth.

468 581 532 616 ult.
549 579 585 615 *z
606 581 755 624 Euntes,
776 578 901 615 docete
919 589 1047 614 omnes
1064 582 1203 626 gentes,
1224 576 1447 623 baptizantes
1465 584 1528 609 eos

468 635 504 669 in
535 633 685 668 nomine
711 633 833 668 Patris
861 637 894 667 et
920 631 1008 667 Filii
1034 635 1067 666 et
1095 630 1250 677 Spiritus
1278 627 1414 664 Sancti.

520 686 743 722 Resposmzo
763 695 943 721 DICENDUM
968 682 1075 731 quod
1094 680 1308 729 baptismus
1326 691 1396 728 per
1415 689 1527 715 suam

466 738 631 774 formam
659 744 920 773 consecratur:
950 735 1165 771 secundum
1185 733 1278 770 illud
1296 733 1430 780 Ephes.
1450 743 1474 768 v
1487 731 1525 768 ²⁸:

466 790 659 828 Mundans
687 802 770 826 eam
805 790 957 826 lavacro
992 799 1112 836 aquae
1140 788 1176 823 in
1205 787 1319 823 verbo
1347 787 1465 828 11itae‚·
1492 790 1528 821 et

466 841 701 890 Augustinus
733 841 839 888 dicit,
859 842 898 878 in
927 840 1022 877 libro
1058 840 1103 876 de
1135 840 1253 877 Unico
1281 839 1474 887 Baptismo
1488 836 1527 882 ²¹⁸,

466 896 573 945 quod
601 896 799 943 baptismus
817 896 937 932 verbis
956 892 1180 942 euangelicis
1198 896 1450 928 consecratur.
1480 891 1528 927 Et

466 949 554 985 ideo
582 955 731 996 oportet
758 947 864 996 quod
886 947 925 983 in
943 946 1067 982 forma
1086 944 1265 993 baptismi
1294 943 1528 993 exprimatur

466 1014 582 1038 causa
610 1000 797 1048 baptismi.
841 1001 909 1036 Est
936 1006 1066 1035 autem
1103 997 1186 1034 eius
1221 998 1364 1047 duplex
1392 1009 1526 1034 causa:

466 1066 543 1090 una
572 1053 730 1102 quidem
758 1051 993 1101 principalis,
1031 1063 1053 1088 a
1081 1063 1159 1099 qua
1186 1050 1367 1088 virtutem
1399 1050 1526 1096 habet,

465 1118 565 1155 quae
594 1113 648 1141 est
676 1113 805 1142 sancta
832 1104 1018 1149 Trinitas;
1047 1103 1120 1140 alia
1148 1111 1279 1140 autem
1307 1111 1363 1141 est
1389 1103 1527 1140 instru-

464 1157 649 1204 mentalis,
680 1158 818 1194 scilicet
846 1157 1028 1203 minister,
1058 1156 1126 1205 qui
1154 1156 1266 1194 tradit
1287 1156 1451 1193 exterius
1470 1168 1527 1193 sa-

464 1219 716 1248 cramentum.
747 1211 795 1247 Et
822 1210 910 1247 ideo
938 1210 1053 1247 debet
1079 1209 1119 1246 in
1137 1209 1262 1246 forma
1281 1209 1460 1258 baptismi
1479 1209 1528 1246 de

464 1272 624 1313 utraque
652 1263 735 1300 fieri
763 1263 908 1300 mentio
927 1262 952 1299 δ.
995 1262 1170 1300 Minister
1202 1270 1332 1299 autem
1363 1262 1529 1310 tangitur

464 1329 554 1354 cum
582 1317 730 1362 dicitur,
759 1318 846 1366 Ego
872 1322 907 1353 te
933 1317 1097 1365 baptizo:
1122 1328 1239 1353 causa
1266 1322 1397 1352 autem
1424 1315 1528 1364 prin-

464 1370 593 1418 cipalis
610 1400 618 1416 ,
647 1382 739 1406 cum
773 1369 910 1406 dicitur
929 1374 952 1417 ε,
982 1371 1020 1405 in
1050 1371 1201 1406 nomine
1228 1370 1350 1405 Patris
1382 1374 1416 1405 et
1442 1369 1531 1406 Filii

464 1429 497 1459 et
511 1425 665 1471 Spiritus
679 1424 814 1460 Sancti.
836 1422 948 1459 Unde
968 1423 1064 1459 haec
1079 1429 1134 1458 est
1148 1421 1384 1459 conveniens
1403 1421 1528 1458 forma

464 1476 661 1525 baptismi:
691 1478 776 1525 Ego
805 1482 840 1512 te
859 1477 1003 1525 baptizo
1023 1477 1059 1512 in
1081 1477 1233 1512 nomine
1250 1476 1373 1512 Patris
1391 1481 1425 1511 et
1442 1475 1531 1512 Filii

464 1534 497 1565 et
524 1531 679 1578 Spiritus
707 1531 842 1566 Sancti.

517 1583 574 1618 AD
595 1594 729 1619 PRIMUM
749 1594 847 1619 ERGO
867 1594 1049 1618 DICENDUM
1069 1581 1177 1630 quod
1196 1580 1295 1618 actio
1316 1579 1530 1617 attribuitur

465 1634 718 1672 instrumento
755 1634 851 1672 sicut
882 1634 1103 1671 immediate
1136 1633 1279 1682 agenti:
1315 1633 1531 1670 attribuitur

465 1694 594 1724 autem
613 1687 624 1713 t
641 1687 845 1737 principali
863 1687 987 1735 agenti
1006 1686 1103 1724 sicut
1121 1686 1160 1724 in
1183 1686 1293 1724 cuius
1312 1685 1450 1723 virtute
1473 1685 1529 1723 in-

465 1748 721 1777 strumentum
740 1740 824 1788 agit.
854 1741 902 1777 Et
921 1739 1008 1777 ideo
1028 1739 1067 1776 in
1091 1740 1215 1777 forma
1233 1739 1413 1788 baptismi
1439 1751 1530 1776 con-

464 1793 660 1830 venienter
685 1793 918 1842 significatur
943 1793 1114 1830 minister
1136 1801 1178 1830 ut
1202 1804 1381 1830 exercens
1400 1800 1530 1829 actum

464 1846 653 1895 baptismi,
681 1859 750 1895 per
778 1847 853 1883 hoc
881 1847 988 1895 quod
1016 1846 1167 1893 dicitur,
1195 1848 1280 1895 Ego
1308 1852 1342 1882 te
1369 1847 1532 1895 baptizo.-

465 1907 501 1936 et
520 1905 537 1926 η
566 1899 647 1948 ipse
666 1899 859 1936 Dominus
878 1899 1095 1948 baptizandi
1119 1907 1248 1936 actum
1268 1898 1436 1936 attribuit
1459 1898 1530 1936 mi-

463 1952 599 1995 nistris,
620 1952 749 1989 dicens
763 1952 795 1998 ²⁸,
815 1954 1048 2002 Baptizantes
1067 1964 1140 1998 eos,
1157 1959 1225 1988 etc.
1252 1952 1379 1988 Causa
1399 1958 1530 1988 autem

463 2005 680 2054 principalis
708 2005 940 2053 significatur
967 2013 1009 2042 ut
1037 2005 1076 2042 in
1105 2005 1215 2041 cuius
1242 2004 1380 2042 virtute
1409 2016 1531 2041 sacra-

464 2066 637 2094 mentum
659 2058 792 2106 agitur,
812 2070 882 2107 per
909 2059 985 2094 hoc
1010 2058 1118 2106 quod
1144 2057 1293 2104 dicitur,
1313 2059 1350 2094 in
1381 2059 1532 2094 nomine

463 2113 584 2148 Patris
611 2117 644 2147 et
661 2111 749 2148 Filii
775 2117 808 2147 et
836 2113 990 2161 Spiritus
1009 2112 1154 2148 Sancti:
1180 2123 1261 2147 non
1290 2110 1394 2147 enim
1422 2110 1530 2147 Chri-

464 2171 542 2200 stus
571 2163 734 2212 baptizat
762 2164 843 2200 sine
872 2164 981 2200 Patre
1010 2171 1046 2200 et
1074 2163 1217 2212 Spiritu
1247 2163 1399 2200 Sancto.

517 2216 653 2253 Graeci
681 2224 811 2253 autern
843 2218 924 2254 non
952 2216 1164 2253 attribuunt
1191 2224 1321 2253 actum
1349 2214 1530 2266 baptismi

463 2269 654 2316 ministris,
675 2269 724 2306 ad
743 2269 969 2307 evitandum
988 2269 1239 2319 antiquorum
1259 2281 1441 2315 errorem,
1463 2269 1530 2319 qui

463 2322 644 2359 virtutem
673 2322 852 2371 baptismi
879 2322 1050 2372 baptistis
1069 2321 1082 2344 θ
1111 2322 1377 2368 attribuebant,
1399 2322 1529 2359 dicen·

463 2383 539 2422 tes,
570 2377 656 2425 Ego
683 2388 766 2412 sum
792 2377 919 2422 Pauli,
955 2382 988 2412 et
1016 2387 1088 2426 ego
1120 2377 1269 2425 Cephae
1286 2375 1317 2412 ²⁸.
1366 2376 1414 2412 Et
1441 2375 1529 2412 ideo

464 2428 613 2465 dicunt:
643 2430 855 2478 Baptizetur
874 2434 880 2450 ²
899 2441 1027 2467 servus
1054 2430 1191 2466 Christi
1212 2429 1295 2465 talis
1317 2430 1353 2465 in
1379 2430 1531 2466 nomine

463 2482 597 2526 Patris,
625 2489 693 2518 etc.
714 2481 734 2502 '¹‘
762 2482 810 2518 Et
837 2481 928 2530 quia
957 2481 1181 2530 exprimitur
1209 2489 1315 2518 actus
1343 2481 1529 2518 exercitus

464 2545 534 2583 per
552 2534 768 2571 ministrum
789 2546 880 2571 cum
899 2534 1143 2572 invocatione
1163 2534 1370 2580 Trinitatis,
1390 2547 1529 2572 verum

464 2587 659 2636 perficitur
686 2595 982 2624 sacramentum.

519 2640 639 2687 Quod
658 2647 788 2678 autem
807 2640 961 2677 additur
978 2643 1064 2691 Ego
1084 2640 1123 2677 in
1142 2641 1267 2677 forma
1286 2647 1428 2687 nostra,
1448 2651 1529 2677 non

466 2701 521 2730 est
548 2694 597 2730 de
625 2693 834 2730 substantia
861 2694 1025 2739 formae,
1053 2694 1121 2730 sed
1149 2693 1308 2743 ponitur
1333 2693 1383 2730 ad
1411 2693 1530 2730 maio-

466 2758 549 2783 rem
576 2746 863 2795 expressionem
892 2746 1122 2784 intentionis.

517 2801 576 2836 An
604 2810 794 2837 SECUNDUM
821 2811 1003 2837 memnon
1031 2800 1151 2849 quod,
1182 2799 1274 2848 quia
1297 2798 1442 2836 ablutio
1462 2800 1529 2836 ho-

465 2851 581 2889 minis
608 2852 648 2889 in
676 2864 778 2902 aqua
805 2860 963 2902 propter
980 2854 1102 2890 multa
1120 2851 1204 2889 fieri
1223 2860 1360 2902 potest,
1381 2860 1531 2902 oportet

465 2905 572 2954 quod
600 2905 874 2942 determinetur
897 2906 937 2942 in
955 2906 1084 2942 verbis
1102 2906 1249 2942 formae
1268 2905 1317 2942 ad
1336 2905 1430 2955 quid
1449 2905 1526 2943 fiat.

466 2958 585 3005 Quod
614 2958 773 3007 quidem
801 2970 882 2996 non
909 2958 953 2995 fit
979 2970 1049 3008 per
1072 2960 1149 2996 hoc
1176 2959 1283 3008 quod
1313 2958 1461 3007 dicitur,
1491 2961 1528 2996 in

465 3013 616 3048 nomine
651 3013 773 3049 Patris
809 3017 844 3048 et
875 3012 964 3049 Filii
998 3018 1033 3049 et
1067 3014 1223 3062 Spiritus
1257 3013 1402 3049 Sancti:
1438 3012 1529 3061 quia

466 3064 598 3101 omnia
625 3063 664 3101 in
692 3065 755 3101 tali
783 3064 943 3101 nomine
970 3065 1093 3102 facere
1123 3065 1324 3112 debemus,
1345 3072 1387 3102 ut
1414 3065 1528 3102 habe-

517 3177 545 3211 γ)
564 3178 680 3206 Amoris,
699 3181 725 3202 et
743 3179 857 3203 nomine.
881 3193 900 3198 -
924 3180 978 3207 Ea:
1001 3180 1110 3205 Amoris
1134 3181 1241 3205 nomine
1263 3180 1393 3210 ABCDH,
1419 3179 1526 3205 nomine
1549 3178 1554 3205 l

464 3214 571 3238 Amoris
589 3213 606 3241 Ι,
626 3214 733 3238 Amoris
752 3214 811 3238 FsG
829 3220 853 3238 et
872 3215 1011 3245 editiones;
1033 3215 1132 3241 Doni...
1150 3216 1257 3241 nomine
1275 3223 1329 3240 om.
1348 3215 1398 3248 pG.

518 3247 542 3282 δ)
562 3249 663 3273 debet...
686 3249 793 3274 mentio.
811 3263 830 3268 -
848 3253 978 3281 oportet...
1004 3251 1162 3275 mentionem
1183 3251 1221 3275 Fa
1239 3255 1264 3275 et
1282 3250 1370 3282 tertia;
1396 3253 1528 3282 oportet...

465 3284 566 3309 mentio
582 3284 670 3308 ceteri.

518 3318 540 3352 ε)
559 3326 618 3344 cum
638 3319 745 3344 dicitur.
759 3334 778 3338 -
795 3320 815 3344 F
835 3325 859 3344 et
878 3321 950 3345 tertia
968 3326 1070 3353 praeter
1087 3321 1144 3353 pG;
1163 3327 1216 3346 om.
1229 3334 1249 3340 ·-
1271 3320 1345 3346 Unde
1363 3321 1453 3347 haec...
1466 3321 1527 3353 Spi-

465 3355 534 3380 ritus
554 3354 648 3379 Sancti
665 3362 719 3379 om.
737 3354 767 3380 E.

521 3387 549 3423 ζ)
566 3392 665 3415 autem.
682 3403 702 3408 —
720 3393 746 3414 et
764 3391 802 3419 bc,
820 3393 908 3415 autem
927 3390 1079 3416 huiusmodi
1097 3391 1168 3416 aetio
1187 3391 1214 3416 P.

518 3424 545 3459 η)
564 3429 599 3451 et.
617 3440 636 3444 -
653 3425 722 3450 sicut
740 3429 766 3450 et
784 3426 855 3450 EIsG
875 3431 899 3450 et
918 3426 1051 3452 editiones,

518 3458 543 3495 θ)
562 3461 693 3492 baptistis.
716 3475 735 3479 —
759 3461 900 3493 baptizatis
923 3462 986 3493 HpB
1010 3462 1051 3485 vel
1077 3461 1245 3493 baptismatis
1264 3462 1296 3491 H,
1316 3462 1479 3494 baptizantis
1498 3462 1526 3492 F.

465 3503 517 3522 om.
538 3496 569 3527 G,
588 3496 736 3528 baptizanti
755 3497 794 3521 ed.
813 3504 838 3526 a,
859 3496 1055 3529 baptizantibus
1074 3497 1208 3523 editiones,

1150 182 1412 230 QUAESTIO
1440 180 1578 227 LXVI,
1608 178 1901 216 ARTICULUS
1929 178 1964 215 V

1583 263 1645 292 tur
1676 255 1813 292 Coloss.
1835 267 1868 292 111
1886 254 1917 292 *.
1948 255 1998 292 Et
2014 254 2116 301 ideo,
2136 254 2167 292 si
2187 266 2270 292 non
2288 256 2524 305 exprimatur
2541 264 2647 294 aetus

1583 307 1775 356 baptismi,
1804 309 1867 344 vel
1893 319 1963 356 per
1989 307 2158 345 modum
2180 315 2363 346 nostrum
2388 311 2452 346 vel
2478 322 2548 359 per
2565 312 2649 347 mo-

1583 361 1678 397 dum
1709 361 1969 408 Graecorum,
2003 372 2086 397 non
2113 360 2309 409 perficitur
2341 370 2647 401 sacramentum:

1583 413 1801 451 secundum
1838 413 1942 451 illam
1978 413 2208 451 decretalem
2242 414 2449 452 Alexandri
2476 415 2578 453 111*:
2608 417 2651 453 Si

1583 468 1663 515 quis
1691 478 1855 516 puerum
1887 472 1944 503 ter
1975 468 2013 503 in
2049 479 2188 515 aquam
2221 469 2390 504 merserit
2423 470 2461 505 in
2497 470 2650 506 nomine

1581 520 1704 556 Patris
1737 525 1770 556 et
1803 520 1892 556 Filii
1923 525 1957 556 et
1985 521 2140 569 Spiritus
2174 521 2301 557 Sancti
2332 525 2477 567 Amen,
2506 527 2540 558 et
2571 533 2648 558 non

1581 572 1729 618 dixerit,
1761 574 1847 622 Ego
1875 579 1911 610 te
1936 574 2079 622 baptizo
2107 574 2145 609 in
2174 574 2327 610 nomine
2351 575 2475 610 Patris
2502 580 2536 611 et
2561 574 2651 612 Filii

1582 631 1615 662 et
1643 627 1799 674 Spiritus
1822 627 1950 663 Sancti
1974 627 2109 672 Amen,
2140 638 2215 662 non
2237 631 2289 663 est
2309 638 2408 676 puer
2434 628 2647 675 baptizatus.

1634 679 1692 715 An
1719 690 1879 716 TERTIUM
1906 691 2089 716 memnon
2108 678 2216 728 quod
2243 679 2363 716 verba
2395 691 2495 728 quae
2522 679 2648 729 profe-

1582 739 1720 768 runtur
1747 731 1786 768 in
1813 731 1946 769 formis
1981 740 2332 779 sacramentorum,
2365 744 2448 769 non
2474 744 2648 782 pronun-

1581 784 1723 822 tiantur
1750 786 1878 822 solum
1905 797 2021 822 causa
2038 785 2289 833 significandi,
2310 785 2378 822 sed
2398 785 2512 822 etiam
2532 797 2648 823 causa

1582 837 1794 881 efficiendi,
1830 837 2063 887 inquantum
2094 838 2238 876 habent
2265 838 2478 876 efficaciam
2505 838 2554 876 ab
2581 838 2648 876 illo

1581 890 1711 928 Verbo
1733 902 1807 940 per
1825 891 1925 940 quod
1937 891 2049 939 sacta
2066 897 2151 928 sunt
2169 893 2297 929 omnia
2311 891 2342 928 *.
2371 892 2420 929 Et
2438 891 2529 929 ideo
2554 902 2647 929 con-

1581 943 1780 981 venienter
1813 943 2029 992 diriguntur
2061 956 2143 981 non
2177 946 2304 982 solum
2341 945 2391 982 ad
2418 944 2599 982 homines
2617 951 2647 992 ²,

1582 997 1650 1034 sed
1678 996 1792 1034 etiarn
1820 997 1869 1034 ad
1898 1005 2090 1034 creaturas
2117 997 2373 1035 insensibiles:
2403 1005 2446 1035 ut
2474 1010 2567 1036 cum
2593 997 2649 1036 di-

1581 1049 1689 1096 citur,
1718 1051 1905 1098 Exorcizo
1931 1056 1978 1097 te,
2006 1056 2180 1088 creatura
2206 1051 2295 1088 salis
2312 1050 2343 1087 ²¹⁵.

1635 1104 1693 1140 An
1719 1115 1892 1145 QUARTUM
1919 1115 2102 1141 memnon
2130 1104 2238 1153 quod
2265 1105 2396 1153 plures
2423 1103 2539 1141 simul
2565 1115 2648 1141 non

1581 1163 1744 1205 possunt
1762 1168 1890 1193 unum
1903 1156 2109 1205 baptizare:
2137 1156 2229 1206 quia
2249 1164 2355 1194 actus
2373 1156 2648 1206 multiplioetur

1582 1209 1800 1246 secundum
1822 1209 2180 1258 multiplicationem
2203 1209 2412 1258 agentium,
2431 1209 2464 1246 si
2482 1210 2648 1259 perfecte

1582 1262 1631 1299 ab
1659 1273 1902 1311 unoquoque
1921 1269 2065 1310 agatur.
2095 1263 2144 1299 Et
2163 1262 2226 1309 sic,
2247 1262 2278 1299 si
2297 1262 2553 1299 convenirent
2567 1263 2648 1300 duo

1582 1326 1754 1364 quorum
1782 1326 1886 1351 unus
1913 1322 2012 1352 esset
2038 1322 2183 1362 mutus,
2212 1315 2279 1364 qui
2307 1326 2388 1352 non
2410 1322 2541 1364 posset
2558 1326 2648 1364 pro-

1581 1368 1678 1405 ferre
1705 1367 1844 1414 verba,
1879 1374 1917 1405 et
1942 1367 2040 1404 alius
2073 1379 2208 1405 carens
2242 1367 2443 1413 manibus,
2471 1367 2540 1417 qui
2567 1380 2668 1406 non.

1582 1428 1712 1470 posset
1739 1432 1915 1458 exercere
1943 1428 2086 1468 actum,
2115 1433 2197 1458 non
2220 1428 2378 1470 possent
2396 1421 2514 1458 ambo
2534 1420 2651 1458 simul

1582 1474 1792 1523 baptizare,
1828 1486 1910 1511 uno
1946 1473 2095 1511 dicente
2123 1474 2244 1511 verba
2278 1481 2314 1510 et
2341 1473 2417 1511 alio
2449 1481 2650 1512 exercente

1583 1535 1723 1564 actum.
2456 1563 2468 1570 .

1636 1581 1804 1617 Possunt
1830 1587 1973 1627 autem,
2002 1580 2033 1617 si
2061 1579 2263 1617 necessitas
2292 1579 2415 1628 exigit,
2443 1581 2574 1629 plures
2601 1579 2648 1617 si-

1583 1634 1666 1670 mul
1693 1632 1895 1682 baptizari:
1926 1633 2018 1682 quia
2045 1634 2174 1670 nullus
2194 1645 2332 1670 eorum
2360 1632 2517 1683 recipiet
2534 1631 2549 1655 ²
2575 1633 2650 1671 nisi

1582 1698 1709 1723 unum
1727 1685 1976 1735 baptismum.
1999 1686 2076 1724 Sed
2094 1693 2187 1723 tunc
2201 1685 2394 1736 oportebit
2407 1685 2546 1732 dicere,
2561 1686 2648 1737 Ego

1584 1741 1726 1788 baptizo
1753 1751 1829 1776 vos.
1866 1739 1951 1777 Nec
1977 1739 2048 1776 erit
2074 1739 2236 1776 mutatio
2263 1739 2429 1777 formae:
2466 1739 2558 1789 quia
2584 1751 2650 1778 vos

1585 1792 1680 1829 nihil
1707 1791 1811 1829 aliud
1839 1799 1895 1829 est
1922 1804 2043 1841 quam
2070 1798 2105 1829 te
2125 1798 2159 1829 et
2175 1798 2220 1829 te.
2250 1814 2275 1819 —
2305 1792 2425 1839 Quod
2443 1799 2575 1830 autem
2593 1792 2650 1830 di-

1585 1845 1682 1882 citur
1710 1857 1788 1892 nos,
1816 1857 1898 1882 non
1924 1853 1980 1882 est
1998 1845 2103 1882 idem
2121 1851 2139 1874 μ
2167 1846 2275 1894 quod
2302 1858 2375 1895 ego
2399 1851 2434 1882 et
2459 1857 2544 1896 ego,
2568 1845 2648 1892 sed,

1585 1910 1657 1949 ego
1686 1904 1719 1935 et
1745 1904 1783 1935 tu
1802 1898 1839 1935 *ε
1870 1899 1907 1935 et
1933 1898 1986 1935 sic
2014 1898 2092 1935 iam
2120 1906 2334 1935 mutaretur
2360 1898 2496 1935 forma.

1640 1951 1819 1989 Similiter
1853 1959 1983 1988 autem
2018 1959 2232 1988 mutaretur
2257 1951 2383 1988 forma
2401 1957 2413 1973 V
2441 1951 2472 1988 si
2507 1951 2650 1990 dicere-

1584 1997 1656 2051 tur,
1686 2006 1772 2054 Ego
1800 2006 2041 2054 baptizo‘me.
2085 2005 2133 2041 Et
2160 2004 2249 2041 ideo
2278 2005 2406 2041 nullus
2434 2011 2560 2053 potest
2585 2004 2650 2042 ba·

1584 2057 1726 2106 ptizare
1754 2057 1938 2106 seipsum.
1968 2058 2131 2106 Propter
2153 2057 2262 2106 quod
2289 2057 2405 2094 etiam
2425 2057 2600 2095 Christus
2627 2070 2651 2096 a

1584 2112 1727 2147 Ioanne
1755 2110 1879 2148 voluit
1906 2110 2107 2160 baptizari:
2137 2118 2180 2148 ut
2207 2109 2345 2148 dicitur
2363 2111 2490 2158 Extra,
2511 2111 2557 2148 de
2574 2113 2649 2149 Ba·

1578 2165 1716 2214 ptismo
1744 2169 1778 2200 et
1805 2166 1882 2200 eius
1910 2163 2054 2213 effectu,
2083 2176 2166 2213 cap.
2187 2164 2373 2201 Debitum.

1637 2218 1695 2253 An
1715 2227 1876 2259 QmN‘rUM
1895 2228 2078 2254 DICENDUM
2105 2216 2214 2266 quod
2241 2216 2370 2266 passio
2400 2216 2552 2265 Christi,
2581 2216 2651 2257 etsi

1584 2268 1630 2306 sit
1656 2269 1876 2319 principalis
1904 2281 2020 2307 causa
2048 2277 2223 2320 respectu
2242 2269 2416 2317 ministri,
2437 2277 2493 2307 est
2518 2276 2650 2309 tamen

1584 2334 1700 2360 causa
1727 2323 2026 2360 instrumentalis
2054 2330 2229 2372 respectu
2264 2330 2416 2360 sanctae
2442 2321 2648 2361 Trinitatis.

1584 2376 1634 2413 Et
1667 2376 1755 2413 ideo
1792 2375 1921 2425 potius
1958 2382 2290 2413 commemoratur
2322 2375 2492 2414 Trinitas
2529 2386 2650 2426 quam

1583 2428 1712 2478 passio
1742 2428 1893 2466 Christi.

1637 2483 1694 2518 An
1713 2494 1856 2519 snxrun
1875 2493 2057 2520 mcx-:noum
2077 2482 2196 2531 quod,
2218 2482 2287 2519 etsi
2307 2482 2382 2519 sint
2400 2482 2470 2519 tria
2488 2481 2651 2520 nomina

1583 2534 1799 2584 personalia
1826 2534 1944 2572 trium
1972 2536 2231 2572 Personarum
2244 2565 2252 2579 ,
2282 2543 2338 2573 est
2364 2542 2496 2572 tamen
2523 2544 2651 2573 unum

1584 2599 1730 2625 nomen
1749 2587 1958 2625 essentiale.
1980 2588 2110 2626 Virtus
2128 2596 2259 2626 autem
2278 2588 2420 2636 divina,
2437 2600 2538 2638 quae
2557 2598 2651 2638 ope·

1584 2648 1688 2678 ratur
1707 2640 1746 2678 in
1765 2640 1970 2690 baptismo,
1990 2642 2039 2679 ad
2059 2641 2263 2679 essentiam
2290 2641 2464 2691 pertinet.
2494 2642 2543 2679 Et
2560 2641 2650 2679 ideo

1584 2694 1721 2731 dicitur
1748 2695 1785 2731 in
1816 2696 1978 2741 nomine,
2007 2702 2043 2731 et
2070 2706 2151 2732 non
2180 2697 2217 2732 in
2247 2696 2469 2733 nominibus.

1637 2749 1694 2784 AD
1713 2759 1892 2785 SEPTIMUM
1911 2759 2094 2785 mcENDUM
2113 2748 2232 2797 quod,
2253 2747 2351 2786 sicut
2368 2758 2471 2798 aqua
2485 2747 2651 2786 sumitur

1584 2799 1632 2837 ad
1661 2800 1898 2850 baptismum
1923 2800 2015 2851 quia
2042 2801 2126 2838 eius
2143 2812 2239 2839 usus
2257 2809 2313 2839 est
2331 2800 2583 2839 communior
2598 2801 2648 2838 ad

1583 2853 1841 2900 abluendum,
1877 2853 1927 2891 ita
1954 2854 2003 2891 ad
2032 2853 2329 2902 significandum
2356 2862 2431 2891 tres
2458 2854 2649 2892 Personas

1582 2906 1622 2943 in
1650 2907 1775 2944 forma
1802 2906 1982 2956 baptismi
2010 2915 2261 2945 assumuntur
2287 2907 2350 2944 illa
2376 2906 2539 2944 nomina
2566 2906 2648 2956 qui-

1582 2959 1656 2997 bus
1674 2959 1927 2997 communius
1943 2967 2230 2998 consueverunt
2247 2959 2439 2997 nominari
2454 2960 2647 2998 Personae

1582 3012 1622 3049 in
1649 3011 1711 3050 illa
1738 3012 1878 3062 lingua.
1912 3011 1997 3050 Nec
2024 3013 2064 3050 in
2091 3011 2172 3050 aliis
2199 3012 2425 3051 nominibus
2451 3012 2649 3062 perficitur

1582 3073 1879 3103 sacramentum.

1632 3179 1651 3214 ι)
1670 3179 1838 3214 Baptizetur.
1857 3194 1878 3200 —
1898 3180 2062 3213 Baptizatur
2082 3179 2193 3205 Druse
2212 3184 2239 3205 et
2255 3179 2294 3209 bc,
2312 3179 2436 3212 Raptim
2453 3178 2534 3214 (idest
2551 3179 2647 3214 Bapti-

1579 3215 1670 3249 zatur)
1688 3216 1713 3246 15
1732 3216 1764 3242 cf.
1783 3224 1828 3249 qq.
1847 3224 1888 3242 Lx.
1906 3221 1953 3242 nrt.
1971 3215 1997 3242 8.
2015 3214 2039 3247 ὃ,
2057 3220 2084 3241 et
2100 3223 2186 3241 txvm.
2205 3220 2252 3241 art.
2271 3213 2296 3240 6.
2315 3214 2338 3242 ὃ.

1631 3250 1657 3284 κ)
1676 3250 1802 3277 homines.
1819 3265 1839 3270 —-
1856 3252 1962 3276 Addunt
1980 3258 2031 3276 non
2052 3250 2229 3284 intelligentes
2246 3248 2350 3281 PE1sG,
2370 3251 2547 3285 intelligentes
2565 3252 2604 3278 bc.

1632 3285 1661 3320 λ)
1681 3287 1799 3318 recipiet.
1816 3301 1835 3306 -—
1854 3287 1966 3319 recipiat
1984 3287 2016 3318 H,
2036 3286 2131 3318 recipit
2149 3286 2187 3316 bc,
2207 3286 2338 3319 reciperet
2356 3287 2384 3312 P.

1633 3321 1662 3356 μ)
1682 3323 1761 3347 idem.
1778 3336 1799 3342 -
1815 3322 1904 3348 dicere
1925 3321 1996 3347 addit
2012 3321 2041 3347 P.

1633 3357 1657 3391 ν)
1677 3357 1809 3383 Similiter
1827 3361 1917 3383 autem
1935 3359 2088 3382 mutaretur
2104 3356 2208 3391 forma.
2225 3371 2246 3376 -
2263 3357 2325 3383 Om.
2343 3356 2460 3388 ABCHb,
2481 3361 2510 3382 ut
2527 3358 2558 3389 D,
2577 3359 2647 3384 sicut

1580 3392 1621 3418 ed.
1638 3401 1663 3423 a,
1684 3393 1816 3418 Similiter
1839 3396 1929 3418 auten·
1953 3391 2046 3426 (etiam
2066 3391 2088 3426 1)
2106 3395 2258 3418 mutaretur
2278 3392 2375 3423 PEFIc,
2396 3392 2528 3419 Similiter
2552 3392 2645 3427 (emm

1580 3429 1649 3453 addit
1666 3428 1717 3462 sG)
1736 3429 1926 3454 immutaretur
1944 3428 1976 3454 G.
1993 3442 2013 3447 -
2030 3428 2054 3453 si
2073 3428 2208 3453 diceretur
2226 3436 2279 3454 orn.
2298 3428 2370 3461 FpG.

2675 266 2685 275 ·
2700 263 2766 287 Vers.
2784 271 2816 293 ¹7·

2675 419 2685 429 ·
2696 417 2729 439 Cn
2747 433 2754 440 .
2772 417 2802 439 Si
2820 418 2888 446 quis,

2675 443 2705 465 de
2745 450 2760 465 a
2778 444 2840 466 rim.
2866 446 2890 466 et

2675 470 2726 492 etus
2742 476 2756 492 e
2773 472 2816 493 eet.

2674 897 2686 907 ·
2704 895 2770 918 Ῑοιι.
2793 898 2846 924 ap.
2865 894 2889 925 t,

2674 926 2735 945 vern.
2748 928 2788 975 ’.χ
2827 961 2830 963 ‚
2870 932 2879 946 s

2674 1047 2890 1098 amititia-..¹2

2675 1102 2730 1125 dict.
2744 1102 2836 1131 Aque.
2885 1109 2892 1114 ’

2773 1853 2792 1879 ΙΛ-

2677 1901 2812 1952 ἑιξῆμῗὲῗιῗ
2817 1902 2891 1952 ’ὅνὲἷ

2677 2009 2773 2032 Helene.
2801 2009 2890 2032 Suum.
2916 2016 2918 2018 ·

2679 2035 2761 2058 rme.
2774 2039 2834 2064 pm.
2847 2035 2891 2063 lv,

2677 2068 2717 2090 qu.
2733 2067 2785 2090 vm,
2801 2062 2890 2085 memb.

2676 2095 2708 2116 vi,
2721 2092 2765 2111 art.
2778 2095 2800 2117 7.
2915 2094 2918 2096 ·
