2918 4088
100 2044 148 2088 ξ·
161 2063 219 2086 ειη.
228 2062 258 2085 st
269 2062 349 2089 [aaa

90 2091 109 2123 Z*

90 2127 99 2145 τ
136 2115 212 2170 g„
251 2115 350 2168 „2¹2²
375 2126 464 2152 vum
491 2114 640 2151 tradidit
669 2115 768 2150 Deus
795 2116 994 2151 tortoribus
1021 2114 1258 2163 quoadusque
1276 2115 1462 2152 redderet·

138 2174 189 2198 cup.
204 2175 221 2191 ι.

1002 164 1264 211 QUAESTIO
1293 164 1536 210 LXXXVIII,
1565 161 1856 199 ARTICULUS
1884 162 1914 198 11

375 242 456 278 vius,
472 246 551 282 puta
566 242 761 281 blasphemia
774 242 843 278 Dei,
857 242 999 273 secundo
1016 244 1167 273 existente
1179 247 1311 282 peccato
1324 242 1434 281 gulae3

2470 161 2543 197 323

1490 246 1588 271 tatem
1604 239 1781 270 secundum
1797 240 1933 269 similem
1946 240 2213 270 circumstantiam
2229 240 2373 280 procedit
2388 241 2422 270 in
2437 241 2548 270 littera.

376 291 408 316 et
431 286 608 316 secundum
631 286 787 316 rationem
816 286 1064 326 ingratitudinis,
1092 292 1169 326 puta
1197 287 1272 326 quia
1295 286 1435 325 primum
1490 285 1661 315 Peccatum
1684 284 1769 313 enim
1793 289 1866 323 post
1888 284 2135 322 poenitentiam,
2163 290 2198 314 ut
2222 285 2253 314 in
2277 285 2369 314 tertio
2392 289 2478 324 patet
2502 294 2549 314 ar-

375 329 436 360 fuit
451 335 562 360 contra
573 329 767 360 beneficium
778 331 992 360 innocentiae.
1009 330 1193 361 Secundum
1210 336 1327 365 autem,
1342 330 1436 359 etiam

376 374 402 404 si
425 373 621 404 levissimum
645 383 682 404 ex
706 383 763 404 sua
786 375 891 413 specie
914 375 1048 404 mortale
1072 379 1170 410 esset,
1194 383 1319 413 semper
1342 373 1437 403 habet

375 418 458 448 hanc
481 423 701 457 aggravantem
726 418 993 448 circumstantiam
1016 417 1247 458 ingratitudinis
1271 427 1308 447 ex
1330 417 1436 456 priore

375 466 509 501 peccato
538 468 802 502 consurgentem,
835 461 923 501 quod
947 467 993 492 est
1023 467 1134 492 contra
1156 461 1219 491 hoc
1243 459 1437 490 beneficium

377 506 604 545 expectationis
627 506 749 545 indigni
772 515 810 536 ex
833 507 938 546 priore
960 506 1132 535 commisso
1149 510 1292 544 peccato.
1317 504 1437 534 Secun-

377 548 454 579 dum
475 550 558 580 hanc
574 550 660 580 enim
676 550 943 580 circumstantiam
966 549 1091 588 gravius
1107 554 1154 578 est
1169 547 1346 578 secundum
1362 557 1437 587 pec-

1489 328 1599 363 ticulo,
1623 337 1690 357 non
1715 332 1842 366 oportet
1866 336 1933 357 esse
1948 328 2073 366 gravius
2089 328 2233 358 absolute
2249 333 2382 367 peccato
2399 327 2547 358 dimisso:

1490 371 1545 402 sed
1564 381 1689 411 semper
1705 376 1751 401 est
1766 371 1890 410 gravius
1907 370 2083 400 secundum
2101 371 2188 410 quid,
2213 372 2275 401 hoc
2292 378 2347 406 est,
2372 371 2550 402 secundum

1490 417 1571 446 hanc
1593 415 1861 445 circumstantiam
1881 424 1943 454 qua
1960 420 2006 444 est
2021 420 2131 444 contra
2147 424 2221 444 eum
2238 416 2293 455 qui
2309 415 2427 445 remisit
2445 416 2550 454 priora

1491 465 1631 499 peccata.
1667 458 1852 489 Secundum
1875 459 1957 488 hanc
1981 459 2067 488 enim
2092 459 2359 488 circumstantiam
2383 464 2551 498 peccatum

1490 509 1564 543 post
1580 503 1811 543 poenitentiam
1828 503 1991 532 continere
2009 502 2122 532 dicitur
2133 503 2304 532 virtualiter
2320 508 2449 542 peccata
2465 504 2551 541 prius

1463 530 1465 580 i
1491 547 1634 578 dimissa:
1660 547 1734 586 quia
1758 556 1796 576 ex
1819 546 1879 576 illis
1902 547 2039 585 peccatis
2064 547 2226 586 consurgit
2249 547 2326 577 haec
2348 547 2551 577 circumstan-

377 598 483 623 catum
508 603 605 633 quam
628 594 779 634 primum.
809 593 850 623 Et
872 593 946 623 hinc
969 593 1092 622 Auctor
1115 591 1154 622 ad
1178 591 1314 621 similem
1337 592 1438 630 gravi·
1463 581 1466 632 l

1491 592 1534 621 tia
1558 600 1729 630 aggravans
1753 596 1921 630 peccatum
1945 596 2019 630 post
2042 591 2283 629 poenitentiam.

1491 695 1597 703 ww»

1132 789 1453 831 ARTICULUS
1483 789 1784 831 SECUNDUS

802 892 959 923 UTRUM
982 891 1189 922 PECCATA
1213 891 1384 924 DIMISSA
1407 891 1615 922 REDEANT
1639 892 1720 922 PER
1745 891 2126 924 INGRATITUDINEM

685 937 805 974 QUAE
830 936 1112 967 SPECIALITER
1135 936 1216 966 EST
1240 935 1480 973 SECUNDUM
1504 936 1720 974 QUATUOR
1744 936 1921 967 GENERA
1944 937 2246 969 PECCATORUM

965 1023 999 1047 IV
1019 1023 1102 1053 Sem„
1122 1023 1181 1047 dist.
1200 1031 1258 1052 xxii,
1278 1031 1323 1055 qu.
1341 1030 1358 1052 ι,
1378 1028 1424 1048 art.
1445 1030 1468 1054 1,
1488 1022 1516 1053 3;
1538 1023 1567 1047 In
1588 1023 1695 1052 Matth„
1715 1031 1769 1056 cap.
1789 1032 1858 1053 xvm,
1878 1024 1902 1048 in
1921 1023 1965 1050 fin.

494 1132 561 1172 A«
586 1124 607 1148 o
622 1123 813 1148 SECUNDUM
832 1123 884 1148 sm
900 1123 1136 1148 paoesmrua.
1156 1111 1316 1148 Videtur
1330 1111 1436 1160 quod

505 1152 562 1222 ΞΑ
586 1171 741 1213 peccata
760 1164 917 1201 dimissa
944 1176 1025 1200 non
1044 1164 1201 1200 redeant
1227 1176 1297 1213 per
1316 1164 1437 1212 ingra-

488 1237 501 1269 ;
531 1206 790 1254 titudinem
809 1229 908 1266 quae
924 1216 1135 1266 specialiter
1149 1225 1204 1253 est
1221 1217 1438 1254 secundum

433 1284 443 1294 κ
466 1269 520 1294 ''1''
544 1260 755 1319 Χςηαῖυοι·
772 1281 912 1318 genera
931 1277 1191 1318 peccatorum,
1221 1269 1361 1306 scilicet
1380 1282 1437 1307 se-

377 1321 552 1369 cundum
590 1322 725 1360 odium
763 1323 992 1369 fraternum,
1027 1323 1258 1371 apostasiam
1290 1335 1312 1359 a
1340 1323 1437 1369 fide,

376 1381 644 1423 contemptum
672 1374 933 1421 confessionis,
963 1383 999 1412 et
1026 1376 1201 1413 dolorem
1230 1376 1278 1412 de
1306 1375 1439 1425 poeni-

375 1426 493 1464 tentia
511 1427 641 1465 habita
658 1427 696 1464 *:
727 1429 944 1465 secundum
972 1429 1079 1477 quod
1103 1428 1262 1477 quidam
1283 1429 1439 1466 metrice

376 1479 571 1517 dixerunt:
601 1483 753 1518 Fratres
779 1481 864 1527 odit,
884 1487 1050 1530 apostata
1067 1483 1128 1529 fit,
1148 1483 1358 1530 spernitque
1375 1483 1439 1529 fa-

375 1534 461 1569 teri.-
478 1533 704 1570 Poenituisse
726 1535 842 1583 piget,
857 1535 1017 1583 pristina
1045 1534 1154 1583 culpa
1178 1534 1281 1570 redit.
1311 1535 1439 1571 Tanto

376 1584 482 1621 enim
519 1593 575 1622 est
608 1585 734 1622 maior
760 1585 990 1633 ingratitudo
1024 1594 1169 1635 quanto
1202 1587 1356 1634 gravius
1385 1594 1441 1623 est

375 1645 579 1687 peccatum
600 1639 707 1687 quod
727 1638 813 1687 quis
832 1646 965 1675 contra
983 1639 1113 1675 Deum
1133 1638 1336 1676 committit
1354 1647 1441 1688 post

375 1689 612 1729 beneficium
651 1691 885 1728 remissionis
917 1699 1177 1740 peecatorum.
1218 1691 1294 1728 Sed
1324 1704 1441 1740 quae-

375 1743 468 1780 dam
500 1743 572 1780 alia
603 1751 759 1792 peccata
791 1751 880 1780 sunt
913 1743 971 1780 his
1003 1743 1198 1792 graviora:
1233 1744 1330 1781 sicut
1361 1745 1440 1781 bla-

376 1795 553 1845 sphemia
589 1804 722 1833 contra
758 1797 908 1842 Deum,
946 1804 981 1833 et
1008 1804 1211 1846 peccatum
1247 1796 1287 1833 in
1325 1797 1441 1846 Spiri-

375 1857 459 1886 tum
498 1849 696 1886 Sanctum.
734 1850 836 1898 Ergo
873 1850 1025 1886 videtur
1061 1850 1169 1898 quod
1196 1857 1352 1898 peccata
1387 1850 1442 1887 di-

180 1942 183 1945 *
376 1901 494 1939 missa
522 1914 602 1939 non
630 1902 788 1939 redeant
815 1902 936 1950 magis
964 1903 1180 1939 secundum
1209 1902 1443 1951 ingratitudi-

170 1969 177 1973 ·
233 1962 252 1981 ⁸
376 1967 470 1992 nem
487 1954 738 1992 commissam
753 1961 770 1977 α
789 1955 1006 1992 secundum
1026 1956 1121 1992 haec
1139 1963 1306 2004 peccata,
1323 1968 1442 2005 quam

377 2008 595 2045 secundum
623 2007 707 2045 alia.

432 2073 467 2097 2.
497 2062 735 2107 Pmmnarm,
765 2061 950 2098 Rabanus
973 2061 994 2083 '¹‘
1021 2060 1128 2098 dicit:
1163 2062 1338 2110 Nequam
1366 2074 1443 2099 ser-

135 1429 294 1478 iata...-
249 1429 351 1478 ωε

136 1473 220 1504 mh
226 1471 348 1505 medior.

137 1519 150 1526 -
160 1508 220 1532 cod.
229 1508 283 1532 Vn.
298 1509 349 1531 Lat.

138 1541 202 1564 ¹¹7⁴,
207 1535 286 1572 ‘⁰¹⁴¹‘
292 1539 349 1558 rect.

137 2089 168 2112 de
179 2089 279 2116 Poma,
295 2089 349 2111 din.

377 2169 591 2204 universum
606 2167 788 2204 debitum.-
811 2168 896 2216 quia
916 2179 990 2204 non
1010 2167 1129 2204 solum
1143 2173 1300 2216 peccata
1315 2166 1330 2196 β
1349 2180 1444 2217 quae

372 2226 458 2269 post
475 2221 697 2268 baptismum
716 2221 827 2256 homo
847 2222 923 2270 egit
951 2222 1219 2270 reputabuntur
1237 2221 1271 2256 ei
1289 2221 1340 2257 ad
1352 2233 1443 2270 poe-

378 2285 480 2319 nam,
508 2273 574 2310 sed
599 2273 815 2322 originalia,
846 2286 941 2322 quae
968 2275 1004 2310 ei
1027 2279 1110 2310 sunt
1137 2273 1287 2310 dimissa
1315 2274 1352 2310 in
1381 2276 1444 2311 ba-

235 2331 252 2358 Υ
373 2327 522 2375 ptismo.
553 2325 630 2363 Sed
658 2325 774 2362 etiam
802 2325 899 2362 inter
925 2326 1053 2363 debita
1076 2333 1231 2375 peccata
1250 2326 1443 2364 venialia*

378 2385 665 2429 computantur,
694 2390 766 2427 pro
789 2378 931 2427 quibus
950 2378 1134 2416 dicimus:
1163 2380 1315 2415 Dimitte
1340 2381 1444 2416 nobis

138 2434 354 2490 :t‘ffegf-ffig,
378 2431 499 2468 debita
528 2437 655 2468 nostra
673 2431 704 2468 ³¹².
734 2431 836 2479 Ergo
864 2431 947 2481 ipsa
975 2431 1091 2469 etiam
1119 2432 1280 2468 redeunt
1298 2444 1369 2481 per
1387 2432 1443 2469 in-

138 2489 200 2510 ⁶⁰¹⁸¹-
378 2483 660 2532 gratitudinem.
699 2484 747 2520 Et
774 2484 857 2532 pari
885 2484 1031 2522 ratione
1059 2484 1213 2521 videtur
1239 2485 1347 2534 quod
1375 2497 1445 2534 per

237 2542 251 2568 3
378 2544 535 2586 peccata
562 2536 726 2574 venialia
754 2537 910 2574 redeant
928 2535 942 2559 ὅ
969 2545 1125 2587 peccata
1148 2537 1254 2586 prius
1274 2538 1443 2586 dimissa,

379 2597 416 2627 et
442 2602 522 2626 non
551 2591 679 2626 solum
706 2601 776 2639 per
802 2589 995 2638 praedicta
1022 2598 1188 2640 peccata.

435 2642 469 2679 3.
508 2643 751 2688 PRAETEREA,
795 2650 900 2679 tanto
949 2651 1004 2680 est
1048 2642 1174 2680 maior
1214 2643 1443 2692 ingratitudo

237 2703 249 2720 ¹
379 2703 526 2745 quanto
545 2703 632 2744 post
651 2694 776 2732 maius
795 2700 807 2717 ⁸
831 2695 1065 2733 beneficium
1085 2704 1286 2745 acceptum
1309 2696 1444 2746 aliquis

379 2756 523 2798 peccat.
554 2748 631 2785 Sed
659 2747 894 2785 beneficium
929 2748 1001 2785 Dei
1035 2756 1090 2785 est
1125 2748 1239 2786 etiam
1274 2748 1357 2798 ipsa
1388 2749 1444 2786 in-

380 2800 568 2847 nocentia,
590 2813 667 2850 qua
690 2808 892 2850 peccatum
911 2800 1096 2838 vitamus:
1126 2801 1216 2838 dicit
1243 2802 1347 2838 enim
1367 2803 1444 2838 Au-

380 2853 572 2903 gustinus,
601 2853 641 2890 in
669 2855 698 2890 11
731 2855 896 2902 Confess.
925 2853 964 2890 *ι
1006 2855 1159 2891 Gratiae
1191 2860 1277 2891 tuae
1313 2854 1444 2904 deputo

381 2919 634 2958 quaecumque
655 2913 812 2956 peccata
847 2919 920 2944 non
940 2907 1032 2955 feci.
1062 2906 1190 2943 Maius
1218 2914 1348 2944 autem
1376 2907 1445 2944 do-

382 2972 479 2997 num
498 2967 553 2996 est
572 2959 790 2996 innocentia
805 2972 923 3008 quam
943 2959 1058 2996 etiam
1077 2959 1250 2996 remissio
1266 2960 1444 2997 omnium

381 3020 640 3063 peccatorum.
671 3013 772 3060 Ergo
808 3025 888 3049 non
920 3012 1049 3049 minus
1082 3020 1137 3049 est
1165 3012 1332 3061 ingratus
1359 3013 1443 3050 Deo

242 3069 257 3099 ζ
382 3065 448 3115 qui
477 3065 636 3115 primo<
664 3073 796 3114 peccat
814 3073 901 3114 post
929 3065 1200 3111 innocentiam,
1230 3076 1349 3114 quam
1378 3066 1445 3114 qui

382 3126 514 3168 peccat
531 3126 619 3167 post
637 3118 924 3168 poenitentiam.
946 3119 994 3155 Et
1012 3117 1062 3155 ita
1080 3118 1233 3155 videtur
1250 3118 1358 3167 quod
1376 3130 1446 3167 per

140 2864 151 2876 ⁸
165 2861 224 2890 Cap.
238 2867 279 2884 vn.

437 3251 465 3284 α)
483 3251 660 3277 commissam.
671 3266 691 3270 -
702 3252 741 3277 Fa
760 3257 786 3277 et
804 3252 891 3282 tertia3
909 3252 1059 3277 commissa.
1072 3266 1091 3270 —
1105 3252 1170 3277 haec
1178 3255 1289 3284 peccata
1308 3252 1447 3283 editiones;
1470 3250 1474 3264 ¹

384 3287 433 3312 hoc
445 3290 595 3319 peccatum.

437 3321 463 3355 β)
479 3325 599 3354 peecata.
615 3336 635 3341 -
653 3322 662 3346 1
681 3327 706 3347 et
728 3322 869 3352 editiones;
888 3323 978 3348 debita
1000 3326 1112 3355 peccata
1137 3323 1202 3354 GH,
1226 3323 1304 3348 homo
1329 3323 1448 3355 (homini

385 3358 425 3383 ed.
443 3359 473 3388 a)
488 3360 601 3389 peccata
619 3358 719 3382 omisso
737 3365 797 3383 mox
815 3358 894 3383 homo
912 3358 999 3384 ceteri.

437 3391 464 3433 χ)
484 3392 555 3418 inter
573 3392 661 3418 debita
675 3397 787 3425 peccata
811 3393 934 3419 venialia.
952 3408 972 3412 -
985 3397 1097 3426 peccata
1123 3394 1238 3419 venialia
1262 3394 1333 3419 inter
1357 3394 1446 3419 debita

385 3433 467 3453 terna.

438 3462 464 3498 ὃ)
479 3469 531 3495 per
544 3465 656 3495 peccata
669 3463 784 3488 venialia
803 3464 923 3489 redeant.
936 3478 955 3483 -
973 3464 996 3491 G
1015 3470 1040 3490 et
1058 3465 1183 3490 editiones
1189 3473 1196 3496 ;
1211 3471 1263 3497 per
1277 3468 1390 3497 peccata
1403 3472 1445 3490 ve-

1490 1111 1800 1159 ingratitudinem
1829 1124 1928 1160 quae
1956 1112 1999 1148 fit
2028 1113 2242 1149 secundum
2271 1120 2427 1161 peccata
2445 1125 2553 1161 prae-

1491 1164 1600 1209 dicta,
1622 1176 1702 1201 non
1730 1164 1898 1201 maxime
1927 1165 2083 1201 redeant
2110 1173 2265 1214 peccata
2293 1165 2459 1202 dimissa.

1545 1218 1618 1254 SED
1651 1229 1796 1254 CONTRA
1830 1230 1894 1254 EST
1926 1218 2033 1266 quod
2067 1218 2274 1266 Gregorius
2306 1218 2406 1265 dicit,
2435 1219 2553 1255 XVIII

1490 1269 1677 1307 Moralss‘:
1694 1272 1757 1307 Ex
1770 1271 1872 1307 dictis
1886 1271 2122 1320 Evangelicis
2141 1277 2279 1308 constat
2299 1273 2396 1320 quia,
2411 1273 2444 1308 si
2457 1271 2555 1320 quod

1492 1325 1528 1359 in
1565 1335 1632 1359 nos
1663 1323 1886 1372 delinquitur
1921 1336 1970 1360 ex
1997 1324 2109 1360 corde
2144 1336 2217 1360 non
2253 1324 2482 1370 dimittimus,
2521 1330 2554 1360 et

1492 1376 1584 1412 illud
1609 1388 1738 1412 rursus
1765 1378 1937 1425 exigetur
1971 1377 2069 1425 quod
2096 1379 2199 1414 nohis
2231 1379 2306 1413 iam
2330 1389 2402 1426 per
2423 1379 2553 1426 poeni-

1490 1430 1642 1466 tentiam
1670 1429 1860 1465 dimissum
1878 1430 2000 1477 fuisse
2017 1430 2283 1479 gaudebamus.
2314 1430 2362 1466 Et
2389 1429 2438 1466 ita
2465 1442 2553 1478 pro-

1492 1489 1576 1531 pter
1604 1481 1741 1518 odium
1760 1482 1970 1518 fraternum
1999 1481 2208 1530 specialiter
2226 1490 2381 1531 peccata
2399 1482 2555 1519 dimissa

1493 1534 1656 1571 redeunt
1683 1546 1753 1583 per
1780 1534 2100 1582 ingratitudinem.
2136 1536 2183 1571 Et
2212 1535 2347 1571 eadem
2376 1535 2470 1572 ratio
2499 1535 2554 1571 vi-

1494 1587 1607 1624 detur
1633 1587 1682 1623 de
1710 1586 1802 1623 aliis.

1547 1640 1772 1676 REspounEo
1792 1651 1973 1676 montinum
1993 1640 2110 1688 quod,
2132 1639 2227 1676 sicut
2247 1639 2391 1688 supra*
2411 1640 2555 1676 dictum

1495 1700 1560 1733 est,
1590 1699 1745 1741 peccata
1773 1691 1929 1728 dimissa
1956 1704 2026 1740 per
2048 1691 2322 1740 poenitentiam
2351 1692 2473 1729 redire
2502 1692 2557 1729 di-

1495 1752 1636 1781 cuntur
1663 1744 1895 1793 inquantum
1924 1752 2050 1781 reatus
2078 1757 2231 1788 eorum,
2262 1745 2407 1781 ratione
2435 1745 2557 1793 ingra-

1494 1797 1677 1841 titudinis,
1694 1797 1903 1834 virtualiter
1917 1796 2132 1834 continetur
2146 1797 2185 1833 in
2199 1805 2356 1846 peccato
2372 1798 2556 1846 sequenti.

1496 1850 1728 1898 Ingratitudo
1745 1858 1875 1887 autem
1894 1858 2018 1898 potest
2032 1850 2219 1887 committi
2235 1850 2444 1899 dupliciter.
2470 1852 2558 1888 Uno

1496 1904 1628 1949 modo,
1659 1915 1705 1940 ex
1725 1915 1771 1940 eo
1801 1903 1908 1952 quod
1936 1902 2079 1952 aliquid
2098 1903 2141 1939 fit
2160 1911 2292 1940 contra
2310 1903 2556 1940 beneficium.

1497 1957 1545 1993 Et
1573 1957 1648 1992 hoc
1676 1956 1796 1992 modo
1825 1968 1894 2005 per
1921 1968 2038 1992 omne
2066 1964 2268 2005 peccatum
2289 1957 2448 1993 mortale
2477 1969 2556 2005 quo

1496 2010 1627 2046 Deum
1646 2008 1819 2052 offendit,
1848 2008 2019 2045 redditur
2037 2009 2158 2045 homo
2178 2009 2346 2057 ingratus
2365 2010 2461 2055 Deo,
2491 2009 2557 2058 qui

1496 2069 1651 2111 peccata
1680 2061 1832 2098 remisit.
1876 2062 1924 2098 Et
1951 2061 2004 2098 sic
2036 2073 2106 2110 per
2132 2061 2330 2110 quodlibet
2356 2069 2558 2111 peccatum

1497 2116 1657 2151 mortale
1686 2126 1851 2163 sequens
1879 2114 2040 2151 redeunt
2067 2122 2222 2163 peccata
2249 2114 2354 2164 prius
2383 2114 2556 2162 dimissa,

1497 2167 1643 2204 ratione
1672 2166 1959 2215 ingratitudinis.

1550 2220 1635 2256 Alio
1656 2220 1775 2256 modo
1804 2219 2055 2257 committitur
2073 2219 2302 2268 ingratitudo
2330 2232 2410 2256 non
2430 2222 2558 2257 solum

1496 2273 1671 2311 faciendo
1700 2280 1833 2310 contra
1861 2272 1989 2322 ipsum
2017 2272 2263 2319 beneficium,
2286 2273 2353 2309 sed
2373 2272 2486 2310 etiam
2505 2274 2557 2310 fa-

1497 2325 1634 2363 ciendo
1668 2333 1800 2362 contra
1827 2326 1992 2363 formam
2020 2325 2196 2362 beneficii
2223 2325 2401 2375 praestiti.
2445 2326 2557 2372 Quae

1498 2379 1657 2428 quidem
1684 2379 1819 2418 forma,
1849 2378 1878 2415 si
1898 2378 2113 2415 attendatur
2139 2391 2186 2415 ex
2213 2386 2318 2427 parte
2344 2378 2558 2416 benefacto-

1497 2432 1567 2477 ris,
1597 2439 1652 2468 est
1680 2431 1854 2468 remissio
1882 2431 2115 2468 debitorum.
2157 2432 2269 2469 Unde
2298 2439 2430 2468 contra
2458 2432 2558 2468 hanc

1498 2485 1661 2522 formam
1691 2484 1777 2521 facit
1810 2484 1877 2533 qui
1905 2484 2006 2521 fratri
2033 2484 2174 2534 petenti
2201 2484 2357 2521 veniam
2394 2496 2472 2521 non
2502 2497 2558 2521 re-

1498 2537 1628 2584 mittit,
1663 2538 1730 2574 sed
1759 2537 1894 2574 odium
1922 2545 2035 2574 tenet.
2065 2559 2090 2563 -
2120 2537 2159 2575 Si
2188 2545 2318 2574 autem
2346 2537 2560 2574 attendatur

1499 2603 1545 2627 ex
1573 2598 1679 2640 parte
1707 2589 1947 2639 poenitentis,
1977 2589 2044 2638 qui
2068 2589 2199 2640 recipit
2218 2591 2293 2627 hoc
2312 2590 2558 2636 beneficium,

1498 2643 1692 2686 invenitur
1710 2649 1728 2670 η
1757 2644 1898 2692 duplex
1918 2650 2047 2679 motus
2069 2643 2175 2680 liberi
2194 2643 2346 2680 arbitrii.
2377 2643 2558 2690 Quorum

1498 2696 1647 2745 primus
1675 2703 1731 2732 est
1758 2704 1886 2732 motus
1913 2695 2019 2732 liberi
2038 2695 2179 2733 arbitrii
2198 2696 2236 2732 in
2255 2696 2397 2741 Deum,
2418 2696 2484 2744 qui
2504 2704 2559 2732 est

1498 2756 1605 2786 actus
1632 2748 1724 2785 fidei
1752 2749 1953 2794 formatae,
1984 2756 2020 2785 et
2048 2757 2180 2785 contra
2208 2750 2282 2785 hoc
2316 2748 2402 2785 facit
2435 2749 2557 2785 homo

1499 2801 1750 2851 apostatando
1779 2814 1801 2838 a
1832 2801 1930 2838 fide:
1961 2801 2153 2838 secundus
2181 2809 2331 2848 autem,
2361 2809 2489 2837 motus
2517 2801 2558 2837 li-

1498 2854 1579 2891 beri
1607 2853 1750 2891 arbitrii
1778 2853 1816 2889 in
1844 2861 2062 2902 peccatum,
2092 2854 2158 2902 qui
2196 2862 2250 2890 est
2285 2862 2390 2890 actus
2424 2853 2557 2902 poeni-

1498 2906 1648 2944 tentiae.
1691 2906 1752 2942 Ad
1781 2918 1900 2955 quam
1919 2904 1932 2927 θ
1960 2906 2086 2955 primo
2114 2906 2295 2955 pertinet,
2334 2914 2376 2942 ut
2403 2918 2519 2955 supra
2537 2906 2557 2928 *

1499 2959 1644 2996 dictum
1673 2966 1739 3003 est,
1768 2959 1875 3007 quod
1904 2959 2024 2995 homo
2053 2959 2257 2996 detestetur
2277 2966 2431 3008 peccata
2449 2971 2557 3008 prae-

1497 3012 1620 3049 terita:
1651 3019 1687 3048 et
1714 3019 1847 3048 contra
1874 3012 1949 3048 hoc
1976 3011 2060 3048 facit
2088 3011 2148 3048 ille
2176 3011 2243 3061 qui
2267 3012 2369 3048 dolet
2397 3025 2436 3049 se
2464 3024 2556 3061 poe-

1498 3064 1666 3102 nituisse.
1698 3065 1878 3101 Secundo
1898 3064 2059 3113 pertinet
2078 3065 2125 3101 ad
2153 3072 2280 3101 actum
2303 3064 2557 3114 poenitentiae

1498 3126 1541 3155 ut
1568 3117 1768 3167 poenitens
1795 3125 1987 3166 proponat
2015 3130 2054 3154 se
2083 3117 2268 3155 subiicere
2296 3117 2467 3155 clavibus
2487 3118 2558 3154 Ec-

1499 3252 1582 3312 :tatia
1601 3253 1713 3277 redeant
1726 3259 1778 3293 per
1797 3253 1829 3282 Η,
1845 3256 1956 3284 peccata
1976 3253 2090 3278 venialia
2109 3253 2220 3278 redeant
2233 3254 2250 3284 1,
2260 3257 2372 3286 peccata
2391 3254 2505 3279 venialia
2518 3261 2560 3279 re-

1518 3291 1580 3313 eant
1594 3295 1646 3320 per
1665 3293 1750 3312 ceteri.

1552 3323 1575 3353 ε)
1595 3323 1688 3349 maius.
1707 3337 1727 3341 -
1744 3323 1843 3355 Tertia;
1863 3331 1915 3349 om.

1551 3357 1577 3392 ζ)
1592 3359 1692 3390 primo.
1709 3373 1728 3377 -
1747 3358 1808 3383 Om.
1828 3359 1962 3384 editiones.

1551 3393 1578 3425 η)
1598 3394 1742 3420 invenitur.
1759 3409 1778 3412 —
1796 3401 1833 3419 ex
1849 3398 1929 3425 parte
1947 3395 2002 3420 eius
2022 3395 2090 3420 addit
2110 3396 2136 3421 Ρ.

1552 3428 1576 3464 θ)
1595 3437 1684 3462 quam.
1703 3445 1721 3449 -
1738 3437 1814 3462 quem
1834 3430 1853 3454 F
1873 3435 1898 3455 et
1916 3431 1988 3455 tertia
2007 3435 2108 3463 praeter
2126 3431 2143 3457 I.

2579 1275 2734 1303 ·1vt>ialog.,
2742 1281 2767 1296 ca
2786 1290 2793 1297 .

2579 1308 2616 1323 nx.
2625 1313 2636 1317 -
2644 1301 2679 1323 Cf.
2695 1308 2746 1323 can.

2580 1327 2792 1376 &flat-‘first'

2579 1355 2652 1407 glesrii„
2668 1371 2722 1402 dist.
2730 1361 2793 1407 ἔιιίιι,

2581 1413 2632 1434 cap.
2648 1413 2663 1428 ι.

2583 1647 2593 1656 ·
2608 1646 2658 1667 Art.
2676 1645 2782 1672 praeced.

2586 2945 2594 2953 ¹¹
2604 2942 2650 2969 Qu.
2659 2948 2742 2969 Lxxxv,
2754 2946 2797 2964 art.

2584 2975 2604 2994 2⁷
2619 2975 2631 2997 3
