2878 4088
159 870 169 879 ·
177 868 238 891 Eccl.
245 868 312 891 Hier.
320 875 370 897 cap.

160 902 190 919 ιι,
206 896 367 923 part.1‚57:

160 928 210 949 cap.
225 928 269 944 νιι.
285 923 294 949 3
311 929 344 944 ιι.

160 963 169 973 ·
184 963 234 984 Art.
251 962 371 990 praeced„

160 988 188 1009 ad
203 995 225 1017 9.

161 1321 169 1330 ·
185 1318 234 1338 Art.
252 1323 269 1341 ι,
284 1321 331 1343 arg.
346 1322 368 1341 4.

160 1363 168 1371 ·
180 1361 237 1382 nist.
253 1366 322 1382 ηπ.-
334 1359 369 1380 Cf.

161 1393 210 1408 can.
222 1387 257 1408 De
271 1392 298 1407 eo
309 1385 371 1413 quod

159 1415 290 1440 interrog„
307 1418 369 1433 caus.

160 1439 306 1466 XXX,qu.1:
319 1445 368 1460 can.

160 1467 187 1487 Si
198 1467 251 1494 quis
262 1472 311 1487 cum
321 1471 370 1486 ma-

159 1492 371 1519 tre,caus,XXX111,

159 1526 197 1547 qu.
213 1525 237 1541 ιι.

159 1808 168 1816 ·
183 1806 279 1827 Aristor.
295 1805 324 1826 de
338 1806 368 1826 A·

159 1832 238 1855 m'mal.
259 1832 368 1854 Generat.

160 1859 199 1881 lib.
215 1859 237 1883 1.
254 1865 303 1886 cap.
318 1865 369 1885 xxi,

161 1892 213 1906 χχιι.

159 1912 370 1940 ‘1bid.,capp.xrx‚

159 1945 198 1960 xx.

160 2209 167 2216 ·
184 2205 238 2226 Can.
254 2205 280 2226 In
295 2205 322 2226 ba
341 2205 369 2226 ti-

160 2234 247 2257 smate,
267 2232 296 2252 de
329 2237 369 2253 on-

160 2264 227 2285 secr„
244 2258 297 2280 dist.
312 2258 350 2280 IV.

171 3308 181 3318 '
198 3307 247 3328 Art.
263 3306 380 3333 praeced.,

172 3332 201 3354 ad
214 3339 234 3362 3.

173 3390 340 3418 ·Cf.can.Quoa
345 3395 384 3411 au-

172 3418 298 3470 ZTHQU'
311 3415 382 3441 XXX,

409 227 479 262 114

457 316 556 346 ART.
579 316 630 346 III.
654 326 759 346 urium
783 326 941 347 coena-rm
967 326 1151 347 smarrrmms
1175 325 1404 346 CONTRAHATUR

560 371 652 391 mma
676 371 892 391 suscmtmram
916 371 1141 391 SACRAMENTUM
1164 370 1303 391 BAPTISMI

665 415 703 435 ar
727 415 891 436 mum-EM
914 415 953 435 ma:
977 415 1073 435 sAcno
1097 415 1198 435 roura

1031 215 1295 262 QUAESTIO
1324 215 1420 260 LVI,
1442 212 1735 250 ARTICULUS
1764 213 1822 257 ΙΙΙ,
1843 212 1904 256 IV,
1924 212 1959 247 V

1521 290 1560 321 ad
1584 301 1718 321 uxorem
1741 300 1798 330 per
1821 289 2016 320 affinitatem.
2051 289 2136 330 Ergo
2161 289 2265 320 multo
2289 289 2390 329 magis
2419 289 2601 333 spiritualis·

1521 345 1560 365 co
1583 336 1681 365 natio.

1562 345 1764 409 ΒΒιῑεΡοΝῡιῑο
1794 388 1954 408 mmmmm
1982 377 2071 418 quod
2095 377 2208 417 aliquis
2231 382 2337 417 potest
2359 377 2428 408 fieri
2456 377 2589 408 alicuius

1521 429 1686 463 compater
1709 423 1887 463 dupliciter.
1919 423 1994 454 Uno
2018 421 2136 458 modo,
2161 431 2219 462 per
2246 427 2354 452 actum
2378 421 2515 457 alterius,
2533 421 2591 461 qui

462 481 482 501 n
506 481 641 502 TERTmM
664 482 715 502 srcr
734 481 938 502 pnocnnrrun.
956 471 1090 501 Videtur
1115 470 1204 511 quod
1228 470 1377 510 cognatio
1402 469 1465 509 spi·
1488 478 1496 498 5
1520 469 1658 508 baptizat
1681 467 1732 497 vel
1755 468 1787 497 in
1812 467 1972 507 baptismo
2001 466 2133 506 suscipit
2162 465 2266 496 filium
2290 466 2368 496 eius.
2402 466 2444 496 Et
2467 466 2511 496 sic
2535 475 2590 495 co-

400 486 581 546 Aritualis
605 526 672 546 non
701 516 905 546 contrahatur
927 517 1009 546 inter
1037 516 1263 555 suscipientem
1287 523 1464 544 sacramen-

397 566 467 591 tum
491 561 639 600 baptismi
663 566 694 590 et
716 560 876 591 levantem
901 560 940 590 de
964 569 1053 590 sacro
1077 559 1175 589 fonte.
1206 559 1290 596 Quia
1313 559 1346 588 in
1369 567 1465 598 gene-

398 606 520 635 ratione
554 605 671 635 carnali
703 605 900 635 contrahitur
929 604 1151 644 propinquitas
1182 603 1287 633 solum
1313 612 1349 632 ex
1377 607 1465 642 parte

398 650 466 680 eius
483 659 520 680 ex
537 650 628 680 cuius
652 650 774 680 semine
789 654 957 689 generatur
978 649 1094 688 proles,
1111 658 1178 678 non
1199 653 1306 678 autern
1323 656 1360 677 ex
1377 652 1465 686 parte

398 695 466 724 eius
489 695 546 734 qui
569 703 706 734 puerum
730 699 840 724 natum
865 693 1005 733 suscipit.
1031 693 1116 732 Ergo
1132 701 1192 722 nec
1216 692 1385 732 spiritualis
1409 700 1464 721 co-

397 739 506 778 gnatio
531 739 727 768 contrahitur
750 739 831 768 inter
855 748 929 768 eum
954 738 1009 777 qui
1033 737 1164 777 suscipit
1192 736 1230 767 de
1254 746 1344 766 sacro
1375 735 1465 766 fonte

399 789 430 813 et
453 792 528 813 eum
553 783 608 822 qui
633 783 812 822 suscipitur.

456 837 484 857 2.
509 827 709 862 PRAETEREA,
733 827 786 856 ille
810 827 866 866 qui
888 827 922 856 in
945 836 1034 856 sacro
1058 824 1148 856 fonte
1167 825 1260 860 levat,
1278 824 1465 855 anadochus

399 881 416 901 a
439 871 597 912 Dionysio
621 870 734 900 dicitur
750 872 776 906 θ,
801 876 832 900 et
855 870 894 900 ad
918 871 986 900 eius
1010 869 1153 900 officium
1184 874 1305 909 spectat
1328 878 1464 909 puerum

398 917 562 946 instruere.
587 914 649 945 Sed
665 915 831 944 instructio
848 924 915 944 non
940 920 986 944 est
1002 914 1161 944 sufficiens
1185 923 1279 944 causa
1296 913 1465 953 spiritualis

399 960 609 1000 cognationiS‚
627 964 663 988 ut
685 959 807 989 dictum
831 964 877 988 est
893 959 918 988 θ’.
944 958 1029 997 Ergo
1053 958 1141 988 nulla
1165 959 1314 997 cognatio
1340 963 1465 987 contra—

398 1005 482 1034 hitur
505 1004 585 1037 inter
609 1012 684 1032 eum
707 1009 738 1032 et
761 1003 852 1032 illum
877 1002 932 1041 qui
957 1002 996 1032 de
1020 1011 1109 1032 sacro
1130 1001 1220 1031 fonte
1244 1002 1374 1032 levatur.

454 1048 483 1078 3.
508 1047 703 1081 PRAETEREA‚
722 1051 827 1085 potest
851 1046 1036 1085 contingere
1061 1045 1149 1085 quod
1165 1045 1279 1084 aliquis
1302 1045 1385 1075 levet
1409 1045 1464 1075 ali-

399 1101 496 1132 quem
527 1090 565 1120 de
597 1100 686 1120 sacro
711 1089 800 1119 fonte
831 1095 1003 1129 antequam
1027 1090 1095 1129 ipse
1119 1090 1158 1119 sit
1180 1090 1367 1128 baptizatus.
1403 1089 1466 1119 Sed

398 1145 434 1166 ex
466 1136 529 1166 hoc
553 1144 619 1164 non
650 1134 846 1164 contrahitur
874 1133 979 1173 aliqua
1002 1132 1170 1173 spiritualis
1199 1133 1365 1172 cognatio:
1391 1133 1466 1172 quia

396 1180 448 1210 ille
473 1180 527 1219 qui
551 1188 617 1208 non
642 1184 689 1208 est
712 1178 888 1217 baptizatus
902 1201 909 1213 ‚
933 1187 1001 1207 non
1025 1182 1072 1207 est
1096 1186 1193 1216 capax
1218 1176 1351 1206 alicuius
1375 1177 1466 1216 spiri-

397 1224 554 1254 tualitatis.
580 1223 665 1262 Ergo
690 1222 830 1262 aliquem
849 1222 952 1252 levare
977 1221 1015 1251 de
1040 1231 1129 1251 sacro
1155 1220 1243 1250 fonte
1259 1230 1327 1250 non
1351 1220 1467 1251 sufficit

397 1268 436 1298 ad
459 1267 654 1308 spiritualem
678 1267 905 1306 cognationem
930 1265 1190 1296 contrahendam.

452 1312 514 1343 Sur>
539 1321 662 1342 CONTRA
678 1321 731 1340 as‘r
755 1309 899 1340 definitio
920 1309 1089 1350 spiritualis
1113 1309 1314 1350 cognationis
1338 1319 1433 1350 supra
1449 1310 1465 1326 ⁴*

397 1356 542 1392 inducta;
568 1361 598 1386 et
621 1355 824 1385 auctoritates
847 1364 930 1394 quae
953 1359 1120 1394 ponuntur
1144 1354 1176 1384 in
1200 1354 1302 1384 littera
1318 1354 1344 1383 ἦ

452 1402 640 1431 ΒΕεΡοΝῡΕο
665 1409 824 1429 mmmmm
847 1398 947 1439 quod,
965 1399 1047 1428 sicut
1069 1399 1101 1428 in
1118 1398 1324 1438 generatione
1349 1398 1466 1428 carnali

397 1446 510 1485 aliquis
533 1445 671 1474 nascitur
695 1453 733 1473 ex
756 1449 856 1473 matre
881 1448 912 1473 et
935 1449 1033 1483 patre,
1051 1443 1093 1472 ita
1116 1443 1148 1472 in
1172 1443 1378 1482 generatione
1402 1443 1465 1482 spi-

396 1490 500 1520 rituali
524 1489 636 1528 aliquis
660 1488 834 1518 renascitur
849 1486 932 1517 filius
957 1487 1017 1517 Dei
1041 1487 1123 1517 sicut
1138 1487 1233 1527 patris
1257 1492 1289 1517 et
1304 1486 1465 1517 Ecclesiae

396 1535 477 1564 sicut
499 1534 616 1563 matris.
653 1532 741 1563 Sicut
769 1538 876 1562 autem
900 1532 952 1561 ille
977 1532 1033 1571 qui
1057 1536 1291 1561 sacramentum
1323 1531 1464 1567 confert,

395 1579 475 1619 gerit
498 1587 668 1618 personam
692 1577 763 1612 Dei,
790 1577 881 1606 cuius
905 1577 1155 1606 instrumentum
1179 1581 1210 1606 et
1233 1575 1377 1606 minister
1401 1581 1463 1612 est3

395 1624 438 1653 ita
460 1623 512 1653 ille
537 1623 593 1662 qui
616 1622 811 1661 baptizatum
827 1621 959 1660 suscipit
983 1620 1022 1650 de
1045 1630 1135 1651 sacro
1152 1619 1252 1656 fonte,
1270 1626 1325 1650 aut
1348 1620 1465 1651 confir-

395 1667 549 1698 mandum
572 1671 668 1702 tenet,
685 1666 765 1705 gerit
783 1674 955 1706 personam
971 1664 1144 1695 Ecclesiae.
1170 1664 1263 1695 Unde
1279 1664 1318 1695 ad
1341 1670 1465 1695 utrum-

396 1721 459 1752 que
483 1711 651 1751 spiritualis
675 1710 825 1750 cognatio
850 1710 1056 1740 contrahitur.

452 1757 502 1786 An
526 1765 643 1786 ramum
666 1764 748 1784 ERGO
773 1764 933 1784 chENDUM
958 1753 1047 1794 quod
1070 1763 1139 1784 non
1162 1759 1287 1784 tantum
1310 1760 1409 1794 pater,
1427 1764 1465 1785 ex

397 1802 487 1832 cuius
503 1801 623 1830 semine
646 1804 814 1839 generatur
829 1798 935 1839 proles
951 1799 978 1835 ᾗ
995 1799 1090 1829 habet
1106 1799 1332 1838 cognationem
1357 1808 1466 1829 carna-

396 1847 460 1876 lem
484 1844 523 1875 ad
546 1850 673 1879 natum;
699 1843 753 1874 sed
774 1844 869 1873 etiam
893 1848 1003 1880 mater,
1022 1852 1104 1883 quae
1121 1843 1286 1873 materiam
1310 1844 1466 1874 submini-

397 1895 471 1921 strat
482 1891 508 1925 ἵ
527 1895 557 1919 et
572 1890 604 1919 in
621 1889 712 1919 cuius
728 1894 820 1918 utero
836 1893 1014 1928 generatur.
1039 1888 1080 1918 Et
1096 1888 1139 1918 ita
1156 1888 1251 1918 etiam
1267 1888 1465 1925 anadochm,

397 1935 452 1975 qui
475 1933 701 1974 baptizandum
725 1934 794 1963 vice
818 1933 916 1963 totius
947 1932 1109 1963 Ecclesiae
1141 1931 1233 1962 offert
1262 1938 1293 1962 et
1316 1933 1465 1973 suscipit,

397 1985 427 2010 et
443 1978 700 2009 confirmandum
715 1982 812 2013 tenet,
830 1977 1028 2017 spiritualem
1052 1977 1280 2016 cognationem
1297 1978 1465 2008 contrahit.

451 2023 501 2054 AD
526 2032 688 2053 SECUNDUM
711 2031 870 2052 mmmmm
895 2021 984 2061 quod
1009 2031 1075 2051 non
1098 2022 1221 2051 ratione
1249 2021 1467 2052 instructionis

397 2068 529 2103 debitae,
546 2066 601 2097 sed
624 2067 747 2097 ratione
770 2067 984 2106 generationis
1001 2066 1181 2106 spiritualis,
1202 2065 1242 2096 ad
1266 2075 1364 2106 quam
1388 2075 1467 2097 coo-

396 2118 532 2153 peratur,
550 2112 776 2151 cognationem
800 2110 997 2151 spiritualem
1022 2110 1189 2140 contrahit.

450 2157 500 2187 An
525 2166 659 2186 reanum
682 2165 841 2186 monimum
866 2154 955 2195 quod
978 2155 1240 2195 non-baptizatus
1271 2165 1339 2185 non
1362 2160 1468 2196 potest

396 2202 536 2242 aliquem
555 2201 659 2231 levare
682 2199 722 2230 de
745 2210 834 2230 sacro
857 2199 947 2231 fonte
963 2200 996 2230 *t
1029 2209 1104 2230 cum
1128 2209 1196 2230 non
1219 2199 1258 2229 sit
1285 2201 1468 2230 membrum

397 2246 567 2281 Ecclesiae,
581 2246 671 2276 cuius
688 2250 802 2285 typum
817 2245 897 2284 gerit
912 2245 945 2274 in
962 2244 1122 2284 baptismo
1139 2243 1324 2283 suscipiens.
1345 2244 1468 2282 Quam-

396 2291 442 2320 vis
466 2291 565 2330 possit
588 2290 764 2330 baptizare:
792 2290 867 2329 quia
891 2294 937 2319 est
968 2295 1110 2319 creatura
1133 2289 1210 2325 Dei,
1238 2290 1329 2319 cuius
1352 2295 1468 2330 typum

396 2335 475 2375 gerit
498 2335 670 2374 baptizans.
696 2334 763 2364 Nec
779 2339 887 2364 tamen
912 2333 1052 2373 aliquam
1069 2334 1297 2374 cognationem
1321 2334 1467 2374 spiritua-

396 2380 461 2410 lem
485 2379 670 2409 contrahere
694 2384 815 2418 potest:
842 2378 917 2418 quia
937 2383 983 2408 est
1007 2387 1118 2418 expers
1135 2378 1304 2418 spiritualis
1324 2379 1418 2415 vitae,
1434 2379 1468 2409 in

398 2433 495 2464 quam
519 2424 619 2453 homo
643 2423 748 2463 primo
772 2432 830 2463 per
853 2423 1048 2463 baptismum
1072 2423 1221 2453 nascitur.

495 2489 593 2520 ART.
611 2489 663 2519 IV.
688 2498 794 2519 urium
818 2498 977 2518 cooNArro
1002 2498 1188 2519 SPIRITUALIS
1212 2499 1370 2519 rainu-saar

772 2544 792 2563 A
815 2543 889 2563 vmo
914 2543 945 2563 m
969 2542 1096 2563 uxorum

465 2610 483 2629 D
504 2609 650 2629 omum-um
667 2610 712 2629 src
732 2609 936 2629 paocnmrun.
962 2598 1096 2629 Videtur
1118 2598 1208 2639 quod
1229 2600 1380 2640 cognatio
1404 2600 1468 2640 spi-

404 2613 582 2674 Aritualis
598 2653 665 2674 non
684 2649 820 2674 transeat
840 2653 857 2674 a
878 2644 946 2673 viro
968 2644 1000 2674 in
1022 2653 1167 2674 uxorem.
1192 2643 1277 2681 Quia
1298 2644 1468 2684 spiritualis

399 2689 478 2718 unio
498 2694 528 2719 et
548 2689 720 2728 corporalis
737 2694 810 2719 sunt
833 2687 1007 2728 disparatae
1032 2694 1063 2719 et
1086 2687 1286 2719 diversorum
1301 2698 1467 2728 generum.

401 2733 496 2773 Ergo,
514 2733 672 2763 mediante
696 2733 812 2763 carnali
836 2733 1077 2768 coniunctione,
1095 2742 1177 2773 quae
1205 2734 1287 2763 inter
1309 2733 1414 2763 virum
1438 2739 1469 2764 et

401 2787 533 2807 uxorem
558 2783 613 2812 est,
636 2787 703 2807 non
727 2778 875 2807 transitur
898 2777 937 2807 ad
961 2777 1158 2817 spiritualem
1185 2777 1423 2817 cognationem.

458 2831 486 2851 2.
507 2822 701 2858 Pammam,
715 2822 813 2861 magis
826 2822 1024 2852 conveniunt
1035 2822 1068 2852 in
1081 2822 1234 2862 spirituali
1251 2823 1468 2862 generatione,

403 2875 484 2906 quae
508 2872 554 2896 est
577 2876 671 2896 causa
694 2866 863 2906 spiritualis
888 2866 1099 2906 cognationis,
1117 2872 1205 2906 pater
1228 2871 1260 2896 et
1282 2872 1383 2896 mater
1405 2867 1466 2906 spi·

402 2910 521 2940 ritualis
549 2920 646 2950 quarn
670 2911 715 2940 vir
747 2911 803 2950 qui
826 2916 872 2940 est
902 2911 1071 2951 spiritualis
1102 2916 1191 2951 pater
1219 2916 1250 2941 et
1281 2920 1370 2941 uxor.
1407 2910 1470 2942 Sed

403 2960 491 2994 pater
515 2960 544 2984 et
567 2960 667 2984 mater
690 2955 858 2995 spiritualis
890 2955 1011 2985 nullam
1035 2965 1072 2985 ex
1096 2955 1159 2985 hoc
1188 2955 1384 2995 spiritualem
1415 2965 1470 2986 co-

403 2999 587 3038 gnationem
611 2999 812 3029 contrahunt.
845 2999 929 3040 Ergo
954 3009 1013 3030 nec
1038 3009 1119 3030 uxor
1143 2999 1302 3030 contrahit
1330 3000 1470 3040 aliquam

404 3043 598 3082 spiritualem
625 3044 850 3082 cognationem
882 3053 919 3074 ex
950 3044 1014 3074 hoc
1038 3043 1128 3084 quod
1150 3044 1198 3074 vir
1228 3044 1295 3074 eius
1320 3043 1355 3074 fit
1382 3050 1471 3085 pater

405 3087 571 3126 spiritualis
595 3087 738 3117 alicuius.

461 3130 490 3161 3.
514 3131 710 3167 PRAETEREA‚
727 3137 833 3171 potest
849 3133 1034 3172 contingere
1052 3132 1141 3172 quod
1158 3133 1204 3163 vir
1225 3138 1271 3163 est
1294 3133 1471 3173 baptizatus
1485 3141 1509 3167 ες
1526 3131 1723 3172 spiritualem
1747 3136 1779 3161 et
1801 3129 1904 3161 filium
1921 3130 2117 3171 spiritualem
2134 3130 2160 3160 ⁹.
2184 3129 2256 3160 Alia
2272 3138 2354 3169 quae
2370 3128 2486 3159 dicitur
2508 3138 2595 3160 com·
2622 3133 2632 3144 ·

407 3180 437 3204 et
460 3184 540 3204 uxor
561 3185 629 3205 non
653 3181 699 3205 est
722 3176 893 3215 baptizata:
923 3177 1004 3206 sicut
1028 3176 1158 3216 quando
1183 3187 1267 3207 unus
1291 3182 1338 3207 est
1361 3177 1399 3207 ab
1423 3177 1471 3207 in-

406 3217 555 3249 fidelitate
579 3229 750 3249 conversus
766 3220 833 3250 sine
857 3220 984 3250 alterius
1001 3222 1146 3261 coniugis
1163 3222 1384 3263 conversione.
1409 3221 1472 3252 Sed

407 3263 574 3302 spiritualis
598 3264 747 3303 cognatio
772 3273 838 3293 non
862 3270 968 3303 potest
998 3266 1163 3304 pervenire
1186 3265 1225 3295 ad
1248 3266 1471 3306 non-baptiza-

408 3311 477 3336 tum
488 3308 514 3337 ’ἦ
539 3307 623 3347 Ergo
648 3317 714 3337 non
738 3309 847 3339 transit
870 3318 995 3348 semper
1019 3309 1058 3339 de
1081 3310 1149 3339 viro
1174 3310 1214 3340 ad
1237 3319 1381 3340 uxorem.

1520 513 1628 553 gnatio
1646 512 1815 552 spiritualis
1838 521 1906 541 non
1922 511 2032 541 transit
2048 521 2065 540 a
2081 511 2149 540 viro
2168 511 2202 540 in
2222 519 2358 540 uxorem
2374 511 2407 540 ’τ
2431 510 2492 540 nisi
2507 509 2590 539 forte

1520 557 1572 587 ille
1597 557 1636 586 sit
1658 556 1742 586 filius
1766 557 1884 590 uxoris,
1906 557 1982 596 quia
2005 561 2082 585 tunc
2106 554 2224 585 directe
2248 563 2330 584 uxor
2353 555 2512 584 contrahit
2535 563 2590 584 co—

1519 602 1706 641 gnationem
1730 600 1937 640 spiritualem,
1954 601 2036 630 sicut
2060 605 2091 630 et
2113 600 2170 629 vir.

1575 646 1649 675 Alio
1666 644 1777 681 modo,
1794 654 1851 685 per
1867 650 1975 675 actum
1993 644 2178 684 proprium:
2199 644 2281 673 sicut
2297 652 2372 673 cum
2388 642 2472 672 levat
2486 641 2591 672 filium

1481 704 1506 718 ιο
1520 690 1647 720 alterius
1672 689 1711 720 de
1735 699 1824 719 sacro
1850 688 1949 719 fonte.
1974 689 2016 719 Et
2038 689 2083 719 sic
2106 688 2258 728 cognatio
2288 687 2457 727 spiritualis
2480 686 2592 716 transit

1520 734 1559 765 ad
1574 744 1709 764 uxorem
1726 743 1824 774 quam
1847 734 1911 763 iam
1935 733 2100 764 carnaliter
2116 733 2270 772 cognovit
2285 733 2317 762 *2
2343 741 2410 761 non
2433 736 2541 761 autem
2565 731 2591 760 si

1519 778 1667 809 nondum
1690 779 1730 808 sit
1753 778 1995 808 matrimonium
2019 782 2280 808 consummatum
2295 778 2322 811 θ,
2345 776 2420 816 quia
2442 774 2591 805 nondum

1520 822 1624 854 effecti
1652 829 1726 853 sunt
1750 832 1816 853 una
1839 832 1928 853 caro.
1964 823 2005 853 Et
2027 822 2090 852 hoc
2114 827 2161 852 est
2183 831 2241 861 per
2263 821 2399 851 modum
2423 818 2591 850 cuiusdam

1520 867 1688 898 affinitatis.
1709 867 1803 898 Unde
1819 867 1924 903 etiam,
1942 867 2009 907 pari
2025 867 2159 902 ratione,
2176 865 2301 896 videtur
2317 865 2448 895 transire
2464 863 2504 894 ad
2518 873 2591 894 mu-

1481 926 1502 944 ις
1519 913 1629 942 lierem
1653 921 1735 952 quae
1760 917 1806 942 est
1830 911 1994 942 carnaliter
2018 911 2156 951 cognita,
2177 910 2323 950 quamvis
2346 919 2414 940 non
2438 909 2477 939 sit
2499 917 2590 939 uxor.

1575 956 1668 987 Unde
1691 966 1816 986 versus:
1845 955 1938 992 Quae
1960 956 2054 990 mihi,
2081 955 2131 985 vel
2154 955 2246 985 cuius
2270 959 2381 985 natum
2405 963 2476 984 mea
2490 953 2592 994 fonte

1521 1001 1657 1031 levavit:
1679 1000 1774 1030 Haec
1796 1009 1867 1030 mea
1891 1005 2076 1036 commater,
2091 1000 2175 1041 fieri
2197 1009 2268 1030 mea
2296 1009 2360 1029 non
2385 999 2471 1029 valet
2493 1006 2590 1028 uxor.

1521 1044 1556 1074 Si
1571 1054 1635 1084 qua
1656 1054 1745 1074 meae
1765 1049 1876 1074 natum
1901 1054 1966 1075 non
1990 1054 2032 1074 ex
2055 1054 2105 1075 me
2118 1045 2219 1085 fonte
2238 1044 2376 1075 levavit:
2397 1043 2498 1073 Hanc
2514 1046 2594 1082 post

1511 1089 1592 1129 fata
1615 1098 1705 1118 meae
1729 1098 1793 1118 non
1819 1088 1893 1118 inde
1917 1089 2049 1118 vetabor
2070 1089 2196 1119 habere.

1575 1133 1626 1162 An
1650 1142 1768 1162 ramum
1790 1142 1874 1162 enno
1898 1142 2058 1162 manDtm
2082 1132 2171 1173 quod
2195 1142 2233 1163 ex
2253 1133 2316 1163 hoc
2340 1131 2430 1172 quod
2454 1135 2528 1161 sunt
2544 1130 2591 1160 di-

1520 1185 1687 1206 versorum
1717 1185 1872 1216 generum
1903 1177 1982 1206 unio
2011 1176 2186 1216 corporalis
2210 1182 2241 1207 et
2271 1176 2460 1217 spiritualiS‚
2484 1179 2592 1215 potest

1521 1220 1673 1250 concludi
1697 1220 1787 1259 quod
1809 1229 1874 1250 una
1897 1229 1965 1250 non
1989 1225 2036 1250 est
2059 1220 2171 1250 altera:
2195 1230 2263 1251 non
2288 1226 2395 1250 autem
2414 1218 2505 1260 quod
2526 1228 2592 1249 una

1519 1273 1588 1294 non
1611 1265 1713 1304 possit
1737 1273 1804 1294 esse
1829 1273 1923 1294 causa
1947 1264 2091 1300 alterius,
2119 1265 2194 1304 quia
2218 1274 2331 1294 eorum
2356 1273 2438 1304 quae
2462 1269 2536 1293 sunt
2557 1263 2592 1293 in

1521 1308 1651 1338 diversis
1673 1309 1853 1348 generibus,
1871 1317 1974 1338 unum
1991 1308 2188 1348 quandoque
2205 1314 2252 1338 est
2275 1317 2371 1338 causa
2386 1307 2524 1343 alterius,
2540 1306 2593 1337 vel

1520 1362 1577 1393 per
1600 1362 1633 1383 se
1656 1352 1707 1382 vel
1730 1362 1788 1392 per
1811 1352 1968 1383 accidens.

1575 1397 1626 1427 Ar>
1655 1407 1818 1427 sacmzmm
1845 1406 2006 1426 mmmmm
2029 1397 2119 1437 quod
2148 1402 2238 1437 pater
2260 1396 2430 1437 spiritualis
2446 1400 2477 1426 et
2492 1400 2594 1425 mater

1520 1441 1690 1482 spiritualis
1715 1441 1819 1471 eidem
1849 1451 1916 1471 non
1947 1442 2189 1482 coniunguntur
2211 1442 2244 1472 in
2267 1441 2474 1481 generatione
2501 1440 2592 1480 spiri-

1519 1486 1597 1516 tuali
1620 1486 1681 1516 nisi
1704 1495 1762 1526 per
1784 1485 1948 1516 accidens:
1974 1486 2049 1526 quia
2073 1486 2113 1516 ad
2135 1486 2199 1516 hoc
2222 1495 2307 1516 unus
2330 1495 2388 1525 per
2410 1494 2443 1515 se
2467 1483 2593 1521 suffice,-

1519 1536 1576 1560 ret.
1601 1529 1695 1561 Unde
1718 1539 1786 1560 non
1810 1535 1939 1570 oportet
1962 1530 2052 1570 quod
2075 1540 2113 1561 ex
2137 1531 2200 1561 hoc
2224 1530 2330 1570 aliqua
2354 1529 2504 1570 cognatio
2528 1529 2593 1569 spi—

1519 1574 1639 1605 ritualis
1663 1575 1744 1605 inter
1768 1584 1825 1604 eos
1848 1580 2005 1611 nascatur,
2024 1575 2102 1614 quin
2126 1575 2227 1615 possit
2250 1584 2318 1605 esse
2336 1575 2419 1604 inter
2443 1583 2499 1604 eos
2524 1583 2593 1605 ma-

1519 1619 1718 1650 trimonium.
1751 1619 1845 1650 Unde
1868 1628 1994 1650 versus:
2024 1620 2115 1650 Unus
2144 1629 2270 1661 semper
2299 1619 2362 1649 erit
2391 1624 2592 1659 compatrum

1518 1664 1721 1704 spiritualis:
1750 1664 1843 1694 Alter
1869 1664 2030 1700 carnalis,
2064 1674 2129 1694 non
2151 1664 2251 1705 fallit
2272 1664 2389 1705 regula
2414 1663 2499 1694 talis.
2529 1662 2594 1694 Sed

1519 1718 1576 1749 per
1591 1709 1834 1738 matrimonium
1853 1707 1889 1738 fit
1903 1709 1951 1739 vir
1967 1714 1998 1739 et
2013 1718 2095 1739 uxor
2114 1718 2180 1739 una
2196 1718 2275 1739 caro
2291 1717 2350 1748 per
2364 1718 2398 1738 se
2413 1707 2592 1749 loquendo.

1519 1753 1561 1784 Et
1583 1752 1658 1783 ideo
1682 1762 1750 1783 non
1774 1758 1821 1783 est
1844 1753 1956 1783 simile.

1576 1798 1627 1827 An
1650 1807 1786 1827 marum
1809 1807 1969 1828 memnon
1993 1797 2093 1837 quod,
2110 1798 2135 1828 si
2158 1807 2241 1828 uxor
2270 1807 2338 1828 non
2362 1798 2402 1828 sit
2425 1797 2593 1837 baptizata,

1519 1852 1588 1872 non
1616 1842 1781 1882 perveniet
1811 1841 1850 1872 ad
1880 1851 1951 1872 earn
1982 1842 2151 1882 spiritualis
2183 1842 2333 1882 cognatio
2363 1846 2498 1882 propter
2528 1841 2594 1871 hoc

1521 1886 1611 1927 quod
1634 1896 1702 1916 non
1734 1892 1781 1916 est
1811 1896 1925 1926 capax:
1957 1896 2025 1917 non
2049 1896 2087 1916 ex
2110 1887 2174 1917 hoc
2198 1886 2289 1926 quod
2315 1896 2383 1917 non
2406 1886 2508 1926 possit
2536 1895 2595 1926 per

1520 1931 1763 1962 matrimonium
1779 1930 1902 1961 traduci
1920 1931 2090 1971 spiritualis
2106 1931 2256 1971 cognatio
2273 1941 2291 1961 a
2306 1931 2375 1961 viro
2397 1931 2431 1961 in
2446 1939 2593 1961 uxorem.

1575 1975 1627 2005 Ar>
1652 1985 1800 2005 QUARTUM
1824 1985 1984 2005 memnon
2008 1975 2107 2015 quod,
2125 1985 2163 2006 ex
2188 1985 2254 2016 quo
2277 1976 2360 2006 inter
2382 1981 2507 2015 patrem
2530 1975 2594 2015 spi-

1521 2020 1669 2050 ritualem
1692 2025 1723 2050 et
1746 2025 1881 2050 matrem
1903 2029 1972 2050 non
1996 2020 2192 2050 contrahitur
2221 2020 2327 2060 aliqua
2351 2020 2501 2060 cognatio
2530 2019 2594 2060 spi-

1521 2064 1642 2094 ritualis
1658 2065 1685 2100 *‚
1702 2064 1782 2094 nihil
1805 2064 1954 2104 prohibet
1970 2065 2050 2105 quin
2065 2065 2113 2095 vir
2129 2070 2160 2095 et
2175 2074 2257 2095 uxor
2272 2064 2368 2095 simul
2388 2064 2530 2105 aliquem
2554 2063 2594 2094 de

1522 2118 1612 2139 sacro
1637 2108 1727 2139 fonte
1750 2109 1900 2139 levarent.
1925 2109 1993 2139 Nec
2017 2114 2064 2139 est
2086 2109 2318 2139 inconveniens
2342 2107 2431 2149 quod
2454 2118 2536 2139 uxor
2555 2117 2594 2139 ex

1523 2153 1652 2184 diversis
1676 2153 1779 2184 causis
1809 2152 1963 2183 efficiatur
1992 2158 2093 2183 mater
2125 2153 2295 2194 spiritualis
2319 2152 2479 2184 eiusdem:
2511 2153 2595 2184 sicut

1523 2199 1619 2228 etiam
1635 2203 1742 2238 potest
1757 2207 1825 2228 esse
1842 2197 1932 2238 quod
1956 2203 2003 2228 est
2018 2197 2119 2228 affinis
2143 2203 2175 2229 et
2190 2198 2429 2238 consanguinea
2449 2197 2595 2228 eiusdem

1522 2252 1580 2283 per
1603 2242 1762 2273 carnalem
1786 2243 2072 2283 propinquitatem.

1625 2309 1725 2339 ART.
1747 2309 1786 2339 V.
1810 2318 1915 2339 urium
1939 2318 2099 2339 cooNATlo
2123 2317 2309 2341 SPIRITUALIS
2331 2317 2490 2338 ‘rmszxr

1715 2363 1756 2383 AD
1781 2363 1881 2384 rrLros
1905 2363 2062 2383 mamus
2085 2362 2192 2383 PATRtS
2215 2362 2401 2383 sprmrtmms

1587 2430 1608 2450 D
1632 2429 1772 2450 amm-uu
1794 2429 1840 2450 src
1863 2428 2068 2449 moeson-un.
2097 2417 2232 2448 Videtur
2252 2418 2342 2459 quod
2365 2427 2434 2449 non
2457 2422 2596 2449 transeat

1525 2433 1628 2495 Aad
1650 2463 1734 2495 filios
1758 2463 1898 2494 carnales
1921 2464 2018 2504 patris
2041 2463 2220 2503 spiritualis.
2245 2462 2331 2501 Quia
2360 2462 2515 2503 spirituali
2537 2471 2595 2493 co-

1521 2509 1667 2550 gnationi
1690 2518 1759 2539 non
1783 2509 1981 2548 assignantur
2003 2507 2129 2548 gradus.
2153 2507 2268 2538 Essent
2297 2513 2406 2538 autem
2428 2506 2544 2547 gradus
2567 2507 2595 2537 si

1521 2554 1689 2584 transirent
1712 2563 1730 2584 a
1752 2558 1841 2593 patre
1865 2553 1898 2583 in
1921 2551 2041 2583 filium:
2066 2553 2142 2592 quia
2165 2561 2302 2592 persona
2320 2557 2470 2592 generata
2492 2555 2596 2582 mutat

1521 2598 1674 2640 gradum,
1691 2603 1727 2628 ut
1750 2607 1846 2638 supra
1861 2598 1878 2614 ⁹
1902 2596 2023 2627 dictum
2041 2602 2097 2627 est.
2122 2596 2208 2637 Ergo
2231 2606 2299 2627 non
2314 2597 2426 2627 transit
2448 2595 2488 2627 ad
2510 2595 2595 2627 filios

1523 2643 1663 2674 carnales
1686 2643 1782 2683 patris
1805 2641 1985 2682 spiritualis.

1580 2697 1609 2718 2.
1634 2687 1830 2723 PRAETEREA,
1855 2691 1944 2727 pater
1964 2685 2079 2716 eodem
2102 2685 2202 2726 gradu
2225 2686 2337 2716 attinet
2351 2684 2430 2722 filio,
2448 2690 2480 2716 et
2501 2683 2597 2716 stater

1522 2731 1618 2762 fratri.
1644 2731 1677 2762 Si
1693 2741 1769 2771 ergo
1793 2731 1944 2771 cognatio
1961 2730 2130 2771 spiritualis
2153 2731 2263 2761 transit
2278 2740 2296 2760 a
2311 2735 2400 2771 patre
2423 2730 2457 2760 in
2479 2728 2595 2766 filium,

1523 2776 1636 2807 eadem
1652 2777 1775 2806 ratione
1791 2775 1934 2806 transibit
1946 2785 1964 2805 a
1976 2774 2069 2805 fratre
2082 2775 2114 2805 in
2131 2774 2269 2805 fratrem.
2293 2774 2394 2812 Quod
2405 2774 2522 2805 falsum
2537 2779 2594 2805 est.

1579 2821 1641 2851 San
1666 2830 1790 2850 con-riu
1814 2830 1868 2850 nsr
1892 2819 1982 2860 quod
2004 2820 2038 2850 in
2061 2819 2163 2849 littera
2185 2820 2202 2836 ⁴*
2225 2820 2378 2860 probatur
2404 2828 2462 2859 per
2483 2824 2596 2850 aucto—

1523 2866 1658 2896 ritatem.

1579 2910 1769 2939 Rusponnno
1793 2918 1953 2938 Dicanntm
1977 2907 2067 2948 quod
2088 2907 2173 2938 filius
2197 2913 2244 2938 est
2273 2907 2399 2949 aliquid
2415 2907 2539 2948 patris,
2563 2912 2596 2938 et

1524 2964 1592 2985 non
1616 2964 1633 2984 e
1658 2962 1825 2987 converso,
1843 2958 1879 2983 ut
1902 2952 2017 2983 dicitur
2040 2953 2073 2982 in
2094 2952 2166 2982 VIII
2181 2952 2286 2983 Ethic.
2303 2953 2320 2969 ⁴*
2342 2952 2384 2982 Et
2406 2951 2480 2982 ideo
2504 2951 2596 2992 spiri-

1524 2999 1617 3029 tualis
1637 2998 1788 3038 cognatio
1811 2997 1922 3027 transit
1937 3007 1955 3027 a
1970 3002 2058 3037 patre
2073 2997 2108 3027 in
2131 2996 2244 3033 filium,
2262 3002 2293 3027 et
2307 3006 2376 3027 non
2392 3005 2410 3026 e
2426 3005 2594 3027 converso.

1581 3043 1622 3073 Et
1638 3043 1683 3072 sic
1699 3047 1786 3083 patet
1802 3041 1891 3082 quod
1915 3046 1989 3072 sunt
2003 3046 2066 3072 tres
2085 3041 2294 3081 cognationes
2310 3040 2498 3081 spirituales.
2522 3040 2596 3072 Una

1526 3097 1609 3128 quae
1633 3086 1748 3117 dicitur
1770 3086 1951 3126 spiritualis
1967 3085 2165 3126 paternitas,
2190 3094 2273 3126 quae
2296 3090 2344 3115 est
2365 3085 2447 3115 inter
2471 3090 2594 3125 patrem

1520 3176 1714 3217 paternitas,
1732 3185 1815 3216 quae
1839 3180 1886 3205 est
1909 3175 1991 3205 inter
2013 3179 2137 3215 patrem
2160 3173 2356 3214 spiritualem
2380 3178 2412 3203 et
2435 3173 2595 3204 carnalem

1527 3219 1670 3251 eiusdem
1680 3221 1706 3250 ’ἃ
1725 3220 1832 3250 Tertia
1848 3224 1956 3250 autem
1972 3218 2087 3249 dicitur
2101 3218 2281 3258 spiritualis
2286 3218 2498 3259 fraternitas,
2511 3227 2595 3259 quae

1527 3270 1574 3296 est
1596 3265 1679 3295 inter
1701 3263 1805 3295 filium
1827 3263 2023 3304 spiritualem
2047 3268 2078 3293 et
2100 3261 2184 3293 filios
2207 3262 2347 3293 carnales
2371 3261 2515 3293 eiusdem
2538 3271 2595 3304 pa-

1526 3310 1580 3340 tris
1590 3310 1617 3340 *.
1635 3309 1676 3339 Et
1693 3308 1854 3348 quaelibet
1868 3308 1981 3338 harum
1997 3306 2131 3348 impedit
2147 3307 2388 3337 matrimonium
2405 3307 2596 3338 contrahen-
2623 3311 2634 3322 ·

462 3359 492 3388 4.
512 3351 707 3386 Prummu,
719 3351 766 3380 vir
779 3357 809 3381 et
820 3361 901 3381 uxor
917 3359 1051 3392 possunt
1067 3353 1207 3393 aliquem
1223 3354 1317 3384 simul
1331 3354 1370 3384 de
1382 3353 1472 3384 fonte
1486 3366 1513 3387 70
1527 3353 1606 3384 dum
1630 3359 1661 3384 et
1684 3353 1802 3383 dirimit
1825 3357 2035 3383 contractum.

409 3394 511 3423 levare
527 3395 552 3424 *.
578 3394 610 3425 Si
638 3404 712 3434 ergo
746 3395 913 3434 spiritualis
944 3397 1092 3435 cognatio
1117 3407 1135 3427 a
1165 3398 1233 3428 viro
1263 3399 1407 3428 transiret
1438 3399 1472 3428 in

410 3447 552 3473 uxorem,
570 3444 755 3477 sequeretur
778 3439 866 3478 quod
882 3445 1016 3479 uterque
1033 3441 1208 3480 coniugum
1225 3448 1306 3472 esset
1321 3443 1368 3472 bis
1384 3448 1472 3482 pater

411 3487 441 3511 et
464 3487 563 3511 mater
586 3482 754 3521 spiritualis
778 3482 930 3512 eiusdem.
955 3483 1054 3521 Quod
1077 3490 1123 3514 est
1146 3485 1384 3516 inconveniens.

466 3525 528 3555 San
553 3535 684 3560 CONTRA,
702 3526 787 3555 bona
810 3527 980 3565 spiritualia
1004 3529 1102 3566 magis
1125 3529 1376 3569 multiplicabilia
1399 3536 1473 3560 sunt

1582 3399 1633 3428 An
1657 3407 1775 3428 ramim
1797 3406 1880 3427 enno
1897 3406 2057 3426 nrcnnmm
2073 3394 2163 3435 quod
2178 3404 2315 3436 persona
2331 3395 2436 3426 addita
2455 3405 2513 3436 per
2528 3404 2595 3426 car-

1526 3443 1575 3473 nis
1598 3441 1865 3482 propagationem
1888 3439 1963 3471 facit
1985 3440 2119 3480 gradum
2149 3445 2296 3480 respectu
2326 3440 2410 3470 illius
2437 3449 2595 3480 personae

1528 3496 1610 3526 quae
1634 3486 1750 3517 eodem
1773 3494 1890 3526 genere
1906 3485 2026 3521 attinet,
2042 3494 2110 3515 non
2133 3489 2242 3514 autem
2257 3490 2404 3524 respectu
2428 3485 2495 3515 eius
2511 3493 2595 3524 quae

1527 3531 1639 3561 attinet
1661 3530 1693 3561 in
1714 3530 1777 3560 alio
1800 3539 1932 3570 genere:
1958 3529 2039 3559 sicut
2059 3528 2143 3559 filius
2166 3529 2277 3559 attinet
2299 3529 2332 3559 in
2355 3528 2472 3559 eodem
2494 3527 2594 3569 gradu

413 3578 509 3608 quam
526 3569 712 3608 corporalia.
737 3569 799 3598 Sed
815 3571 1071 3609 consanguinitas
1096 3573 1268 3611 corporalis
1284 3574 1341 3603 viri
1364 3575 1474 3604 transit
1487 3586 1510 3605 νς
1528 3575 1619 3605 uxori
1635 3575 1731 3614 patris
1754 3575 1787 3604 in
1811 3583 1878 3614 quo
1903 3579 1934 3604 et
1956 3579 2055 3614 pater,
2072 3573 2218 3614 quamvis
2241 3573 2304 3604 alio
2319 3582 2436 3613 genere
2459 3573 2594 3603 attinen-

2617 511 2628 521 '
2634 509 2828 537 Cs.can.Qutaep1'—

2618 536 2743 563 ritualem,
2765 541 2827 558 cau..

2617 562 2691 589 XXX,
2707 569 2745 594 qu.
2761 568 2792 589 lv,
2808 567 2830 584 et

2619 589 2697 611 Gloss.
2713 589 2771 611 ibid.

2618 736 2628 746 ·
2641 735 2673 757 ca
2691 750 2697 756 .
2708 734 2830 756 Mar-timu

2618 761 2666 783 Ber
2709 767 2729 787 e,
2740 760 2770 782 de
2785 760 2830 784 Co·

2615 790 2684 837 ee:
2700 787 2786 836 {527}
2805 814 2830 836 in

2619 847 2670 862 can.
2691 840 2750 862 Post
2770 846 2830 862 uxo-

2619 868 2654 889 ris
2663 867 2757 894 obitum,
2765 874 2830 890 caus.

2619 894 2697 920 XXX,
2713 900 2752 922 qu.
2767 900 2799 916 iv.

2621 2066 2835 2096 ·Cf.re·p.=d=.

2623 2597 2632 2606 ·
2647 2594 2696 2622 Qu.
2709 2597 2803 2622 ιηιη.
2815 2601 2835 2618 ¹.

2622 2825 2633 2836 ·
2639 2823 2697 2846 blut.
2703 2829 2756 2847 :uu
2767 2829 2835 2852 capp.

2640 2852 2796 2900 anmals-¹
2813 2853 2836 2872 a

2623 2955 2700 3005 sciit·
2709 2961 2815 3005 ῗὲἓθὶῗι·
2825 2967 2832 2973 “
