2878 4088
99 240 110 250 ·
124 238 226 261 Interlin.

98 723 111 734 o
130 722 165 744 nn
187 721 249 749 11⁸0,
272 728 310 749 qu·

99 754 176 774 am,
190 751 231 771 art.
246 748 268 775 6,
283 748 312 770 ad

98 859 185 881 ‘lonae
190 864 311 887 cap-inm.

97 1077 310 1126 iffi‘ae'ffie·

96 1118 196 1163 ’καὶ
304 1119 311 1130 ’

96 1214 108 1224 ·
122 1212 191 1235 Ven-
207 1218 241 1241 ¹9.

98 1253 109 1264 ·
122 1251 225 1274 [interlin.

1024 110 1288 158 QUAESTIO
1318 110 1452 156 XCIX,
1474 109 1765 148 ARTICULUS
1786 112 1835 148 lV

341 190 374 220 in
399 194 575 225 aeternum,
599 190 676 230 quia
700 199 778 220 caro
802 194 868 220 est:
891 195 922 220 et
945 189 1100 228 accipitur
1123 189 1167 218 ibi
1189 189 1322 228 spiritus
1344 199 1403 229 pro

342 233 577 275 indignatione,
602 239 638 264 ut
659 240 747 274 patet
769 243 826 274 per
852 233 1000 264 Glossam
1016 234 1033 249 ³*
1060 232 1188 263 ibidem.
1214 233 1300 263 Cum
1328 243 1403 273 ergo

340 277 517 318 indignatio
542 279 602 308 Dei
625 288 693 308 non
716 279 755 308 sit
778 277 864 308 aliud
888 287 986 317 quam
1009 277 1078 307 eius
1100 286 1223 317 poena,
1247 287 1314 307 non
1345 287 1404 317 pu-

341 323 469 353 nientur
492 323 700 353 aeternaliter.

398 377 427 397 2.
452 367 649 403 Putamus,
674 367 784 397 caritas
807 371 992 396 sanctorum
1014 366 1047 395 in
1070 366 1230 405 praesenti
1249 366 1312 395 hoc
1331 364 1405 395 facit

342 417 377 441 ut
400 420 460 451 pro
482 412 620 442 inimicis
645 417 786 442 exorent.
811 410 874 442 Sed
897 416 974 440 tunc
997 410 1161 440 habebunt
1180 409 1405 449 perfectiorem

342 456 513 486 caritatem.
538 456 624 496 Ergo
647 461 725 486 tunc
748 455 886 486 orabunt
908 464 967 495 pro
990 454 1127 484 inimicis
1152 453 1317 484 damnatis.
1343 453 1406 484 Sed

341 500 503 530 orationes
527 509 641 531 eorum
665 509 733 530 esse
756 509 862 530 cassae
885 508 952 530 non
968 503 1140 538 poterunt:
1165 507 1241 528 cum
1257 499 1319 528 sint
1338 507 1405 527 ma-

341 545 426 574 xime
450 544 520 574 Deo
545 549 704 584 acceptae.
728 544 813 584 Ergo
836 544 984 584 precibus
1008 548 1192 573 sanctorum
1216 542 1322 572 divina
1345 542 1405 571 mi-

340 588 512 619 sericordia
535 588 702 619 damnatos
726 587 924 628 quandoque
947 597 965 617 a
987 596 1094 627 poena
1117 586 1270 617 liberabit.

397 632 427 663 3.
452 633 655 668 PRARTRREA,
679 633 742 663 hoc
770 632 860 672 quod
893 632 981 662 Deus
1010 640 1151 671 poenam
1179 630 1405 661 damnatorum

340 682 502 707 aeternam
518 676 682 717 praedixit,
699 676 739 707 ad
754 677 958 717 prophetiam
974 675 1234 706 comminationis
1257 675 1403 715 pertinet.

341 720 404 752 Sed
420 722 589 761 prophetia
606 721 865 751 comminationis
881 730 948 750 non
965 729 1091 760 semper
1106 719 1298 760 impletur*:
1316 718 1405 759 quod

305 790 311 801 ‚
339 770 426 805 patet
448 774 506 805 per
536 765 598 796 hoc
630 765 719 805 quod
743 764 865 795 dictum
896 770 943 794 est
973 763 1012 794 de
1036 764 1243 794 subversione
1273 764 1403 798 Ninive,

341 818 423 849 quae
446 819 514 840 non
537 809 598 840 fuit
620 810 771 839 subversa
793 810 876 839 sicut
898 808 1098 848 praedictum
1121 807 1223 838 fuerat
1246 817 1303 848 per
1330 817 1404 848 pro-

339 854 480 893 phetam,
497 854 553 893 qui
569 863 607 884 ex
623 854 687 883 hoc
708 854 803 884 etiam
827 853 1029 883 contristatus
1052 853 1112 883 fuit
1127 854 1153 883 ’ἃ
1179 853 1264 892 Ergo
1281 852 1405 882 videtur

339 897 429 937 quod
451 898 556 928 multo
579 897 716 937 amplius
740 907 797 937 per
821 897 962 927 divinam
985 897 1236 927 misericordiam
1268 897 1404 927 commi-

338 942 426 972 natio
449 951 575 982 poenae
599 948 744 972 aeternae
767 942 942 972 mutabitur
964 942 1182 972 immitiorem
1204 942 1402 977 sententiam,

339 985 470 1026 quando
493 986 527 1016 in
549 986 669 1017 nullius
692 987 860 1022 tristitiam,
885 985 940 1016 sed
962 986 996 1016 in
1017 987 1165 1016 omniurn
1181 985 1334 1026 gaudium
1352 995 1403 1016 ce-

339 1030 413 1062 dere
436 1031 564 1070 poterit.

392 1083 424 1113 4.
448 1074 645 1110 Pmmum,
671 1074 710 1105 ad
733 1075 796 1106 hoc
819 1074 894 1105 facit
917 1074 1007 1114 quod
1030 1075 1063 1105 in
1086 1074 1214 1104 Psalmo
1230 1075 1247 1091 ³*
1271 1074 1400 1105 dicitur:

339 1119 496 1159 Nunquid
519 1119 551 1149 in
576 1124 743 1150 aeternum
767 1119 927 1150 irascetur
952 1118 1070 1149 Deus?
1099 1118 1162 1149 Sed
1191 1119 1236 1148 ira
1266 1119 1326 1148 Dei
1357 1123 1403 1148 est

339 1163 408 1194 eius
430 1164 568 1203 punitio.
592 1164 678 1203 Ergo
695 1164 783 1194 Deus
798 1164 832 1193 in
848 1169 1013 1194 aeternum
1029 1164 1176 1193 homines
1192 1173 1259 1193 non
1279 1163 1401 1202 puniet.

396 1207 424 1238 5.
449 1208 645 1243 Pam-rum,
670 1208 767 1238 Isaiae
782 1218 844 1243 ΧΠ,
861 1217 957 1248 super
979 1207 1059 1238 illud
1074 1209 1101 1243 *,
1125 1208 1172 1237 Tu
1197 1212 1303 1237 autem
1322 1216 1402 1247 pro-

339 1252 589 1288 mamete„
613 1252 690 1282 dicit
714 1252 828 1283 Glossa
842 1253 873 1282 ’ἦ
899 1252 934 1281 Si
954 1261 1063 1282 omnes
1082 1251 1211 1282 animae
1226 1251 1402 1292 aliquando

299 1296 302 1297 ⁷
337 1296 497 1327 habebunt
519 1297 670 1337 requiem,
696 1302 730 1327 tu
754 1306 928 1337 nunquam,
946 1297 1083 1336 loquens
1100 1295 1139 1326 de
1155 1295 1295 1326 diabolo.
1317 1296 1402 1335 Ergo

96 1432 109 1445 ⁶
123 1431 191 1454 Vm.
203 1431 244 1459 46.

95 2512 310 2579 'mm-{init

95 2583 135 2600 ιθ·

156 2609 179 2631 p.
191 2609 254 2626 xxxv.

97 2631 119 2643 ··
185 2646 190 2651 .
209 2634 264 2657 ιιι,
278 2629 308 2651 nl.

95 2662 149 2683 :viz
173 2662 188 2678 n
197 2659 244 2678 vet.
256 2662 308 2678 xm.

96 2684 108 2696 ·
121 2683 178 2712 cup.
193 2688 253 2705 mv.

98 2943 110 2954 ·
123 2941 190 2964 νει-ι.
203 2947 238 2971 25,
250 2942 287 2965 2⁶.

97 3119 110 3130 ·
122 3117 191 3140 Van.
206 3123 228 3146 7,
242 3117 264 3140 8.

98 3418 110 3428 ·
122 3416 160 3438 De
180 3415 230 3439 Ciu.
247 3416 310 3444 Dei,

97 3443 138 3464 lib.
167 3442 234 3470 m,
257 3449 310 3470 mp-

98 3475 161 3497 xxrv,
176 3474 199 3490 n.
213 3475 237 3494 4.

338 1340 463 1371 videtur
486 1341 575 1380 quod
598 1350 713 1371 omnes
735 1342 860 1371 animae
883 1341 1042 1371 humanae
1067 1339 1240 1379 aliquando
1258 1340 1403 1380 requiem

338 1385 502 1415 habebunt
525 1385 566 1415 de
589 1386 714 1425 poenis.

393 1429 456 1460 San
481 1439 604 1459 coma
627 1439 682 1459 sssr
712 1428 802 1469 quod
833 1428 948 1459 dicitur
979 1429 1091 1458 Matth.
1113 1437 1174 1458 xxv
1193 1429 1220 1463 *‚
1245 1428 1340 1458 simul
1363 1427 1403 1458 de

338 1473 446 1504 electis
461 1478 494 1503 et
507 1474 668 1513 reprobis:
694 1473 793 1503 Ibunt
813 1473 847 1502 hi
863 1473 895 1503 in
920 1473 1111 1513 supplicium
1133 1477 1310 1508 aeternum,
1329 1472 1404 1502 iusti

338 1522 446 1548 autem
469 1517 502 1548 in
526 1518 625 1547 vitam
647 1522 824 1548 aeternam.
857 1517 920 1548 Sed
943 1517 1175 1547 inconveniens
1205 1522 1252 1547 est
1282 1526 1403 1556 ponere

338 1561 428 1602 quod
450 1562 610 1592 iustorum
639 1562 703 1592 vita
733 1561 931 1601 quandoque
962 1561 1100 1591 finiatur.
1133 1561 1218 1601 Ergo
1249 1561 1403 1591 inconve-

337 1607 428 1636 niens
445 1611 492 1636 est
506 1615 628 1645 ponere
645 1605 735 1646 quod
750 1606 961 1645 reproborum
986 1605 1182 1645 supplicium
1205 1606 1401 1635 terminetur.

393 1659 423 1680 2.
447 1649 644 1685 Palmam-enm,
667 1650 751 1680 sicut
773 1649 849 1679 dicit
872 1650 1090 1680 Damascenus
1106 1650 1132 1685 ⁴,
1156 1650 1218 1679 hoc
1240 1654 1287 1679 est
1301 1650 1403 1679 homi—

337 1693 430 1725 nibus
452 1703 541 1724 mors
563 1694 651 1734 quod
673 1694 801 1735 angelis
824 1703 928 1724 casus.
960 1694 1023 1724 Sed
1053 1693 1158 1733 angeli
1188 1699 1262 1733 post
1293 1703 1403 1724 casum

335 1738 552 1778 irreparabiles
576 1738 716 1769 fuerunt.
748 1738 834 1778 Ergo
858 1744 889 1768 et
913 1739 1062 1768 homines
1085 1743 1160 1778 post
1181 1743 1330 1768 mortem.
1362 1738 1402 1768 Et

336 1783 382 1814 sic
405 1783 618 1822 reproborum
643 1783 838 1823 supplicium
861 1792 1030 1822 nunquam
1053 1782 1283 1812 terminabitur.

391 1827 582 1858 Rxsrormeo
605 1837 766 1857 memnon
788 1827 888 1867 quod,
913 1827 995 1857 sicut
1011 1827 1210 1866 Augustinus
1227 1826 1312 1862 dicit,
1329 1827 1402 1857 XXI

288 1887 295 1897 ν
337 1871 377 1902 de
401 1871 470 1902 Civ.
494 1872 557 1902 Dei
571 1872 598 1906 “,
624 1871 755 1911 quidam
779 1872 813 1901 in
836 1872 898 1902 hoc
922 1872 961 1901 ab
993 1880 1098 1902 errore
1129 1870 1276 1910 Origenis
1305 1870 1402 1901 decli-

337 1921 494 1946 naverunt
517 1915 606 1955 quod
625 1916 800 1946 daemones
823 1921 1003 1955 posuerunt
1018 1916 1051 1945 in
1067 1921 1261 1955 perpetuum
1284 1916 1401 1955 puniri,

337 1959 392 1990 sed
416 1969 529 1990 omnes
562 1961 710 1991 homines
741 1959 938 2000 quandoque
966 1959 1090 1989 liberari
1114 1969 1132 1989 a
1159 1968 1282 1999 poena,
1307 1960 1402 1990 etiam

336 2003 491 2035 infideles.
521 2022 544 2026 -
572 2004 639 2035 Sed
667 2005 745 2035 haec
775 2004 895 2044 positio
927 2004 1062 2034 omnino
1093 2009 1140 2034 est
1169 2003 1400 2034 irrationabilis.

337 2048 427 2079 Sicut
449 2049 536 2079 enim
559 2048 733 2079 daemones
757 2054 832 2079 sunt
855 2049 888 2078 in
911 2049 1032 2078 malitia
1048 2048 1208 2083 obstinati,
1226 2053 1257 2078 et
1272 2049 1315 2078 ita
1330 2057 1401 2088 per-

337 2098 438 2133 petuo
461 2092 634 2133 puniendi,
658 2093 702 2123 ita
724 2098 756 2123 et
779 2093 904 2123 animae
927 2093 1098 2122 hominum
1115 2093 1171 2132 qui
1187 2093 1255 2122 sine
1275 2093 1402 2123 caritate

337 2137 513 2168 decedunt:
539 2146 615 2167 cum
637 2137 698 2168 hoc
719 2137 902 2167 hominibus
916 2137 959 2167 sit
982 2146 1070 2167 mors
1093 2136 1180 2177 quod
1199 2137 1326 2178 angelis
1349 2146 1402 2168 ca-

336 2191 401 2217 sus,
425 2187 462 2212 ut
485 2181 703 2212 Damascenus
727 2181 803 2212 dicit
818 2182 844 2212 ἦ

392 2226 444 2256 An
467 2235 585 2256 PRIMUM
607 2235 690 2256 mmo
714 2235 874 2256 DICRNDUM
897 2225 985 2265 quod
1009 2226 1143 2256 verbum
1166 2225 1247 2255 illud
1277 2230 1323 2255 est
1353 2226 1402 2255 in-

337 2269 547 2310 telligendum
570 2269 610 2300 de
633 2270 766 2300 homine
789 2269 968 2300 secundum
991 2279 1092 2310 genus
1115 2279 1230 2300 suum:
1260 2270 1335 2309 quia
1362 2270 1401 2299 ab

337 2315 621 2354 humano-,genere
644 2314 841 2354 quandoque
865 2314 925 2344 Dei
947 2313 1124 2354 indignatio
1145 2319 1192 2344 est
1207 2319 1330 2344 remota
1345 2323 1402 2354 per

337 2358 455 2389 Christi
477 2357 661 2389 adventum.
686 2358 749 2390 Sed
764 2359 810 2389 illi
826 2359 883 2398 qui
906 2359 944 2388 in-
961 2358 1021 2389 hac
1036 2358 1298 2389 reconciliatione
1319 2368 1401 2398 quae

336 2401 419 2433 facta
442 2408 490 2433 est
511 2411 569 2443 per
593 2402 767 2439 Christum,
787 2403 964 2433 noluerunt
987 2412 1055 2433 esse
1078 2403 1129 2433 vel
1152 2412 1350 2442 permanere,
1367 2404 1400 2433 in

336 2447 447 2487 seipsis
470 2446 611 2478 divinam
634 2448 713 2477 iram
736 2453 1023 2487 perpetuaverunt:
1049 2457 1124 2478 cum
1146 2456 1214 2477 non
1239 2448 1278 2477 sit
1307 2448 1400 2477 nobis

336 2491 451 2531 aliquis
465 2491 581 2522 modus
593 2492 861 2522 reconciliationis
873 2501 1044 2522 concessus
1060 2492 1119 2522 nisi
1132 2501 1190 2531 per
1201 2491 1365 2522 Christum
1373 2493 1400 2522 ⁴⁹.

391 2536 442 2565 AD
467 2546 628 2566 SECUNDUM
651 2546 812 2566 monimum
843 2536 948 2576 quod,
974 2537 1055 2566 sicut
1085 2536 1284 2575 Augustinus
1315 2535 1399 2572 dicit,

336 2579 409 2610 XXI
425 2579 465 2610 de
482 2580 551 2610 (Σίν.
566 2580 630 2610 Dei
645 2581 672 2616 ὓ,
697 2586 728 2610 et
752 2580 936 2620 Gregorius,
952 2580 1086 2610 XXXIV
1102 2581 1224 2610 Moral.
1242 2581 1276 2596 *⁴*
1300 2586 1331 2610 et
1358 2581 1401 2611 IV

335 2624 472 2665 Dialog.
489 2625 516 2659 *,
541 2624 631 2664 quod
653 2625 753 2654 sancti
776 2625 809 2655 in
833 2625 892 2655 hac
916 2625 980 2654 vita
1003 2624 1076 2655 ideo
1101 2634 1160 2664 pro
1183 2625 1320 2654 inimicis
1348 2634 1400 2655 ex-

337 2674 439 2704 orant,
456 2673 492 2698 ut
507 2673 734 2699 convertantur
749 2668 789 2698 ad
805 2669 928 2699 Deum:
953 2678 1029 2699 cum
1045 2669 1149 2699 adhuc
1166 2669 1309 2699 converti
1325 2678 1400 2709 pos-

336 2713 409 2742 sint.
433 2711 467 2742 Si
491 2713 577 2742 enim
601 2717 682 2742 esset
704 2713 798 2743 nobis
821 2718 936 2743 notum
961 2713 1051 2753 quod
1075 2718 1179 2743 essent
1198 2713 1345 2753 praesciti
1361 2713 1400 2743 ad

337 2762 486 2792 mortem,
509 2766 578 2786 non
601 2757 700 2796 magis
724 2766 783 2796 pro
808 2757 852 2787 eis
876 2767 973 2797 quam
997 2767 1057 2797 pro
1089 2757 1300 2787 daemonibus
1331 2767 1400 2787 ora-

337 2810 454 2831 remus.
478 2801 519 2830 Et
543 2801 618 2841 quia
640 2806 715 2840 post
736 2801 819 2831 hanc
842 2801 940 2831 vitam
964 2801 1192 2832 decedentibus
1215 2802 1282 2832 sine
1302 2802 1400 2842 gratia

336 2850 465 2885 tempus
489 2845 706 2875 conversionis
735 2854 803 2875 non
833 2845 909 2881 erit,
934 2845 1022 2875 nulla
1044 2855 1103 2885 pro
1128 2846 1172 2875 eis
1203 2845 1258 2876 fiet
1287 2847 1399 2882 oratio,

337 2899 398 2920 nec
414 2890 452 2919 ab
469 2889 611 2919 Ecclesia
628 2889 783 2919 militante
798 2899 858 2919 nec
875 2899 892 2919 a
911 2890 1138 2929 triumphante.
1158 2890 1221 2920 Hic
1238 2891 1323 2920 enim
1340 2900 1399 2930 pro

337 2934 382 2964 eis
406 2933 565 2964 orandum
589 2939 645 2969 est,
670 2938 706 2963 ut
728 2933 905 2973 Apostolus
929 2933 1014 2969 dicit,
1040 2934 1066 2964 11
1094 2934 1173 2964 Tim.
1196 2944 1218 2963 11
1234 2935 1265 2970 ᾗ,
1291 2939 1327 2964 ut
1348 2934 1400 2965 det

338 2978 403 3008 illis
425 2978 515 3008 Deus
539 2977 783 3018 poenitentiam,
809 2982 840 3008 et
862 2978 1052 3017 resipiscant
1073 2988 1094 3008 a
1117 2978 1251 3009 diaboli.
1266 2979 1398 3018 laqueis.

392 3022 443 3052 An
474 3032 609 3052 murrum
642 3032 802 3052 memnon
832 3022 922 3062 quod
953 3022 1123 3062 prophetia
1155 3023 1400 3052 comminatoria

338 3075 463 3105 poenae
492 3071 570 3097 tunc
599 3066 707 3096 solum
739 3067 926 3096 immutatur
953 3066 1084 3106 quando
1107 3066 1267 3096 variantur
1288 3067 1400 3096 merita

339 3110 407 3140 eius
429 3110 463 3140 in
486 3119 585 3150 quem
609 3111 818 3141 comminatio
842 3109 924 3140 facta
948 3116 1004 3140 est.
1029 3110 1122 3141 Unde
1146 3110 1257 3140 Ierem.
1274 3120 1349 3141 xvm
1363 3111 1397 3141 ²³:

337 3153 478 3193 Repente
500 3155 618 3195 loquar
639 3155 795 3186 adversus
817 3160 945 3196 gentem
969 3160 1001 3185 et
1022 3155 1177 3185 adversus
1201 3164 1348 3195 regnum,
1366 3160 1402 3185 ut

339 3197 498 3228 eradicem
521 3203 552 3229 et
573 3199 737 3230 destruam
753 3204 784 3230 et
798 3199 980 3239 disperdam
998 3199 1088 3229 illud.
1113 3199 1149 3228 Si
1165 3199 1399 3239 poenitentiam

339 3242 443 3282 egerit
463 3251 545 3283 gens
568 3242 625 3272 illa
649 3253 670 3274 a
693 3244 779 3274 malo
803 3253 879 3279 suo,
905 3253 1003 3284 agam
1034 3248 1065 3273 et
1086 3252 1148 3284 ego
1166 3243 1399 3283 poenitentiam

338 3294 436 3326 super
458 3286 545 3316 malo
568 3287 655 3326 quod
677 3288 898 3329 cogitaveram
922 3288 960 3319 ei.
995 3287 1105 3323 Unde,
1130 3297 1205 3317 curn
1235 3287 1398 3318 damnato—

338 3339 411 3360 rum
433 3330 544 3360 merita
566 3332 683 3361 mutari
704 3341 772 3362 non
794 3333 928 3372 possint,
945 3332 1154 3362 comminatio
1178 3341 1303 3371 poenae
1318 3341 1401 3362 sem-

338 3382 396 3413 per
410 3374 444 3403 in
461 3374 506 3404 eis
521 3373 715 3414 implebitur.
730 3394 754 3398 —
768 3375 986 3407 Nihilominus
1002 3382 1110 3406 tamen
1126 3376 1295 3416 prophetia
1312 3386 1400 3406 com-

339 3417 522 3448 minationis
545 3427 671 3458 semper
694 3425 851 3459 quantum
881 3421 920 3451 ad
944 3421 1085 3461 aliquem
1115 3420 1313 3451 intellectum
1341 3421 1400 3451 'un-

2442 122 2517 159 249

1462 197 1573 218 eversa
1597 194 1644 218 est
1666 189 1784 219 Ninive
1807 199 1890 229 quae
1908 192 1994 221 mala
2014 197 2093 227 erat,
2111 197 2142 222 et
2163 192 2247 222 bona
2271 191 2439 232 aedificata
2463 195 2518 225 est,

1461 242 1544 272 quae
1567 242 1632 262 non
1657 238 1750 262 erat:
1772 235 1929 264 stantibus
1953 236 2036 265 enim
2060 236 2224 267 moenibus
2247 242 2342 276 atque
2364 235 2518 268 domibus,

1461 286 1572 307 eversa
1597 282 1644 307 est
1666 277 1779 307 civitas
1803 278 1835 307 in
1853 279 1991 318 perditis
2014 281 2164 310 moribus.

1516 322 1567 351 An
1592 331 1740 351 omnum
1763 331 1922 351 mensuum
1947 324 2035 363 quod
2058 324 2137 354 illud
2160 325 2293 354 verbum
2317 324 2432 354 Psalmi
2449 333 2519 363 per-

1428 376 1437 396 5
1460 366 1540 395 tinet
1571 365 1610 396 ad
1643 375 1721 396 vasa
1745 366 1987 397 misericordiae
2003 369 2029 403 *‚
2055 378 2136 408 quae
2167 379 2200 399 se
2228 369 2376 408 indignos
2399 368 2520 398 miseri·
2547 372 2760 400 ·AuRom.cap.1x,

1421 600 1446 614 10

1421 820 1443 840 ¹5

1418 1042 1444 1056 20

1418 1263 1441 1283 ²5

1420 1484 1445 1504 30

1419 1705 1441 1725 35

1417 1925 1443 1945 4⁰

1416 2150 1440 2170 45

1417 2374 1442 2395 ςο

1416 2595 1439 2616 55

1414 2810 1442 2830 60

1414 3030 1438 3056 65

1414 3256 1441 3277 70

1461 409 1568 439 cordia
1591 419 1659 440 non
1683 409 1847 440 fecerunt:
1873 411 1948 450 quia
1971 412 2003 441 in
2026 412 2084 442 hac
2108 414 2181 448 vita,
2199 423 2280 452 quae
2298 412 2454 453 quaedam
2475 413 2520 442 ira

1460 453 1521 484 Dei
1545 460 1591 483 est
1613 459 1744 494 propter
1767 455 1849 485 vitae
1872 455 2030 491 miserias,
2055 466 2128 486 vasa
2158 457 2391 487 misericordiae
2419 461 2521 486 mutat

1460 498 1492 527 in
1516 498 1641 528 melius.
1666 498 1760 529 Unde
1776 499 1920 539 sequitur
1942 499 1974 529 in
1998 500 2169 530 Psalmo&
2194 501 2287 531 Haec
2309 501 2444 531 mutatio
2468 501 2520 530 de-

1459 547 1573 572 xterae
1595 542 1727 573 Excelsi
1742 544 1768 572 *.

1515 587 1574 616 Vel
1603 586 1775 617 dicendum
1807 588 1897 627 quod
1930 589 1993 618 hoc
2022 588 2206 628 intelligitur
2237 588 2275 619 de
2306 589 2520 619 misericordia

1460 630 1580 670 aliquid
1604 631 1772 667 relaxante,
1797 641 1863 662 non
1888 632 1927 662 de
1950 633 2166 662 misericordia
2193 633 2330 663 totaliter
2359 634 2520 669 liberante,

1460 674 1485 703 si
1510 674 1697 705 extendatur
1721 676 1816 706 etiam
1840 676 1879 706 ad
1903 676 2080 707 damnatos.
2105 676 2198 707 Unde
2214 686 2282 706 non
2298 677 2383 712 dicit,
2411 678 2520 707 Conti-

1461 719 1546 749 nebit
1567 719 1607 749 ab
1631 719 1682 749 ira
1706 721 1947 751 misericordias
1969 730 2055 757 suas,
2080 721 2145 757 sed,
2170 721 2202 751 in
2227 722 2278 751 ira
2295 722 2326 751 *z
2352 722 2427 761 quia
2454 731 2521 751 non

1459 763 1598 794 totaliter
1621 773 1726 803 poena
1749 765 1889 801 tolletur,
1914 765 1983 801 sed,
2008 766 2075 805 ipsa
2098 775 2205 805 poena
2229 766 2377 802 durante,
2402 766 2522 795 miseri—

1460 808 1568 838 cordia
1593 809 1776 847 operabitur
1800 819 1870 840 eam
1894 809 2114 840 diminuendo.

1514 853 1565 882 An
1591 862 1730 882 omNrUM
1754 863 1912 883 meam->tm
1943 854 2032 894 quod
2064 854 2177 884 Glossa
2207 854 2259 884 illa
2288 864 2354 884 non
2379 854 2522 894 loquitur

1459 897 1653 936 simpliciter,
1679 897 1734 927 sed
1757 899 1815 928 sub
1840 899 2010 938 hypothesi
2033 899 2247 938 impossibilis,
2269 899 2309 929 ad
2333 908 2521 938 exaggeran-

1458 939 1536 971 dum
1560 942 1682 981 peccati
1706 942 1961 982 magnitudinem
1983 944 2082 983 ipsius
2111 943 2244 978 diaboli,
2269 943 2319 973 vel
2349 943 2520 973 Nabucho-

1458 984 1610 1015 donosor.

1568 1051 1667 1082 ART.
1686 1052 1738 1082 IV.
1763 1062 1867 1082 urium
1892 1063 2010 1082 SALTEM
2035 1063 2284 1083 cnmsrmnoaum
2307 1063 2409 1084 poam

1642 1106 1699 1126 pan
1722 1106 1852 1126 mvmam
1877 1107 2119 1127 msemconnmm
2143 1108 2338 1128 mamma-run

1460 1172 1543 1234 Ab
1567 1172 1715 1192 QUARTUM
1735 1172 1781 1192 sic
1801 1172 2006 1193 euoenon-tm.
2025 1163 2158 1193 Videtur
2178 1163 2267 1203 quod
2291 1164 2402 1194 saltem
2426 1163 2519 1194 Chri-

1523 1207 1701 1236 stianorum
1724 1216 1831 1246 poena
1854 1217 1910 1246 per
1934 1207 2073 1237 divinam
2097 1207 2347 1238 misericordiam
2370 1209 2519 1238 termine-

1457 1255 1518 1280 tur.
1544 1250 1630 1288 Quia
1646 1251 1743 1281 Marc.
1761 1251 1817 1281 ult.
1835 1251 1851 1267 ⁴*
1868 1251 1999 1281 dicitur:
2027 1251 2092 1287 Qui
2107 1252 2280 1282 crediderit
2294 1258 2325 1282 et
2343 1253 2521 1293 baptizatus

1449 1295 1568 1335 fuerit,
1593 1295 1702 1325 salvus
1726 1295 1796 1325 erit.
1829 1294 1891 1325 Sed
1922 1296 1983 1325 hoc
2008 1301 2054 1325 est
2077 1297 2224 1326 omnium
2256 1296 2519 1327 Christianorum.

1458 1339 1544 1378 Ergo
1570 1349 1683 1369 omnes
1707 1339 1877 1369 Christiani
1901 1339 2036 1369 finaliter
2059 1340 2272 1371 salvabuntur.

1515 1393 1544 1413 2.
1569 1384 1766 1419 PRAETEREA,
1791 1384 1878 1414 Ioan.
1895 1393 1926 1414 vi
1942 1385 1959 1400 4‘
1983 1384 2112 1414 dicitur:
2140 1384 2205 1420 Qui
2227 1385 2403 1416 manducat
2417 1395 2519 1415 meam

1459 1436 1589 1458 carnem
1613 1433 1644 1458 et
1666 1428 1743 1458 bibit
1764 1437 1868 1458 meum
1892 1428 2094 1469 sanguinem,
2111 1429 2204 1459 habet
2227 1430 2323 1459 vitam
2344 1434 2518 1460 aeternam.

1459 1471 1521 1502 Sed
1537 1472 1600 1502 hoc
1617 1477 1664 1502 est
1680 1473 1861 1502 communis
1886 1473 1975 1502 cibus
1991 1478 2022 1502 et
2037 1479 2133 1512 potus
2153 1473 2416 1504 Christianorum.
2434 1474 2519 1514 Ergo

1459 1525 1572 1546 omnes
1596 1516 1766 1546 Christiani
1790 1515 1924 1546 finaliter
1948 1517 2161 1547 salvabuntur.

1515 1560 1544 1590 3.
1570 1561 1765 1595 PRAETEREA,
1791 1561 1802 1590 I
1829 1561 1905 1590 Cor.
1930 1571 1963 1590 m
1979 1562 2014 1591 *z
2039 1561 2075 1591 Si
2098 1562 2190 1592 cuius
2214 1571 2293 1602 opus
2316 1563 2443 1597 arserit,
2468 1562 2519 1592 de—

1459 1605 1642 1634 trimentum
1667 1606 1830 1645 patietur,
1856 1605 1922 1645 ipse
1953 1610 2059 1635 autem
2087 1606 2196 1636 salvus
2229 1606 2304 1642 erit,
2334 1607 2381 1637 sic
2415 1611 2518 1637 tamen

1458 1649 1551 1689 quasi
1568 1659 1631 1689 per
1654 1650 1785 1690 ignem:
1809 1654 1839 1679 et
1862 1649 2006 1689 loquitur
2030 1649 2069 1679 de
2093 1650 2153 1680 illis
2176 1651 2208 1680 in
2234 1651 2349 1690 quibus
2373 1650 2432 1681 fuit
2448 1650 2520 1681 fun-

1459 1691 1646 1723 damentum
1670 1693 1745 1724 fidei
1770 1693 1966 1724 Christianae
1982 1695 2008 1723 ὓ.
2040 1694 2125 1733 Ergo
2150 1704 2263 1725 omnes
2286 1695 2363 1725 tales
2386 1694 2521 1725 finaliter

1458 1737 1673 1767 salvabuntur.

1513 1781 1576 1812 San
1602 1791 1724 1811 CONTRA
1748 1791 1802 1811 sssT
1833 1781 1921 1821 quod
1954 1781 2068 1812 dicitur
2092 1782 2103 1812 I
2130 1782 2206 1812 Cor.
2223 1792 2255 1812 vr
2271 1783 2305 1812 *1
2331 1783 2440 1824 Iniqui
2471 1793 2520 1813 re-
2548 1791 2558 1801 ·

1456 1835 1558 1867 gnum
1582 1826 1645 1856 Dei
1669 1835 1734 1856 non
1753 1826 1973 1866 possidebunt.
1999 1826 2061 1856 Sed
2085 1826 2215 1866 quidam
2245 1826 2415 1858 Christiani
2448 1834 2521 1858 sunt

1457 1871 1570 1909 iniqui.
1602 1870 1688 1910 Ergo
1718 1880 1786 1900 non
1817 1880 1930 1900 omnes
1961 1869 2130 1900 Christiani
2164 1871 2203 1901 ad
2234 1871 2382 1911 Regnum
2409 1881 2520 1912 perve-

1456 1915 1555 1944 nient.
1581 1915 1622 1944 Et
1644 1915 1687 1944 ita
1709 1920 1868 1955 perpetuo
1892 1915 2075 1954 punientur.

1526 1968 1554 1988 2.
1579 1959 1775 1995 PRAETERRA,
1793 1959 1818 1988 11
1835 1959 1901 1989 Pet.
1919 1968 1941 1988 11
1957 1959 1973 1974 ⁴*
1990 1958 2119 1989 dicitur:
2145 1959 2265 1990 Melius
2288 1965 2360 1990 erat
2374 1961 2419 1991 eis
2435 1961 2519 1991 viam
2547 1971 2557 1981 ·

1457 2003 1601 2033 veritatis
1624 2013 1688 2033 non
1713 2012 1911 2044 cognoscere
1929 2012 2025 2043 quam
2042 2008 2121 2043 post
2142 2004 2288 2045 agnitam
2312 2010 2400 2035 retro
2418 2005 2465 2035 ire
2480 2005 2519 2035 ab

1457 2057 1494 2077 eo
1518 2047 1604 2087 quod
1628 2048 1781 2078 traditum
1806 2052 1853 2078 est
1875 2048 1940 2078 illis
1962 2053 2074 2078 sancto
2098 2049 2262 2078 mandato.
2294 2048 2357 2079 Sed
2386 2049 2431 2079 illi
2464 2051 2519 2089 qui

1456 2092 1542 2121 viam
1574 2092 1712 2122 veritatis
1744 2102 1812 2122 non
1844 2098 2082 2132 cognoverunt,
2107 2093 2305 2123 aeternaliter
2333 2094 2518 2134 punientur.

1456 2136 1542 2176 Ergo
1567 2142 1599 2166 et
1622 2135 1793 2167 Christiani
1816 2137 1872 2176 qui
1896 2137 1934 2166 ab
1959 2137 2063 2176 agnita
2083 2142 2341 2168 retrocesserunt.

1511 2181 1701 2211 stponnsso
1734 2191 1893 2211 monimum
1921 2180 2010 2221 quod
2041 2180 2171 2221 quidam
2203 2181 2351 2218 fuerunt,
2376 2187 2412 2212 ut
2443 2182 2519 2213 dicit

1456 2224 1666 2264 Augustinus,
1691 2225 1723 2255 in
1747 2225 1910 2265 praedicto
1935 2226 2016 2255 libro
2033 2226 2059 2262 *‚
2085 2227 2141 2265 qui
2163 2235 2230 2256 non
2248 2227 2398 2256 omnibus
2413 2227 2518 2257 homi-

1456 2269 1550 2299 nibus
1574 2270 1790 2309 promiserunt
1805 2269 2040 2300 absolutionem
2057 2279 2075 2300 a
2089 2279 2195 2310 poena
2212 2276 2347 2307 aeterna,
2368 2271 2423 2301 sed
2443 2271 2518 2301 solis

1457 2312 1653 2344 Christianis.
1678 2314 1719 2344 Et
1741 2314 1774 2344 in
1790 2314 1853 2344 hoc
1876 2319 2024 2354 respectu
2040 2313 2240 2345 diversificati
2262 2320 2347 2346 sunt.
2377 2315 2517 2353 Quidam

1456 2358 1543 2388 enim
1568 2357 1714 2388 dixerunt
1737 2358 1826 2398 quod
1857 2359 2055 2398 quicumque
2078 2365 2274 2389 sacramenta
2303 2359 2378 2390 fidei
2407 2369 2517 2399 perce-

1455 2408 1588 2442 perunt,
1613 2403 1651 2432 ab
1683 2408 1810 2433 aeterna
1841 2412 1948 2443 poena
1976 2409 2069 2434 erunt
2091 2404 2251 2434 immunes
2267 2405 2293 2434 ’ἱ
2317 2422 2339 2426 -
2363 2404 2425 2434 Sed
2453 2405 2517 2435 hoc

1456 2452 1503 2476 est
1526 2447 1722 2477 contrarium
1745 2448 1883 2478 veritati:
1909 2448 1984 2487 quia
2008 2447 2139 2487 quidam
2161 2454 2357 2479 sacramenta
2380 2448 2455 2479 fidei
2469 2458 2517 2479 re-

1456 2491 1580 2531 cipiunt
1603 2496 1634 2521 et
1657 2490 1754 2522 fidem
1778 2501 1846 2522 non
1866 2492 1993 2528 habent,
2009 2492 2079 2522 sine
2093 2502 2157 2533 qua
2174 2493 2366 2533 impossibile
2384 2499 2431 2524 est
2443 2494 2519 2533 pla-

1456 2545 1528 2566 cere
1550 2536 1632 2571 Deo,
1656 2536 1739 2566 Heb.
1756 2547 1787 2566 XI
1803 2538 1830 2566 *.

1510 2580 1551 2610 Et
1573 2579 1647 2623 ideo
1672 2581 1723 2611 alii
1747 2580 1894 2611 dixerunt
1918 2580 2007 2620 quod
2023 2581 2127 2611 solum
2144 2581 2187 2611 illi
2204 2583 2243 2611 ab
2266 2587 2392 2612 aeterna
2412 2591 2518 2622 poena

1456 2630 1549 2654 erunt
1578 2625 1738 2655 immunes
1769 2626 1825 2665 qui
1857 2630 2051 2655 sacramenta
2081 2625 2156 2656 fidei
2186 2631 2260 2656 sunt
2288 2626 2452 2656 consecuti
2488 2632 2519 2656 et

1455 2667 1553 2698 fidem
1578 2668 1778 2699 Catholicam
1801 2675 1973 2699 tenuerunt
1989 2670 2014 2699 ἦ
2038 2687 2060 2691 —
2084 2669 2147 2700 Sed
2170 2676 2280 2700 contra
2304 2670 2366 2700 hoc
2389 2679 2457 2700 esse
2472 2671 2518 2699 vi-

1456 2712 1548 2743 detur
1571 2713 1660 2752 quod
1683 2713 1855 2753 aliquando
1879 2713 1978 2752 aliqui
2002 2712 2202 2744 Catholicam
2226 2713 2323 2744 fidem
2350 2719 2460 2744 tenent
2487 2719 2518 2744 et

1455 2763 1568 2797 postea
1591 2758 1796 2797 resipiscunt:
1821 2758 1877 2797 qui
1900 2766 1967 2787 non
1990 2758 2107 2787 minori
2130 2767 2237 2797 poena
2252 2764 2326 2788 sunt
2347 2758 2443 2798 digni,
2463 2757 2518 2788 sed

1455 2802 1579 2836 maiori,
1606 2802 1690 2841 quia,
1715 2802 1741 2831 ΙΙ
1764 2802 1830 2831 Pet.
1854 2812 1876 2831 11
1893 2802 1918 2837 '‘,
1944 2801 2058 2832 melius
2087 2807 2159 2832 erat
2190 2802 2235 2832 eis
2265 2802 2349 2832 viam
2373 2802 2517 2833 veritatis

1457 2855 1521 2876 non
1546 2855 1744 2886 cognoscere
1766 2855 1861 2886 quam
1883 2850 1961 2886 post
1987 2846 2134 2886 agnitam
2165 2847 2312 2876 retroire.
2336 2865 2358 2868 —
2381 2847 2517 2877 Planum

1457 2895 1503 2920 est
1527 2891 1622 2920 etiam
1646 2890 1718 2929 plus
1741 2899 1873 2929 peccare
1897 2890 2137 2926 haeresiarchas,
2164 2891 2229 2930 qui,
2254 2890 2293 2920 de
2316 2889 2380 2920 fide
2397 2890 2517 2921 Catho-

1455 2934 1515 2964 lica
1539 2934 1732 2969 recedentes,
1755 2944 1854 2964 novas
1878 2934 2021 2964 haereses
2045 2933 2179 2974 fingunt,
2197 2944 2294 2974 quam
2318 2934 2389 2964 illos
2420 2935 2476 2974 qui
2499 2945 2517 2965 a

1455 2978 1614 3017 principio
1639 2978 1778 3017 aliquam
1802 2978 1957 3008 haeresim
1981 2984 2055 3008 sunt
2077 2979 2187 3009 secuti.

1511 3022 1552 3052 Et
1574 3021 1648 3052 ideo
1677 3022 1729 3052 alii
1762 3021 1908 3052 dixerunt
1936 3022 2025 3061 quod
2055 3023 2100 3052 illi
2131 3023 2191 3053 soli
2222 3029 2296 3053 sunt
2322 3023 2360 3053 ab
2389 3028 2515 3053 aeterna

1455 3076 1561 3106 poena
1584 3066 1744 3096 immunes
1775 3066 1831 3105 qui
1862 3067 1895 3096 in
1926 3065 1990 3096 fide
2021 3066 2186 3097 Catholica
2213 3066 2347 3097 finaliter
2369 3076 2515 3107 perseve-

1454 3116 1534 3146 rant,
1552 3116 1851 3150 quantumcumque
1870 3110 1937 3140 aliis
1958 3111 2142 3141 criminibus
2157 3111 2359 3142 involvantur
2369 3112 2395 3141 ἦ
2412 3130 2434 3133 -
2453 3111 2515 3142 Sed

1454 3155 1518 3185 hoc
1541 3153 1709 3184 manifeste
1733 3155 1940 3184 contrariatur
1964 3154 2153 3194 Scripturae.
2186 3155 2271 3192 Quia
2287 3155 2347 3185 Iac.
2364 3165 2387 3185 11
2402 3156 2418 3172 ³*
2438 3155 2515 3185 dici-

1454 3204 1522 3229 tur:
1547 3198 1642 3229 Fides
1665 3199 1734 3229 sine
1758 3199 1906 3238 operibus
1921 3204 2049 3229 mortua
2066 3204 2113 3230 est
2120 3207 2133 3236 ;
2156 3205 2187 3230 et
2202 3199 2313 3230 Matth.
2330 3209 2373 3229 vn
2388 3200 2421 3229 ἐ
2438 3199 2514 3229 Νοη

1455 3243 1560 3273 omnis
1575 3243 1630 3283 qui
1646 3242 1723 3273 dicit
1737 3243 1823 3278 mihi,
1840 3243 1988 3278 Domine,
2005 3243 2155 3279 Domine,
2173 3243 2306 3274 intrabit
2328 3244 2360 3273 in
2377 3253 2514 3284 regnum

1455 3287 1620 3318 caelorum
1626 3294 1639 3323 ‚·
1662 3292 1693 3317 et
1715 3287 1748 3317 in
1771 3287 1880 3317 multis
1911 3287 1977 3317 aliis
2007 3287 2086 3318 locis
2116 3287 2276 3328 Scriptura
2308 3288 2514 3328 peccantibus

1455 3336 1597 3362 aeternas
1620 3341 1741 3371 poenas
1765 3331 1988 3362 comminatur.

1510 3375 1604 3406 Unde
1626 3385 1693 3406 non
1718 3385 1831 3406 omnes
1854 3375 1989 3406 finaliter
2011 3376 2044 3406 in
2067 3375 2131 3406 fide
2154 3377 2354 3416 persistentes
2370 3386 2387 3406 a
2407 3385 2513 3416 poena

1455 3425 1582 3450 aeterna
1606 3425 1698 3450 erunt
1721 3420 1890 3456 immunes,
1914 3421 1974 3451 nisi
1998 3426 2029 3450 et
2052 3421 2090 3450 ab
2114 3420 2181 3450 aliis
2210 3420 2393 3451 criminibus
2425 3421 2512 3450 inve-

331 3461 454 3501 ·pletur.
485 3461 586 3500 Quia,
610 3467 646 3492 ut
669 3462 746 3493 dicit
776 3463 995 3504 Augustinus,
1019 3466 1053 3495 in
1081 3464 1244 3505 praedicto
1275 3465 1356 3495 libro
1373 3466 1399 3501 *‚
1415 3477 1438 3498 75
1454 3465 1582 3495 niantur
1605 3463 1738 3494 finaliter
1761 3464 1907 3494 absoluti.

479 3524 589 3547 Sunium:
608 3523 710 3549 Tutor..
729 3525 760 3549 D.
774 3525 889 3549 'snorum
909 3526 940 3551 T.
954 3526 996 3551 ix.

2318 3525 2366 3550 32*

2547 404 2606 420 vers,
2621 405 2655 428 23.

2548 506 2557 515 ·
2571 504 2639 526 Vers.
2656 512 2687 527 ιι.

2548 549 2557 558 ·
2572 548 2607 569 Εἰ,
2627 549 2688 578 Aug.
2712 548 2756 569 loc.

2549 580 2614 601 prox.
2631 578 2684 601 cm,
2700 580 2723 596 n.
2737 581 2758 602 3.

2549 728 2558 737 ·
2574 727 2640 749 Vers.
2656 734 2689 749 ιο.

2547 1257 2558 1266 ·
2572 1255 2639 1278 Ven-
2655 1262 2663 1277 ι
2668 1255 2689 1277 6.

2547 1390 2557 1400 ·
2571 1388 2638 1410 Vers.
2653 1395 2685 1416 55.

2550 1571 2559 1581 ·
2572 1569 2639 1591 Vers.
2656 1575 2686 1597 15.

2548 1698 2558 1708 ·
2573 1696 2639 1718 Vers.
2656 1704 2687 1724 u,
2705 1703 2736 1719 22.

2574 1789 2639 1812 Vers.
2655 1796 2677 1818 9.

2572 1969 2638 1991 Vers.
2653 1976 2686 1992 22.

2546 2236 2556 2246 ·
2574 2236 2611 2257 De
2633 2235 2682 2257 civ.
2704 2236 2756 2262 Dei,

2544 2261 2584 2284 lib.
2598 2261 2659 2284 xxi.

2545 2416 2555 2426 ·
2569 2415 2626 2443 Cap.
2641 2421 2688 2436 xix.

2545 2557 2555 2566 ·
2569 2554 2636 2576 Vers.
2651 2554 2672 2576 6.

2545 2683 2555 2693 ‘
2570 2682 2627 2709 Cap.
2643 2687 2681 2703 xx.

2543 2814 2554 2824 '¹
2568 2812 2603 2834 Cf.
2624 2818 2672 2840 arg.
2695 2812 2744 2834 Sed

2543 2841 2626 2861 contra
2640 2845 2661 2861 2.

2542 3118 2551 3127 ·
2566 3116 2623 3144 cap.
2638 3122 2687 3137 xxi.

2540 3156 2551 3167 ·
2565 3155 2632 3177 Vers.
2648 3161 2684 3182 πο,
2700 3155 2735 3177 26.

2540 3201 2551 3210 ·
2564 3199 2632 3221 Vers.
2648 3205 2682 3221 21.
