2878 4088
164 328 173 337 ·
188 325 223 347 Cf.
235 325 295 346 Part.
307 325 324 351 1,
335 330 374 352 qu.

163 357 225 375 xcix.
240 355 281 373 art.
299 358 316 373 ι.

163 907 172 916 ·
183 906 276 927 Halens.
287 905 372 926 Summ.

166 931 243 953 Theol.
261 936 318 959 part.
334 931 373 958 111,

162 965 201 986 qu.
216 964 282 984 xxm,
298 965 329 980 m.
345 964 364 979 2.

162 987 171 996 ·
180 985 226 1012 Qu.
235 991 320 1011 uun,
331 988 372 1006 art.

162 1019 196 1060 :a
211 1018 249 1060 ‘¹.¹²:
260 1017 373 1059 11²¹.÷‘.“„'}¹.‘

162 1054 280 1090 diskx'vn,
307 1053 372 1089 ustis:

161 1095 203 1112 art.
218 1098 235 1113 ι.
248 1102 257 1106 -
269 1091 287 1113 C
298 1107 303 1112 .
313 1091 372 1112 Part.

161 1117 200 1144 111,
213 1123 252 1144 qu.
263 1123 318 1143 nvn,
330 1121 372 1138 art.

161 1150 180 1171 3.

167 2506 176 2515 ·
184 2503 276 2532 Physic.
286 2503 372 2530 1ib.111‚

161 2536 346 2579 ἓῗὲῇὴῖἰὶοῗῑιῑῖῑ
362 2541 372 2546 ·

161 2729 171 2738 ·
189 2726 223 2748 De
243 2726 263 2747 S
277 2726 334 2747 n'rItu
351 2727 374 2747 et

161 2753 246 2775 Anima
262 2756 320 2774 inter
327 2752 372 2780 Op.

162 2781 199 2828 1³3
210 2779 371 2828 :issaar

162 2832 375 2859 XI11.cap.vu:Ma-

162 2860 225 2881 nual.
234 2860 302 2885 (Inter
309 2859 372 2886 Op.).

162 2892 187 2907 ca
206 2902 211 2908 .
227 2892 307 2907 xxxin.

163 2914 172 2923 ·
234 2928 239 2934 .
251 2919 292 2937 xn.
301 2918 323 2935 n.
331 2919 350 2940 5.
362 2924 371 2928 -

163 2940 185 2960 S.
194 2939 215 2961 Τ
234 2955 238 2961 .
250 2939 300 2961 lect.
310 2945 371 2960 xvm.

164 3081 173 3091 ·
185 3079 221 3101 ef.
241 3085 278 3107 qu.
293 3085 371 3106 Lxxxx,

162 3109 205 3127 art.
218 3113 245 3133 4;
261 3105 319 3127 infra
335 3113 372 3134 qu.

163 3138 215 3180 {ge
223 3136 373 3187 ῧῗνῖαἳῇεὺζυ

164 3192 214 3213 cap.
230 3192 269 3207 ιιι.

164 3435 174 3444 ·
191 3432 254 3454 Vera.
271 3432 306 3454 26.

164 3458 375 3481 ··1mer1.e11.omb.

163 3484 375 3513 super-Ephemap.

164 3519 194 3538 ιν,
206 3518 264 3534 vers.
280 3512 301 3534 8.

411 202 481 249 196

402 281 440 310 sit
463 279 552 320 quod
575 281 696 310 resistat
718 280 875 310 voluntati
899 280 1035 320 spiritus,
1053 279 1128 319 quia
1151 279 1214 309 hoc
1238 278 1298 308 fuit
1322 278 1417 307 etiam
1433 277 1466 306 in

402 333 537 364 corpore
564 324 654 355 Adae
669 325 701 360 *3
726 324 782 354 sed
809 324 904 354 etiam
932 329 967 354 ut
995 324 1034 353 sit
1061 324 1094 353 in
1118 332 1158 353 eo
1182 323 1288 362 aliqua
1311 321 1465 362 perfectio

402 368 534 398 effluens
558 370 596 399 ab
620 369 726 399 anima
753 367 928 409 glorificata
951 368 983 398 in
1008 377 1135 407 corpus,
1159 376 1217 407 per
1241 375 1338 406 quam
1362 365 1466 395 habile

401 412 542 443 redditur
568 412 608 443 ad
635 413 828 453 praedictam
856 413 1103 448 subiectionem,
1129 420 1212 451 quae
1241 410 1371 450 quidem
1395 418 1466 449 per-

402 456 498 487 fectio
521 457 580 488 dos
603 457 770 498 glorificati
793 457 936 497 corporis
959 456 1083 487 dicitur.
1116 455 1233 485 Anima
1257 460 1364 484 autem
1387 462 1465 484 con-

400 503 542 542 iungitur
565 503 692 542 corpori
715 511 784 532 non
806 502 913 532 solum
929 506 964 531 ut
980 500 1092 535 forma,
1110 499 1165 529 sed
1185 499 1280 529 etiam
1296 504 1332 528 ut
1347 503 1465 528 motor.

402 547 548 587 Utroque
564 553 671 577 autem
686 546 787 577 modo
804 551 932 586 oportet
952 544 1040 584 quod
1064 553 1182 583 corpus
1205 542 1382 582 gloriosum
1399 542 1466 572 ani-

402 601 472 621 mae
487 591 681 632 glorificatae
697 592 737 621 sit
752 600 878 621 summe
897 589 1086 619 subiectum.
1113 587 1216 622 Unde,
1234 587 1315 617 sicut
1334 596 1391 626 per
1407 586 1465 616 do-

401 642 466 666 tem
482 636 661 666 subtilitatis
683 636 848 666 subiicitur
864 634 892 664 ei
916 633 1054 662 totaliter
1077 632 1269 671 inquantum
1292 636 1340 661 est
1362 630 1466 660 forma

402 682 545 721 emporis
578 680 656 716 dans
689 690 756 710 esse
789 677 989 719 specificum,
1013 676 1056 706 ita
1088 685 1145 715 per
1178 675 1287 705 dotem
1321 675 1465 715 agilitatis

401 726 565 756 subiicitur
589 725 617 755 ei
641 725 832 764 inquantum
861 727 907 751 est
935 726 1060 750 motor:
1094 726 1129 750 ut
1157 720 1276 750 scilicet
1303 720 1343 750 sit
1371 729 1466 760 expe-

402 770 504 800 ditum
527 775 558 800 et
581 769 684 799 habile
708 768 747 798 ad
771 764 987 797 obediendum
1016 765 1140 805 spiritui
1163 765 1196 795 in
1220 764 1372 795 omnibus
1394 773 1466 794 mo-

401 815 484 845 tibus
508 820 539 844 et
562 813 739 844 actionibus
764 812 897 841 animae.

455 858 596 897 Quidam
611 863 718 887 tamen
736 864 863 886 causam
879 854 968 884 istius
984 853 1129 893 agilitatis
1145 854 1320 883 attribuunt
1337 853 1466 893 quintae

1059 199 1324 247 QUAESTIO
1353 198 1560 245 LXXXIV,
1582 197 1876 235 ARTICULUS
1905 199 1935 235 II

1520 277 1752 316 pertinentibus
1776 276 1816 307 ad
1839 277 1983 317 gloriam.
2015 276 2102 308 Cum
2125 287 2201 318 ergo
2225 284 2299 318 post
2321 281 2588 311 resurrectionem

1520 320 1621 360 gloria
1644 327 1829 352 sanctorum
1851 331 2021 362 nunquam
2043 322 2180 352 varietur
2201 332 2309 363 neque
2332 324 2366 354 in
2384 324 2457 364 plus
2479 334 2587 365 neque

1520 365 1554 394 in
1577 365 1701 402 minus,
1726 366 1801 406 quia
1831 371 1909 396 tunc
1941 371 2033 396 erunt
2061 366 2197 397 omnino
2221 367 2254 397 in
2278 369 2434 405 termino;
2462 368 2588 400 videtur

1522 409 1612 449 quod
1636 419 1772 450 corpora
1798 419 1913 441 eorum
1939 419 2109 450 nunquam
2131 410 2171 441 de
2194 410 2269 441 loco
2293 411 2353 442 sibi
2377 412 2586 444 determinato

1488 459 1498 480 ⁵
1520 453 1680 484 recedent.
1706 454 1747 485 Et
1769 455 1812 484 ita
1834 464 1902 485 non
1926 455 2153 485 movebuntur.

1576 497 1638 529 San
1663 508 1787 529 com-ml
1813 509 1867 529 asr
1894 498 1984 539 quod
2012 498 2128 529 dicitur
2156 499 2252 530 Isaiae
2275 509 2314 530 xr.
2330 501 2365 530 ἐ
2392 501 2537 531 Cur-rent
2557 506 2590 532 et

1521 551 1586 572 non
1611 543 1814 578 laborabunt,
1838 543 1995 574 volabunt
2016 548 2047 574 et
2070 553 2135 573 non
2159 543 2328 585 deficient;
2350 550 2382 575 et
2405 544 2480 585 Sap.
2504 555 2539 575 m
2553 546 2586 576 ⁴¹¹:

1524 587 1691 628 Tanquam
1721 588 1881 618 scintillae
1905 588 1937 618 in
1961 587 2156 618 arundineto
2187 587 2380 619 discurrent.
2414 589 2500 629 Ergo
2530 589 2589 620 erit

1520 631 1635 671 aliquis
1658 637 1766 663 motus
1789 641 1965 673 corporum
1987 631 2214 672 gloriosorum.

1575 676 1765 707 Rnsponnzo
1789 686 1949 707 nrcaumm
1973 676 2063 717 quod
2086 686 2222 716 corpora
2248 676 2387 717 gloriosa
2414 677 2588 717 aliquando

1519 721 1644 751 moveri
1675 721 1889 752 necessarium
1922 726 1969 751 est
2001 730 2141 761 ponere:
2176 721 2251 761 quia
2278 726 2310 751 et
2330 722 2438 761 ipsum
2471 731 2588 762 corpus

1521 763 1639 795 Christi
1670 771 1798 796 motum
1831 771 1878 796 est
1910 766 1944 795 in
1977 766 2183 802 ascensione3
2217 771 2248 795 et
2277 765 2420 796 similiter
2452 775 2589 806 corpora

1520 815 1715 846 sanctorum,
1733 820 1815 850 quae
1839 810 1879 840 de
1899 815 1981 840 terra
2003 815 2177 850 resurgent,
2194 809 2234 840 ad
2250 810 2375 840 caelum
2398 819 2589 852 empyreum

1521 854 1702 885 ascendent.
1728 854 1791 885 Sed
1814 855 1910 885 etiam
1933 859 2106 894 postquam
2130 854 2236 885 caelos
2259 854 2515 891 conscenderint,
2533 864 2589 885 ve-

402 904 563 938 essentiae,
581 911 663 941 quae
679 906 756 931 tunc
772 900 804 930 in
821 898 1009 938 corporibus
1025 898 1172 937 gloriosis
1188 897 1405 928 dominabitur
1415 898 1467 927 *.-
1482 906 1504 926 ¹5
1520 898 1650 929 risimile
1666 904 1713 929 est
1728 899 1819 939 quod
1842 898 2014 939 aliquando
2038 904 2229 929 moveantur
2247 908 2307 939 pro
2326 908 2402 929 suae
2423 899 2515 930 libito
2531 909 2589 930 vo-

401 947 463 978 Sed
491 947 530 977 de
554 947 616 976 hoc
649 944 831 985 frequenter
863 943 985 973 dictum
1018 942 1096 972 est*
1120 941 1210 982 quod
1242 951 1309 972 non
1341 941 1466 972 videtur

401 991 604 1022 conveniens.
630 989 723 1020 Unde
746 988 860 1018 melius
884 992 931 1017 est
953 992 989 1016 ut
1005 987 1193 1016 attribuatur
1216 987 1351 1022 animae,
1369 995 1386 1015 a
1402 995 1466 1026 qua

399 1036 499 1076 gloria
523 1036 556 1064 in
580 1043 697 1073 corpus
721 1038 856 1063 emanat.

454 1080 504 1110 An
531 1088 648 1108 paruum
678 1087 761 1107 aneo
792 1085 952 1106 monimum
980 1074 1070 1115 quod
1100 1083 1236 1114 corpora
1258 1074 1396 1114 gloriosa
1420 1072 1465 1103 di·

400 1130 515 1154 cuntur
537 1122 610 1153 ferri
629 1122 741 1152 baiulis
765 1121 894 1161 angelis,
913 1126 943 1150 et
960 1120 1055 1150 etiam
1070 1120 1104 1149 in
1119 1119 1270 1154 nubibus,
1287 1127 1356 1148 non
1375 1117 1466 1158 quasi

400 1169 443 1199 eis
467 1167 645 1208 indigeant:
671 1166 727 1197 sed
750 1165 790 1196 ad
812 1165 1022 1196 reverentiam
1046 1163 1274 1204 designandam
1294 1171 1376 1203 quae
1396 1170 1466 1192 cor-

399 1213 530 1253 poribus
560 1211 707 1252 gloriosis
738 1216 769 1241 et
799 1210 837 1240 ab
868 1209 986 1250 angelis
1018 1214 1048 1239 et
1072 1209 1110 1238 ab
1135 1208 1285 1239 omnibus
1315 1206 1466 1237 creaturis

400 1256 566 1288 deferetur.

454 1302 504 1331 An
536 1309 698 1331 sacmmuu
728 1309 887 1330 meatuum
920 1297 1027 1339 quod,
1059 1302 1181 1338 quanto
1211 1297 1310 1327 virtus
1340 1295 1466 1326 animae

399 1346 558 1376 moventis
581 1345 764 1375 dominatur
785 1344 886 1384 magis
909 1353 1004 1384 supra
1028 1351 1156 1383 corpus,
1174 1346 1265 1372 tanto
1289 1341 1396 1371 minor
1419 1344 1466 1370 est

400 1391 488 1420 labor
504 1391 537 1420 in
553 1395 646 1420 motu
662 1389 719 1429 qui
734 1390 831 1419 etiarn
846 1387 881 1418 fit
897 1393 1007 1418 contra
1029 1392 1176 1418 naturam
1200 1386 1354 1426 corporis.
1371 1383 1466 1416 Unde

399 1435 444 1465 illi
467 1436 500 1464 in
524 1435 641 1475 quibus
663 1434 762 1464 virtus
785 1433 906 1463 motiva
929 1431 1121 1468 est'fortior‚
1141 1430 1193 1461 vel
1214 1431 1270 1471 qui
1293 1431 1411 1460 habent
1425 1437 1466 1459 ex

400 1480 549 1510 exercitio
573 1487 690 1519 corpus
713 1478 813 1518 magis
836 1477 1036 1507 habilitatum
1052 1475 1092 1507 ad
1108 1475 1327 1506 obediendum
1342 1473 1466 1515 spiritui

400 1525 553 1560 moventi,
570 1524 676 1553 minus
692 1523 837 1553 laborant
851 1522 884 1552 in
900 1527 1003 1552 motu.
1025 1522 1067 1552 Et
1083 1521 1158 1561 quia
1173 1525 1247 1560 post
1262 1518 1466 1550 resurrectio-

1520 942 1666 973 luntatis:
1690 949 1736 979 ut,
1752 943 1832 973 illud
1856 943 1946 983 quod
1968 943 2087 973 habent
2109 943 2143 973 in
2158 944 2274 974 virtute
2297 949 2371 974 actu
2395 949 2588 980 exercentes,

1521 986 1661 1017 divinam
1677 988 1865 1028 sapientiam
1881 987 2172 1018 commendabilem
2191 987 2379 1024 ostendant;
2405 994 2437 1018 et
2452 993 2488 1018 ut
2502 989 2589 1019 visus

1481 1057 1488 1063 .
1521 1041 1635 1061 eorum
1658 1031 1817 1062 reficiatur
1839 1031 2055 1072 pulcritudine
2082 1037 2297 1062 creaturarum
2326 1031 2531 1069 diversarum,
2554 1034 2589 1063 in

1521 1076 1638 1115 quibus
1654 1076 1716 1106 Dei
1731 1076 1886 1116 sapientia
1901 1076 2078 1106 eminenter
2093 1076 2265 1113 relucebit3
2290 1086 2401 1107 sensus
2418 1077 2505 1108 enim
2520 1086 2589 1108 non

1480 1126 1506 1141 ²⁰
1520 1125 1627 1160 potest
1650 1129 1719 1150 esse
1741 1121 1802 1150 nisi
1824 1120 2052 1160 praesentium,
2076 1121 2222 1161 quamvis
2244 1122 2346 1161 magis
2369 1131 2387 1151 a
2406 1121 2588 1162 longinquo

1520 1164 1645 1204 possint
1667 1164 1784 1195 sentire
1807 1173 1944 1204 corpora
1967 1164 2105 1204 gloriosa
2126 1173 2227 1204 quam
2249 1174 2318 1196 non
2340 1165 2489 1205 gloriosa.
2520 1165 2590 1196 Nec

1520 1214 1628 1239 tamen
1643 1218 1701 1248 per
1716 1213 1844 1239 motum
1860 1208 1981 1248 aliquid
1997 1207 2139 1248 deperiet
2155 1218 2269 1239 eorum
2290 1209 2488 1246 beatitudini,
2506 1219 2590 1250 quae

1520 1253 1666 1283 consistit
1687 1253 1721 1284 in
1744 1253 1868 1296 visione
1891 1253 1962 1289 Dei,
1992 1262 2090 1293 quem
2118 1253 2241 1293 ubique
2268 1259 2468 1293 praesentem
2493 1254 2590 1284 habe-

1520 1298 1619 1328 bunt:
1651 1298 1734 1328 sicut
1763 1302 1795 1328 et
1825 1297 1865 1328 de
1893 1297 2012 1337 angelis
2043 1296 2120 1328 dicit
2151 1296 2326 1338 Gregorius
2341 1298 2358 1314 ⁸*
2382 1297 2472 1338 quod
2502 1298 2590 1329 intra

1480 1353 1504 1372 ις
1519 1342 1626 1373 Deum
1649 1346 1788 1372 currunt
1809 1351 2009 1383 quocumque
2032 1341 2211 1372 mittantur.

1575 1387 1626 1417 An
1650 1397 1768 1417 prunum
1791 1396 1874 1417 ERGO
1898 1396 2059 1416 mmmmm
2075 1385 2165 1426 quod
2187 1391 2297 1417 motus
2319 1386 2430 1417 localis
2453 1396 2521 1417 non
2535 1396 2590 1417 va·

1520 1432 1579 1462 riat
1601 1431 1722 1472 aliquid
1746 1441 1860 1462 eorum
1885 1440 1967 1471 quae
1991 1435 2065 1461 sunt
2087 1431 2231 1461 intranea
2254 1431 2309 1467 rei,
2326 1430 2383 1461 sed
2405 1436 2453 1461 est
2476 1440 2590 1462 secun-

1521 1476 1599 1507 dum
1622 1475 1655 1506 id
1678 1475 1769 1517 quod
1792 1481 1839 1506 est
1867 1481 1953 1506 extra
1979 1484 2059 1512 rem,
2087 1475 2208 1506 scilicet
2234 1475 2355 1506 locum.
2388 1474 2483 1506 Unde
2510 1475 2590 1507 illud

1521 1520 1610 1561 quod
1633 1526 1782 1551 movetur
1804 1526 1897 1550 motu
1920 1519 2026 1556 locali,
2051 1525 2098 1550 est
2120 1519 2300 1560 perfectum
2323 1525 2482 1560 quantum
2497 1519 2538 1550 ad
2552 1529 2590 1551 ea

399 1578 474 1599 nem
503 1569 609 1598 anima
639 1567 781 1608 perfecte
814 1566 1031 1598 dominabitur
1064 1565 1203 1606 corpori,
1233 1570 1303 1596 tum
1334 1568 1466 1605 propter
1480 1575 1507 1595 3⁰
1521 1575 1603 1606 quae
1624 1571 1699 1596 sunt
1720 1565 1803 1596 intra
1825 1573 1904 1601 rem,
1921 1570 1957 1595 ut
1973 1563 2088 1595 dicitur
2102 1564 2135 1594 in
2151 1563 2223 1594 VIII
2239 1564 2368 1606 Plcysic.
2384 1565 2417 1595 ἐ
2443 1565 2590 1605 quamvis

399 1612 631 1653 perfectionem
660 1612 809 1652 propriae
839 1611 976 1647 virtutis,
1007 1616 1078 1648 tum
1108 1615 1240 1650 propter
1269 1608 1466 1639 habilitatem

401 1658 544 1697 corporis
559 1657 690 1697 gloriosi
707 1666 744 1686 ex
760 1655 970 1686 redundantia
985 1655 1105 1696 gloriae
1122 1654 1161 1684 ab
1178 1654 1283 1685 anima
1294 1653 1327 1683 in
1340 1653 1465 1692 ipsum;

400 1711 467 1732 non
491 1703 549 1732 erit
572 1702 685 1742 aliquis
709 1701 799 1731 labor
814 1701 847 1731 in
863 1706 956 1731 motu
980 1705 1175 1730 sanctorum.
1198 1698 1241 1729 Et
1263 1699 1309 1728 sic
1328 1697 1391 1728 dici
1406 1706 1466 1738 po-

401 1751 507 1776 terunt
531 1756 666 1786 corpora
689 1751 873 1775 sanctorum
897 1744 998 1784 agilia.

1519 1610 1634 1640 habeat
1665 1609 1943 1650 imperfectionem
1971 1614 2118 1649 respectu
2146 1608 2210 1639 loci
2221 1632 2229 1645 ‚
2244 1609 2348 1649 quia,
2373 1608 2451 1639 dum
2479 1614 2526 1639 est
2555 1609 2589 1640 in

1519 1664 1588 1685 uno
1611 1654 1687 1685 loco
1712 1659 1759 1685 est
1781 1655 1815 1684 in
1836 1654 1983 1694 potentia
1999 1652 2037 1684 ad
2054 1653 2153 1684 alium
2169 1653 2290 1690 locum,
2307 1653 2384 1694 quia
2398 1662 2467 1684 non
2482 1658 2590 1694 potest

1520 1708 1588 1729 esse
1604 1704 1677 1729 actu
1692 1699 1726 1729 in
1741 1698 1887 1739 pluribus
1910 1698 1990 1728 locis
2013 1698 2125 1734 simun
2149 1698 2212 1728 hoc
2229 1698 2316 1728 enim
2339 1697 2439 1728 solius
2454 1697 2515 1728 Dei
2530 1701 2588 1729 est.

1519 1743 1583 1774 Hic
1599 1748 1707 1774 autern
1723 1742 1866 1773 defectus
1881 1751 1950 1772 non
1966 1747 2124 1782 repugnat
2137 1741 2330 1783 perfectioni
2347 1742 2482 1782 gloriae:
2506 1742 2590 1773 sicut

455 1791 506 1820 Ao
530 1800 664 1820 mnrium
688 1799 846 1819 DICENDUM
870 1789 958 1829 quod
977 1798 1034 1829 per
1051 1787 1161 1818 dotem
1185 1786 1330 1827 agilitatis
1349 1794 1466 1826 corpus
1482 1799 1504 1820 ,ς
1519 1797 1580 1818 nec
1596 1787 1741 1818 defectus
1756 1786 1847 1827 quod
1863 1791 2005 1817 creatura
2021 1792 2068 1817 est
2084 1795 2122 1816 ex
2137 1786 2249 1816 nihilo.
2266 1786 2308 1816 Et
2322 1786 2396 1817 ideo
2412 1787 2591 1817 manebunt

400 1835 578 1875 gloriosum
601 1834 741 1865 redditur
764 1833 869 1864 habile
891 1843 960 1863 non
983 1833 1089 1863 solum
1110 1831 1150 1862 ad
1166 1836 1294 1862 motum
1318 1829 1465 1866 localem,

401 1879 456 1910 sed
473 1879 511 1909 ad
527 1889 657 1909 sensum
681 1884 712 1909 et
730 1878 769 1909 ad
793 1887 905 1909 omnes
929 1878 1004 1908 alias
1027 1878 1152 1907 animae
1175 1875 1378 1916 operationes
1395 1883 1467 1905 exe-

425 1923 554 1954 uendas.

402 1933 423 1964 q
456 1969 506 1998 Ar>
532 1977 679 1998 omarum
702 1977 861 1996 DICENDUM
885 1965 984 2006 quod,
1009 1966 1091 1996 sicut
1114 1970 1226 1995 natura
1250 1963 1302 1994 dat
1325 1963 1467 1993 velocio-

1521 1831 1664 1863 defectus
1686 1830 1874 1862 huiusmodi
1896 1831 1929 1861 in
1954 1831 2143 1871 corporibus
2166 1830 2323 1871 gloriosis.

1575 1877 1627 1907 An
1651 1886 1814 1907 snctmntm
1844 1884 2003 1906 memnonia
2034 1874 2123 1915 quod
2155 1875 2270 1915 aliquis
2301 1874 2418 1905 dicitur
2445 1874 2590 1915 indigere

1521 1921 1630 1961 aliquo
1653 1921 1849 1961 simpliciter,
1870 1925 1903 1950 et
1926 1919 2105 1950 secundum
2128 1918 2217 1959 quid.
2241 1918 2435 1960 Simpliciter
2457 1918 2590 1959 quidem

1520 1965 1641 2005 indiget
1664 1965 1778 2005 aliquis
1802 1974 1842 1995 eo
1865 1964 1934 1994 sine
1957 1972 2024 2004 quo
2047 1973 2116 1994 non
2138 1968 2246 2004 potest
2268 1964 2450 1994 conservari
2467 1964 2502 1994 in
2521 1972 2590 1994 esse

400 2012 486 2042 ribus
510 2012 698 2042 animalibus
721 2011 931 2041 instrumenta
960 2010 1101 2040 diversae
1132 2008 1350 2049 dispositionis
1372 2008 1406 2037 in
1429 2006 1467 2037 fi·
1480 2021 1507 2041 4⁰
1520 2010 1571 2040 vel
1594 2010 1627 2040 in
1651 2019 1708 2039 sua
1733 2008 1942 2049 perfectione.
1976 2008 2017 2038 Et
2041 2008 2086 2038 sic
2109 2013 2218 2038 motus
2245 2008 2279 2038 in
2308 2008 2498 2049 corporibus
2519 2008 2590 2049 glo—

399 2066 477 2097 gura
501 2061 532 2086 et
555 2057 744 2096 quantitate,
769 2056 812 2085 ita
835 2055 923 2086 Deus
951 2054 1037 2085 dabit
1065 2053 1255 2094 corporibus
1283 2057 1467 2082 sanctorum
1520 2054 1612 2084 riosis
1626 2063 1695 2084 non
1711 2053 1770 2083 erit
1792 2058 1924 2094 propter
1947 2052 2088 2093 aliquam
2111 2051 2338 2092 indigentiam:
2362 2053 2439 2093 quia
2455 2052 2495 2083 ad
2510 2052 2590 2083 haec

400 2101 494 2131 aliam
518 2100 761 2141 dispositionem
786 2109 883 2140 quam
907 2108 994 2129 nunc
1017 2098 1164 2133 habeant,
1188 2106 1255 2127 non
1279 2095 1410 2136 quidem
1434 2096 1467 2125 in
1521 2099 1631 2129 omnia
1654 2096 1790 2128 sufficiet
1813 2098 1858 2128 eis
1881 2106 1939 2127 sua
1961 2096 2137 2127 beatitudo.
2162 2096 2225 2128 Sed
2248 2096 2429 2128 secundum
2447 2095 2526 2137 quid
2541 2097 2590 2128 in-

400 2145 500 2185 figura
517 2150 547 2175 et
563 2145 748 2185 quantitate,
765 2143 821 2174 sed
839 2144 872 2174 in
888 2143 1082 2184 proprietate
1106 2140 1226 2183 gloriae
1250 2150 1334 2181 quae
1353 2140 1468 2171 dicitur
1522 2142 1608 2183 diget
1631 2143 1703 2183 quis
1725 2142 1782 2172 illo
1806 2142 1874 2172 sine
1898 2151 1965 2182 quo
1986 2150 2054 2171 non
2070 2145 2177 2182 potest
2199 2140 2341 2181 aliquem
2363 2139 2463 2172 finem
2485 2141 2591 2172 inten-

400 2190 529 2230 agilitas.

444 2265 542 2295 ART.
567 2264 604 2294 11.
629 2273 734 2294 urium
756 2272 922 2294 norum-re
946 2272 1002 2293 sua
1026 2271 1209 2293 arenauno
1233 2270 1332 2292 usum
1354 2270 1422 2291 smr

747 2318 799 2338 ITA
823 2317 909 2337 QUOD
934 2317 1123 2338 MOVEANTUR

741 2359 773 2380 1v
789 2358 856 2380 cont.
872 2358 948 2384 Gene„
965 2364 1015 2385 cap.
1031 2363 1126 2379 Lxxxw.

403 2421 483 2484 An
501 2420 662 2441 secunaum
685 2421 730 2440 src
754 2419 957 2440 pnoeanrrtm.
982 2408 1116 2439 Videtur
1141 2407 1231 2449 quod
1252 2407 1390 2448 agilitate
1410 2417 1467 2438 sua

1521 2193 1591 2218 tum
1607 2187 1734 2223 habere,
1751 2186 1802 2217 vel
1817 2195 1885 2216 non
1901 2186 1944 2216 ita
1959 2186 2052 2221 bene,
2069 2185 2120 2216 vel
2143 2184 2198 2215 tali
2220 2184 2332 2216 modo.
2356 2185 2398 2216 Et
2421 2186 2465 2216 sic
2481 2190 2590 2216 motus

1481 2241 1505 2262 45
1522 2233 1580 2262 erit
1606 2232 1641 2262 in
1663 2231 1763 2262 beatis
1795 2235 1927 2271 propter
1958 2229 2185 2270 indigentiam:
2218 2238 2287 2260 non
2320 2230 2407 2261 enim
2437 2235 2592 2270 poterunt

1521 2276 1722 2307 manifestare
1745 2276 1895 2306 virtutem
1918 2275 2074 2305 motivam
2096 2274 2130 2304 in
2153 2274 2264 2315 seipsis
2288 2275 2508 2315 experimento
2529 2274 2591 2306 nisi

1520 2326 1721 2351 moveantur.
1746 2319 1943 2350 Huiusmodi
1966 2319 2053 2350 enim
2076 2318 2266 2359 indigentias
2288 2319 2367 2349 nihil
2389 2319 2540 2359 prohibet
2556 2319 2590 2350 in

1521 2365 1711 2406 corporibus
1734 2365 1881 2404 gloriosis
1903 2373 1983 2394 esse.

1575 2410 1627 2440 Ab
1651 2419 1786 2439 raa-rum
1809 2418 1968 2439 nremmuu
1985 2407 2073 2449 quod
2092 2407 2172 2438 ratio
2197 2407 2251 2437 illa
2273 2406 2463 2448 procederet
2477 2408 2504 2438 si
2520 2416 2590 2438 cor-

464 2465 631 2495 nunquam
652 2460 781 2485 utentur
796 2455 839 2484 ita
855 2453 945 2494 quod
961 2459 1161 2484 moveantur.
1181 2453 1267 2491 Quia
1287 2452 1466 2483 secundum
1482 2463 1507 2483 ⁵⁰
1520 2464 1582 2495 pus
1611 2454 1788 2495 gloriosum
1818 2463 1886 2484 non
1916 2457 2026 2493 posset
2055 2452 2151 2483 etiam
2181 2452 2250 2482 sine
2278 2457 2372 2483 motu
2402 2452 2590 2493 participate

399 2500 633 2540 Philosophum
649 2501 675 2536 ἡ
700 2504 805 2529 motus
835 2504 882 2529 est
911 2503 1003 2529 actus
1033 2498 1221 2540 imperfecti.
1255 2497 1319 2528 Sed
1349 2498 1383 2528 in
1406 2497 1467 2528 illis

400 2545 588 2584 corporibus
611 2544 699 2575 nulla
723 2544 781 2574 erit
799 2542 1010 2584 imperfectio.
1036 2543 1121 2583 Ergo
1137 2551 1199 2573 nec
1215 2542 1329 2582 aliquis
1347 2547 1465 2572 motus.

457 2598 485 2619 2.
511 2589 711 2624 Pium-nam,
738 2589 843 2618 omnis
870 2593 979 2618 motus
1007 2593 1053 2618 est
1077 2593 1209 2628 propter
1237 2586 1465 2627 indigentiam:

401 2634 475 2673 quia
499 2643 596 2663 omne
619 2633 709 2673 quod
737 2638 900 2669 movetur,
924 2637 1074 2663 movetur
1100 2637 1233 2672 propter
1260 2631 1466 2671 adeptionem

1521 2498 1662 2530 divinam
1685 2498 1862 2528 bonitatem
1886 2497 1990 2528 multo
2015 2497 2108 2527 altius
2135 2505 2234 2536 quam
2261 2505 2397 2537 corpora
2423 2497 2589 2527 caelestia:

1521 2542 1610 2584 quod
1630 2542 1746 2573 falsum
1763 2548 1819 2573 est.
1843 2542 1938 2573 Unde
1962 2550 2098 2582 corpora
2120 2540 2260 2581 gloriosa
2283 2550 2350 2571 non
2373 2542 2591 2573 movebuntur

1520 2587 1560 2618 ad
1587 2586 1850 2628 consequendam
1880 2586 2055 2627 perfectam
2085 2585 2211 2616 divinae
2240 2585 2391 2616 bonitatis
2421 2585 2590 2626 participa-

1520 2633 1658 2668 tionem,
1682 2633 1764 2662 hanc
1794 2632 1880 2662 enim
1908 2631 2026 2662 habent
2053 2639 2110 2671 per
2132 2629 2284 2670 gloriam:
2313 2629 2369 2660 sed
2391 2629 2432 2660 ad
2455 2629 2590 2661 demon·

400 2678 532 2708 alicuius
555 2676 637 2707 finis.
662 2677 725 2708 Sed
744 2686 880 2717 corpora
902 2677 1041 2717 gloriosa
1057 2686 1125 2707 non
1140 2676 1304 2707 habebunt
1326 2675 1467 2716 aliquam
1481 2688 1504 2709 ςς
1520 2676 1681 2708 sti-andam
1705 2677 1854 2706 virtutem
1881 2676 2016 2706 animae.
2049 2675 2110 2705 Per
2131 2679 2259 2705 motum
2283 2679 2391 2705 autem
2414 2683 2590 2715 corporum

399 2721 625 2762 indigentiam:
651 2723 735 2762 quia,
752 2727 788 2752 ut
804 2722 1003 2762 Augustinus
1027 2721 1102 2752 dicit
1116 2722 1144 2757 *‚
1162 2721 1205 2752 ibi
1228 2721 1291 2751 erit
1312 2720 1467 2762 quidquid

400 2767 494 2802 voles,
521 2776 585 2796 non
609 2767 672 2797 erit
694 2766 848 2807 quidquid
872 2766 971 2797 noles.
997 2766 1083 2806 Ergo
1102 2775 1170 2796 non
1194 2765 1421 2796 movebuntur.

1521 2721 1706 2752 caelestium
1721 2730 1789 2751 non
1805 2726 1914 2761 posset
1937 2719 2147 2750 demonstrari
2170 2719 2270 2750 virtus
2285 2728 2399 2749 eorum
2414 2719 2475 2749 nisi
2491 2727 2590 2760 quam

1520 2766 1639 2797 habent
1661 2766 1695 2796 in
1717 2764 1882 2796 movendo
1906 2773 2042 2805 corpora
2065 2763 2215 2794 inferiora
2238 2763 2277 2794 ad
2300 2764 2540 2804 generationem
2557 2768 2590 2795 et

456 2811 485 2841 3.
510 2811 709 2847 Pamisum,
734 2811 912 2841 secundum
936 2810 1188 2851 Philosophum,
1213 2810 1245 2840 in
1270 2809 1296 2840 11
1323 2809 1415 2840 Caeli
1436 2814 1468 2839 et
1521 2811 1781 2851 corruptionem:
1807 2808 1897 2850 quod
1913 2819 1980 2840 non
1997 2808 2153 2849 competit
2171 2807 2217 2838 illi
2232 2808 2337 2839 statui.
2363 2807 2404 2838 Et
2418 2807 2494 2839 ideo
2507 2808 2589 2838 ratio

401 2855 518 2886 Mundi
531 2856 558 2891 ἡ
583 2855 672 2895 quod
700 2856 866 2896 participat
893 2855 1034 2886 divinam
1062 2855 1239 2885 bonitatem
1267 2854 1336 2884 sine
1362 2859 1465 2890 motu,

399 2900 538 2930 nobilius
562 2901 728 2940 participat
750 2900 838 2931 illam
861 2909 960 2940 quam
984 2899 1073 2940 quod
1097 2899 1265 2940 participat
1285 2899 1372 2929 illam
1391 2907 1467 2929 cum
1480 2905 1507 2925 60

400 2950 501 2975 motu.
527 2943 591 2975 Sed
614 2954 730 2984 corpus
758 2945 935 2984 gloriosum
963 2944 1104 2974 nobilius
1131 2944 1298 2984 participat
1326 2943 1467 2974 divinam

401 2989 576 3020 bonitatem
600 2998 697 3029 quam
721 2989 807 3019 aliud
838 2998 965 3029 corpus.
1001 2988 1087 3019 Cum
1116 2997 1192 3029 ergo
1222 2987 1379 3028 quaedam
1408 2987 1467 3018 alia

401 3043 536 3074 corpora
559 3035 694 3064 omnino
718 3034 786 3064 sine
810 3039 903 3064 motu
926 3038 1121 3069 remaneant,
1139 3033 1221 3063 sicut
1244 3041 1381 3072 corpora
1397 3041 1466 3062 cae-

400 3078 488 3108 lestia
504 3079 530 3114 *,
555 3077 679 3108 videtur
703 3077 791 3118 quod
814 3078 918 3108 multo
943 3076 1056 3108 fortius
1081 3086 1217 3118 corpora
1239 3077 1389 3107 humana.

1520 2865 1542 2885 n
1566 2865 1588 2885 n
1634 2854 1767 2885 rocedit.

1545 2864 1632 2930 ΘΑΕ
1652 2908 1800 2929 <ausurum
1824 2907 1984 2928 bremun
2011 2895 2102 2938 quod
2129 2903 2238 2928 motus
2261 2896 2372 2927 localis
2394 2895 2474 2926 nihil
2497 2895 2589 2926 dimi-

1521 2944 1592 2974 nuit
1607 2943 1647 2974 de
1663 2943 1830 2974 stabilitate
1854 2943 1892 2973 ab
1917 2942 2024 2973 anima
2046 2941 2182 2973 stabilita
2197 2942 2231 2972 in
2247 2941 2336 2972 Deo:
2361 2949 2436 2972 cum
2458 2949 2527 2970 non
2550 2939 2589 2970 sit

1520 2987 1700 3019 secundum
1724 2987 1845 3028 aliquid
1867 2987 2077 3018 intrinsecum
2099 2987 2155 3022 rei,
2178 2991 2215 3017 ut
2238 2985 2360 3016 dictum
2384 2989 2431 3015 est
2444 2985 2472 3014 ‘¹'.

1577 3033 1627 3063 An
1653 3042 1793 3063 aum-rma
1816 3041 1975 3062 »icaunam
1999 3029 2089 3071 quod
2111 3031 2203 3061 locus
2225 3037 2388 3069 congruus
2410 3028 2588 3068 unicuique

1521 3077 1664 3118 glorioso
1688 3077 1817 3118 corpori
1840 3075 2011 3116 deputatus
2034 3074 2213 3106 secundum
2236 3072 2370 3114 gradum
2391 3081 2468 3103 suae
2487 3071 2589 3113 digni-

455 3131 487 3161 4.
511 3123 706 3158 Prummu,
730 3123 929 3162 Augustinus
946 3121 1024 3152 dicit
1039 3123 1056 3139 ⁸*
1081 3121 1170 3162 quod
1193 3121 1302 3152 anima
1325 3121 1467 3152 stabilita
1481 3126 1505 3152 65
1521 3122 1602 3157 tatis,
1619 3122 1757 3162 pertinet
1772 3120 1812 3151 ad
1827 3121 2007 3161 praemium
2023 3117 2228 3150 accidentale.
2244 3117 2320 3148 Non
2335 3122 2444 3147 tamen
2461 3121 2590 3157 oportet

402 3167 433 3196 in
458 3166 538 3202 Deo,
560 3167 699 3197 stabiliet
713 3172 744 3197 et
758 3176 876 3207 corpus
899 3176 993 3197 suum
1017 3171 1258 3207 consequenter.
1283 3165 1346 3196 Sed
1361 3166 1468 3196 anima
1522 3165 1611 3206 quod
1638 3165 1834 3196 diminuatur
1863 3163 1983 3205 aliquid
2006 3163 2047 3194 de
2069 3163 2213 3204 praemio
2243 3161 2518 3202 quandocumque
2541 3166 2589 3192 est

401 3212 443 3241 ita
467 3211 525 3241 erit
546 3212 580 3241 in
604 3211 675 3241 Deo
703 3211 838 3241 stabilita
866 3209 956 3251 quod
984 3211 1075 3241 nullo
1103 3209 1204 3241 modo
1228 3210 1267 3240 ab
1291 3219 1331 3240 eo
1355 3219 1467 3240 move-

401 3255 494 3285 bitur.
520 3256 605 3296 Ergo
627 3265 689 3286 nec
712 3256 745 3286 in
769 3264 904 3295 corpore
928 3255 986 3286 erit
1015 3255 1129 3295 aliquis
1155 3260 1264 3286 motus
1288 3255 1326 3285 ab
1351 3254 1466 3285 anima.

1521 3216 1608 3241 extra
1630 3210 1741 3241 locum
1763 3218 1878 3240 suum:
1904 3209 1980 3249 quia
2002 3207 2094 3238 locus
2116 3206 2169 3237 ille
2191 3215 2259 3237 non
2283 3205 2420 3246 pertinet
2443 3205 2483 3236 ad
2498 3215 2589 3246 prae-

1520 3255 1624 3286 mium
1648 3253 1827 3285 secundum
1842 3252 1933 3294 quod
1949 3257 2022 3283 actu
2038 3251 2182 3282 continet
2200 3259 2318 3290 eorpus
2341 3250 2495 3286 locatum,
2512 3259 2589 3281 cum

459 3299 487 3329 5.
511 3300 707 3336 Priuernum,
725 3305 846 3340 quanto
863 3309 981 3340 corpus
998 3305 1044 3330 est
1059 3299 1210 3336 nobilius,
1226 3304 1316 3329 tanto
1335 3298 1468 3329 debetur
1520 3299 1600 3329 nihil
1615 3298 1728 3329 influat
1742 3299 1776 3329 in
1793 3306 1911 3338 corpus
1933 3296 2121 3336 gloriosum.
2138 3294 2193 3325 sed
2211 3295 2312 3335 magis
2335 3295 2467 3335 recipiat
2482 3294 2588 3335 splen-

403 3343 431 3373 ei
446 3344 536 3374 locus
560 3345 717 3374 nobilior:
742 3343 829 3374 unde
853 3353 971 3384 corpus
994 3343 1123 3380 Christi,
1141 3343 1230 3384 quod
1246 3348 1294 3374 est
1308 3343 1468 3374 nobilissi-
1481 3352 1508 3373 ⁷0
1521 3343 1635 3374 dorem
1650 3343 1689 3373 ab
1706 3352 1765 3379 eo3
1791 3341 1846 3372 sed
1861 3339 2040 3372 secundum
2064 3338 2153 3380 quod
2177 3344 2224 3370 est
2239 3338 2364 3370 debitus
2380 3348 2440 3379 pro
2456 3339 2586 3370 meritis.

402 3396 503 3423 mum,
519 3389 614 3419 habet
630 3389 740 3419 locum
757 3389 1002 3418 eminentiorem
1018 3388 1100 3418 inter
1115 3393 1220 3418 cetera
1235 3388 1317 3424 loca,
1330 3393 1366 3418 ut
1381 3393 1468 3428 patet
1522 3386 1617 3419 Unde
1638 3386 1792 3427 gaudium
1815 3385 1855 3416 de
1872 3385 1928 3415 tali
1950 3384 2025 3414 loco
2049 3389 2157 3414 manet
2180 3384 2275 3414 etiam
2299 3384 2328 3414 ei
2353 3384 2410 3424 qui
2433 3389 2479 3414 est
2503 3388 2588 3414 extra

403 3431 484 3462 Heb.
501 3443 553 3467 vn,
570 3434 596 3468 *‚
613 3432 786 3463 Excelsior
808 3432 906 3462 caelis
920 3433 1055 3474 factus;
1078 3431 1192 3462 Glossa
1208 3433 1253 3466 ”.
1270 3432 1342 3462 loco
1366 3436 1398 3462 et
1420 3431 1468 3462 di-

401 3476 534 3516 gnitate.
560 3477 600 3506 Et
623 3477 766 3506 similiter
789 3475 1050 3516 unumquodque
1074 3485 1191 3516 corpus
1214 3475 1392 3516 gloriosum
1412 3475 1467 3505 ha-

402 3520 498 3556 bebit,
515 3520 627 3550 eadem
644 3522 778 3556 ratione,
803 3519 913 3550 locum
937 3520 995 3550 sibi
1019 3521 1266 3550 convenientem
1289 3518 1467 3550 secundum

402 3573 585 3595 mensuram
614 3574 689 3595 suae
717 3564 885 3604 dignitatis.
921 3563 984 3594 Sed
1011 3564 1103 3594 locus
1131 3564 1327 3594 conveniens
1358 3568 1405 3593 est
1427 3562 1467 3593 de
1482 3573 1506 3594 75

1522 3432 1632 3462 locum
1655 3431 1757 3461 illum.

2615 511 2625 522 ·
2640 510 2708 532 Vei-⁸.
2722 516 2757 539 3¹·

2615 547 2625 557 ·
2640 545 2708 568 Vera.
2724 551 2745 573 7.

2617 1311 2829 1367 glffluxw,

2616 1567 2831 1618 {aaran

2617 2987 2627 2997 ·
2642 2985 2712 3014 Roep.
2727 2985 2757 3008 ad
2773 2993 2793 3009 ι.
