2918 4088
945 227 1207 274 QUAESTIO
1236 226 1394 273 LXXV,
1423 226 1715 264 ARTICULUS
1743 226 1792 264 IV

281 307 478 347 intelligibile
490 305 658 347 quomodo
674 306 714 336 sit
728 305 772 335 ibi
788 304 908 344 aliquid
923 306 1095 335 terminans
1110 305 1228 336 realem
1244 305 1342 334 actio-

281 361 359 382 nem
381 349 629 385 substantialem,
646 354 705 380 etc.
741 348 906 389 Secund0,
931 349 1006 388 quia
1037 350 1132 379 etiam
1159 349 1258 378 Filius
1282 348 1342 378 Dei

281 396 454 426 terminans
477 399 637 425 aeternam
659 393 908 433 generationem,
935 402 993 433 per
1015 393 1102 422 illam
1125 392 1240 432 accipit
1263 400 1341 426 esse,

283 445 314 470 et
335 447 507 480 personam
529 447 607 474 esse,
632 443 664 468 et
686 437 793 467 Deum
817 446 894 467 esse.

336 483 479 514 Tertiam
497 487 617 512 ‘autem
646 481 1015 512 transubstantiationem
1048 479 1247 519 probabilem
1275 488 1343 509 esse

281 527 316 558 in
338 526 506 567 proposito
529 526 644 566 probat
658 526 685 562 *,
710 526 786 565 quia
809 534 848 555 eo
867 523 968 554 modo
991 524 1145 554 terminus
1163 523 1250 563 prior
1266 532 1343 553 con-

281 571 413 602 vertitur
435 571 468 602 in
487 570 660 600 terminum
675 569 896 609 posteriorem,
920 577 986 608 quo
1009 568 1163 598 terminus
1186 567 1344 607 posterior

282 614 425 647 succedit
438 615 576 645 termino
592 614 700 654 priori.
719 612 783 644 Sed
797 613 952 643 terminus
967 612 1135 652 posterior,
1152 610 1233 641 idest
1251 610 1343 641 Chri-

282 659 322 691 sti
344 668 478 699 corpus,
506 667 574 689 non
597 656 740 688 succedit
764 655 942 687 secundum
966 665 1034 686 esse
1056 655 1257 695 simpliciter,
1288 653 1343 684 sed

283 702 462 734 secundum
491 711 558 733 esse
587 711 736 742 praesens
765 701 835 736 hic,
861 701 999 731 termino
1021 699 1137 740 priori,
1165 698 1246 729 idest
1268 698 1344 738 pani

282 747 514 788 praeexistenti.
547 746 634 786 Ergo
656 754 718 776 nec
740 745 831 785 panis
861 744 1072 780 convertitur,
1095 752 1156 774 nec
1179 743 1288 773 transit
1310 743 1344 772 in

283 800 401 832 corpus
424 790 551 826 Christi,
574 790 636 820 nisi
656 788 834 820 secundum
850 798 918 819 esse
933 789 984 818 hic
999 797 1149 828 praesens
1164 787 1239 827 pani
1254 796 1344 827 prae-

284 835 438 866 existenti.

338 878 391 909 lv.
415 878 477 909 Pro
501 878 662 909 solutione
685 877 799 907 harum
815 877 1046 912 obiectionum,
1070 881 1102 906 et
1122 876 1269 916 ampliori
1285 884 1344 905 no—

282 922 351 954 titia
373 927 439 953 tam
461 922 581 953 occulti
603 921 755 962 mysterii,
779 920 846 951 duo
869 920 1072 961 praelibanda
1094 925 1184 950 sunt:
1209 920 1344 950 alterum

183 983 191 991 ·
243 982 256 1010 .'
283 975 322 996 ex
336 965 555 1006 philosophia;
579 965 713 995 alterum
729 974 767 995 ex
782 965 954 995 Ambrosio
970 965 999 995 ³.
1027 964 1074 994 Ex
1096 965 1235 1005 physicis
1253 965 1288 980 fl
1304 964 1344 993 si-

249 1036 256 1043 .
284 1009 416 1050 quidem
444 1010 600 1040 habemus
627 1008 734 1050 quod,
767 1018 843 1039 cum
873 1009 912 1039 de
939 1009 1136 1039 substantiali
1165 1009 1344 1039 mutatione

248 1062 256 1070 ·
282 1054 365 1084 inter
386 1054 542 1094 positivos
564 1054 718 1084 terminos
742 1058 789 1083 est
811 1063 932 1089 sermo,
962 1053 1069 1093 ipsum
1096 1053 1216 1083 instans
1241 1058 1345 1083 muta-

282 1098 389 1134 tionis,
411 1098 446 1128 in
469 1107 536 1138 quo
559 1097 771 1128 substantialis
793 1098 929 1128 mutatio
953 1097 1048 1135 simul
1071 1096 1107 1127 fit
1130 1102 1162 1127 et
1183 1096 1265 1128 facta
1288 1102 1344 1133 est,

283 1146 332 1175 est
352 1142 494 1182 primum
517 1151 585 1172 esse
607 1141 735 1172 termini
765 1141 805 1172 ad
828 1151 944 1182 quem,
969 1147 1000 1172 et
1025 1142 1167 1182 primum
1193 1150 1345 1171 non-esse

282 1186 411 1219 termini
432 1196 451 1216 a
466 1195 544 1226 quo.
567 1185 665 1216 Verbi
682 1186 790 1226 gratia,
808 1195 883 1216 cum
899 1195 952 1216 aer
967 1186 1162 1216 convertitur
1176 1186 1211 1216 in
1225 1186 1343 1225 ignem,

282 1229 403 1261 instans
425 1230 505 1261 illud
526 1230 561 1261 in
584 1239 651 1270 quo
674 1230 756 1270 ignis
779 1230 874 1260 simul
897 1229 933 1260 fit
956 1235 988 1260 et
1009 1229 1111 1260 factus
1132 1236 1188 1266 est,
1213 1235 1260 1260 est
1282 1230 1345 1270 pri-

282 1282 375 1305 mum
398 1284 467 1306 esse
489 1275 588 1315 ignis,
617 1274 693 1314 quia
715 1274 796 1314 ignis
819 1280 896 1304 tunc
927 1279 974 1304 est
1001 1279 1032 1304 et
1057 1273 1240 1304 immediate
1272 1279 1345 1304 ante

282 1317 365 1351 illud
386 1323 462 1350 tunc
484 1328 554 1351 non
575 1324 657 1355 erat3
685 1323 716 1349 et
739 1323 786 1348 est
808 1319 950 1359 primum
976 1327 1129 1349 non-esse
1157 1319 1245 1354 aeris,
1270 1319 1345 1358 quia

278 1367 528 1401 aermne‘non
551 1368 598 1394 est
620 1367 652 1395 et
674 1362 858 1397 immediate
880 1368 953 1393 ante
975 1362 1056 1393 illud
1079 1367 1155 1392 tunc
1177 1368 1252 1392 erat.

248 1423 258 1428 -
319 1406 379 1437 .V.
402 1407 432 1438 A
455 1406 530 1438 divo
554 1412 662 1437 autem
684 1407 857 1437 Ambrosio
882 1407 1056 1447 superius*
1071 1406 1168 1437 relata
1190 1407 1346 1437 habemus

250 1453 259 1462 ⁸
283 1451 398 1487 verba,
421 1451 558 1482 scilicet:
597 1450 693 1487 Quod
722 1455 795 1482 erat
820 1451 920 1491 panis
949 1456 1022 1481 ante
1053 1451 1344 1486 consecrationem,

284 1494 350 1529 iam
373 1504 492 1536 empus
518 1495 639 1526 Christi
664 1500 712 1526 est
735 1501 810 1535 post
836 1496 1120 1530 consecrationem,
1139 1495 1215 1535 quia
1240 1504 1345 1525 sermo

287 1538 408 1570 Christi
423 1543 607 1570 creaturam
622 1544 734 1574 mutat,
752 1544 812 1569 etc.
829 1539 876 1569 Ex
892 1539 941 1569 his
957 1539 1053 1574 enim,
1070 1539 1166 1569 simul
1183 1539 1299 1569 iunctis
1316 1544 1348 1568 et

262 1593 265 1595 ’
284 1583 508 1624 perspicaciter
530 1583 746 1619 consideratis,
769 1583 924 1613 habemus
947 1583 1108 1613 actionem
1130 1583 1346 1612 transubstan-

284 1627 426 1665 'tijm'vam
449 1627 532 1657 circa
554 1636 672 1666 panem
694 1627 823 1662 versari,
849 1632 880 1656 et
902 1627 936 1656 in
959 1635 1076 1666 panem
1099 1626 1261 1656 terminari
1283 1626 1346 1656 hoc

283 1669 403 1703 modo-2
435 1670 599 1706 videlicet,
627 1669 718 1711 quod
744 1670 779 1700 in
801 1670 929 1700 instanti
953 1670 1171 1700 conversionis
1200 1670 1291 1710 panis
1312 1670 1347 1700 in

284 1722 402 1755 corpus
425 1714 560 1750 Christi,
589 1713 679 1754 quod
702 1719 768 1744 erat
788 1714 895 1754 panis,
919 1719 956 1744 ut
977 1714 1040 1749 sic,
1065 1713 1146 1744 idest
1168 1713 1347 1744 secundum

285 1759 478 1799 estepani&
501 1758 598 1788 habet
618 1758 777 1788 rationem
799 1758 926 1788 termini
942 1767 960 1788 a
976 1767 1058 1798 qu0;
1083 1763 1114 1788 et
1129 1767 1236 1788 rursus
1258 1757 1347 1797 quod

285 1803 474 1843 emt.panis,
498 1801 588 1843 quod
609 1802 674 1832 iam
689 1807 738 1832 est
759 1811 877 1842 corpus
893 1801 1020 1838 Christi,
1044 1807 1081 1832 ut
1103 1802 1260 1841 incipiens
1280 1811 1347 1832 esse

285 1854 404 1887 conpos
424 1846 554 1883 Christi,
577 1846 674 1877 habet
692 1846 850 1876 rationem
865 1846 991 1876 termini
1008 1845 1048 1876 ad
1063 1855 1176 1885 quem;
1200 1846 1243 1876 ita
1259 1845 1349 1886 quod

284 1891 441 1925 teminus
462 1890 503 1922 ad
526 1899 626 1931 quem
650 1899 718 1921 non
749 1895 796 1921 est
824 1899 941 1930 corpus
964 1889 1082 1921 Christi
1108 1890 1268 1926 absolute,
1293 1889 1349 1920 sed

284 1934 347 1966 hoc
365 1934 455 1976 quod
476 1940 550 1966 erat
570 1935 670 1976 panis
697 1944 765 1966 esse
786 1943 905 1975 corpus
928 1934 1058 1969 Christi,
1082 1939 1119 1964 ut
1140 1939 1227 1974 patet
1249 1943 1349 1974 expo-

284 1978 403 2014 nendo,
417 1988 477 2020 pro
501 1979 557 2011 illo
579 1979 708 2010 instanti
732 1988 799 2019 quo
819 1979 879 2009 ista
893 1979 1184 2009 transubstantiatio
1202 1978 1298 2009 simul
1313 1977 1350 2008 fit

286 2022 423 2057 evincta
445 2029 502 2055 est.
531 2023 581 2054 Ex
604 2022 737 2054 falsitate
760 2022 919 2064 siquidem
941 2023 1049 2059 istius,
1076 2022 1204 2063 Corpus
1228 2022 1350 2053 Christi

286 2076 374 2101 nm
396 2073 448 2101 est
475 2073 507 2099 et
529 2067 711 2099 immediate
732 2072 808 2099 ante
829 2067 891 2098 hoc
914 2076 979 2097 non
998 2072 1078 2103 erat,
1102 2067 1237 2098 habetur
1259 2066 1350 2107 quod

286 2121 405 2152 corpus
427 2111 546 2144 Christi
568 2112 713 2143 absolute
743 2121 812 2142 non
835 2117 883 2142 est
904 2112 1059 2142 terminus
1085 2112 1181 2142 huius
1203 2112 1350 2142 transub-

285 2157 506 2191 mantionis.
529 2157 578 2188 Ex
600 2166 641 2187 eo
664 2161 772 2187 autem
795 2155 886 2196 quod
907 2156 967 2186 ista
989 2161 1036 2186 est
1058 2165 1141 2192 vera,
1164 2155 1242 2186 Hoc
1263 2155 1350 2196 quod

286 2201 480 2241 eratfortis
505 2210 592 2232 nunc
620 2205 670 2231 est.
692 2210 812 2241 corpus
836 2200 974 2236 Christi,
1004 2205 1036 2231 et
1064 2199 1245 2230 immediate
1274 2205 1350 2231 ante

283 2244 455 2286 boantum
481 2249 554 2276 erat
574 2245 675 2286 panis
696 2255 762 2276 non
786 2249 859 2276 erat
880 2253 999 2285 corpus
1023 2244 1158 2280 Christi,
1182 2243 1349 2275 manifeste

285 2289 420 2323 habetur
449 2289 547 2330 quod.
567 2290 723 2320 terminus
752 2288 792 2319 ad
808 2298 913 2329 quem
945 2289 1080 2319 actionis
1110 2294 1142 2319 et
1163 2289 1351 2319 mutationis

285 2333 382 2368 huius
400 2338 447 2365 est
467 2333 530 2365 hoc
551 2333 638 2374 quod
659 2338 732 2364 erat
747 2333 847 2374 panis
870 2342 938 2364 esse
959 2333 1000 2364 de
1020 2342 1104 2364 novo
1120 2342 1238 2374 corpus
1256 2333 1349 2363 Chri-

285 2377 453 2412 sti-micat
475 2387 514 2413 ex
534 2379 666 2409 veritate
679 2378 771 2408 istius
785 2377 924 2414 alterius,
939 2378 1070 2414 scilicet,
1086 2377 1163 2408 Hoc
1177 2377 1264 2418 quod
1279 2382 1352 2408 erat

280 2421 384 2463 pam’s-
402 2431 490 2455 nunc
500 2426 576 2458 Ἱιοη
600 2427 648 2453 est
663 2422 772 2463 panis,
796 2427 828 2453 et
849 2422 1030 2453 immediate
1052 2427 1129 2453 ante
1151 2427 1224 2452 erat
1238 2422 1348 2462 panis,

287 2465 422 2499 habemi-
443 2467 616 2498 terminum
645 2476 664 2497 a
686 2476 753 2507 quo
782 2476 849 2497 esse
872 2467 934 2497 hoc
961 2466 1048 2507 quod
1076 2471 1149 2497 erat
1171 2467 1271 2507 panis
1292 2466 1350 2498 sub

288 2519 358 2543 esse
373 2519 482 2551 panis.

332 2553 536 2586 -Ubi,videre
558 2559 652 2595 potes
675 2555 709 2585 in
731 2564 773 2585 eo
795 2554 886 2596 quod
908 2560 956 2586 est
977 2556 1068 2595 panis
1092 2561 1165 2586 ante
1184 2565 1352 2586 consecra-

288 2599 432 2638 tionem,
462 2598 636 2630 efficaciam
663 2599 779 2629 habere
810 2599 1101 2636 consecrationem,
1129 2609 1187 2630 seu
1210 2599 1350 2630 divinam

289 2643 469 2678 actionem,
494 2648 652 2683 quantum
677 2642 719 2674 ad
739 2643 806 2673 vim
828 2644 995 2684 utriusque
1014 2644 1161 2680 termini,
1190 2644 1310 2674 scilicet
1333 2654 1351 2674 a

289 2696 356 2728 quo
372 2692 416 2719 ret
438 2686 478 2718 ad
501 2696 617 2728 quem:
648 2687 804 2727 quoniam
833 2687 917 2718 actio
945 2688 1130 2718 conversiva
1160 2689 1295 2728 acquirit
1321 2689 1351 2719 ei

289 2731 380 2772 quod
407 2737 483 2763 erat.
502 2732 593 2772 panis
625 2741 693 2762 esse
717 2740 834 2772 corpus
857 2731 990 2767 Christi,
1021 2731 1238 2763 convertendo
1261 2732 1295 2763 id
1317 2733 1351 2763 in

289 2785 408 2816 corpus
431 2775 568 2811 Christi;
592 2781 624 2806 et
646 2775 687 2806 ad
701 2776 764 2806 hoc
780 2776 1015 2806 concomitatur
1031 2775 1207 2816 deperditio
1222 2777 1351 2807 termini

289 2829 308 2850 a
330 2829 408 2860 quo,
433 2819 512 2851 dum
535 2819 625 2860 quod
647 2819 742 2850 simul
766 2819 961 2850 convertitur
983 2825 1015 2850 et
1038 2829 1229 2851 conversum
1248 2826 1295 2851 est
1317 2822 1351 2851 in

289 2873 408 2905 corpus
422 2863 551 2900 Christi,
569 2864 684 2894 desinit
698 2873 767 2894 esse
781 2864 882 2904 panis.
906 2863 948 2894 Et
961 2864 1036 2894 hinc
1051 2864 1256 2905 suspiciendo
1273 2874 1351 2895 con-

289 2909 385 2948 iicete
406 2914 500 2949 potes
523 2907 614 2948 quod
631 2918 699 2938 non
715 2913 852 2948 oportet,
875 2913 1008 2948 propter
1021 2917 1140 2939 novam
1155 2909 1238 2939 hanc
1253 2909 1352 2940 actio-

289 2958 393 2989 new,
416 2953 631 2984 mutationem
664 2952 805 2993 aliquam
829 2952 918 2986 ,effici
947 2953 981 2982 in
1009 2953 1183 2983 substantia
1208 2953 1354 2993 corporis-

290 2996 422 3030 Christi:
447 2997 523 3038 quia
545 2996 636 3037 quod
658 3002 724 3027 erat
745 2998 836 3036 panis
860 2996 900 3027 de
917 3006 1006 3027 novo
1023 3002 1071 3027 est
1086 3005 1204 3037 corpus
1222 2997 1350 3033 Christi,
1369 3007 1372 3012 ·

289 3046 438 3082 noniper
456 3042 671 3072 mutationem
687 3042 830 3081 corporis
847 3041 973 3077 Christi,
997 3040 1053 3071 sed
1068 3047 1125 3081 per
1139 3042 1352 3072 mutationem

289 3085 381 3127 panis
399 3086 438 3116 in
461 3095 579 3126 corpus
602 3085 731 3116 Christi.
1108 3097 1112 3102 ·
1271 3098 1274 3101 ¹

341 3129 387 3161 Et
409 3128 448 3161 ad
471 3129 660 3170 ampliorem
683 3129 828 3160 fidelium
849 3129 1070 3160 intellectuum
1086 3129 1351 3167 consolationem,
1369 3148 1371 3150 -

290 3173 449 3206 habemus
459 3183 529 3205 non
539 3174 646 3204 solum
656 3173 760 3204 ¹dictas
770 3174 1006 3204 enuntiationes
1021 3174 1149 3204 noviter
1156 3183 1245 3205 veras
1261 3175 1352 3215 quasi

250 3236 252 3238 v
291 3227 325 3248 se
343 3223 491 3250 ‚tenentes
507 3227 553 3249 ex
570 3222 660 3258 parte
674 3219 782 3259 panis:
807 3217 863 3249 sed
878 3218 1032 3248 habemus
1048 3217 1280 3249 redundantem
1294 3228 1352 3250 seu

290 3261 496 3302 resultantem
518 3262 612 3293 aliam
634 3262 892 3303 propositionem
922 3263 1047 3293 noviter
1068 3271 1178 3293 veram
1201 3263 1292 3303 quasi
1314 3272 1353 3298 ex

290 3306 551 3347 partscorporis
569 3306 697 3337 Christi.
721 3306 778 3337 Est
801 3307 888 3337 enim
911 3306 950 3337 de
969 3316 1069 3337 novo<
1083 3315 1158 3337 vera
1180 3307 1269 3343 haee,
1292 3307 1352 3338 sci-

290 3350 382 3382 licet:
417 3350 544 3391 Corpus
569 3350 690 3381 Christi
716 3355 764 3382 est
785 3350 819 3381 id
839 3350 927 3392 quod
949 3355 1021 3381 erat
1037 3351 1145 3391 panis.
1179 3351 1247 3381 Nec
1270 3352 1353 3382 hanc

292 3395 544 3435 ego-somniavi,
567 3394 624 3426 sed

291 3439 472 3469 versionem
495 3439 674 3479 simplicem
697 3439 783 3470 illam
806 3440 971 3470 habemus.
1007 3440 1142 3470 Dicente
1165 3440 1252 3470 enim
1274 3439 1353 3470 Am-

292 3483 411 3519 brosio,
430 3482 527 3519 Quod
540 3484 720 3524 eratpanis
731 3489 783 3515 est
796 3492 915 3524 corpus
928 3483 1058 3520 Christi,
1074 3483 1208 3515 infertur
1227 3484 1353 3524 *optime

292 3527 609 3567 permmmtmem
623 3528 814 3568 simpiicem,
829 3528 923 3570 Ergo
939 3537 1058 3569 corpus
1071 3528 1191 3558 Christi
1203 3533 1254 3558 est
1266 3528 1354 3569 quod

293 3575 366 3601 erat
382 3570 490 3612 panis.
513 3571 555 3602 Et
577 3571 719 3602 similiter
742 3572 895 3612 sequitur,
919 3577 1154 3613 consequenter
1175 3571 1352 3612 loquendo,

432 3633 543 3658 Samma:
561 3633 664 3665 Tazor-
684 3634 716 3659 D.
728 3633 843 3659 'raons
861 3634 895 3659 T.
909 3634 951 3658 lx.

646 3404 685 3425 ex
699 3396 924 3436 propositione
938 3395 1003 3426 divi
1018 3395 1179 3426 Ambrosii
1202 3404 1261 3435 per
1275 3405 1353 3426 con*
1371 3415 1375 3418 -

2382 230 2452 277 169

1398 304 1487 344 quod
1510 314 1628 344 corpus
1649 304 1769 335 Christi
1791 311 1838 335 est
1859 306 1945 346 quod
1968 312 2038 337 erat
2061 308 2118 338 iste
2135 309 2242 348 panis.
2267 309 2342 346 Quo
2362 308 2397 339 fit
2419 315 2456 339 ut

1398 347 1615 378 admirabilem
1638 350 1803 379 veritatem
1826 359 1944 379 novam
1975 351 2007 380 in
2031 350 2147 381 Christi
2171 361 2305 391 corpore
2331 362 2369 382 ex
2392 353 2455 383 hoc

1399 397 1596 422 sacramento
1620 391 1784 422 fateamur.
1809 393 1891 423 Nam
1911 399 1983 424 ante
1998 395 2231 425 institutionem
2246 396 2340 426 huius
2356 406 2455 427 sacra-

1398 436 1507 471 menti,
1531 436 1590 466 ista
1612 441 1677 466 erat
1699 435 1785 472 falsa,
1813 437 1939 476 Corpus
1957 437 2077 468 Christi
2100 443 2146 468 est
2168 439 2253 479 quod
2269 445 2339 470 erat
2347 441 2455 480 panis,

1399 480 1474 519 quia
1497 489 1555 509 sua
1577 485 1766 510 convertens
1790 486 1855 510 erat
1874 480 1960 517 falsa,
1987 481 2083 517 Quod
2109 487 2180 512 erat
2196 483 2294 522 panis
2317 489 2363 514 est
2385 494 2456 514 cor-

1392 532 1458 563 pus
1483 523 1623 554 Christi:
1651 529 1725 563 post
1756 526 2030 555 consecrationem
2053 535 2128 556 vero
2161 527 2302 566 corporis
2330 527 2455 563 Christi,

1399 566 1528 597 fuerunt
1552 568 1663 598 ambae
1686 577 1788 598 verae.
1823 568 1864 598 Et
1886 569 2028 599 similiter
2050 570 2083 599 in
2108 570 2247 609 qualibet
2270 579 2351 610 quae
2376 580 2456 610 quo-

1399 610 1475 641 tidie
1492 610 1527 641 fit
1546 612 1785 642 consecratione
1806 612 1928 642 hostiae
1944 613 1977 642 in
1993 613 2097 649 missa,
2111 614 2350 644 consecratione
2366 614 2456 651 facta,

1400 655 1511 685 ambae
1534 656 1610 686 istae
1633 656 1758 686 noviter
1781 661 1855 686 sunt
1877 665 1980 692 verae,
2007 656 2102 693 Quod
2121 662 2193 687 erat
2214 658 2272 688 iste
2291 659 2390 698 panis
2413 664 2459 689 est

1399 708 1516 739 corpus
1531 699 1659 735 Christi,
1677 700 1717 736 et,
1733 700 1860 740 Corpus
1874 700 1994 731 Christi
2005 706 2053 731 est
2066 701 2153 742 quod
2168 707 2239 732 erat
2253 702 2311 732 iste
2320 703 2458 742 panis.—

1399 743 1467 773 Nec
1492 753 1624 783 quaeras
1640 754 1658 774 a
1672 753 1725 774 me
1748 744 1933 774 ulteriorem
1948 744 2083 775 modum
2099 746 2258 786 quomodo
2271 746 2339 786 fiat
2354 746 2458 777 istud:

1399 787 1455 817 sed
1478 788 1551 818 satis
1575 788 1623 823 sit,
1648 789 1813 828 supposita
1835 798 1928 819 verae
1951 789 2290 820 transubstantiationis
2306 789 2378 826 fide,
2395 800 2458 830 qua

1399 831 1490 871 panis
1516 832 1550 862 in
1574 841 1691 872 corpus
1715 832 1832 862 Christi
1855 833 2060 864 immutatum
2089 839 2245 870 mutatur,
2269 834 2375 864 videre
2398 844 2458 865 nos

1399 876 1563 906 veritatem
1587 875 1743 906 dictarum
1768 877 2034 907 enuntiationum.

1455 919 1509 950 VI.
1534 920 1581 950 Ex
1604 921 1652 950 his
1676 926 1784 951 autem
1811 920 1851 951 ad
1874 921 1962 952 Scoti
1985 922 2141 952 rationem
2169 927 2279 952 contra
2301 923 2459 963 possibili-

1400 969 1498 994 tatem
1513 964 1608 995 huius
1624 965 1841 995 conversionis
1857 966 1884 1001 *,
1909 965 2023 996 dicitur
2039 972 2262 1006 argumentum
2277 976 2459 1007 supponere
2486 971 2495 981 ¹
2515 970 2588 1002 ῌυεψ
2599 976 2638 998 ¹¹¹,
2651 971 2699 992 Ar-

1401 1007 1533 1044 falsum,
1557 1009 1693 1045 scilicet,
1727 1018 1844 1049 corpus
1872 1009 1989 1040 Christi
2023 1010 2167 1040 absolute
2194 1020 2261 1041 esse
2287 1011 2459 1041 terminum
2485 999 2540 1024 ἕω
2551 998 2632 1025 '‘¹¹²⁴''

1401 1053 1534 1083 actionis
1557 1063 1614 1084 seu
1636 1054 1821 1083 mutationis
1845 1054 1949 1084 huius.
1974 1054 2177 1084 Terminatur
2200 1055 2285 1085 enim
2308 1060 2373 1085 tam
2388 1065 2460 1086 mu—

1400 1098 1478 1127 tatio
1502 1106 1599 1137 quam
1623 1098 1706 1128 actio
1729 1103 1765 1127 ut
1789 1097 1828 1128 ad
1850 1099 2023 1128 terminum
2047 1098 2086 1128 ad
2107 1108 2205 1138 quem
2229 1104 2260 1129 et
2279 1099 2334 1140 qui
2358 1098 2403 1135 fit,
2420 1099 2460 1130 ad

1400 1141 1461 1171 hoc
1487 1141 1574 1182 quod
1597 1147 1668 1172 erat
1690 1142 1789 1182 panis
1816 1151 1884 1172 esse
1905 1151 2023 1182 corpus
2047 1142 2176 1173 Christi.
2211 1143 2284 1173 Hoc
2308 1144 2393 1174 enlm
2420 1143 2459 1174 de

1400 1194 1487 1215 novo
1511 1185 1547 1216 fit
1570 1191 1601 1216 et
1625 1191 1670 1216 est
1693 1195 1750 1226 per
1776 1187 1936 1216 actionem
1957 1187 2050 1216 istam
2074 1187 2290 1217 conversivam
2313 1188 2403 1227 panis
2426 1188 2460 1218 in

1402 1239 1518 1270 corpus
1542 1229 1668 1260 Christi.
1704 1229 1812 1266 Unde,
1836 1240 1987 1261 concessa
2009 1231 2144 1267 maiore,
2169 1230 2208 1261 ad
2230 1232 2389 1262 minorem
2413 1231 2459 1262 di-

1402 1273 1541 1304 cendum
1557 1279 1604 1304 est
1622 1274 1711 1314 quod
1726 1274 1809 1304 male
1825 1275 1956 1305 assumit
1971 1281 2026 1305 aut
2041 1276 2194 1315 supponit
2209 1285 2326 1315 corpus
2342 1275 2460 1306 Christi

1401 1318 1546 1349 absolute
1570 1327 1637 1349 esse
1660 1319 1833 1349 terminum
1857 1319 2000 1355 actionis,
2018 1325 2053 1349 ut
2075 1324 2162 1359 patet
2177 1329 2215 1350 ex
2231 1319 2330 1350 dictis.
2346 1338 2369 1342 —
2391 1320 2460 1350 Nec

1401 1362 1505 1393 obstat
1528 1362 1618 1402 quod
1641 1363 1823 1403 saepissime
1839 1362 1963 1399 dicitur,
1981 1369 2011 1393 et
2027 1364 2179 1403 repetitur
2193 1362 2354 1399 infinities‚
2371 1364 2460 1404 quod

1401 1407 1479 1437 haec
1503 1407 1670 1437 conversio
1693 1407 1788 1437 habet
1802 1416 1919 1447 panem
1940 1416 1999 1447 pro
2015 1408 2152 1438 termino
2169 1417 2186 1437 a
2202 1417 2279 1447 quo,
2297 1413 2327 1438 et
2343 1417 2460 1448 corpus

1402 1450 1520 1481 Christi
1542 1460 1602 1491 pro
1626 1451 1764 1481 termino
1788 1450 1828 1481 ad
1851 1460 1965 1491 quem:
1995 1452 2149 1491 quoniam
2179 1452 2338 1482 brevitatis
2365 1461 2460 1482 causa

1385 1495 1460 1525 'hos
1483 1495 1636 1525 terminos
1659 1495 1803 1525 absolute
1825 1495 2027 1535 proferimus,
2050 1505 2122 1526 cum
2136 1505 2244 1536 grano
2262 1501 2366 1526 tamen
2382 1496 2461 1526 salis

1401 1539 1440 1568 ab
1465 1538 1594 1569 eruditis
1617 1538 1850 1578 intelligendos,
1874 1544 1910 1569 ut
1933 1540 2150 1579 exposuimus.

1455 1581 1508 1612 Ad
1529 1583 1687 1612 rationem
1710 1582 1798 1613 Scoti
1821 1592 1880 1622 pro
1903 1583 2234 1614 transubstantiatione
2254 1583 2421 1614 adductiva
2432 1585 2459 1621 ’ζ
2487 1584 2700 1632 {lma-'‘gastr-

1402 1625 1495 1656 facile
1525 1625 1735 1666 respondetur
1768 1625 1916 1666 negando
1946 1628 2116 1657 minorem.
2149 1627 2314 1665 Quoniam
2344 1637 2461 1668 corpus
2638 1626 2645 1633 ‘

1403 1669 1520 1700 Christi
1543 1670 1684 1700 succedit
1706 1671 1782 1710 pani
1813 1675 1844 1700 et
1866 1670 2044 1701 secundum
2069 1681 2135 1701 esse
2159 1671 2357 1711 simpliciter,
2382 1671 2462 1702 idest

1402 1714 1616 1750 substantiale,
1641 1719 1671 1744 et
1694 1713 1872 1744 secundum
1896 1723 1963 1744 esse
1987 1715 2048 1750 hic,
2073 1715 2153 1745 idest
2171 1716 2230 1745 sub
2246 1715 2461 1746 accidentibus

1402 1759 1503 1798 panis.
1535 1757 1598 1788 Sed
1620 1766 1688 1788 non
1711 1763 1758 1788 est
1781 1758 1898 1788 mirum
1929 1758 1968 1788 de
1992 1764 2152 1799 arguente.
2184 1759 2364 1797 Quoniam,
2395 1760 2463 1790 sola

1402 1811 1483 1832 voce
1507 1801 1616 1832 dicens
1632 1802 1876 1832 conversionem
1895 1803 2086 1833 substantiae
2101 1803 2192 1843 panis
2207 1804 2241 1833 in
2256 1804 2462 1834 substantiam

1403 1846 1546 1886 corporis
1563 1845 1690 1882 Christi,
1713 1851 1948 1886 consequenter
1963 1848 2094 1877 assumit
2109 1847 2198 1887 quod
2213 1857 2330 1887 corpus
2346 1847 2463 1878 Christi

1402 1899 1470 1920 non
1494 1889 1636 1920 succedit
1650 1890 1726 1930 pani
1742 1890 1920 1920 secundum
1938 1900 2004 1921 esse
2020 1891 2222 1931 simpliciter:
2248 1901 2333 1928 cum,
2350 1902 2463 1922 secun-

1403 1933 1482 1965 dum
1503 1935 1678 1970 veritatem,
1703 1935 1877 1965 substantia
1893 1935 2035 1975 corporis
2052 1935 2169 1966 Christi
2184 1936 2223 1966 sit
2238 1935 2271 1966 id
2294 1935 2383 1976 quod
2399 1942 2464 1967 erat

1402 1979 1503 2018 panis,
1529 1983 1560 2008 et
1582 1987 1639 2018 per
1661 1979 1724 2008 hoc
1748 1979 1787 2008 sit
1809 1979 1865 2009 ubi
1890 1985 1955 2009 erat
1977 1980 2077 2019 panis,
2100 1979 2191 2015 idest,
2208 1981 2389 2010 continetur
2404 1981 2462 2011 sub

1403 2021 1618 2053 accidentibus
1650 2032 1732 2063 quae
1763 2023 1970 2053 continebant
1996 2033 2131 2064 panem;
2158 2029 2195 2054 ut
2218 2033 2311 2064 saepe
2334 2024 2464 2055 inducta

1403 2066 1568 2097 decretalis
1590 2067 1824 2103 Lateranensis‚
1850 2077 1925 2098 cum
1949 2067 2092 2098 doctrina
2115 2067 2254 2099 Concilii
2277 2068 2462 2105 Florenfini,

1403 2116 1535 2141 testatur
1549 2112 1576 2141 ³²-
2221 2107 2236 2116 ·
2490 2107 2703 2156 sacrasa-

1458 2155 1525 2186 VII.
1550 2155 1618 2186 Nec
1634 2156 1738 2186 obstat
1753 2155 1844 2186 dictis
1860 2155 1949 2196 quod
1963 2156 2096 2192 Auctor,
2113 2157 2146 2186 in
2162 2156 2205 2186 IV
2220 2156 2318 2192 Sent„
2342 2156 2412 2187 dist.
2421 2167 2462 2194 xx,
2490 2166 2536 2182 vm·
2694 2150 2702 2162 ’

1404 2208 1458 2239 qu.
1472 2210 1493 2236 1,
1510 2205 1565 2230 art.
1578 2209 1610 2239 4,
1634 2199 1759 2230 videtur
1774 2200 1880 2230 locare
1895 2200 2080 2231 huiusmodi
2096 2201 2332 2241 propositiones
2348 2202 2464 2241 quibus

1403 2245 1453 2274 usi
1475 2254 1597 2280 sumus,
1621 2244 1703 2274 inter
1725 2245 1924 2284 improprias.
1957 2245 2040 2275 Nam
2064 2244 2233 2285 dupliciter
2255 2251 2361 2285 potest
2382 2245 2464 2276 iudi-

1404 2289 1467 2319 cari
1484 2294 1515 2319 et
1530 2289 1701 2319 examinari
1724 2289 1903 2329 propositio
1918 2289 1987 2325 ista,
2006 2288 2102 2325 Quod
2124 2294 2195 2319 erat
2211 2290 2309 2329 panis
2332 2294 2379 2320 est
2393 2299 2464 2320 cor-

1397 2343 1463 2374 pus
1481 2333 1622 2364 Christi:
1643 2334 1759 2373 primo,
1776 2332 1815 2363 ad
1839 2332 2076 2373 exprimendam
2100 2334 2343 2364 conversionem
2365 2334 2464 2371 hanc3

1404 2376 1558 2413 secundo,
1583 2377 1623 2407 ad
1639 2376 1883 2417 exprimendum
1899 2378 2117 2408 conversionis
2132 2378 2226 2408 huius
2241 2379 2388 2418 proprios
2404 2384 2465 2408 ter-

1403 2422 1520 2452 minos.
1552 2422 1592 2452 Et
1615 2422 1641 2451 si
1664 2421 1796 2461 quidem
1819 2421 1859 2451 ad
1883 2421 2121 2461 exprimendam
2147 2422 2359 2452 mutationem
2383 2432 2465 2462 quae

1405 2471 1452 2497 est
1479 2466 1647 2497 conversio
1676 2470 1868 2502 assumatur,
1892 2465 1973 2496 infra
1996 2465 2194 2496 latitudinem
2216 2466 2340 2506 generis
2362 2472 2466 2496 muta-

1404 2507 1500 2541 tionis
1522 2509 1728 2550 intelligenda
1751 2515 1807 2540 est.
1831 2510 1873 2540 Et
1895 2515 2064 2550 propterea
2087 2510 2119 2551 ly
2138 2510 2224 2551 quod
2247 2515 2339 2540 sonat
2361 2511 2466 2541 subie-

1405 2560 1494 2585 ctum
1515 2564 1620 2585 unum
1644 2559 1675 2584 et
1697 2553 1783 2584 idem
1806 2555 1865 2584 sub
1889 2554 2016 2584 duobus
2039 2555 2216 2585 successive
2238 2555 2389 2591 terminis,
2407 2555 2466 2585 sci-

1404 2599 1479 2630 licet
1501 2608 1584 2639 pane
1609 2604 1640 2629 et
1663 2605 1798 2639 corpore
1816 2598 1942 2635 Christi,
1962 2608 2101 2629 manere.
2127 2598 2226 2636 Quod
2248 2599 2282 2629 in
2298 2600 2465 2639 proposito

1404 2653 1472 2674 non
1494 2643 1555 2674 nisi
1578 2643 1813 2683 metaphorice,
1841 2648 1895 2673 aut
1918 2643 2040 2673 ratione
2064 2642 2277 2673 accidentium
2300 2653 2466 2674 remanen-

1405 2688 1496 2724 tium,
1513 2687 1707 2718 verificatur-2·
1726 2687 1767 2717 Et
1790 2687 1835 2717 sic
1854 2688 1892 2717 ab
1911 2687 2053 2717 Auctore
2076 2688 2158 2717 inter
2172 2688 2361 2728 improprias
2377 2697 2466 2718 com-

1405 2737 1535 2772 putatur
1557 2731 1677 2762 ibidem
1692 2733 1720 2767 *,
1743 2731 1800 2761 ubi
1823 2731 1862 2762 de
1887 2732 2096 2762 conversione
2119 2731 2271 2771 loquitur.

1461 2777 1494 2807 Si
1516 2786 1593 2807 vero
1616 2777 1695 2806 haec
1718 2776 1898 2816 propositio
1922 2775 1961 2806 ad
1978 2775 2201 2816 exprimendos
2219 2776 2372 2806 terminos
2388 2785 2466 2806 con-

1405 2821 1559 2851 versionis
1582 2821 1677 2851 huius
1702 2825 1888 2856 assumatur,
1912 2825 1990 2850 tunc
2013 2821 2191 2860 propositio
2216 2825 2263 2850 est
2285 2825 2316 2850 et
2338 2829 2412 2850 vera
2435 2825 2466 2850 et

1404 2866 1543 2905 propria.
1568 2865 1609 2895 Et
1632 2864 1722 2905 quod
1745 2865 1784 2894 sit
1807 2874 1889 2900 vera,
1914 2869 2000 2904 patet
2023 2874 2061 2894 ex
2083 2865 2151 2904 ipsa
2172 2865 2239 2894 eius
2256 2864 2464 2904 expositione,

1406 2918 1470 2949 qua
1492 2910 1616 2940 Auctor
1639 2918 1710 2939 eam
1733 2909 1787 2944 ibi,
1811 2909 1845 2938 in
1866 2909 2075 2948 responsione
2098 2907 2138 2938 ad
2159 2908 2310 2948 primum,
2335 2908 2466 2947 exponit

1406 2953 1446 2984 de
1468 2954 1544 2994 ipsis
1567 2954 1719 2989 terminis,
1745 2953 1869 2983 dicens:
1900 2953 2033 2983 Verbum
2053 2952 2214 2983 Ambrosii
2236 2957 2283 2982 est
2304 2961 2465 2991 exponen·

1405 2997 1491 3034 dum,
1511 3011 1526 3024 α
1543 2997 1646 3034 Quod
1662 3002 1734 3028 erat
1742 2997 1841 3037 panis
1857 3001 1903 3027 est
1917 3006 2035 3037 corpus
2053 2996 2172 3026 Christi
2186 3009 2213 3032 »‚
2231 2995 2318 3031 idest,
2339 3007 2352 3021 «
2371 2995 2466 3032 Quod

1406 3047 1453 3073 est
1466 3042 1524 3073 sub
1539 3042 1705 3083 speciebus¹
1709 3041 1818 3082 panis,
1836 3041 1945 3082 primo
1960 3041 2034 3082 suit
2041 3040 2150 3080 panis,
2174 3045 2205 3070 et
2218 3044 2332 3080 postea
2348 3049 2466 3080 corpus

2493 2734 2504 2743 ·
2518 2731 2571 2759 Qu¹
2586 2739 2605 2754 ι.

1409 3086 1562 3117 Chri-sti'»
1575 3094 1586 3116 :
1614 3087 1671 3117 ubi
1694 3085 1782 3116 vides
1804 3086 1980 3116 Auctorem
2004 3083 2195 3125 exponendo
2219 3093 2355 3114 asserere
2378 3083 2417 3114 de
2433 3083 2466 3124 ly

1405 3130 1493 3171 quod
1517 3135 1567 3162 est
1586 3130 1644 3161 sub
1667 3130 1771 3171 specie
1798 3130 1896 3170 panis
1928 3129 2015 3169 prius
2038 3128 2134 3159 fuisse
2157 3137 2274 3168 panem
2301 3133 2332 3158 et
2354 3133 2466 3168 postea

1407 3184 1524 3215 corpus
1548 3174 1680 3211 Christi;
1710 3174 1789 3204 nihil
1815 3174 1900 3204 enim
1923 3172 2009 3203 aliud
2031 3172 2186 3212 significat
2207 3172 2369 3203 Ambrosii
2391 3181 2466 3212 pro-

1405 3220 1535 3259 positio,
1561 3219 1600 3250 de
1616 3219 1758 3250 terminis
1775 3217 1992 3248 conversionis
2011 3216 2179 3251 intellecta,
2204 3215 2351 3252 dicendo,
2371 3215 2467 3252 Quod

1407 3268 1479 3294 erat
1494 3263 1609 3304 panis,
1627 3268 1675 3294 est
1696 3272 1814 3303 corpus
1839 3261 1967 3297 Christi,
1990 3267 2027 3292 ut
2048 3266 2136 3301 patet
2153 3261 2299 3291 intuenti.
2322 3279 2345 3282 -
2367 3259 2466 3298 Quod

1391 3313 1515 3338 ¹autem
1537 3308 1576 3338 sit
1599 3308 1738 3348 propria,
1755 3312 1787 3337 et
1802 3306 1876 3336 hinc
1892 3310 1988 3346 patet,
2005 3305 2080 3346 quia
2096 3305 2251 3345 expositio
2271 3305 2309 3334 ab
2325 3304 2466 3334 Auctore

1407 3351 1479 3383 data
1502 3357 1549 3382 est
1571 3352 1715 3392 propria:
1750 3356 1782 3381 et
1805 3360 1842 3381 ex
1866 3351 1987 3380 ratione
2017 3350 2178 3390 probatur.
2219 3348 2304 3386 Quia
2326 3348 2358 3389 ly
2381 3346 2468 3388 quod

1407 3401 1454 3427 est
1476 3396 1644 3426 relativum
1666 3395 1837 3426 identitatis
1860 3394 2068 3430 substantiae,
2099 3399 2130 3423 et
2153 3392 2344 3423 sufficienter
2373 3390 2467 3422 refert

1407 3439 1542 3471 eandem
1571 3440 1778 3471 substantiam
1809 3437 1975 3469 referendo
2004 3437 2211 3468 substantiam
2235 3435 2368 3466 eandem
2398 3435 2466 3465 sine

1407 3478 1568 3525 qualitate.
1607 3483 1659 3515 Sic
1690 3484 1776 3514 enirn
1807 3482 1964 3522 contingit
1993 3482 2026 3512 in
2056 3481 2240 3522 proposito:
2271 3479 2350 3510 illud
2380 3479 2466 3509 enim
2485 3482 2498 3490 ·²

1406 3527 1493 3559 idem
1516 3528 1610 3559 refert
1633 3527 1666 3568 ly
1684 3526 1770 3568 quod
1793 3526 1929 3557 dicendo
1956 3525 2052 3561 Quod
2074 3530 2146 3555 erat
2160 3524 2259 3564 panis
2282 3528 2329 3553 est
2350 3521 2467 3562 corpus

1410 3573 1539 3608 Christi,
1569 3571 1657 3612 quod
1681 3570 1914 3601 demonstratur
1937 3579 1993 3609 per
2016 3569 2047 3609 ly
2070 3569 2131 3599 hoc
2153 3567 2299 3602 dicendo,
2323 3566 2398 3596 Hoc
2421 3571 2468 3596 est

2293 3635 2323 3652 22
