2878 4088
135 342 347 368 ‘Matth.cap.xxm,

135 374 194 389 vers.
225 373 260 390 ης
291 366 346 387 Luc.

136 400 186 422 cap.
195 399 240 419 xiv,
247 399 317 415 versa
324 400 331 414 ι
342 399 346 417 ;

135 427 188 448 cap.
206 426 271 447 xvui,
287 425 344 440 vers.

136 454 210 495 μᾸι-ῐ.
227 471 330 500 praeced.

136 691 145 701 '
161 689 259 711 Aristar.
271 688 346 709 Ethic.

135 716 176 737 lib.
191 715 230 742 111,
246 720 272 736 ca
290 730 295 736 .
312 720 345 740 ιιι,

137 749 160 764 n.
181 748 211 764 ια.
233 753 243 758 -
281 757 286 763 .
301 741 346 762 Th.

136 770 187 790 lect.
203 774 248 789 viu.

137 797 145 807 ·
160 795 240 817 Matth.
259 800 309 822 cap.
325 800 346 820 v,

135 828 194 843 vers.
201 827 213 849 3
220 828 225 847 ς
235 821 290 843 Luc.
297 827 347 848 cap.

135 855 166 874 vr.
182 854 241 870 vers.
256 854 294 869 zo.

137 957 145 967 ·
153 955 230 977 Matth.
240 960 291 981 cap.
299 960 347 979 xix,

135 988 194 1003 vers.
216 987 251 1008 27,
265 981 301 1002 28.

135 1045 144 1056 ⁸
160 1044 216 1071 Cap.
232 1049 253 1064 v.

137 1490 146 1499 ·
165 1487 200 1510 ef.
222 1494 243 1509 a.
261 1487 346 1509 Bonav.

137 1514 169 1536 lV
192 1514 271 1541 Sent.,
293 1513 347 1535 dist.

137 1547 206 1568 nvn,
213 1545 254 1562 art.
263 1546 348 1568 1,qu.¹.

137 1577 146 1585 ¹
162 1573 196 1596 Cf.
213 1573 268 1596 ibid.

139 1802 147 1811 ·
162 1800 228 1822 νει-ε.
245 1807 279 1827 ¹4·
290 1812 300 1817 -
311 1799 349 1822 Cf.

138 1827 218 1849 Matth.
234 1833 285 1854 cup.
299 1832 350 1852 1111,

138 1859 197 1875 vers.
220 1859 257 1880 22;
280 1853 351 1875 Marc.

137 1885 188 1907 cap.
205 1886 236 1907 iv,
245 1886 306 1902 vern.
317 1886 349 1907 ¹9·

139 2288 150 2297 ·
164 2285 200 2308 Cf.
216 2289 257 2308 art.
274 2291 349 2313 praec.

142 2731 152 2740 ·
175 2727 214 2750 Ad
237 2727 352 2755 Philipp„

143 2754 353 2808 φιξὶίἶιὸιῖξτῗιιῗζ

142 2813 238 2855 :mags
248 2839 282 2856 ιι.
293 2845 303 2849 -
316 2833 352 2855 es.

143 2860 353 2918 {5325333533‘3

144 2913 177 2935 ad
185 2913 293 2941 Philipp„
302 2919 352 2940 cap.

143 2946 299 2993 &ciffi-{i
322 2939 355 2993 ,5¹3

143 2999 203 3014 vere.
217 2992 239 3014 8.

144 3430 156 3440 ·
172 3428 238 3451 νει-ε.
253 3434 286 3457 3¹.

971 207 1235 254 QUAESTIO
1263 204 1472 250 LXXXIX,
1499 202 1792 239 ARTICULUS
1821 203 1878 247 Ill,
1899 202 1949 238 IV

1549 291 1578 311 2.
1603 281 1800 316 Pani-enan,
1817 281 2007 321 angelorum
2023 280 2151 312 ordines
2174 281 2307 312 nomina
2331 283 2506 313 sortiuntur
2522 292 2558 312 ex

1492 325 1600 356 officio
1625 324 1716 367 quod
1738 330 1885 356 exercent
1900 326 1927 355 ’ἦ
1953 325 2016 356 Sed
2039 324 2171 365 quidam
2196 325 2277 356 ordo
2301 326 2489 366 angelorum
2514 333 2560 357 est

430 377 550 412 Tertio,
576 376 651 416 quia
674 380 842 416 paupertas
866 375 1006 416 disponit
1025 375 1064 405 ad
1080 373 1278 415 praedictum
1301 370 1436 402 modum
1492 370 1572 401 ordo
1597 369 1824 400 Thronorum:
1856 369 1946 410 quod
1968 369 2094 400 videtur
2117 370 2276 410 pertinere
2301 369 2340 400 ad
2363 370 2559 401 iudiciariam

374 420 545 451 iudicandi.
570 420 617 450 Ex
633 420 695 450 hoc
712 421 799 450 enim
814 420 928 460 aliquis
944 425 1127 450 sanctorum
1143 417 1283 448 iudicare
1304 416 1436 450 dicetur,
1491 419 1682 455 potestatem
1698 414 1733 450 *;
1758 414 1893 444 thronus
1909 414 1996 444 enim
2017 419 2063 444 est
2078 413 2169 445 sedes
2184 413 2309 450 iudicis,
2327 415 2445 445 solium
2468 416 2559 456 regis,

375 471 410 495 ut
427 475 464 495 ex
481 465 570 495 dictis
586 465 602 481 ⁴*
626 470 722 504 patet,
741 465 816 504 quia
832 474 888 495 cor
903 465 1030 494 habebit
1054 462 1206 493 edoctum
1226 460 1315 491 omni
1332 459 1437 490 divina
1457 466 1465 486 ς
1492 459 1645 489 cathedra
1670 458 1810 489 doctoris
1826 459 1853 488 *.
1878 458 1964 498 Ergo
1989 459 2088 498 aliqui
2112 458 2216 498 angeli
2238 458 2436 489 iudicabunt.

374 510 513 545 veritate,
537 518 635 549 quam
659 509 727 539 aliis
750 515 866 548 potens
890 509 947 539 erit
973 507 1184 538 manifestare.
1209 505 1244 535 In
1267 512 1437 544 progressu
1550 503 1579 534 3.
1603 503 1800 539 Paruimus,
1818 504 1934 533 sanctis
1950 508 2024 543 post
2039 503 2122 534 hanc
2137 503 2235 533 vitam
2254 503 2452 543 promittitur
2466 513 2562 544 ange—

375 559 482 584 autem
498 553 538 584 ad
552 552 784 593 perfectionem
799 554 939 593 primum
957 551 1045 592 quod
1061 548 1308 590 relinquendum
1326 556 1438 578 occur·
1493 548 1600 578 lorum
1630 547 1802 588 aequalitas
1814 571 1821 583 ‚
1851 547 1964 578 Matth.
1989 557 2052 578 xxn
2068 548 2094 578 *ἃ
2129 547 2162 578 Si
2193 557 2269 587 ergo
2299 548 2448 578 homines
2479 548 2562 578 hanc

374 598 423 634 rit,
440 603 514 628 sunt
530 599 700 628 exteriores
723 597 869 628 divitiae:
895 598 969 637 quia
992 597 1070 626 haec
1093 600 1167 624 sunt
1190 593 1305 623 ultimo
1329 592 1438 631 acqui·
1493 593 1658 623 habebunt
1681 597 1873 632 potestatem
1897 597 1933 622 ut
1955 592 2108 628 iudicent,
2132 592 2237 622 multo
2261 591 2374 622 fortius
2398 597 2430 622 et
2448 593 2561 632 angeli.

374 643 449 679 sita;
473 642 560 683 quod
582 647 691 672 autem
715 642 861 672 ultimum
881 646 927 671 est
945 641 977 670 in
992 639 1214 681 generatione,
1231 642 1278 668 est
1294 637 1438 676 primum
1549 636 1612 667 Ser>
1637 647 1777 672 CONTRA,
1803 637 1889 667 loan.
1913 647 1934 667 v
1949 637 1984 666 *ε
2017 637 2210 667 Potestatem
2241 636 2329 667 dedit
2357 636 2387 667 ei
2410 636 2563 667 iudicium

375 687 408 716 in
432 686 649 717 destructione
664 687 690 716 ἢ
725 686 818 717 Unde
842 691 872 715 et
895 686 975 715 inter
1001 682 1226 717 beatitudines,
1252 681 1368 721 quibus
1392 685 1439 710 est
1455 682 1605 723 :efacere
1628 681 1703 722 quia
1728 681 1832 712 Filius
1854 681 1994 712 hominis
2017 686 2072 712 est.
2111 680 2174 712 Sed
2197 681 2301 721 angeli
2324 690 2392 711 non
2416 690 2564 712 commu-

375 740 560 771 progressus
577 731 616 761 ad
632 730 872 771 perfectionem,
889 729 991 769 prima
1010 728 1141 768 ponitur
1161 731 1331 767 paupertas
1347 726 1374 755 ’ἦ
1398 724 1440 755 Et
1493 727 1602 756 nicant
1616 726 1650 756 in
1666 726 1807 756 humana
1830 731 1952 756 natura.
1977 726 2063 766 Ergo
2082 735 2143 756 nec
2158 726 2191 756 in
2207 725 2371 756 iudiciaria
2394 731 2562 766 potestate.

375 776 420 805 sic
435 776 614 815 paupertati
637 774 809 815 respondet
831 773 993 804 iudiciaria
1016 777 1167 812 potestas,
1183 772 1377 811 inquantum
1393 774 1440 799 est
1552 780 1580 800 2.
1605 770 1808 806 Praemium,
1833 780 1900 800 non
1925 775 1971 801 est
1987 769 2131 800 eiusdem
2154 769 2294 800 iudicare
2310 775 2341 800 et
2365 779 2433 801 esse
2450 769 2564 801 iudicis

375 820 477 860 prima
501 819 666 859 dispositio
691 818 729 849 ad
753 823 943 858 potestatem
967 815 1170 857 praedictam.
1194 834 1216 838 -
1239 816 1281 846 Et
1296 815 1371 845 hinc
1393 819 1440 844 est
1494 815 1686 845 ministrum.
1711 814 1774 845 Sed
1804 815 1908 855 angeli
1932 820 2025 845 erunt
2054 815 2088 845 in
2111 814 2232 845 iudicio
2255 815 2311 845 illo
2343 820 2379 845 ut
2410 815 2562 845 ministri:

376 863 466 904 quod
495 873 562 894 non
593 864 851 903 quibuscumque
882 861 1093 902 pauperibus,
1119 861 1214 891 etiarn
1244 859 1437 892 voluntarie,
1493 865 1530 890 ut
1553 859 1668 890 dicitur
1691 859 1803 889 Matth.
1820 869 1874 889 x111
1890 860 1923 889 *z
1949 860 2057 890 Mitte!
2078 859 2183 890 Filius
2205 859 2345 890 hominis
2368 859 2515 901 angelos,
2535 863 2566 889 et

375 908 606 948 repromittitur
628 912 768 947 potestas
786 906 962 947 praedicta:
988 904 1043 935 sed
1059 905 1120 935 illis
1137 905 1204 945 qui,
1222 904 1439 944 relinquentes
1454 914 1476 934 ις
1494 904 1650 945 colligent
1664 904 1703 934 de
1727 913 1830 945 regno
1854 904 1923 934 eius
1940 904 2049 934 omnia
2071 903 2238 934 scandala.
2263 904 2349 944 Ergo
2371 903 2474 944 angeli
2496 913 2564 934 non

376 952 494 987 omnia,
507 956 685 992 sequuntur
699 951 860 981 Christum
872 951 888 967 ὅ*
905 950 1083 980 secundum
1099 949 1333 989 perfectionem
1345 948 1437 978 vitae.
1493 948 1691 979 iudicabunt.

429 996 479 1026 An
504 1005 619 1025 ramum
636 1005 718 1025 aneo
742 1005 901 1025 memnon
918 994 1017 1034 quod,
1035 994 1117 1024 sicut
1132 993 1332 1033 Augustinus
1351 991 1437 1027 dicit,
1548 993 1739 1023 Respommo
1752 1002 1912 1023 nrcanntm
1925 992 2015 1033 quod
2027 1002 2199 1023 assessores
2211 992 2324 1024 iudicis
2337 991 2455 1023 debent
2466 992 2564 1024 iudici

374 1040 432 1070 XX
455 1039 494 1070 de
519 1039 587 1070 Civ.
611 1039 674 1069 Dei
689 1040 721 1069 *z
747 1039 831 1074 Nec,
855 1040 1009 1079 quoniam
1031 1048 1130 1078 super
1159 1037 1327 1068 duodecim
1349 1035 1440 1066 sedes
1495 1046 1563 1067 esse
1587 1037 1780 1067 conformes.
1799 1037 1956 1067 Iudicium
1980 1043 2088 1068 autem
2109 1037 2191 1068 Filio
2216 1038 2396 1068 attribuitur
2417 1038 2493 1078 quia
2516 1047 2564 1068 se-

372 1093 517 1114 sessuros
540 1093 607 1114 esse
630 1084 685 1119 ait,
710 1083 877 1114 duodecim
900 1084 988 1114 solos
1010 1083 1155 1113 homines
1178 1092 1250 1112 cum
1274 1081 1332 1111 illo
1357 1079 1438 1110 iudi·
1494 1080 1638 1111 cundum
1662 1081 1836 1111 humanam
1859 1086 2006 1112 naturam
2022 1082 2173 1112 omnibus
2197 1082 2370 1122 apparebit,
2389 1087 2455 1112 tam
2470 1082 2564 1113 bonis

373 1133 504 1159 caturos
513 1133 634 1168 putare
649 1128 814 1158 debemus:
829 1128 985 1168 alioquin,
998 1127 1152 1168 quoniam
1169 1127 1201 1157 in
1219 1126 1325 1156 locum
1337 1124 1440 1155 Iudae
1453 1134 1480 1149 ²⁰
1495 1134 1593 1165 quam
1609 1125 1716 1155 malis:
1735 1126 1880 1166 quamvis
1896 1131 1964 1156 tota
1976 1126 2114 1156 Trinitas
2130 1125 2250 1156 iudicet
2260 1135 2318 1166 per
2329 1127 2562 1157 auctoritatem.

367 1172 549 1214 proditoris
560 1172 749 1213 Apostolum
762 1173 934 1203 Matthiam
947 1172 1084 1214 legimus
1097 1171 1294 1206 ordinatum,
1306 1169 1438 1204 PauluS,
1494 1170 1535 1200 Et
1550 1169 1625 1200 ideo
1642 1170 1737 1200 etiam
1754 1175 1883 1210 oportet
1898 1175 1934 1200 ut
1949 1179 2121 1200 assessores
2143 1170 2257 1201 iudicis
2279 1171 2456 1201 humanam
2470 1176 2564 1202 natu-

372 1218 428 1258 qui
436 1217 514 1257 plus
530 1217 604 1247 aliis
620 1217 790 1253 laboravit,
809 1217 861 1247 ubi
880 1217 924 1247 ad
939 1216 1147 1247 iudicandum
1170 1215 1279 1246 sedeat
1301 1223 1366 1244 non
1382 1213 1439 1243 ha·
1493 1224 1561 1245 ram
1584 1214 1731 1250 habeant,
1754 1215 1787 1244 in
1811 1223 1875 1254 qua
1898 1215 2023 1255 possint
2045 1214 2083 1244 ab
2107 1215 2269 1251 omnibus,
2292 1215 2385 1245 bonis
2409 1220 2441 1245 et
2462 1215 2564 1252 malis,

373 1262 462 1292 bebit.
487 1261 580 1292 Unde
607 1261 810 1292 duodenario
839 1271 973 1292 numero
1004 1261 1190 1303 significata
1218 1265 1265 1290 est
1287 1259 1439 1290 universa
1494 1258 1603 1289 videri.
1628 1259 1669 1289 Et
1684 1259 1729 1289 sic
1746 1258 1864 1299 angelis
1881 1267 1947 1289 non
1965 1259 2121 1299 competit
2136 1258 2286 1289 iudicare.
2299 1277 2323 1282 —
2338 1259 2494 1297 Quamvis
2509 1269 2565 1290 an-

374 1306 585 1337 iudicantium
615 1306 804 1342 multitudo,
829 1311 969 1347 propter
997 1305 1079 1337 duas
1103 1310 1217 1347 partes
1246 1303 1437 1344 septenarii,
1494 1303 1557 1344 geli
1581 1303 1676 1334 etiam
1700 1303 1808 1343 aliquo
1832 1302 1934 1334 modo
1957 1303 2081 1343 possint
2105 1302 2167 1334 dici
2190 1303 2342 1340 iudicare,
2366 1303 2486 1334 scilicet
2508 1312 2566 1344 per

373 1351 494 1382 scilicet
517 1351 581 1381 tria
600 1355 630 1381 et
644 1356 794 1391 quatuor,
812 1361 894 1391 quae
918 1351 950 1381 in
974 1361 1008 1381 se
1032 1351 1148 1381 ductae
1161 1349 1298 1392 faciunt
1320 1347 1440 1379 duode-
1454 1356 1478 1377 25
1494 1348 1669 1379 sententiae
1693 1348 1960 1388 approbationem
1975 1349 2002 1378 *ἢ

375 1395 527 1426 narium.-
549 1394 765 1434 duodenarius
786 1401 893 1426 autem
910 1401 956 1426 est
971 1405 1125 1426 numerus
1148 1393 1363 1435 perfectionis.
1380 1392 1440 1422 Vel
1549 1392 1600 1423 An
1625 1402 1742 1422 Panum
1765 1402 1849 1422 aneo
1873 1401 2033 1422 DICENDUM
2057 1391 2156 1432 quod,
2173 1393 2256 1423 sicut
2279 1401 2317 1423 ex
2337 1391 2453 1423 Glossa
2467 1393 2484 1410 ⁴*
2507 1393 2566 1423 ibi—

374 1445 505 1480 propter
528 1439 590 1470 hoc
614 1439 704 1480 quod
727 1440 871 1470 consistit
894 1441 927 1471 in
948 1440 1069 1481 duplici
1093 1439 1228 1475 senario,
1246 1438 1302 1478 qui
1319 1442 1365 1468 est
1380 1446 1441 1467 nu-
1495 1436 1570 1468 dem
1586 1442 1682 1477 patet,
1700 1437 1803 1477 angeli
1821 1446 1896 1467 cum
1920 1436 2048 1467 Christo
2065 1437 2195 1468 venient
2218 1446 2285 1468 non
2310 1442 2346 1468 ut
2361 1437 2494 1474 iudices,
2510 1437 2566 1468 sed

374 1494 481 1515 merus
493 1483 652 1524 perfectus
662 1485 689 1514 *.
706 1484 766 1514 Vel
778 1485 863 1524 quia,
875 1485 914 1516 ad
930 1485 1076 1521 litteram,
1088 1483 1261 1515 duodecim
1277 1481 1441 1523 Apostolis
1496 1487 1532 1513 ut
1553 1482 1619 1512 sint
1640 1486 1733 1512 testes
1755 1481 1973 1512 humanorum
1996 1486 2146 1518 actuum,
2170 1482 2228 1512 sub
2250 1491 2389 1523 quorum
2420 1482 2567 1513 custodia

374 1529 576 1569 loquebatur,
592 1529 627 1559 in
642 1539 782 1569 quorum
806 1539 942 1569 persona
956 1531 1020 1561 hoc
1037 1529 1188 1560 omnibus
1212 1536 1326 1558 eorum
1342 1531 1441 1556 secta·
1495 1527 1641 1557 homines
1663 1526 1742 1557 bene
1764 1526 1814 1556 vel
1837 1526 1922 1557 male
1943 1531 2091 1568 egerunt.

375 1574 498 1604 toribus
521 1574 726 1613 promittebat
738 1570 767 1604 ἱ.
1551 1572 1603 1602 An
1626 1580 1788 1601 suemmuu
1812 1580 1972 1601 memnon
1988 1570 2078 1611 quod
2093 1580 2215 1601 nomen
2242 1571 2366 1602 nroni
2388 1571 2569 1602 attribuitur

431 1618 482 1648 An
511 1627 672 1648 sacunnuu
701 1628 860 1649 memnon
888 1617 978 1659 quod
1004 1618 1165 1658 virginitas
1196 1622 1227 1647 et
1254 1615 1442 1656 martyrium
1497 1616 1616 1657 angelis
1640 1616 1762 1646 ratione
1790 1615 1874 1646 illius
1904 1615 2013 1646 iudicii
2037 1615 2127 1656 quod
2160 1615 2248 1646 Deus
2270 1624 2398 1656 semper
2421 1621 2567 1652 exercet,

377 1663 503 1692 nonita
518 1661 695 1703 disponunt
710 1662 750 1693 ad
765 1662 969 1694 retinendum
992 1663 1026 1693 in
1047 1662 1144 1694 corde
1168 1661 1294 1692 decreta
1317 1659 1442 1690 divinae
1498 1661 1608 1691 omnia
1639 1660 1811 1690 iustissime
1844 1660 2054 1700 gubernando
2067 1684 2074 1697 ‚
2102 1662 2194 1691 cuius
2224 1659 2334 1691 iudicii
2366 1660 2471 1700 angeli
2494 1666 2570 1692 sunt

377 1707 513 1737 iustitiae
536 1707 618 1738 sicut
641 1713 829 1747 paupertas:
854 1708 936 1738 sicut
952 1717 969 1738 e
986 1707 1145 1738 contrario
1170 1706 1340 1736 exteriores
1363 1704 1441 1735 divi-
1498 1703 1742 1746 quodammodo
1767 1710 1952 1735 executores
1977 1710 2008 1735 et
2030 1704 2297 1745 promulgatores.
2322 1704 2385 1736 Sed
2411 1704 2568 1736 iudicium

377 1751 439 1781 tiae
456 1761 493 1781 ex
510 1760 567 1782 sua
582 1751 796 1783 sollicitudine
819 1752 983 1793 suffocant
997 1752 1127 1783 verbum
1143 1751 1215 1786 Dei,
1233 1751 1314 1781 sicut
1330 1749 1444 1779 dicitur
1499 1748 1589 1790 quod
1612 1748 1651 1787 de
1673 1749 1860 1779 hominibus
1876 1759 1933 1789 per
1955 1749 2122 1780 hominem
2139 1749 2303 1780 Christum
2325 1748 2391 1786 fiet,
2408 1750 2504 1780 etiam
2519 1758 2569 1780 re-

378 1795 458 1826 Luc.
483 1805 537 1825 vm
553 1796 579 1825 ’ἢ
1460 1799 1481 1819 ³⁵
1499 1794 1595 1834 quirit
1617 1793 1766 1823 homines
1789 1802 1971 1824 assessores.

433 1840 493 1870 Vel
520 1839 693 1870 dicendum
721 1839 811 1880 quod
838 1846 1008 1881 paupertas
1036 1849 1103 1871 non
1131 1839 1238 1870 solum
1266 1837 1382 1868 sufficit
1405 1835 1445 1867 ad
1554 1838 1604 1868 An
1624 1847 1759 1868 'tearum
1775 1847 1935 1868 memnon
1952 1837 2042 1878 quod
2057 1838 2244 1868 hominibus
2259 1838 2456 1878 promittitur
2472 1847 2568 1879 ange-

378 1885 529 1914 meritum
559 1884 741 1915 iudiciariae
768 1885 950 1925 potestatis:
985 1884 1040 1915 sed
1070 1884 1146 1924 quia
1174 1889 1220 1914 est
1247 1883 1350 1923 prima
1373 1891 1445 1922 pars
1499 1882 1606 1913 lorum
1630 1882 1803 1922 aequalitas
1826 1887 1984 1922 quantum
2008 1881 2047 1912 ad
2070 1883 2250 1922 praemium
2274 1883 2450 1913 essentiale.
2481 1882 2568 1914 Nihil

378 1927 593 1968 perfecn'onis‚
618 1929 671 1959 cui
693 1929 866 1969 respondet
889 1928 1051 1959 iudiciaria
1074 1934 1225 1969 potestas.
1250 1926 1344 1958 Unde
1363 1927 1445 1956 inter
1498 1932 1606 1957 tamen
1621 1927 1771 1966 prohibet
1786 1926 1918 1967 aliquod
1933 1927 2113 1967 praemium
2135 1926 2330 1958 accidentale
2353 1927 2493 1958 exhiberi
2508 1927 2568 1958 ho-

380 1982 416 2003 ea
440 1982 523 2013 quae
546 1978 725 2013 sequuntur
748 1973 787 2003 ad
809 1979 1042 2014 paupertatem,
1059 1973 1099 2003 ad
1118 1972 1350 2013 perfectionem
1374 1979 1444 2010 spe·
1499 1971 1640 2001 minibus
1668 1971 1757 2011 quod
1786 1971 1905 2011 angelis
1932 1981 2001 2002 non
2029 1971 2172 2002 dabitur:
2205 1977 2240 2002 ut
2266 1976 2353 2012 patet
2375 1971 2415 2002 de
2439 1971 2569 2002 aureola

379 2018 509 2053 etantia‚
534 2022 670 2058 possunt
698 2019 879 2058 computari
907 2023 938 2048 et
960 2018 1121 2058 virginitas
1149 2022 1180 2047 et
1203 2016 1390 2057 martyrium
1414 2019 1445 2045 et
1458 2023 1486 2043 4⁰
1499 2015 1659 2055 virginum
1682 2021 1737 2045 aut
1760 2021 1946 2056 martyrum.
1977 2016 2019 2046 Et
2042 2016 2184 2046 similiter
2207 2021 2314 2056 potest
2337 2015 2399 2046 dici
2423 2015 2464 2047 de
2486 2015 2568 2047 iudi-

378 2062 487 2092 omnia
510 2061 715 2102 perfectionis
739 2071 846 2102 opera.
870 2062 947 2092 Non
970 2067 1077 2092 tamen
1101 2066 1175 2092 sunt
1198 2061 1240 2091 ita
1258 2059 1445 2101 principalia
1500 2060 1593 2090 ciaria
1616 2065 1783 2100 potestate.

378 2106 460 2136 sicut
481 2110 670 2146 paupertas:
699 2106 775 2146 quia
797 2107 993 2147 principium
1017 2111 1064 2137 est
1086 2106 1224 2136 maxima
1247 2114 1319 2145 pars
1342 2104 1397 2134 rei.

433 2150 484 2180 An
512 2160 646 2180 marrim
677 2160 836 2181 monimum
865 2150 955 2191 quod
982 2150 1035 2181 ille
1063 2150 1119 2191 qui
1147 2150 1251 2190 legem
1275 2148 1445 2189 proposuit

378 2200 432 2225 aut
449 2195 631 2225 exhortatus
647 2200 694 2225 est
709 2194 749 2226 ad
765 2196 899 2232 bonum,
912 2195 1065 2225 iudicabit
1080 2195 1246 2225 causaliter
1261 2193 1443 2234 loquendo:

379 2240 453 2279 quia
475 2249 533 2279 per
556 2240 831 2280 comparationem
854 2239 893 2270 ad
917 2240 1012 2270 verba
1036 2240 1075 2269 ab
1098 2240 1170 2279 ipso
1198 2238 1364 2279 proposita
1392 2238 1445 2268 alii
1459 2246 1483 2266 ⁴5

377 2283 603 2314 iudicabuntur
618 2285 644 2314 *ἢ
678 2283 719 2314 Et
742 2283 816 2315 ideo
846 2294 914 2315 non
945 2283 1117 2325 respondet
1146 2283 1276 2324 proprie
1305 2288 1446 2323 potestas

377 2328 541 2359 iudiciaria
563 2327 790 2369 praedicationi
816 2329 864 2359 vel
888 2328 1062 2359 doctrinae.

377 211 451 247 208

375 289 467 320 Unde
491 294 522 318 et
544 287 737 328 pauperibus
762 287 947 317 excellentia
969 286 1150 317 iudiciariae
1173 285 1338 325 potestatis
1361 291 1435 323 pro-

374 333 518 368 mittitur,
531 337 567 362 ut
578 332 623 362 sic
634 331 690 372 qui
695 336 833 371 propter
847 331 1010 362 Christum
1021 340 1055 361 se
1066 330 1224 365 humiliat,
1238 329 1400 359 exaltetur
1409 327 1435 355 “.

1457 1578 1482 1597 ςο

1499 2124 1598 2157 ART.
1616 2124 1668 2156 IV.
1685 2135 1790 2156 UTRUM
1813 2135 1889 2156 rosr
1905 2135 1980 2156 Dum
1995 2136 2104 2156 1un1cn
2119 2136 2283 2157 Daemones
2307 2135 2478 2158 exacurmu
2501 2136 2569 2159 surr

1745 2180 1938 2201 senmurum
1960 2181 2073 2201 IUDICIS
2097 2181 2128 2201 m
2151 2181 2307 2202 mum-ris

1501 2247 1585 2310 An
1615 2247 1763 2268 ouanrtm
1787 2247 1833 2268 stc
1856 2247 2061 2267 Pnocnnrrua.
2093 2236 2227 2268 Videtur
2260 2237 2350 2278 quod
2377 2243 2453 2278 post
2481 2237 2567 2269 diem

1565 2281 1676 2313 iudicii
1704 2281 1878 2312 daemones
1906 2291 1974 2312 non
2003 2287 2203 2322 exequantur
2233 2282 2425 2313 sententiam
2453 2281 2570 2313 Iudicis

1499 2327 1532 2358 in
1557 2326 1723 2357 damnatis.
1748 2326 1833 2364 Quia
1857 2325 2036 2357 secundum
2052 2326 2259 2367 Apostolum,
2277 2326 2289 2357 1
2308 2327 2385 2357 Cor.
2398 2328 2475 2363 xv',
2491 2332 2570 2358 tunc

433 2372 493 2403 Vel
517 2372 707 2409 dicendum,
731 2372 910 2404 secundum
941 2372 1117 2414 quosdam,
1142 2372 1232 2412 quod
1259 2373 1317 2402 tria
1339 2372 1446 2412 requi·
1500 2372 1669 2403 evacuabit
1691 2381 1816 2402 omnem
1842 2371 2064 2411 principatum
2088 2376 2119 2401 et
2135 2375 2328 2411 potestatem
2351 2377 2384 2402 et
2408 2371 2568 2403 virtutem.

378 2423 491 2447 runtur
506 2417 546 2447 ad
561 2417 757 2448 iudiciariam
776 2423 987 2458 potestatem:
1012 2418 1129 2458 primo,
1146 2417 1303 2447 abdicatio
1319 2422 1446 2457 tempo·
1500 2417 1586 2457 Ergo
1617 2416 1752 2447 cessabit
1775 2416 1879 2446 omnis
1896 2415 2061 2456 praelatio
2078 2417 2104 2446 *ἢ
2138 2415 2201 2447 Sed
2226 2416 2341 2456 exequi
2361 2415 2475 2447 iudicis
2497 2425 2570 2447 sen-

379 2462 493 2492 ralium
517 2471 680 2498 curarum,
703 2471 745 2492 ne
769 2461 960 2502 impediatur
988 2463 1113 2493 animus
1138 2473 1155 2492 a
1178 2462 1350 2502 sapientiae
1374 2470 1446 2502 per·
1461 2467 1486 2487 5⁰
1500 2462 1632 2492 tentiam
1663 2460 1825 2501 quandam
1856 2459 1987 2490 denotat
2010 2460 2251 2500 praelationem.
2286 2460 2373 2501 Ergo
2394 2459 2570 2492 daemones

380 2505 537 2543 fectione;
569 2506 727 2543 secundo,
756 2507 927 2547 requiritur
954 2507 1080 2538 habitus
1108 2507 1278 2538 continens
1306 2505 1446 2537 divinam
1500 2511 1574 2547 post
1598 2505 1683 2536 diem
1706 2505 1815 2536 iudicii
1839 2514 1907 2535 non
1931 2510 2131 2544 exequentur
2153 2505 2344 2536 sententiam
2366 2505 2490 2536 iudicis.

380 2551 532 2581 iustitiam
547 2551 658 2581 scitam
674 2556 706 2581 et
721 2551 937 2588 observatam;
962 2552 1065 2588 tertio,
1083 2551 1173 2591 quod
1191 2551 1278 2582 illam
1294 2551 1447 2581 iustitiam
1557 2560 1586 2581 2.
1611 2550 1808 2586 Pmnramm,
1833 2549 2007 2580 daemones
2030 2550 2131 2590 magis
2154 2554 2369 2590 peccaverunt
2392 2559 2490 2590 quarn
2509 2550 2569 2581 ho-

381 2595 459 2626 alios
487 2595 664 2626 docuerint.
698 2595 739 2626 Et
762 2597 806 2626 sic
836 2596 980 2627 doctrina
1011 2597 1068 2626 erit
1098 2596 1265 2636 complens
1295 2596 1447 2626 meritum
1500 2596 1613 2626 mines.
1638 2595 1724 2635 Ergo
1741 2604 1808 2625 non
1825 2600 1872 2625 est
1887 2594 2007 2625 iustum
2031 2594 2121 2634 quod
2145 2595 2292 2625 homines
2315 2604 2372 2635 per
2395 2594 2570 2626 daemones

380 2639 562 2670 iudiciariae
586 2641 761 2680 potestatis.
1500 2645 1721 2680 torqueantur.

435 2684 486 2714 An
511 2694 658 2714 auxarum
681 2694 841 2715 nrcanntm
865 2684 954 2725 quod
978 2684 1123 2716 Christus
1146 2685 1179 2715 in
1202 2685 1266 2715 hoc
1290 2684 1380 2725 quod
1397 2684 1446 2714 in·
1462 2696 1484 2716 55
1558 2684 1587 2715 3.
1619 2684 1822 2719 Pium-anxa,
1854 2683 1936 2714 sicut
1968 2683 2142 2714 daemones
2176 2689 2351 2724 suggerunt
2384 2683 2570 2714 hominibus

380 2729 462 2759 iuste
485 2727 643 2759 iudicatus
667 2734 723 2765 est,
739 2729 877 2770 seipsum
893 2729 1076 2760 humiliavit
1090 2731 1107 2746 ⁴*
1127 2730 1268 2770 (oblatus
1290 2734 1337 2760 est
1359 2729 1445 2760 enim
1501 2730 1594 2765 mala,
1611 2729 1654 2759 ita
1667 2729 1771 2769 angeli
1787 2733 1962 2769 suggerunt
1976 2728 2072 2758 bona.
2097 2727 2160 2759 Sed
2176 2728 2352 2769 praemiare
2374 2728 2480 2758 bonos
2499 2737 2568 2759 non

380 2773 456 2814 quia
472 2773 575 2803 voluit
585 2773 626 2813 *)‚
639 2778 671 2803 et
685 2774 835 2804 meritum
847 2774 1033 2804 humilitatis
1049 2780 1096 2804 est
1111 2773 1274 2804 iudiciaria
1287 2774 1445 2810 exaltatio,
1506 2774 1564 2804 erit
1587 2773 1731 2804 officium
1754 2773 1953 2813 angelorum,
1970 2771 2026 2803 sed
2041 2773 2104 2803 hoc
2128 2773 2187 2803 erit
2210 2773 2248 2803 ab
2271 2773 2344 2813 ipso
2367 2773 2439 2803 Deo
2455 2773 2569 2803 imme-

381 2827 445 2858 qua
468 2818 496 2847 ei
521 2818 630 2848 omnia
652 2818 842 2855 subduntur,
863 2824 898 2849 ut
921 2818 1036 2849 dicitur
1058 2818 1173 2859 Philip.
1199 2828 1232 2849 111
1248 2820 1274 2849 ’ἦ
1305 2819 1346 2849 Et
1370 2818 1445 2850 ideo
1501 2818 1594 2850 diate.
1618 2818 1704 2859 Ergo
1727 2827 1788 2848 nec
1807 2817 1922 2858 punire
1945 2817 2048 2847 malos
2072 2817 2130 2847 erit
2149 2815 2292 2848 officium
2316 2816 2524 2848 daemonum.

380 2862 481 2902 magis
509 2861 641 2892 debetur
670 2862 834 2893 iudiciaria
863 2868 1003 2903 potestas
1033 2863 1094 2893 illis
1124 2864 1181 2904 qui
1209 2863 1389 2894 voluntarie
1413 2873 1446 2893 se
1556 2862 1619 2894 San
1643 2872 1766 2893 comm
1795 2871 1849 2892 its-r
1877 2861 1967 2902 quod
1994 2862 2143 2892 homines
2174 2866 2360 2902 peccatores
2383 2871 2416 2892 se
2439 2860 2570 2892 diabolo

380 2906 549 2936 humiliant
577 2907 662 2936 bona
688 2907 877 2947 temporalia
904 2907 1101 2944 abiiciendo,
1125 2913 1257 2948 propter
1280 2917 1363 2949 quae
1386 2907 1446 2938 ho·
1459 2911 1486 2932 6ο
1500 2906 1710 2938 subdiderunt
1732 2905 1909 2947 peccando.
1933 2906 2019 2946 Ergo
2035 2906 2157 2937 iustum
2181 2911 2228 2937 est
2250 2911 2286 2937 ut
2310 2907 2339 2936 ei
2362 2906 2570 2936 subiiciuntur

381 2951 484 2981 mines
514 2961 532 2981 a
560 2950 730 2982 mundanis
763 2952 979 2988 honorantur,
1011 2961 1109 2992 quam
1141 2953 1190 2982 his
1223 2953 1279 2992 qui
1309 2953 1348 2982 ab
1379 2952 1446 2983 aliis
1501 2953 1533 2982 in
1557 2952 1681 2992 poenis,
1706 2952 1797 2992 quasi
1821 2951 1859 2981 ab
1885 2960 1924 2981 eo
1947 2950 2103 2991 puniendi
2119 2951 2145 2980 *.

381 2995 597 3025 humiliantur.
1556 2996 1745 3027 Rasronnao
1770 3005 1929 3026 nxcnnmm
1953 2994 2043 3035 quod
2073 2995 2155 3026 circa
2178 2995 2242 3025 hoc
2264 2994 2404 3034 tangitur
2426 3003 2444 3024 a
2467 2993 2567 3033 Magi-

436 3039 487 3069 An
513 3049 651 3070 cumi-un
674 3050 834 3070 mmmmm
850 3040 939 3081 quod
955 3040 1085 3071 inferior
1100 3050 1168 3071 non
1185 3046 1291 3081 potest
1306 3040 1446 3072 iudicare
1501 3046 1565 3071 stro
1595 3042 1628 3071 in
1660 3040 1762 3071 littera
1777 3040 1794 3056 ⁸*
1818 3039 1935 3080 duplex
1969 3040 2098 3080 opinio:
2124 3045 2155 3070 et
2184 3044 2319 3078 utraque
2350 3036 2476 3068 videtur
2507 3037 2568 3068 Dei

383 3083 580 3123 superiorem
604 3085 790 3115 auctoritate
814 3085 958 3125 propria:
983 3085 1040 3116 sed
1058 3090 1167 3115 tamen
1190 3086 1378 3116 auctoritate
1393 3095 1445 3116 su·
1499 3085 1638 3116 iustitiae
1661 3090 1855 3124 competere.
1879 3083 1928 3114 Ex
1943 3084 2006 3114 hoc
2023 3083 2110 3114 enim
2125 3081 2216 3124 quod
2230 3083 2332 3113 homo
2347 3087 2469 3122 peccat,
2485 3081 2567 3113 iuste

383 3128 515 3167 pei-ioris
538 3133 653 3168 potest,
678 3129 760 3159 sicut
782 3134 868 3169 patet
890 3130 924 3159 in
947 3129 1107 3160 iudicibus
1130 3129 1291 3170 delegatis.
1315 3130 1357 3160 Et
1372 3129 1446 3160 ideo
1460 3137 1484 3162 ες
1501 3129 1651 3160 daemoni
1674 3129 1859 3164 subiicitur-3
1883 3127 1940 3158 sed
1955 3127 2094 3158 daemon
2109 3127 2226 3158 iniuste
2241 3126 2271 3157 ei
2285 3131 2420 3166 praeest.
2445 3125 2567 3166 Opinio

383 3181 450 3202 non
474 3177 521 3202 est
542 3172 774 3203 inconveniens
790 3174 815 3203 si
839 3174 912 3210 hoc,
930 3174 1021 3214 quasi
1044 3173 1240 3205 accidentale
1255 3175 1445 3215 praemium,
1501 3183 1578 3214 ergo
1608 3173 1661 3204 illa
1691 3182 1774 3213 quae
1804 3173 1897 3213 ponit
1926 3171 2100 3202 daemones
2129 3171 2163 3202 in
2189 3169 2352 3206 futurum,
2376 3175 2451 3210 post
2481 3169 2567 3201 diem

383 3216 577 3256 pauperibus
600 3216 702 3253 detur,
718 3222 755 3247 ut
777 3217 919 3248 iudicent
942 3218 1021 3248 alios
1048 3219 1143 3248 etiam
1168 3219 1223 3259 qui
1246 3224 1321 3249 sunt
1344 3219 1447 3249 excel·
1500 3217 1620 3254 iudicii,
1637 3217 1824 3248 hominibus
1838 3225 1907 3247 non
1922 3225 2067 3256 praeesse
2082 3215 2116 3246 in
2131 3215 2256 3255 poenis,
2272 3215 2400 3254 respicit
2420 3214 2567 3245 ordinem

384 3259 525 3291 lentioris
547 3261 651 3291 meriti
674 3267 821 3301 respectu
844 3262 977 3302 praemii
999 3263 1183 3293 essentialis.
1501 3262 1627 3293 divinae
1642 3262 1780 3292 iustitiae
1796 3270 1834 3291 ex
1849 3265 1939 3300 parte
1954 3259 2150 3290 daemonum
2166 3259 2381 3299 punientium.
2400 3258 2567 3290 Contraria

1500 3315 1578 3337 vero
1608 3306 1720 3346 opinio
1751 3305 1880 3345 respicit
1912 3303 2059 3335 ordinem
2089 3302 2214 3334 divinae
2244 3303 2382 3333 iustitiae
2412 3313 2450 3334 ex
2478 3308 2567 3344 parte

1460 3362 1487 3384 70
1500 3350 1672 3381 hominum
1695 3349 1893 3390 punitorum.

387 3399 469 3462 Ar>
486 3400 619 3421 ‘murrum
641 3401 687 3422 sic
709 3401 913 3422 raonem-rua.
932 3392 1067 3423 Videtur
1082 3393 1171 3433 quod
1191 3393 1295 3434 angeli
1311 3393 1447 3424 debeant
1556 3394 1648 3432 Quae
1672 3399 1780 3424 autem
1804 3401 1913 3423 earum
1936 3392 2040 3422 verior
2063 3392 2116 3428 sit,
2140 3396 2263 3422 certum
2290 3392 2385 3423 nobis
2409 3401 2477 3422 esse
2498 3401 2567 3423 non

449 3434 598 3465 iudicare.
623 3435 734 3466 Matth.
755 3446 816 3466 xxv
831 3437 866 3466 ⁸⁸:
894 3436 975 3466 Cum
995 3438 1120 3467 venerit
1134 3437 1238 3468 Filius
1253 3438 1392 3468 hominis
1412 3438 1445 3468 in
1499 3443 1616 3478 potest.
1644 3438 1759 3468 Verius
1781 3442 1889 3466 tamen
1912 3436 2045 3466 aestimo
2070 3435 2169 3476 quod,
2186 3436 2268 3467 sicut
2290 3435 2371 3467 ordo
2394 3435 2568 3467 servabitur

385 3478 550 3508 maiestate
571 3488 631 3509 sua
653 3484 684 3509 et
707 3489 816 3510 omnes
844 3480 954 3521 angeli
977 3490 1049 3510 cum
1072 3491 1120 3511 eo.
1152 3481 1215 3512 Sed
1237 3482 1381 3522 loquitur
1407 3481 1446 3512 de
1500 3482 1533 3512 in
1556 3482 1681 3512 salvatis
1710 3479 1799 3521 quod
1829 3479 1960 3520 quidam
1983 3490 2001 3510 a
2025 3479 2217 3520 quibusdam
2246 3480 2514 3511 illuminabuntur
2536 3485 2567 3510 et

386 3521 524 3552 adventu
554 3522 593 3552 ad
620 3522 786 3554 iudicium.
819 3524 905 3564 Ergo
937 3523 1060 3555 videtur
1093 3525 1182 3565 quod
1214 3525 1318 3565 angeli
1351 3525 1446 3556 etiam
1500 3525 1705 3566 perficientur
1720 3525 1747 3560 *,
1764 3533 1804 3554 eo
1821 3523 1910 3564 quod
1934 3524 2060 3555 ordines
2080 3524 2222 3555 caelestis
2237 3525 2430 3555 hierarchiae
2453 3533 2567 3565 perpe-

385 3565 581 3596 iudicabunt.
1460 3581 1483 3602 75
1499 3570 1547 3599 tui
1571 3574 1679 3605 erunt3
1704 3569 1746 3598 ita
1769 3569 1942 3598 servabitur
1966 3568 2046 3599 ordo
2070 3569 2102 3599 in
2122 3569 2250 3609 poenis,
2276 3574 2311 3600 ut
2339 3569 2487 3600 homines
2509 3577 2567 3609 per

526 3324 624 3356 ART.
649 3324 700 3356 111.
725 3337 830 3357 uranu
854 3337 968 3357 monn
992 3337 1133 3358 Danaam·
1156 3337 1302 3358 rumetum

2588 332 2674 388 23:22
2682 333 2802 381 ''i‘ffix'ss'

2588 392 2653 408 num.
2668 386 2689 408 8.
2794 377 2802 387 ’

2589 419 2598 428 ·
2611 416 2680 444 lbid„
2689 423 2753 439 num.
2766 423 2803 440 ιο.

2590 463 2598 473 ·
2608 460 2642 483 Cf.
2653 460 2736 483 Indor.
2792 473 2802 478 -

2589 487 2657 515 mol„
2681 487 2721 510 lib.
2744 487 2764 507 v
2795 503 2802 514 ,

2590 520 2677 542 oep.v;
2693 513 2733 536 lib.
2750 513 2805 540 XX,

2590 546 2617 562 ca
2634 555 2640 562 .
2657 547 2690 563 xi.

2590 546 2673 589 'sei-n.
2681 573 2722 596 3⁰2
2731 566 2802 589 Marc.

2591 599 2641 621 cap.
2650 599 2690 620 ιιι,
2697 599 2757 615 vern.
2765 599 2805 621 25:

2592 620 2646 643 Luc.
2678 626 2728 648 cap.
2759 626 2807 646 xx,

2591 646 2710 695 {effe-¹3⁶3
2713 679 2725 701 7
2728 687 2734 694 .

2593 866 2602 876 ¹
2618 863 2685 886 Vere.
2700 871 2739 891 ⁴·-

2594 1354 2603 1363 '
2615 1351 2651 1374 Cf.
2666 1354 2708 1373 ιη.
2725 1358 2748 1373 ι-

2595 1401 2603 1411 ·
2619 1399 2677 1422 ord.

2596 2332 2740 2361 'Vernu-

2595 2423 2607 2434 ·
2627 2421 2708 2444 ῦΙοιι.
2727 2421 2790 2444 ord.

2596 2448 2694 2475 humb-3
2732 2447 2788 2470 diet.

2595 2481 2672 2503 ηπι,
2685 2480 2738 2503 σιμ.
2756 2474 2791 2498 131

2596 2951 2606 2962 ⁶
2614 2949 2650 2973 Cf.
2659 2949 2680 2972 Π
2688 2950 2750 2978 Q„
2759 2955 2813 2979 up.

2596 2983 2620 3004 ιι,
2635 2977 2747 3005 vern-119.
2753 2982 2787 3005 ,Α
2804 3000 2809 3003 ,

2595 3039 2606 3051 ·
2613 3038 2673 3062 ῡίιι.
2678 3044 2748 3066 uni,
2756 3044 2809 3068 enp-

2595 3065 2627 3088 a
2639 3065 2703 3088 nolet
2715 3066 2809 3094 quaeri.

2595 3525 2693 3555 ‘Pu-td,
2715 3529 2808 3551 mcvm.

2593 3556 2636 3576 ιη.
2651 3559 2672 3580 7,
2730 3557 2751 3574 a.
