2918 4088
48 930 59 942 ·
73 928 109 952 Cf.
131 934 195 951 num.
210 934 259 956 seq.

0 1071 2 1086 ς
48 1059 60 1073 ¹
73 1058 110 1082 Cf.
124 1064 188 1081 num.
203 1064 235 1080 ιι.

49 1150 60 1163 ·
73 1149 110 1173 Cf.
126 1155 191 1171 num.
205 1154 246 1176 vn,

0 1164 9 1211 ζ
48 1175 129 1199 uae-e
142 1177 227 1198 men.

0 1349 3 1354 ‚
46 1307 262 1379 mamane-

24 2247 31 2273 ζ
44 2245 261 2274 'nem-proar-

49 2276 111 2297 ..ι

46 2729 61 2758 9,
72 2727 145 2754 Um.
157 2735 182 2753 v.

968 233 1230 280 QUAESTIO
1259 232 1395 280 LXIII,
1423 231 1716 269 ARTICULUS
1744 233 1774 269 ΙΙ

286 313 411 350 dendo,
433 312 572 353 optime,
596 313 716 352 absque
747 312 949 352 sophismatis
973 312 1079 352 aliqua
1101 312 1224 351 specie,
1248 311 1347 341 illatio

284 364 381 390 tenet.

340 402 395 433 1V.
418 400 565 432 Secunda
588 400 754 430 conclusio
777 404 841 430 est:
872 399 967 430 Haec
995 398 1175 440 spiritualis
1199 398 1348 438 potentia

285 451 333 477 est
355 444 618 477 instrumentalis.
652 444 837 474 Declaratur
859 453 878 473 a
901 443 1011 474 simili:
1039 443 1121 473 sicut
1142 442 1241 472 virtus
1265 451 1347 481 quae

286 495 333 520 est
354 490 388 520 in
411 488 623 520 sacramentis.
649 505 673 510 —
698 488 740 518 Et
761 488 914 527 probatur
943 497 981 517 ex
1004 486 1158 517 subiecto.
1193 485 1278 523 Quia
1302 491 1348 516 est

285 534 429 574 potentia
450 533 602 563 ministri:
627 541 703 572 ergo
718 531 930 562 instrumenti.
953 529 1156 561 Antecedens
1179 530 1347 570 probatur:

287 578 362 618 quia
379 578 538 608 character
554 575 704 606 convenit
719 575 868 606 ministris
881 574 998 605 Christi
1011 578 1048 604 ut
1063 574 1117 604 sic.
1138 573 1349 613 Consequen-

285 622 329 652 tia
350 621 521 662 probatur:
547 620 622 660 quia
644 620 796 655 minister,
820 624 856 649 ut
874 618 929 654 sic,
951 618 1048 648 habet
1062 618 1219 648 rationem
1233 618 1349 648 instru-

286 666 396 696 menti.

342 709 451 740 Tertia
474 707 640 739 conclusio
663 712 726 738 est:
753 706 932 737 Character
953 714 1018 735 non
1035 710 1083 736 est
1097 715 1162 745 per
1180 714 1214 735 se
1237 705 1270 736 in
1293 715 1350 747 ge-

288 761 387 785 nere:
415 752 472 784 sed
499 751 661 783 reductive
687 751 720 781 in
743 749 883 781 secunda
906 749 1010 789 specie
1035 749 1210 790 qualitatis.
1245 749 1350 780 Prima

286 807 359 838 pars
382 797 535 837 probatur
558 805 576 826 a
598 794 710 825 simili:
734 794 854 824 scilicet
877 803 915 824 ex
933 794 1050 824 virtute
1072 794 1106 823 in
1129 795 1349 830 sacramentis;

288 841 436 872 adiuncta
463 841 585 871 ratione
614 838 797 874 communi,
827 838 903 878 quia
933 843 979 868 est
1009 837 1163 877 quiddam
1189 836 1292 868 fluens
1319 843 1351 868 et

286 885 530 924 incompletum.
553 901 576 905 —-
599 881 745 913 Secunda
766 891 843 912 vero
866 891 938 922 pars
953 881 1143 921 relinquitur
1158 886 1194 911 ut
1210 881 1349 912 evidens.

341 929 380 959 V.
406 927 587 958 Occurrunt
617 931 725 956 autem
755 926 807 955 hic
836 925 937 955 multa
963 925 1069 955 dubia.
1103 925 1248 956 Primum
1263 927 1280 942 ⁴*
1304 931 1350 957 est

287 973 327 1004 de
342 981 459 1012 genere
473 970 711 1011 generalissimo
735 970 794 1000 sub
811 978 877 1010 quo
900 970 1032 1010 ponitur
1055 969 1224 1000 character.
1251 969 1351 1007 Quod

287 1017 370 1047 circa
392 1016 517 1046 tertiam
540 1014 783 1045 conclusionem
805 1019 956 1044 versatur.

342 1059 528 1091 Secundum
543 1060 570 1095 ἦ
595 1058 634 1089 de
657 1058 772 1098 specie.
797 1057 838 1088 Et
861 1063 982 1098 spectat
1005 1057 1045 1088 ad
1060 1057 1195 1088 eandem
1219 1058 1351 1089 conclu-

287 1105 423 1135 sionem.

342 1147 488 1178 Tertium
503 1148 521 1164 ³*
540 1152 587 1177 est
603 1146 686 1177 circa
708 1146 951 1186 responsionem
967 1145 1008 1176 ad
1022 1146 1167 1176 tertium:
1194 1152 1351 1186 quantum

286 1192 389 1222 valeat
410 1192 490 1222 ratio
514 1191 645 1226 litterae,
670 1190 706 1220 Si
724 1190 840 1220 relatio
860 1190 1058 1220 characteris
1071 1189 1278 1231 fundaretur
1294 1191 1351 1221 im-

286 1236 424 1267 mediate
437 1244 535 1276 super
549 1234 685 1266 essentia
701 1234 839 1270 animae,
856 1234 1043 1265 conveniret
1053 1235 1249 1266 naturaliter
1264 1235 1352 1265 omni

287 1289 426 1312 animae.

342 1324 502 1363 Quartum
520 1325 537 1340 ⁴*
560 1328 616 1358 est,
645 1328 802 1362 quantum
827 1322 930 1353 valeat
954 1323 1034 1353 ratio
1061 1322 1181 1353 litterae
1211 1323 1351 1363 probans

288 1368 379 1409 quod
388 1369 549 1407 character
558 1375 628 1397 non
640 1372 687 1397 est
697 1367 832 1402 habitus,
846 1367 922 1406 quia
933 1367 1038 1396 omnis
1050 1367 1175 1397 habitus
1188 1373 1234 1397 est
1245 1368 1351 1397 bonus

287 1408 481 1443 vel-malus}
509 1417 546 1442 ut
567 1411 665 1441 habes
687 1411 721 1440 in
739 1410 851 1446 littera,
875 1415 1064 1450 argumento
1089 1411 1128 1441 ad
1152 1411 1349 1451 oppositum.

354 1456 487 1496 Propter
510 1455 746 1486 connexionem
773 1459 881 1485 tamen
903 1455 1063 1490 materiae,
1085 1455 1267 1486 tractabitur
1289 1460 1351 1485 ter-

287 1500 370 1532 tium
392 1499 528 1531 dubium
551 1498 646 1529 simul
669 1508 745 1529 cum
767 1499 882 1539 primo,
903 1504 934 1529 et
956 1498 1134 1530 secundum
1158 1499 1252 1529 simul
1275 1508 1351 1529 cum

289 1549 414 1584 quarto.

342 1587 396 1619 VI.
420 1586 514 1617 Circa
535 1587 678 1626 primum
701 1586 846 1622 dubium,
869 1586 903 1616 in
919 1595 986 1625 quo
1005 1595 1121 1625 genere
1137 1586 1176 1615 sit
1192 1586 1352 1616 character

286 1630 531 1666 sacramentalis,
554 1629 636 1660 scito
658 1630 783 1669 primo,
808 1629 897 1668 quod
919 1629 1104 1665 Durandus,
1129 1630 1162 1659 in
1186 1629 1229 1659 IV
1251 1629 1350 1665 Sent„

287 1674 357 1705 dist.
373 1684 415 1710 1v,
433 1683 487 1714 qu.
504 1681 531 1709 1,
547 1673 671 1712 putavit
690 1673 904 1702 characterem
920 1681 988 1702 esse
1006 1673 1194 1702 relationem
1210 1673 1350 1709 rationis,

285 1725 344 1759 per
359 1727 458 1758 quam
476 1717 591 1756 aliquis
606 1725 646 1746 ex
660 1716 860 1746 institutione
876 1715 982 1746 divina
1005 1715 1176 1756 deputatur
1194 1715 1233 1746 ad
1248 1726 1350 1746 sacras

286 1762 500 1802 operationes.
516 1761 599 1791 sicut
613 1769 766 1790 nummus
782 1760 912 1790 sortitur
926 1760 1083 1790 rationem
1098 1760 1202 1800 pretii.
1226 1760 1267 1790 Et
1283 1761 1350 1790 eius

285 1806 366 1839 ratio
390 1810 437 1836 est
459 1805 536 1845 quia
558 1813 596 1834 ea
618 1813 700 1844 quae
724 1809 798 1834 sunt
817 1803 901 1839 fidei,
918 1803 1119 1834 clarificanda
1134 1810 1218 1840 sunt,
1235 1810 1266 1834 et
1280 1813 1349 1834 non

286 1850 472 1880 obscuriora
493 1847 665 1879 reddenda.
699 1847 760 1878 Per
783 1848 996 1878 characterem
1019 1854 1146 1884 autem,
1170 1849 1196 1878 si
1219 1849 1350 1888 ponitur

285 1893 396 1924 relatio
412 1893 555 1928 rationis,
570 1892 679 1923 omnia
695 1892 779 1922 clara
793 1897 884 1922 sunt:
904 1892 930 1922 si
945 1901 1021 1922 vero
1037 1893 1169 1932 ponitur
1184 1901 1232 1922 res
1248 1892 1349 1928 realis,

286 1938 471 1968 obscuriora
493 1935 751 1966 introducuntur.

341 1980 406 2012 Sed
422 1981 541 2021 positio
558 1980 637 2010 haec
653 1981 790 2020 seipsam
806 1980 910 2010 levem
926 1985 1091 2015 monstrat,
1112 1979 1190 2010 dum
1207 1989 1244 2010 ex
1260 1990 1350 2010 com-

285 2026 437 2057 munibus
467 2029 592 2054 tantum
623 2029 654 2054 et
685 2024 839 2054 extraneis
869 2023 1024 2063 procedit.
1059 2024 1203 2064 Eiusque
1234 2023 1350 2055 falsitas

285 2075 373 2111 patet
396 2078 434 2099 ex
458 2069 645 2099 auctoritate
668 2068 840 2104 Ecclesiae,
860 2068 965 2104 Extra,
982 2068 1022 2098 de
1043 2068 1139 2108 Bapt.
1163 2073 1195 2098 et
1216 2068 1285 2099 eius
1302 2069 1350 2110 ef-

275 2114 389 2156 jectu,
413 2113 447 2143 in
471 2121 540 2152 cap.
558 2112 720 2148 Maiores,
745 2113 778 2142 in
801 2111 882 2148 fine,
907 2112 963 2142 ubi
987 2111 1102 2142 dicitur
1132 2112 1222 2152 quod
1249 2122 1350 2143 sacra-

284 2157 432 2188 mentalis
453 2157 597 2196 operatio
620 2156 775 2196 imprimit
798 2156 1026 2186 characterem:
1051 2161 1175 2186 certum
1202 2162 1249 2186 est
1264 2157 1350 2187 enim

286 2201 376 2242 quod
398 2201 509 2231 relatio
525 2201 656 2238 rationis
674 2210 741 2230 non
757 2200 958 2239 imprimitur.
981 2217 1005 2221 -
1027 2200 1069 2230 Et
1087 2199 1294 2231 confirmatur
1313 2210 1351 2231 ex

286 2245 436 2277 Concilio
459 2244 647 2274 Florentino
664 2245 690 2280 *,
715 2244 774 2274 sub
793 2243 940 2283 Eugenio
958 2243 1010 2280 1V,
1034 2244 1090 2274 ubi
1114 2243 1244 2274 dicitur:
1272 2244 1350 2274 Tria

284 2293 488 2321 sacramenta
512 2289 741 2324 characterem,
766 2287 846 2318 idest
859 2288 1030 2328 spirituale
1044 2288 1206 2328 quoddam
1220 2288 1351 2330 signum

285 2340 307 2365 a
318 2335 433 2365 ceteris
447 2332 673 2367 distinctivum,
687 2332 874 2372 imprimunt
889 2332 922 2362 in
938 2332 1049 2363 anima
1066 2332 1252 2363 indelebile:
1268 2332 1352 2363 unde

286 2378 320 2409 in
343 2377 455 2408 eadem
471 2385 618 2418 persona
641 2385 706 2407 non
731 2376 939 2406 reiterantur.
963 2375 1053 2407 Haec
1074 2377 1129 2406 ibi.

290 2446 292 2448 v
339 2421 408 2453 VII.
433 2421 520 2463 Scito
543 2420 698 2456 secundo,
723 2419 813 2460 quod
835 2420 969 2454 Scotus,
993 2421 1027 2450 in
1050 2420 1184 2458 Quarto,
1201 2419 1271 2450 dist.
1302 2430 1350 2457 vi,

287 2475 343 2508 qu.
364 2473 414 2502 10,
434 2464 667 2506 adniti-amque
690 2469 812 2505 partem
832 2463 984 2504 disputat:
1010 2463 1206 2494 concludens
1228 2470 1352 2495 utrum-

287 2519 352 2551 que
366 2519 463 2550 posse
485 2509 691 2550 probabiliter
714 2508 879 2544 sustineri,
904 2514 935 2538 et
959 2508 1048 2548 quod
1072 2508 1232 2539 character
1251 2518 1353 2539 sacra-

287 2553 434 2584 mentalis
456 2554 496 2584 sit
517 2562 567 2584 res
591 2553 735 2583 absoluta
757 2553 792 2583 in
814 2561 931 2592 genere
955 2552 1123 2592 qualitatis,
1140 2557 1171 2582 et
1198 2552 1288 2592 quod
1314 2553 1353 2583 sit

287 2597 399 2628 relatio
430 2597 622 2627 extrinsecus
652 2596 834 2627 adveniens,
864 2596 906 2626 Et
934 2596 1018 2626 hanc
1050 2596 1197 2626 ultimam
1225 2597 1353 2636 opinio-

287 2651 364 2672 nem
394 2641 463 2682 ipse
485 2645 582 2671 tenet.

344 2685 452 2716 Minus
474 2690 583 2715 tamen
605 2684 778 2724 probabilis
795 2689 990 2714 monstratur
1004 2685 1064 2714 ista
1078 2685 1129 2714 via
1151 2683 1352 2715 discutiendo

288 2730 419 2761 tertium
442 2729 577 2759 dubium
592 2729 619 2758 “.
643 2728 707 2759 Ubi
729 2729 809 2758 scito
833 2729 1103 2767 consequentiam
1120 2727 1236 2758 factam
1254 2729 1288 2758 in
1302 2728 1353 2758 lit-

288 2780 355 2805 tera
378 2773 497 2804 destrui
521 2782 559 2802 ex
582 2771 708 2802 Scotica
726 2772 892 2812 opinione,
916 2771 1128 2812 distinguente
1144 2771 1184 2802 de
1199 2772 1353 2802 relatione

288 2818 340 2848 vel
362 2818 531 2848 intrinsece
555 2815 754 2851 adveniente,
769 2815 821 2845 vel
840 2815 1023 2846 extrinsece.
1047 2816 1088 2845 Et
1110 2821 1204 2846 vocat
1226 2816 1353 2846 relatio-

289 2871 366 2894 nem
387 2861 577 2892 intrinsecus
600 2859 823 2890 advenientem
845 2859 934 2889 illam
957 2868 1040 2899 quae
1057 2860 1265 2899 consequitur
1280 2859 1353 2890 fun-

235 2907 237 2909 ’
289 2906 477 2937 damentum
500 2905 607 2944 posito
631 2903 785 2934 termino:
810 2903 897 2933 illam
912 2908 1020 2933 autem
1043 2912 1137 2942 quae,
1153 2903 1265 2943 positis
1281 2902 1354 2934 fun-

290 2950 441 2981 damento
465 2954 497 2979 et
518 2949 671 2983 termino,
695 2957 762 2978 non
785 2947 964 2977 necessario
986 2947 1134 2986 ponitur,
1157 2952 1252 2976 vocat
1274 2947 1353 2977 rela-

289 2995 413 3025 tionem
431 2993 625 3024 extrinsecus
641 2991 873 3022 advenientem.
897 2990 1091 3030 Exemplum
1105 2990 1219 3030 primi:
1243 2995 1280 3020 ut
1295 2989 1361 3021 du-'

289 3038 391 3079 plum,
408 3037 521 3073 simile,
538 3036 680 3076 aequale.
703 3035 897 3075 Exemplum
912 3033 1060 3065 secundi:
1080 3039 1117 3064 ut
1131 3033 1241 3064 relatio
1258 3043 1353 3074 agen-

289 3083 330 3113 tis
353 3081 394 3112 ad
415 3081 549 3122 patiens,
573 3079 684 3110 relatio
704 3079 800 3109 locati
823 3078 863 3109 ad
885 3078 1005 3114 locum,
1030 3083 1061 3108 et
1083 3077 1279 3108 huiusmodi.
1303 3077 1355 3108 Ad

290 3126 432 3167 primum
454 3133 556 3165 genus
580 3123 655 3154 dicit
677 3133 745 3153 non
762 3132 830 3153 esse
852 3128 990 3158 motum,
1014 3121 1069 3152 sed
1093 3121 1132 3151 ad
1155 3121 1351 3152 secundum:

291 3180 328 3201 ac
350 3179 408 3210 per
430 3170 505 3205 hoc,
528 3177 624 3209 posse
647 3177 665 3197 a
680 3167 752 3198 Deo
776 3166 816 3197 de
831 3175 919 3196 novo
942 3166 1083 3205 imprimi
1098 3166 1132 3196 in
1148 3165 1287 3195 animam
1306 3175 1354 3196 re—

290 3214 445 3246 lationem
459 3212 648 3244 characteris
666 3211 787 3251 absque
803 3211 912 3251 aliquo
929 3210 1077 3240 absoluto
1092 3218 1180 3240 novo
1198 3208 1354 3240 fundante

290 3258 388 3290 illam.
422 3257 463 3288 Et
484 3261 655 3298 propterea
677 3264 745 3285 non
768 3255 926 3295 sequitur:
958 3254 994 3284 Si
1017 3253 1134 3284 relatio
1158 3253 1355 3284 characteris

286 3306 468 3343 poneretur
482 3299 663 3332 immediate
680 3299 712 3330 in
725 3299 845 3335 anima,
863 3298 1049 3329 conveniret
1059 3297 1256 3328 naturaliter
1267 3297 1355 3328 omni

292 3355 431 3377 animae.

346 3389 428 3420 VIII.
453 3388 507 3420 Tu
530 3393 638 3418 autem
660 3387 817 3428 patienter
832 3385 987 3417 sustineto
1010 3390 1284 3425 pertranseuntem
1302 3393 1354 3416 me

293 3433 333 3465 de
348 3433 544 3473 respectibus
559 3432 608 3462 his
626 3432 660 3462 in
677 3431 858 3462 communi:
883 3430 958 3470 quia
972 3429 1168 3469 theologiam
1184 3429 1355 3469 practicam

292 3483 404 3513 tracto,
427 3486 496 3507 non
518 3475 778 3516 metaphysicam.
802 3474 871 3505 Nec
886 3473 1011 3504 videtur
1034 3472 1275 3513 digrediendum
1292 3473 1356 3503 hoc

293 3522 327 3552 in
350 3521 436 3557 loco,
460 3518 618 3561 quidquid
641 3520 680 3550 sit
703 3518 742 3549 de
765 3518 961 3559 respectibus
983 3517 1049 3548 istis
1073 3517 1271 3547 extrinsecis:
1301 3517 1356 3556 qui

294 3564 377 3596 forte
406 3573 475 3595 non
498 3569 572 3594 sunt
599 3562 820 3603 intelligibiles.
860 3562 1025 3600 Quoniam
1051 3561 1156 3591 omnis
1183 3565 1355 3601 respectus,

434 3626 546 3650 suun
563 3624 666 3650 Τκιοι..
680 3624 712 3650 D.
731 3623 847 3649 'runnu
866 3623 898 3649 T.
913 3623 956 3649 lX.

2409 233 2455 270 33

1400 310 1575 341 formaliter
1597 316 1754 350 sumptus,
1781 311 1842 341 hoc
1865 311 1967 351 ipsum
1991 311 2076 351 quod
2099 317 2154 347 est,
2178 317 2225 343 est
2250 313 2293 343 ad
2315 313 2406 344 aliud
2427 323 2461 344 se

1400 354 1517 385 habere
1531 355 1558 384 ’ἢ
1582 354 1624 384 Et
1647 355 1672 384 si
1688 359 1735 384 est
1750 354 1789 384 ad
1810 354 1895 385 aliud
1911 364 1945 384 se
1963 355 2089 390 habere,
2103 361 2149 385 est
2163 356 2196 386 in
2212 366 2327 396 genere
2343 358 2385 388 ad
2400 357 2460 387 ali-

1400 398 1486 438 quid,
1512 397 1601 438 quod
1625 403 1671 428 est
1694 403 1843 437 quartum
1866 398 2159 438 praedicamentum
2177 401 2204 429 ὓ.
2231 400 2272 430 Et
2295 410 2410 436 rursus,
2435 401 2460 431 si

1401 447 1448 472 est
1471 442 1510 472 ad
1533 441 1620 472 aliud
1642 451 1676 472 se
1699 442 1825 478 habere,
1848 451 1978 472 necesse
1995 447 2041 472 est
2063 447 2099 472 ut
2119 449 2332 483 consequatur
2348 444 2460 475 funda-

1400 491 1547 516 mentum
1563 495 1601 516 ex
1617 486 1684 516 sola
1698 495 1784 516 nova
1798 486 1959 526 positione
1975 486 2114 516 alterius:
2139 487 2281 527 alioquin
2297 497 2364 518 non
2381 494 2461 518 esset

1402 529 1442 560 ad
1464 529 1560 560 aliud.
1585 530 1626 560 Et
1647 535 1827 570 propterea,
1851 530 1877 559 si
1900 535 1947 560 est
1961 529 2005 560 ad
2019 529 2110 560 aliud
2127 539 2162 560 se
2176 531 2301 566 habere,
2325 531 2365 562 ad
2382 531 2462 562 illud

1401 583 1469 604 non
1485 579 1532 604 est
1546 579 1669 604 motus:
1689 579 1725 603 ut
1744 583 1782 604 ex
1797 574 1856 604 hac
1871 574 1994 603 ratione
2009 574 2162 614 probatur
2176 575 2205 604 V
2220 575 2433 615 Physicorum
2445 577 2462 591 ⁴*

1402 618 1440 648 ab
1464 618 1644 647 Aristotele.

1457 661 1498 691 Et
1521 671 1616 701 super
1639 662 1719 697 hoc,
1746 661 1866 691 scilicet
1894 670 1990 701 super
2015 662 2084 701 ipsa
2106 661 2259 692 relatione
2290 662 2463 694 formaliter

1402 706 1594 745 inquantum
1617 705 1728 736 relatio
1745 710 1801 740 est,
1821 704 1965 736 fundavit
1979 705 2102 735 Auctor
2118 706 2170 735 hic
2188 707 2345 736 rationem
2360 717 2461 738 suam.

1401 749 1527 780 Relatio
1551 750 1638 779 enim
1661 749 1836 779 formaliter
1859 754 1995 789 sumpta,
2013 749 2088 788 quia
2110 750 2171 779 hoc
2187 750 2289 790 ipsum
2304 751 2391 791 quod
2406 757 2461 787 est,

1402 798 1450 824 est
1471 794 1514 824 ad
1536 793 1636 829 aliud,
1661 794 1686 824 si
1709 793 1800 823 realis
1824 798 1879 828 est,
1903 794 2042 823 nascitur
2062 802 2137 823 cum
2153 792 2372 831 fundamento,
2395 805 2463 826 non

1402 838 1588 878 simpliciter
1609 838 1643 867 in
1667 842 1749 873 actu,
1774 836 1830 867 sed
1853 837 1898 867 sic
1921 836 2010 877 quod
2034 846 2072 867 ex
2094 837 2162 867 sola
2178 838 2379 877 appositione
2402 844 2463 869 ter-

1402 882 1482 912 mini
1505 881 1540 911 fit
1558 887 1648 911 actu:
1671 880 1847 911 similitudo
1865 881 1950 911 enim
1966 881 2106 911 nascitur
2120 891 2196 911 cum
2211 881 2284 912 albo
2301 883 2345 912 sic
2363 883 2463 922 quod,

1402 926 1509 966 posito
1533 925 1674 960 co-albo‚
1698 925 1803 955 statim
1819 924 1994 955 similitudo
2017 925 2050 955 in
2066 926 2171 964 primo
2187 925 2259 955 albo
2285 928 2463 967 consurgit;

1403 975 1434 1000 et
1457 970 1502 1000 sic
1525 969 1565 999 de
1588 969 1666 999 aliis.
1699 969 1748 999 Ac
1771 978 1828 1009 per
1850 969 1928 1005 hoc,
1956 970 1982 999 si
2005 969 2115 999 relatio
2139 970 2325 1000 characteris
2351 971 2464 1001 imme-

1403 1013 1486 1044 diate
1509 1013 1694 1044 fundaretur
1716 1013 1750 1043 in
1773 1013 1895 1049 anima,
1922 1018 2103 1044 nasceretur
2129 1014 2224 1043 simul
2251 1023 2325 1044 cum
2349 1015 2463 1051 anima,

1403 1059 1447 1088 sic
1471 1057 1575 1098 quod,
1603 1058 1710 1098 posito
1733 1057 1817 1087 illius
1840 1058 1996 1093 termino,
2021 1058 2126 1087 statim
2149 1057 2182 1087 in
2205 1058 2310 1087 anima
2333 1067 2464 1089 consur-

1402 1107 1491 1142 geret
1512 1102 1623 1132 relatio
1647 1101 1843 1131 characteris.
1867 1101 1909 1131 Et
1930 1102 1956 1131 si
1979 1102 2024 1131 sic
2040 1107 2285 1132 connasceretur
2303 1111 2378 1132 cum
2397 1104 2464 1133 ani-

1402 1156 1465 1182 ma,
1490 1146 1572 1176 clare
1594 1150 1681 1185 patet
1704 1145 1794 1185 quod
1816 1145 1999 1175 naturaliter
2022 1145 2207 1175 conveniret
2223 1147 2312 1175 omni
2329 1147 2462 1177 animae.

1457 1190 1636 1228 Quocirca,
1662 1194 1717 1219 aut
1740 1190 1900 1219 character
1921 1199 1989 1219 non
2013 1195 2059 1219 est
2081 1190 2115 1219 in
2138 1198 2254 1229 genere
2276 1190 2319 1220 ad
2341 1190 2465 1230 aliquid

1402 1235 1463 1265 nisi
1485 1234 1672 1274 aequivoce.
1699 1234 1741 1264 Et
1762 1239 1849 1269 tunc,
1874 1234 1899 1263 si
1923 1239 1970 1263 est
1992 1238 2164 1273 respectus,
2188 1239 2357 1273 quaeratur
2379 1234 2464 1265 illius

1403 1288 1514 1319 genus.
1538 1278 1607 1308 Nec
1630 1278 1688 1308 erit
1710 1277 1802 1307 facile
1824 1276 1944 1317 fingere
1967 1276 2053 1307 aliud
2075 1286 2196 1317 genus:
2227 1286 2302 1308 cum
2325 1283 2464 1318 ponatur

1402 1332 1452 1353 res
1475 1321 1654 1362 spiritualis,
1678 1326 1710 1351 et
1731 1330 1800 1351 non
1822 1322 1862 1351 sit
1884 1320 2058 1351 formaliter
2079 1321 2196 1361 passio.
2218 1338 2242 1343 —
2264 1322 2344 1358 Aut,
2368 1322 2394 1352 si
2417 1328 2465 1353 est

1402 1367 1436 1397 in
1459 1375 1575 1406 genere
1598 1365 1641 1396 ad
1655 1365 1787 1406 aliquid,
1809 1364 1953 1395 definitio
1976 1365 2080 1405 posita
2095 1365 2133 1395 ab
2149 1365 2319 1395 Aristotele
2334 1375 2402 1396 non
2418 1372 2465 1396 est

1404 1411 1586 1441 communis
1609 1419 1669 1440 suo
1692 1409 1816 1449 generi:
1849 1415 1880 1439 et
1903 1409 2043 1439 exclusio
2066 1414 2175 1439 motus
2201 1409 2240 1438 ab
2264 1409 2308 1439 ad
2329 1410 2463 1450 aliquid,

1404 1464 1479 1485 cum
1497 1454 1581 1484 illius
1604 1454 1736 1489 ratione,
1760 1453 1790 1483 V
1804 1453 1943 1494 Physic„
1967 1462 2034 1483 non
2053 1458 2100 1483 est
2122 1453 2306 1483 universalis
2330 1452 2370 1483 de
2392 1454 2464 1494 ipso

1403 1507 1520 1538 genere
1537 1497 1581 1528 ad
1595 1497 1728 1537 aliquid,
1745 1496 1801 1527 sed
1816 1497 2022 1536 particularis,
2038 1497 2102 1527 hoc
2119 1502 2165 1526 est
2181 1496 2220 1526 de
2236 1497 2342 1536 aliqua
2357 1499 2465 1537 specie

1365 1541 1368 1544 ’
1403 1542 1579 1577 relationis,
1604 1541 1723 1571 scilicet
1745 1541 1942 1571 intrinsecae.
1978 1540 2142 1578 Quoniam
2165 1540 2365 1576 Aristoteles,
2389 1551 2465 1581 pro-

1404 1585 1510 1616 bando
1534 1584 1574 1615 ad
1596 1585 1784 1614 relationem
1806 1593 1874 1614 non
1897 1593 1965 1614 esse
1988 1590 2125 1620 motum,
2153 1584 2256 1614 attulit
2278 1585 2465 1616 relationem

1405 1638 1487 1669 quae
1510 1627 1688 1658 secundum
1704 1627 1837 1658 Scotum
1853 1633 1985 1658 vocatur
2001 1628 2194 1658 extrinsecus
2209 1627 2389 1664 adveniens,
2406 1630 2466 1659 sci-

1403 1673 1478 1703 licet
1501 1672 1601 1702 dextri
1624 1677 1655 1701 et
1677 1671 1802 1701 sinistri.
1826 1671 1910 1701 Nam
1933 1671 2043 1701 relatio
2067 1671 2167 1701 dextri
2189 1671 2271 1701 inter
2286 1681 2338 1702 me
2363 1678 2394 1703 et
2410 1682 2466 1703 co-

1403 1716 1548 1747 lumnam
1570 1724 1639 1745 non
1663 1715 1806 1754 sequitur
1828 1714 2074 1745 fundamentum
2102 1715 2210 1754 posito
2236 1716 2394 1751 termino,
2418 1716 2466 1746 lo-

1403 1759 1534 1800 quendo
1557 1764 1594 1790 ut
1617 1759 1732 1789 Scotus
1754 1758 1908 1798 loquitur.
1931 1759 2024 1794 Nam,
2048 1759 2155 1798 posito
2179 1759 2306 1788 animali
2330 1760 2466 1790 habente

1403 1804 1567 1839 dextrum,
1592 1809 1623 1833 et
1645 1803 1750 1843 posita
1773 1802 1940 1838 columna,
1968 1812 2036 1832 non
2063 1803 2206 1842 sequitur
2231 1803 2341 1833 relatio
2365 1803 2466 1834 dextri

1403 1849 1485 1878 inter
1506 1849 1591 1888 ipsa:
1616 1851 1723 1887 potest
1746 1847 1832 1877 enirn
1855 1847 2007 1877 columna
2029 1847 2109 1886 poni
2131 1851 2253 1876 neutra.
2288 1847 2328 1877 Et
2352 1847 2466 1877 accidit

1403 1891 1590 1923 huiusmodi
1612 1891 1777 1931 phantasia
1800 1891 1875 1930 quia
1897 1900 1964 1921 non
1980 1890 2198 1921 consideratur
2220 1889 2465 1922 fundamentum

1403 1942 1440 1966 ut
1465 1935 1721 1971 fundamentum,
1751 1940 1782 1964 et
1809 1935 1962 1965 terminus
1993 1940 2028 1965 ut
2054 1935 2225 1970 terminus,
2253 1934 2308 1964 sed
2331 1941 2463 1965 remote.

1403 1980 1501 2011 Verbi
1523 1980 1630 2019 gratia,
1654 1979 1765 2010 relatio
1789 1979 1909 2018 agentis
1929 1978 1968 2009 ad
1983 1979 2105 2018 patiens
2128 1988 2196 2009 non
2218 1979 2313 2008 habet
2335 1988 2394 2018 pro
2412 1989 2463 2009 ex-

1403 2025 1511 2055 tremis
1531 2024 1640 2063 ignem
1656 2028 1688 2053 et
1702 2032 1828 2062 aquam,
1853 2022 1909 2053 sed
1923 2023 2031 2062 ignem
2048 2022 2285 2053 calefacientem
2302 2028 2332 2052 et
2348 2032 2465 2062 aquam

1403 2068 1578 2108 patientem
1594 2077 1612 2097 a
1627 2066 1846 2097 calefaciente:
1868 2071 1898 2096 et
1913 2067 1956 2096 sic
1973 2066 2012 2096 de
2028 2067 2105 2096 aliis.
2129 2066 2232 2102 Unde,
2253 2076 2320 2097 non
2343 2073 2465 2097 remote

1404 2112 1460 2143 sed
1482 2112 1666 2152 propinque
1692 2109 1849 2144 sumendo
1874 2110 2119 2141 fundamentum
2143 2116 2174 2140 et
2195 2111 2377 2147 terminum,
2402 2111 2465 2141 hoc

1405 2161 1451 2186 est
1474 2154 1653 2186 secundum
1677 2163 1728 2184 eas
1744 2153 1968 2194 dispositiones
1983 2154 2162 2184 secundum
2178 2164 2256 2194 quas
2272 2155 2334 2184 hoc
2354 2154 2466 2184 fundat

1405 2205 1437 2230 et
1458 2199 1538 2230 illud
1561 2199 1724 2234 terminat,
1751 2198 1839 2228 nulla
1862 2203 1909 2228 est
1934 2198 2043 2228 relatio
2067 2198 2157 2228 realis
2188 2207 2270 2238 quae
2297 2208 2364 2228 non
2388 2208 2465 2228 con-

1405 2249 1511 2283 surgat
1533 2243 1567 2273 in
1588 2241 1809 2277 fundamento,
1829 2242 1935 2281 posito
1951 2243 2098 2271 termino.
2123 2241 2186 2272 Sed
2209 2243 2286 2272 haec
2309 2247 2465 2282 pertrans-

1406 2287 1513 2318 eundo
1541 2287 1604 2316 sint
1626 2285 1710 2316 dicta
1732 2295 1791 2325 pro
1815 2286 1954 2316 claritate
1977 2286 2112 2321 litterae,
2138 2295 2220 2326 quae
2250 2285 2290 2316 de
2312 2286 2466 2316 relatione

1405 2331 1549 2371 loquitur
1575 2329 1764 2366 formaliter,
1792 2330 1874 2360 sicut
1897 2334 1928 2359 et
1950 2329 2166 2369 Philosophus
2189 2330 2218 2359 V
2240 2329 2464 2370 Physicorum.

1461 2375 1514 2405 IX.
1539 2374 1632 2405 Circa
1647 2373 1826 2404 secundum
1842 2373 1976 2404 dubium
1987 2374 2014 2410 *‚
2027 2374 2107 2404 scito
2125 2373 2268 2409 Scotum,
2281 2374 2315 2403 in
2331 2373 2464 2411 Quarto,

1406 2419 1476 2450 dist.
1492 2429 1534 2455 vr,
1559 2427 1614 2458 qu.
1634 2425 1684 2453 ιο,
1708 2417 1868 2457 disputare
1891 2416 1930 2447 ad
1949 2427 2080 2447 omnem
2095 2423 2227 2457 partem.
2251 2417 2302 2453 Et,
2325 2417 2465 2448 tenendo

1406 2463 1496 2504 quod
1520 2463 1680 2493 character
1705 2467 1752 2492 est
1778 2461 1983 2492 essentialiter
2005 2467 2182 2501 respectus,
2205 2462 2338 2492 sustinet
2360 2462 2466 2501 ipsum

1406 2508 1522 2538 habere
1533 2507 1691 2537 rationem
1701 2506 1864 2546 potentiae
1881 2511 1912 2536 et
1927 2506 2046 2535 activae
2063 2511 2095 2535 et
2108 2506 2260 2545 passivae,
2273 2515 2332 2545 pro
2345 2511 2466 2545 quanto

1407 2552 1495 2582 Deus
1519 2549 1676 2581 ordinavit
1699 2549 1872 2579 assistendo
1896 2558 1988 2589 agere
2011 2550 2139 2580 habenti
2162 2549 2258 2580 talem
2276 2554 2466 2589 respectum,

1406 2601 1484 2636 puta
1507 2594 1680 2630 sacerdoti,
1712 2599 1743 2624 et
1766 2593 1908 2623 similiter
1934 2593 2116 2633 imprimere
2142 2593 2176 2623 in
2197 2593 2321 2633 patiens
2348 2593 2467 2623 habens

1406 2639 1503 2670 talem
1525 2643 1716 2678 respectum,
1735 2642 1813 2677 puta
1829 2637 2041 2667 characterem
2056 2637 2217 2677 baptismi:
2242 2637 2285 2667 ita
2308 2636 2397 2677 quod
2419 2647 2467 2667 re-

1407 2689 1535 2724 spectus
1564 2681 1667 2712 reddit
1696 2682 1891 2721 baptizatum
1922 2690 2072 2720 capacem
2102 2681 2258 2721 passionis
2284 2691 2302 2711 a
2325 2681 2396 2711 Deo
2423 2681 2467 2711 sic

1407 2732 1584 2762 statuente;
1616 2731 1647 2756 et
1670 2725 1812 2756 similiter
1842 2725 2064 2765 operationem
2094 2724 2264 2755 sacerdotis
2295 2724 2466 2755 efficacem.

1407 2772 1448 2802 Et
1463 2775 1660 2801 concurrunt
1674 2770 1708 2799 hi
1722 2774 1883 2809 respectus
1899 2774 2052 2809 tanquam
2068 2768 2292 2809 dispositiones
2307 2769 2340 2799 in
2356 2768 2468 2799 ordine

1408 2815 1447 2846 ad
1471 2824 1567 2855 agens
1589 2814 1815 2844 voluntarium.

1462 2857 1621 2889 Tenendo
1640 2862 1748 2887 autem
1772 2856 1861 2896 quod
1877 2857 2036 2887 character
2051 2861 2098 2886 est
2113 2856 2215 2886 forma
2230 2856 2383 2892 absoluta,
2400 2865 2467 2886 sus-

1407 2903 1487 2933 tinet
1513 2908 1545 2932 et
1571 2901 1661 2941 quod
1686 2906 1793 2940 potest
1818 2901 1897 2940 poni
1922 2901 1956 2930 in
1978 2901 2080 2940 prima
2103 2900 2208 2939 specie
2232 2900 2405 2939 qualitatis:
2437 2905 2468 2929 et

1408 2946 1498 2986 quod
1520 2951 1627 2985 potest
1649 2945 1728 2985 poni
1750 2945 1784 2974 in
1803 2943 1952 2974 secunda.
1975 2943 2226 2983 Respondetque
2249 2943 2288 2974 ad
2311 2943 2466 2973 rationem

1407 2990 1538 3025 litterae,
1562 2998 1644 3028 quae
1659 2989 1692 3018 in
1709 2993 1823 3027 quarto
1839 2987 1939 3018 dubio
1955 2987 1972 3003 *
1994 2987 2159 3027 proposita
2174 2992 2229 3023 est,
2246 2987 2361 3026 primo,
2379 2986 2467 3026 quod

1407 3043 1473 3063 non
1499 3038 1627 3073 oportet
1650 3041 1781 3062 omnem
1804 3031 1948 3061 habitum
1971 3040 2038 3061 esse
2057 3031 2181 3060 bonum
2199 3030 2250 3060 vel
2264 3030 2395 3065 malum,
2412 3029 2467 3060 sed

1407 3082 1513 3117 potest
1536 3076 1650 3115 aliquis
1668 3075 1793 3105 habitus
1809 3083 1876 3105 esse
1891 3074 2082 3104 indifferens.
2106 3073 2205 3111 Quod
2226 3074 2341 3114 probat
2363 3073 2467 3113 dupli-

1408 3122 1494 3151 citer.
1533 3120 1621 3149 Tum
1652 3119 1727 3159 quia
1757 3127 1795 3148 ex
1828 3118 1948 3148 actibus
1978 3117 2229 3148 indifferentibus
2262 3117 2466 3157 frequentatis

1408 3169 1554 3195 causatur
1576 3163 1702 3193 habitus
1725 3161 1915 3193 indifferens.
1950 3161 2038 3192 Tum
2061 3162 2136 3201 quia
2163 3161 2366 3201 frequentans
2390 3170 2466 3191 con-

1408 3208 1632 3239 siderationem
1661 3207 1794 3237 alicuius
1825 3206 2040 3236 conclusionis
2062 3206 2272 3245 geometriae,
2295 3205 2390 3235 habet
2411 3205 2466 3235 ha-

1408 3253 1511 3283 bitum
1526 3250 1769 3282 indifferentem.
1787 3267 1811 3272 -
1826 3249 1986 3286 Secundo,
2003 3250 2078 3289 quia
2094 3250 2252 3280 character
2267 3254 2373 3289 potest
2387 3250 2467 3289 poni

1408 3296 1533 3327 habitus
1548 3294 1792 3335 supernaturalis
1808 3294 1913 3324 bonus
1924 3299 2062 3324 remote:
2079 3294 2122 3323 ita
2136 3293 2225 3333 quod
2239 3303 2306 3323 non
2322 3293 2466 3333 proxime

1409 3350 1466 3371 seu
1489 3338 1681 3370 sufficienter
1702 3343 1809 3378 potest
1832 3347 1899 3368 esse
1922 3338 2116 3378 principium
2132 3343 2219 3368 actus
2235 3338 2322 3373 boni,
2341 3336 2396 3367 sed
2419 3345 2466 3366 re-

1408 3389 1513 3420 mote;
1544 3384 1626 3413 sicut
1648 3381 1736 3418 fides,
1761 3391 1843 3422 spes,
1872 3382 1982 3412 caritas
2010 3380 2124 3417 infusa,
2147 3390 2215 3411 non
2239 3386 2285 3411 est
2308 3379 2467 3411 sufficiens

1409 3427 1603 3468 principium
1625 3427 1703 3456 boni
1726 3431 1823 3461 actus,
1848 3425 1904 3455 sed
1926 3425 2055 3455 inclinat
2071 3425 2111 3455 ad
2125 3426 2248 3455 bonum
2263 3430 2369 3454 actum
2389 3433 2466 3454 con—

1410 3471 1608 3503 currentibus
1624 3470 1692 3500 aliis
1707 3470 1875 3509 requisitis.
1896 3469 1998 3499 Multo
2015 3475 2122 3499 autem
2137 3469 2290 3499 remotius
2310 3468 2467 3498 character

1409 3521 1515 3557 potest
1539 3514 1707 3554 disponere
1731 3513 1770 3543 ad
1793 3514 1916 3543 bonum
1940 3518 2056 3543 actum.

1465 3560 1504 3589 X.
1521 3558 1572 3589 Ad
1588 3559 1703 3588 horum
1721 3557 1886 3588 clariorem
1901 3557 2056 3593 notitiam,
2070 3555 2296 3587 advertendum
2309 3560 2355 3586 est
2367 3554 2465 3595 quod,

2311 3616 2323 3640 5

2487 363 2497 372 '
2507 361 2604 383 Aristot.
2615 361 2697 389 Categ.

2552 394 2574 413 v,
2590 394 2612 409 n,
2627 394 2646 409 2.

2487 393 2513 408 ca
2531 404 2536 409 .

2487 416 2496 424 ·
2515 394 2576 435 ibid.
2599 420 2625 435 ca
2643 429 2649 435 .
2671 419 2698 438 u,

2488 446 2509 461 n.
2526 440 2564 462 6.-
2579 440 2611 461 IV
2647 441 2699 461 eta-

2484 466 2561 494 phys„
2585 472 2611 487 ca
2630 482 2635 487 .
2658 471 2697 492 vu,

2488 499 2509 539 ‘ill'
2525 499 2583 540 lde?
2599 493 2643 540 mh.
2658 492 2698 513 lib.

2488 577 2498 586 '
2513 575 2544 596 Ca
2563 590 2569 596 .
2585 581 2609 600 ιι,
2625 580 2698 596 n.‹.-

2489 602 2512 623 S.
2566 617 2571 622 .
2587 601 2638 622 lect.
2653 607 2684 623 ιιι.

2492 2381 2503 2391 '¹
2516 2379 2586 2401 Num.
2601 2386 2622 2401 v.

2494 2987 2504 2997 '
2518 2985 2588 3007 Num.
2602 2991 2625 3007 v.
