2878 4088
183 344 243 374 (Cf.
261 344 332 365 Arist.
350 344 394 364 loc.

183 375 220 392 cn,
236 377 259 392 ιιι
275 376 322 398 arg.
340 378 358 392 ι.

183 439 191 448 ·
207 437 243 458 Cf.
266 436 326 458 Part.
349 436 393 461 111,

182 469 293 491 qu.x1.v1.
304 467 347 484 ιιι-ι.
361 469 380 484 2.

182 970 276 992 ·S.Th.
297 971 348 992 lect.
362 977 391 993 ιιι

182 997 251 1018 Didot
279 998 317 1018 lib.
352 997 392 1021 Ια,

180 1030 265 1072 ῗίἵετέῐ
282 1030 333 1072 2}ae·
342 1024 392 1076 ὲῗὶἶ

180 1081 235 1099 text.
252 1083 282 1098 lv.

180 1105 190 1114 ·
206 1103 272 1125 Vers.
290 1109 324 1124 20.

181 1132 190 1141 ·
206 1130 271 1151 Vers.
293 1136 312 1158 5.
330 1141 339 1144 -
355 1129 391 1151 Cf.

180 1156 213 1178 ad
219 1156 309 1178 Coloss.
317 1162 367 1183 cap.
375 1162 389 1180 1,

181 1189 239 1205 vers,
257 1183 290 1205 ι8.

181 1322 189 1329 ·
205 1318 270 1340 Vers.
286 1324 317 1346 25.

179 1502 188 1510 ·
199 1500 208 1521 1
218 1500 251 1521 ad
261 1499 329 1525 Tim„
338 1505 364 1520 ca
383 1516 388 1521 .

178 1533 209 1574 {¹1¹1
218 1532 311 1580 νῗςῗιὶιῗζ
327 1525 388 1574 ’ᾱιειῐῖ

178 1580 388 1633 saiwats:

178 1639 227 1660 cap.
247 1639 277 1659 ιν,
293 1638 350 1654 vers.
367 1632 388 1654 8.

178 1811 186 1821 ¹
202 1809 268 1831 Vers.
287 1809 321 1831 «6.

176 2918 185 2927 ·
203 2916 266 2938 Vers-
284 2924 315 2939 ιι.

176 3185 186 3195 ·
196 3184 232 3206 De
239 3184 298 3206 Fide
310 3186 386 3211 Orth„

177 3211 217 3232 lib.
230 3211 269 3237 111,
285 3217 333 3240 cap.
350 3218 386 3233 xv.

176 3238 186 3248 ⁸
202 3237 267 3259 Vera.
284 3244 302 3264 3.

430 227 499 262 172
913 210 915 212 ’
1101 218 1364 264 QUAESTIO
1394 216 1563 262 LXXVI,
1585 216 1878 254 ARTICULUS
1907 218 1936 253 lI

479 305 506 325 2.
532 296 727 331 Phameam,
751 295 882 326 effectus
906 306 974 326 non
998 302 1104 336 potest
1128 307 1195 327 esse
1211 298 1271 328 nisi
1288 307 1381 328 causa
1398 305 1487 335 prae-
1542 296 1808 325 resurrectionem
1831 301 1983 331 nostram,
2008 295 2064 326 sed
2087 296 2247 327 mediante
2271 298 2429 338 principio
2449 307 2526 333 suo,
2551 298 2611 327 sci-

422 341 548 370 cesserit
564 341 589 370 *.
616 339 677 370 Sed
701 341 888 370 resurrectio
913 347 1117 371 mortuorum
1142 347 1223 372 esset
1243 342 1337 372 etiam
1353 341 1378 370 si
1396 339 1487 370 Chri·
1542 339 1616 369 licet
1639 339 1745 369 divina
1769 341 1894 376 virtute,
1919 349 2002 380 quae
2021 346 2163 371 nostram
2179 343 2445 372 resurrectionem
2461 341 2555 372 faciet
2571 341 2611 371 ad

422 390 487 414 stus
511 394 577 414 non
602 385 834 415 resurrexisset:
861 391 926 415 erat
956 386 1042 415 enim
1073 386 1152 416 alius
1182 386 1298 416 modus
1329 384 1487 425 possibilis
1543 383 1784 414 similitudinem
1807 385 2045 414 resurrectionis
2070 384 2197 415 Christi.
2229 386 2336 416 Virtus
2366 391 2474 416 autem
2504 385 2610 416 divina

423 429 491 459 Deo
523 434 558 459 ut
581 429 682 458 homo
707 429 891 459 liberaretur
906 430 932 459 *.
958 430 1043 470 Ergo
1068 431 1255 460 resurrectio
1282 429 1398 460 Christi
1419 437 1486 458 non
1543 429 1651 457 omnia
1675 434 1826 468 operatur
1849 428 2010 459 mediante
2033 429 2210 466 voluntate,
2236 439 2318 470 quae
2342 435 2388 460 est
2404 430 2610 470 propinquis-

422 479 467 503 est
492 483 586 503 causa
609 479 735 503 nostrae
758 475 1008 504 resurrectionis.
1510 483 1517 503 ς
1542 472 1621 502 sima
1638 471 1773 503 effectui.
1799 473 1893 503 Unde
1908 483 1975 503 non
1992 479 2121 513 oportet
2137 473 2227 513 quod
2247 475 2362 509 statim,
2378 474 2609 504 resurrectione

478 517 506 547 3.
532 518 734 553 Pam-raam,
766 518 852 548 idern
884 524 930 548 est
953 518 1105 549 factivum
1136 519 1231 549 unius
1262 519 1294 547 in
1325 523 1392 547 tota
1423 526 1486 547 una
1542 516 1659 546 Christi
1672 516 1763 553 facta,
1777 524 1885 547 nostra
1900 518 2088 548 resurrectio
2105 519 2144 548 sit
2160 523 2284 548 secuta:
2302 518 2357 548 sed
2373 523 2450 548 tunc
2466 519 2610 558 sequitur

421 562 536 601 specie.
562 562 624 592 Sed
647 563 834 593 resurrectio
852 564 909 592 erit
925 564 1075 593 omnibus
1092 563 1276 593 hominibus
1293 562 1484 592 communis.
1542 561 1672 600 quando
1696 562 1845 591 voluntas
1868 562 1928 592 Dei
1953 561 2118 592 ordinavit.

422 605 507 636 Cum
531 616 606 646 ergo
630 608 819 637 resurrectio
844 607 961 637 Christi
977 617 1044 637 non
1061 609 1100 637 sit
1116 617 1211 638 causa
1227 607 1276 637 sui
1291 607 1402 646 ipsiu5‚
1418 615 1485 635 non
1596 606 1646 635 An
1664 615 1826 636 SECUNDUM
1841 616 2001 636 monimum
2017 606 2107 646 quod
2122 607 2221 636 virtus
2245 606 2351 637 divina
2374 616 2442 637 non
2466 606 2610 646 alligatur

422 652 478 681 erit
502 660 596 681 causa
620 651 752 681 aliarum
776 652 1055 681 resurrectionum.
1541 649 1700 689 aliquibus
1724 651 1826 680 causis
1850 651 2008 686 secundis,
2033 652 2113 691 quin
2137 651 2268 681 effectus
2284 651 2410 681 illarum
2426 656 2534 690 posset
2548 651 2609 681 im-

476 704 506 734 4.
532 696 735 732 Priamum,
762 697 794 726 in
819 695 934 726 effectu
958 696 1147 735 relinquitur
1171 695 1291 735 aliquid
1315 695 1353 725 de
1378 694 1486 724 simili·
1502 706 1527 720 xo
1540 694 1694 730 mediate,
1720 695 1770 725 vel
1801 695 1869 725 aliis
1903 696 2005 725 causis
2037 692 2268 732 mediantibus,
2297 695 2494 735 producere:
2527 696 2609 725 sicut

421 739 531 770 tudine
556 750 679 770 causae.
704 739 766 770 Sed
789 741 977 770 resurrectio
1002 740 1041 770 ad
1064 741 1171 770 minus
1194 739 1409 780 quorundam,
1426 739 1485 769 sci·
1541 745 1650 778 posset
1672 740 1912 779 generationem
1936 749 2111 780 corporum
2135 739 2324 770 inferiorum
2356 749 2485 770 causare
2514 740 2608 770 etiam

421 785 495 814 licet
530 785 710 820 malorum,
744 794 811 814 non
843 785 938 814 habet
972 784 1092 824 aliquid
1127 785 1230 815 simile
1263 783 1486 814 resurrectioni
1540 789 1632 813 motu
1658 784 1735 814 caeli
1759 794 1826 814 non
1851 785 2022 820 existente,
2048 790 2079 815 et
2101 790 2227 820 tamen,
2253 784 2432 815 secundum
2462 783 2608 814 ordinem

422 828 548 859 Christi.
574 829 658 868 Ergo
682 829 921 859 resurrectionis
944 829 1074 859 illorum
1097 839 1164 859 non
1190 830 1247 859 erit
1271 838 1365 859 causa
1384 837 1486 858 resur·
1542 836 1640 866 quem
1663 829 1696 858 in
1719 829 1814 858 rebus
1838 830 1955 864 statuit,
1980 834 2088 859 motus
2113 829 2190 859 caeli
2215 834 2261 859 est
2285 838 2379 859 causa
2395 828 2608 868 generationis

421 874 519 903 rectio
545 873 671 903 Christi.
1541 871 1729 902 inferiorum
1753 882 1938 913 corporum.
1963 873 2113 904 Similiter
2137 874 2243 910 etiam,
2267 872 2446 904 secundum
2462 872 2608 903 ordinem

476 918 538 948 San
563 927 695 952 CONTRA,
718 917 799 947 illud
814 917 900 957 quod
916 922 962 947 est
971 918 1114 957 primum
1139 918 1170 947 in
1195 917 1335 957 quolibet
1356 926 1485 957 genere,
1503 926 1524 946 ις
1541 925 1640 955 quem
1663 917 1757 947 rebus
1781 918 1929 948 humanis
1953 917 2059 948 divina
2088 917 2289 958 providentia
2319 916 2482 957 praefixit.
2506 926 2608 947 resur-

421 967 467 992 est
489 971 588 991 causa
607 971 719 991 eorum
735 970 818 1001 quae
833 966 908 991 sunt
926 967 1010 1000 post,
1028 967 1064 991 ut
1079 967 1165 1001 patet
1181 962 1214 991 in
1230 961 1256 991 II
1274 961 1456 1000 Metaphys.
1470 961 1486 976 *
1540 961 1640 990 rectio
1658 960 1775 991 Christi
1792 967 1838 991 est
1854 972 1948 992 causa
1964 968 2091 993 nostrae
2107 962 2355 993 resurrectionis.
2376 962 2485 992 Potuit
2500 967 2608 992 tamen

421 1006 482 1036 Sed
507 1005 650 1036 Christus
674 1006 796 1035 ratione
820 1014 895 1035 suae
919 1006 1157 1035 resurrectionis
1182 1005 1356 1044 corporalis
1372 1004 1487 1034 dicitur
1540 1005 1639 1035 alium
1663 1005 1809 1036 ordinem
1833 1006 2016 1046 praefigere.
2041 1007 2082 1037 Et
2105 1013 2182 1037 tunc
2198 1013 2280 1037 esset
2295 1007 2355 1036 alia
2371 1016 2465 1036 causa
2480 1011 2607 1036 nostrae

416 1050 580 1090 primitiae
603 1049 841 1084 dormientium,
863 1049 874 1078 Ι
893 1048 969 1078 Cor.
987 1059 1027 1079 xv
1043 1050 1069 1085 ἢ
1095 1055 1126 1078 et
1144 1049 1383 1089 primogenitus
1399 1058 1485 1078 mor·
1539 1050 1789 1085 resurrectionis,
1814 1050 1943 1089 qualem
1967 1051 2055 1081 Deus
2079 1051 2264 1082 ordinasset.

419 1100 558 1129 tuorum,
584 1094 748 1133 Apoc.1*.
773 1093 858 1132 Ergo
883 1102 939 1122 sua
963 1094 1151 1123 resurrectio
1172 1098 1219 1122 est
1238 1102 1333 1122 causa
1348 1101 1485 1122 resurre—
1595 1093 1646 1122 An
1670 1103 1804 1123 murum
1832 1104 1991 1124 memnon
2015 1095 2104 1135 quod
2126 1096 2206 1125 ratio
2230 1096 2283 1126 illa
2306 1094 2452 1135 procedit
2476 1093 2606 1134 quando

419 1139 533 1169 ctionis
557 1138 703 1167 aliorum.
1500 1145 1526 1159 ²⁰
1540 1137 1650 1166 omnia
1674 1146 1756 1176 quae
1780 1144 1855 1167 sunt
1877 1139 1911 1168 in
1934 1148 1999 1169 una
2022 1140 2140 1179 specie,
2163 1140 2282 1170 habent
2304 1139 2445 1170 eundem
2460 1139 2607 1169 ordinem

475 1192 503 1212 2.
528 1182 728 1216 Pium-nam,
757 1182 945 1211 resurrectio
971 1181 1087 1211 Christi
1111 1182 1211 1220 magis
1235 1181 1386 1211 convenit
1409 1189 1485 1210 cum
1539 1180 1579 1210 ad
1603 1190 1731 1211 causam
1755 1182 1891 1221 primam
1914 1183 1999 1213 illius
2024 1183 2156 1213 effectus
2179 1185 2235 1223 qui
2266 1191 2313 1214 est
2342 1183 2544 1214 inducendus
2573 1183 2607 1214 in

418 1232 524 1257 nostra
557 1226 787 1256 resurrectione
820 1225 979 1265 corporali
1013 1235 1110 1265 quam
1144 1235 1219 1255 cum
1253 1224 1485 1255 resurrectione
1539 1229 1641 1254 totam
1670 1225 1758 1255 illam
1789 1227 1940 1266 speciem.
1972 1227 2024 1257 Sic
2056 1233 2164 1257 autem
2194 1237 2263 1258 non
2294 1228 2397 1258 estin
2426 1227 2605 1267 proposito.

418 1271 590 1311 spirituali,
615 1279 697 1310 quae
731 1275 777 1300 est
809 1279 866 1309 per
898 1269 1168 1300 iustificationem.
1203 1269 1266 1300 Sed
1295 1269 1483 1299 resurrectio
1539 1268 1624 1306 Quia
1651 1270 1832 1300 humanitas
1855 1270 1982 1301 -Chrisn'
2008 1272 2224 1311 propinquior
2250 1271 2488 1308 est‘divinitatL
2516 1272 2607 1302 cuius

419 1316 535 1346 Christi
552 1321 598 1345 est
614 1324 708 1345 causa
731 1313 964 1344 iustificationis
987 1320 1130 1344 nostrae:
1155 1319 1190 1344 ut
1206 1319 1293 1354 patet
1307 1314 1400 1344 Rom.
1414 1314 1483 1348 σι’,
1538 1313 1637 1344 virtus
1654 1319 1700 1344 est
1719 1315 1823 1354 prima
1846 1324 1941 1345 causa
1963 1316 2187 1355 generationis,
2205 1325 2303 1356 quam
2325 1316 2506 1346 humanitas
2529 1315 2607 1346 alio-

417 1360 609 1391 Resurrexit
620 1363 758 1399 propter
774 1358 1032 1399 iustificationem
1050 1363 1205 1389 nostram.
1223 1358 1308 1398 Ergo
1325 1363 1371 1388 est
1391 1367 1485 1388 causa
1499 1366 1523 1386 ²5
1538 1367 1621 1388 rum.
1646 1358 1740 1389 Unde
1763 1360 1950 1390 resurrectio
1975 1359 2094 1390 Chrisn'
2117 1366 2264 1391 causatur
2278 1370 2296 1390 a
2316 1360 2479 1391 divinitate
2493 1360 2608 1390 imme

418 1410 543 1435 nostrae
566 1404 805 1434 resurrectionis
830 1403 1013 1443 corporalis.
1539 1401 1639 1432 diate:
1673 1402 1729 1433 sed
1757 1405 1946 1434 resurrectio
1970 1404 2107 1435 aliorum
2137 1404 2299 1435 mediante
2323 1404 2451 1435 Christo
2474 1404 2608 1435 homine

471 1449 660 1478 stposmsso
673 1457 833 1477 mensuum
849 1447 939 1487 quod
952 1447 1097 1478 Christus
1113 1448 1236 1478 ratione
1251 1448 1412 1477 humanae
1428 1456 1484 1477 na-
1538 1453 1732 1487 resurgente.

417 1500 505 1523 turae
522 1492 636 1523 dicitur
647 1492 710 1522 Dei
725 1497 756 1522 et
770 1492 936 1522 hominum
952 1492 1113 1522 mediator
1124 1493 1156 1522 *z
1175 1491 1260 1522 unde
1277 1491 1383 1521 divina
1399 1491 1483 1521 dona
1594 1491 1644 1521 At>
1670 1502 1819 1523 ouans-uu
1841 1502 2002 1523 mcmmuu
2026 1493 2116 1534 quod
2131 1494 2321 1524 resurrectio
2337 1493 2486 1524 omnium
2501 1493 2607 1524 homi-

417 1548 434 1567 a
446 1538 516 1567 Deo
529 1538 561 1567 in
574 1537 722 1566 homines
735 1536 895 1566 mediante
908 1535 1027 1566 Christi
1038 1537 1236 1566 humanitate
1249 1536 1444 1576 proveniunt
1456 1536 1482 1565 *.
1537 1545 1618 1566 num
1642 1536 1771 1567 habebit
1794 1537 1914 1577 aliquid
1938 1537 1978 1568 de
1997 1538 2205 1569 similitudine
2221 1538 2462 1569 resurrectionis
2477 1537 2606 1574 Christi,

417 1582 505 1612 Sicut
527 1587 634 1611 autem
658 1591 675 1610 a
698 1586 802 1611 morte
818 1581 972 1620 spirituali
996 1581 1120 1611 liberari
1136 1590 1203 1611 non
1226 1590 1399 1620 possumus
1422 1580 1483 1610 nisi
1499 1589 1524 1608 ³⁰
1538 1580 1629 1620 quod
1651 1581 1772 1612 scilicet
1794 1582 1932 1622 pertinet
1955 1581 1995 1612 ad
2017 1583 2115 1613 vitam
2139 1588 2281 1619 naturae,
2305 1582 2485 1613 secundum
2508 1590 2607 1622 quam

416 1635 472 1666 per
489 1626 612 1656 donum
627 1626 744 1665 gratiae
762 1624 912 1656 divinitus
929 1625 1050 1661 datum,
1066 1626 1110 1655 ita
1132 1635 1193 1656 nec
1212 1635 1230 1655 a
1246 1630 1350 1655 morte
1367 1634 1483 1665 corpo—
1538 1634 1652 1655 omnes
1676 1625 1805 1657 Christo
1830 1625 1960 1657 filerunt
1984 1626 2179 1658 conformes.
2204 1627 2249 1658 Et·
2267 1626 2342 1658 ideo
2367 1636 2481 1657 omnes
2503 1636 2606 1658 resur-

416 1671 471 1701 rali
487 1671 547 1700 nisi
563 1680 620 1710 per
635 1670 901 1700 resurrectionem
925 1669 1032 1700 divina
1047 1670 1163 1700 virtute
1185 1669 1310 1700 factam.
1336 1669 1377 1699 Et
1397 1669 1482 1705 ide0,
1536 1674 1614 1709 gent
1636 1670 1670 1700 in
1693 1671 1791 1701 vitam
1815 1671 2040 1702 immortalem.
2075 1671 2138 1702 Sed
2166 1672 2199 1702 in
2230 1672 2365 1707 sanctis,
2390 1671 2447 1711 qui
2477 1670 2607 1703 fuerunt

415 1716 496 1745 sicut
525 1714 669 1745 Christus
693 1714 846 1754 primitias
870 1714 987 1754 gratiae
1018 1715 1159 1754 suscepit
1185 1714 1336 1744 divinitus
1360 1719 1391 1744 et
1415 1714 1482 1744 eius
1537 1713 1666 1745 Christo
1691 1714 1876 1746 conformes
1899 1725 1957 1756 per
1978 1716 2122 1756 gratiam,
2142 1716 2200 1747 erit
2224 1715 2433 1747 conformitas
2448 1721 2606 1756 quantum

415 1760 512 1799 gratia
536 1765 582 1790 est
606 1769 701 1789 causa
723 1764 850 1789 nostrae
873 1759 1000 1799 gratiae,
1026 1759 1102 1799 quia
1124 1759 1163 1789 de
1185 1758 1389 1799 plenitudine
1414 1758 1482 1788 eius
1537 1758 1576 1789 ad
1601 1769 1638 1789 ea
1661 1769 1744 1799 quae
1767 1765 1842 1790 sunt
1864 1760 1995 1800 gloriae.

416 1814 474 1835 nos
490 1813 599 1834 omnes
623 1803 812 1843 accepimus,
828 1803 973 1844 gratiam
983 1813 1048 1844 pro
1064 1803 1187 1845 gratia,
1204 1803 1291 1833 Ioan.
1308 1813 1320 1832 1
1335 1803 1369 1839 ἡ
1390 1803 1434 1833 ita
1448 1803 1482 1833 in
1498 1812 1519 1831 ις

416 1848 543 1879 Christo
568 1848 716 1878 inchoata
740 1852 787 1878 est
809 1848 1016 1881 resurrectio,
1041 1854 1072 1878 et
1094 1857 1152 1878 sua
1175 1847 1363 1878 resurrectio
1387 1857 1483 1878 causa

416 1898 462 1923 est
484 1898 610 1923 nostrae
633 1893 890 1928 resurrectionis;
915 1897 950 1922 ut
974 1893 1018 1922 sic
1043 1892 1188 1923 Christus
1219 1893 1412 1932 inquantum
1436 1897 1482 1922 est

416 1938 517 1973 Deus,
541 1937 580 1967 sit
602 1938 704 1977 prima
728 1946 823 1967 causa
845 1942 973 1967 nostrae
996 1937 1235 1967 resurrectionis
1259 1937 1350 1976 quasi
1373 1937 1483 1976 aequi-

415 1992 511 2017 voca;
541 1981 595 2012 sed
625 1982 819 2021 inquantum
843 1986 890 2011 est
920 1981 1008 2011 Deus
1037 1986 1068 2011 et
1097 1982 1198 2011 homo
1230 1990 1411 2020 resurgens,
1436 1986 1483 2011 est
1602 1990 1622 2010 n
1654 1990 1816 2011 sncunnun
1840 1990 1885 2010 src
1909 1990 2115 2010 pnoennrrun.
2145 1980 2279 2011 Videtur
2303 1979 2392 2020 quod
2420 1990 2484 2011 vox
2506 1981 2604 2012 tubae

416 2036 509 2056 causa
532 2027 677 2066 proxima
702 2031 733 2056 et
757 2026 848 2066 quasi
871 2026 1011 2056 univoca
1033 2031 1160 2056 nostrae
1188 2025 1437 2055 resurrectionis
1498 2036 1524 2056 ιο
1602 2035 1670 2055 non
1700 2026 1739 2055 sit
1769 2034 1864 2056 causa
1887 2030 2014 2055 nostrae
2037 2025 2287 2055 resurrectionis.
2317 2024 2402 2055 Dieit
2426 2025 2512 2056 enim
2540 2025 2604 2055 Da-

470 2070 575 2101 Causa
599 2076 706 2100 autem
729 2071 868 2100 univoca
891 2079 987 2110 agens
1011 2070 1161 2110 producit
1177 2069 1327 2100 effectum
1347 2069 1381 2100 in
1397 2070 1483 2100 simi·
1536 2079 1706 2100 mascenus
1721 2070 1753 2099 ‘2
1781 2069 1884 2099 Crede
1908 2069 2177 2100 resurrectionem
2191 2069 2348 2110 futuram
2363 2068 2474 2100 divina
2490 2069 2604 2100 volun—

415 2115 547 2145 litudine
571 2114 693 2145 formae
717 2124 809 2145 suae:
834 2114 921 2145 unde
944 2124 1011 2145 non
1035 2115 1142 2145 solum
1159 2119 1205 2144 est
1221 2123 1316 2144 causa
1331 2113 1481 2150 efficiens,
1537 2119 1611 2150 tate,
1636 2114 1754 2145 virtute
1777 2119 1808 2144 et
1830 2119 1921 2144 nutu.
1946 2113 2043 2153 Ergo,
2068 2123 2144 2144 cum
2159 2114 2239 2144 haec
2254 2113 2318 2144 sint
2333 2112 2494 2144 sufficiens
2509 2122 2606 2145 cause

415 2159 470 2190 sed
494 2160 680 2199 exemplaris
704 2159 794 2189 istius
818 2158 959 2190 effectus.
984 2159 1059 2189 Hoc
1082 2164 1190 2190 autem
1206 2159 1362 2198 contingit
1378 2158 1483 2199 dupli·
1536 2159 1776 2189 resurrectionis
1806 2164 1952 2194 nostrae,
1977 2168 2045 2189 non
2069 2163 2197 2199 oportet
2226 2167 2349 2198 ponere
2379 2166 2508 2188 causam
2536 2158 2604 2190 eius

415 2205 501 2234 citer.
533 2204 739 2244 Quandoque
769 2205 855 2234 enim
885 2204 954 2244 ipsa
982 2203 1086 2234 forma
1109 2213 1166 2244 per
1189 2213 1287 2243 quam
1311 2203 1483 2233 attenditur
1536 2212 1652 2234 vocem
1671 2203 1777 2233 tubae.

415 2248 589 2279 similitudo
624 2249 744 2288 agentis
777 2248 816 2278 ad
849 2247 1018 2284 effectum,
1052 2254 1099 2278 est
1133 2247 1251 2278 directe
1286 2248 1482 2288 principium
1497 2258 1520 2278 ις
1593 2257 1622 2278 2.
1647 2248 1844 2283 Pius-ranna,
1867 2246 1981 2277 frustra
2004 2257 2068 2277 vox
2091 2247 2246 2278 emittitur
2268 2246 2308 2278 ad
2332 2255 2408 2277 eum
2423 2247 2480 2287 qui
2495 2246 2605 2278 audire

415 2294 548 2323 actionis
572 2302 636 2333 qua
659 2292 847 2333 producitur
870 2293 923 2323 ille
947 2292 1095 2323 effectus:
1121 2293 1204 2323 sicut
1227 2292 1313 2322 calor
1345 2293 1378 2322 in
1409 2293 1482 2332 igne
1536 2302 1603 2323 non
1626 2297 1742 2332 potest.
1767 2291 1830 2322 Sed
1853 2292 1973 2322 mortui
1988 2301 2056 2322 non
2071 2291 2236 2323 habebunt
2250 2291 2406 2322 auditum.
2430 2291 2516 2331 Ergo
2536 2301 2604 2323 non

416 2337 627 2368 calefaciente.
653 2337 859 2377 Quandoque
883 2342 991 2367 autem
1014 2337 1099 2367 illius
1123 2337 1258 2367 actionis
1282 2346 1346 2376 qua
1361 2336 1482 2376 produ·
1537 2342 1583 2367 est
1608 2337 1803 2367 conveniens
1827 2335 1917 2376 quod
1939 2345 2003 2366 vox
2027 2336 2134 2376 aliqua
2163 2335 2319 2366 formetur
2349 2335 2388 2366 ad
2415 2336 2604 2367 resuscitan-

416 2383 497 2412 citur
521 2381 667 2418 effectus,
692 2391 759 2411 non
790 2387 836 2412 est
866 2382 1060 2422 principium
1090 2382 1195 2421 primo
1225 2386 1256 2411 et
1279 2390 1335 2421 per
1359 2391 1392 2411 se
1415 2382 1483 2421 ipsa
1537 2381 1615 2412 dum
1639 2390 1705 2411 eos.

416 2425 518 2456 forma
541 2425 719 2456 secundum
744 2435 842 2466 quarn
865 2425 1038 2456 attenditur
1053 2425 1239 2461 similitudo,
1256 2425 1311 2455 sed
1327 2426 1482 2466 principia
1594 2425 1623 2456 3.
1649 2425 1855 2460 Palinurum,
1880 2425 1906 2455 si
1929 2434 1991 2454 vox
2022 2424 2129 2464 aliqua
2158 2425 2198 2454 sit
2228 2434 2323 2455 causa
2352 2425 2603 2461 resurrectionis,

416 2471 498 2500 illius
522 2470 659 2501 formae:
685 2471 777 2506 sicut,
802 2471 827 2500 si
850 2470 951 2500 horno
976 2470 1066 2500 albus
1089 2475 1219 2510 generet
1242 2470 1410 2500 hominem
1438 2470 1482 2500 al·
1498 2479 1523 2499 5⁰
1536 2470 1600 2500 hoc
1623 2479 1690 2500 non
1715 2469 1773 2500 erit
1796 2469 1856 2499 nisi
1881 2469 1920 2499 sit
1942 2478 1999 2509 per
2021 2469 2172 2499 virtutem
2195 2469 2269 2499 voci
2299 2468 2450 2499 divinitus
2479 2468 2602 2500 datam:

416 2516 510 2550 bum,
534 2515 603 2555 ipsa
626 2514 739 2545 albedo
763 2515 941 2554 generantis
971 2524 1039 2544 non
1070 2520 1117 2544 est
1143 2515 1338 2554 principium
1362 2514 1482 2544 activae
1536 2514 1623 2545 unde
1646 2523 1742 2554 super
1763 2513 1844 2544 illud
1867 2513 1984 2543 Psalmi
1999 2514 2025 2549 *‚
2045 2513 2145 2545 Dabit
2159 2513 2231 2544 voci
2245 2522 2324 2544 suae
2339 2522 2449 2544 vocem
2465 2513 2602 2550 virtutis,

415 2559 647 2599 generationis,
680 2564 711 2589 et
742 2564 850 2588 tamen
883 2558 997 2589 albedo
1029 2559 1208 2598 generantis
1241 2558 1356 2588 dicitur
1389 2568 1482 2588 causa
1537 2559 1612 2589 dicit
1636 2557 1750 2589 Glossa
1765 2559 1792 2594 *‚
1817 2557 2030 2588 resuscitandi
2052 2567 2204 2598 corpora.
2229 2557 2292 2588 Sed
2315 2567 2353 2588 ex
2373 2567 2440 2597 quo
2459 2558 2604 2598 potentin

416 2603 568 2634 albedinis
591 2608 768 2643 generatae,
794 2603 869 2643 quia
893 2603 1049 2643 principia
1072 2602 1225 2633 albedinis
1249 2603 1281 2632 in
1310 2608 1481 2642 generante
1536 2602 1608 2634 data
1631 2608 1678 2633 est
1701 2603 1806 2638 alicui,
1831 2603 1977 2642 quamvis
1993 2602 2184 2632 miraculose
2200 2601 2302 2638 detur,
2317 2608 2427 2632 tamen
2443 2607 2532 2632 actus
2547 2602 2603 2642 qui

416 2653 489 2678 sunt
512 2648 667 2687 principia
690 2648 870 2687 generativa
893 2646 1040 2678 facientia
1063 2646 1243 2677 albedinem
1267 2648 1299 2677 in
1318 2652 1480 2687 generato.
1535 2647 1679 2687 sequitur
1695 2652 1743 2677 est
1765 2647 1931 2677 naturalis:
1956 2647 2038 2678 sicut
2053 2652 2140 2687 patet
2155 2647 2188 2677 in
2205 2655 2302 2677 caeco
2319 2651 2395 2677 nato
2411 2646 2603 2678 miraculose

470 2692 511 2722 Et
534 2701 590 2732 per
613 2692 699 2722 hunc
723 2691 859 2722 modum
883 2692 1071 2722 resurrectio
1096 2691 1214 2721 Christi
1239 2697 1285 2721 est
1308 2701 1402 2721 causa
1421 2701 1480 2722 no·
1496 2700 1518 2721 55
1535 2692 1726 2727 illuminato,
1744 2692 1800 2731 qui
1817 2697 1928 2731 postea
1943 2691 2127 2722 naturaliter
2142 2691 2238 2722 videt.
2263 2691 2360 2731 Ergo,
2377 2691 2403 2721 si
2418 2700 2481 2721 vox
2496 2690 2604 2731 aliqua

415 2742 495 2766 strae
528 2736 766 2766 resurectionis:
799 2736 875 2776 quia
897 2735 976 2766 illud
1000 2735 1089 2775 quod
1113 2735 1188 2766 fecit
1215 2736 1479 2766 resurrectionem
1535 2741 1616 2767 esset
1640 2745 1734 2766 causa
1757 2735 2008 2772 resurrectionis,
2024 2736 2212 2766 resurrectio
2230 2741 2311 2766 esset
2326 2735 2486 2766 naturalis.
2503 2734 2603 2773 Quod

416 2780 543 2816 Christi,
561 2781 616 2820 qui
641 2786 687 2810 est
703 2790 797 2810 causa
814 2779 953 2811 efficiens
974 2781 1113 2810 univoca
1129 2785 1256 2810 nostrae
1277 2781 1479 2811 resurrectio·
1534 2780 1649 2811 falsum
1673 2786 1719 2811 est
1731 2781 1757 2810 ⁹.

415 2826 472 2860 nis,
490 2824 529 2854 ad
544 2830 686 2854 nostram
702 2825 969 2855 resurrectionem
985 2825 1057 2864 agit,
1075 2825 1195 2854 scilicet
1215 2825 1313 2855 virtus
1335 2824 1479 2855 divinita·
1589 2824 1651 2855 Sar>
1676 2834 1799 2854 conum
1820 2834 1874 2854 nsr
1897 2823 1987 2864 quod
2010 2823 2125 2855 dicitur
2149 2824 2161 2855 1
2182 2824 2323 2855 Thessal.
2341 2834 2372 2854 rv
2388 2825 2421 2854 “;
2447 2824 2519 2864 Ipse
2533 2824 2602 2854 Do-

414 2870 452 2899 tis
476 2869 574 2909 ipsius
599 2868 726 2904 Christi,
746 2878 829 2909 quae
853 2869 911 2899 sibi
936 2874 967 2899 et
987 2869 1071 2899 Patri
1095 2870 1278 2899 communis
1298 2874 1353 2899 est.
1385 2868 1478 2900 Unde
1534 2869 1639 2899 minus
1664 2869 1696 2899 in
1722 2869 1796 2899 tuba
1819 2869 1882 2899 Dei
1905 2868 2074 2899 descendet
2096 2868 2135 2899 de
2158 2869 2268 2905 caelo,
2293 2873 2325 2899 et
2346 2868 2467 2899 mortui
2489 2868 2545 2909 qui
2566 2868 2600 2899 in

415 2913 529 2943 dicitur
543 2913 636 2943 Rom.
654 2923 708 2943 vm
723 2914 753 2943 ⁴:
783 2913 847 2949 Qui
862 2913 1029 2944 suscitavit
1052 2913 1159 2943 Iesum
1178 2913 1340 2944 Christum
1356 2922 1377 2943 a
1393 2923 1479 2943 mor·
1493 2920 1520 2940 6ο
1536 2913 1664 2944 Christo
1688 2918 1773 2949 sunt,
1798 2918 1972 2954 resurgent
1989 2913 2100 2953 primi.

415 2958 486 2993 tuis,
505 2958 676 2998 vivificabit
698 2958 851 2988 mortalia
876 2966 1018 2998 corpora
1042 2963 1165 2988 nostra.
1591 2967 1620 2988 2.
1644 2957 1841 2993 Funerum,
1859 2957 1946 2987 ioan.
1963 2967 1983 2987 v
1995 2958 2012 2974 ⁴*
2028 2957 2143 2988 dicitur
2159 2956 2250 2998 quod
2265 2957 2320 2998 qui
2336 2957 2369 2987 in
2386 2955 2601 2987 monumentis

469 3002 531 3032 Sed
547 3003 615 3042 ipsa
630 3002 818 3032 resurrectio
837 3001 964 3038 Christi,
982 3003 1097 3032 virtute
1113 3001 1283 3032 divinitatis
1299 3001 1477 3038 adiunctae,
1532 3007 1609 3033 sunt
1630 3002 1764 3033 audient
1779 3011 1887 3032 vocem
1903 3001 1982 3032 Filii
1997 3001 2069 3038 Dei,
2085 3007 2117 3033 et
2131 3002 2186 3042 qui
2201 3001 2366 3032 audierint
2380 3001 2494 3032 vivent.
2511 3000 2600 3031 Haec

415 3052 460 3076 est
477 3056 570 3076 causa
586 3047 675 3086 quasi
698 3047 946 3077 instrumentalis
968 3047 1207 3077 resurrectionis
1229 3052 1366 3077 nostrae.
1392 3046 1479 3087 Ope·
1533 3051 1641 3077 autem
1665 3056 1728 3076 vox
1752 3046 1866 3077 dicitur
1889 3047 1975 3082 tuba,
2000 3051 2036 3076 ut
2058 3046 2092 3076 in
2124 3046 2227 3076 littera
2242 3046 2258 3062 “
2281 3050 2377 3085 patet.
2410 3044 2513 3084 Ergo,
2538 3050 2599 3076 etc.

414 3091 550 3120 rationes
581 3091 667 3120 enim
699 3090 824 3121 divinae
855 3092 1028 3131 agebantur
1050 3090 1212 3121 mediante
1235 3100 1328 3121 carne
1361 3090 1478 3121 Christi
1587 3091 1777 3122 Ruspormzo
1801 3100 1962 3120 mmmmm
1985 3089 2075 3130 quod
2098 3098 2227 3120 causam
2243 3087 2370 3119 effectui
2393 3093 2522 3129 oportet
2544 3089 2600 3119 ali-

415 3135 504 3174 quasi
528 3134 669 3174 quodam
683 3144 818 3175 organo:
837 3136 918 3166 sicut
934 3136 1026 3175 ponit
1042 3135 1227 3176 exemplum
1250 3136 1478 3172 Damascenus,
1493 3141 1517 3166 65
1533 3145 1600 3176 quo
1624 3135 1724 3166 modo
1749 3135 1921 3175 coniungi:
1947 3135 2022 3174 quia
2049 3143 2184 3165 movens
2207 3138 2239 3163 et
2259 3138 2402 3169 motum,
2427 3132 2545 3163 faciens
2569 3138 2600 3164 et

414 3180 446 3208 in
470 3178 510 3208 111
534 3179 614 3208 libro
629 3180 656 3212 θ.
672 3179 711 3209 de
734 3185 820 3210 tactu
845 3180 1003 3220 corporali
1024 3189 1091 3220 quo
1115 3179 1281 3210 mundavit
1303 3179 1478 3220 leprosum,
1533 3179 1664 3216 factum,
1681 3185 1755 3210 sunt
1778 3179 1884 3215 simul,
1901 3184 1937 3209 ut
1958 3183 2046 3218 patet
2067 3178 2101 3208 in
2124 3177 2182 3207 VH
2196 3177 2324 3217 Physic.
2341 3178 2358 3193 ⁸
2382 3176 2528 3208 Christus
2543 3186 2600 3208 au·

416 3223 525 3252 Matth.
541 3233 596 3252 vm
611 3224 637 3253 ⁴⁹.
1533 3229 1599 3254 tem
1622 3232 1789 3263 resurgens
1813 3229 1859 3254 est
1883 3232 1978 3253 causa
1999 3222 2139 3252 univoca
2160 3226 2287 3251 nostrae
2317 3222 2556 3252 resurrectionis
2571 3222 2597 3253 “.

468 3267 518 3296 An
542 3277 658 3297 PRIMUM
674 3277 756 3298 aneo
781 3277 941 3298 mensuum
961 3267 1051 3308 quod
1075 3277 1168 3298 causa
1192 3267 1352 3298 sufficiens
1374 3269 1479 3299 statim
1533 3267 1627 3299 Unde
1651 3272 1779 3308 oportet
1802 3266 1893 3307 quod
1915 3267 1948 3297 in
1971 3265 2202 3296 resurrectione
2226 3274 2401 3305 corporum
2431 3266 2599 3297 communi

415 3310 563 3349 producit
595 3310 745 3342 effectum
777 3321 872 3342 suum
896 3311 935 3342 ad
959 3321 1058 3352 quem
1087 3311 1271 3342 immediate
1295 3311 1477 3342 ordinatur:
1533 3312 1643 3352 aliquo
1667 3313 1758 3352 signo
1775 3310 1934 3351 corporali
1957 3309 2032 3340 dato
2049 3308 2194 3340 Christus
2209 3318 2376 3349 resurgens
2392 3315 2553 3350 operetur.

416 3364 482 3384 non
512 3361 619 3385 autem
650 3355 800 3386 effectum
829 3355 868 3386 ad
898 3365 996 3395 quem
1028 3356 1192 3386 ordinatur
1221 3355 1381 3386 mediante
1405 3356 1477 3392 alio,
1493 3370 1520 3391 70
1588 3355 1688 3394 Quod
1700 3355 1831 3396 quidem
1844 3355 1981 3394 signum,
1994 3359 2030 3384 ut
2042 3353 2173 3393 quidam
2186 3353 2306 3389 dicunt,
2319 3355 2387 3390 erit,
2400 3354 2441 3385 ad
2452 3354 2597 3391 litteram,

415 3405 714 3439 quantumcumque
738 3400 776 3429 sit
799 3399 976 3435 sufficiens;
1002 3401 1084 3430 sicut
1108 3400 1204 3435 calor,
1229 3405 1478 3440 quantumcum-
1532 3410 1595 3430 vox
1611 3399 1729 3430 Chrisn'
1744 3399 2010 3429 resurrectionem
2025 3398 2220 3438 imperantis,
2233 3398 2315 3428 sieut
2331 3398 2501 3439 imperavit
2514 3398 2599 3430 mari

416 3451 479 3482 que
503 3443 541 3473 sit
564 3444 717 3479 intensus,
734 3453 801 3473 non
819 3444 923 3474 statim
938 3444 971 3473 in
993 3445 1098 3484 primo
1122 3445 1250 3474 instanti
1270 3449 1377 3475 causat
1393 3444 1478 3474 calo—
1532 3449 1563 3474 et
1585 3444 1721 3474 cessavit
1743 3447 1919 3482 tempestas,
1944 3442 2056 3472 Matth.
2071 3451 2127 3472 vm
2142 3443 2168 3472 ⁹.

416 3495 492 3522 rem,
517 3486 573 3517 sed
596 3488 700 3517 statim
723 3488 835 3527 incipit
858 3497 988 3517 movere
1012 3487 1051 3518 ad
1071 3488 1221 3523 calorem,
1239 3488 1315 3528 quia
1330 3488 1416 3518 calor
1433 3494 1479 3518 est
1588 3487 1728 3525 Quidam
1751 3496 1827 3517 vero
1851 3485 1963 3516 dicunt
1986 3485 2075 3525 quod
2098 3486 2161 3516 hoc
2185 3486 2313 3526 signum
2336 3486 2415 3517 nihil
2439 3486 2525 3518 aliud
2540 3487 2598 3518 erit

417 3529 547 3560 effectus
571 3532 637 3560 eius
667 3530 827 3561 mediante
856 3537 958 3561 motu.
987 3532 1189 3562 Resurrectio
1223 3537 1331 3562 autem
1361 3531 1477 3562 Christi
1532 3541 1630 3571 quam
1653 3532 1721 3571 ipsa
1743 3530 2004 3570 re-praesentatio
2029 3529 2158 3560 evidens
2178 3530 2248 3560 Filii
2265 3531 2327 3561 Dei
2349 3532 2382 3561 in
2405 3530 2541 3567 mundo,
2557 3530 2598 3562 de

417 3573 530 3604 dicitur
561 3584 655 3605 causa
678 3580 804 3605 nostrae
834 3576 1089 3610 resurrectionis,
1114 3586 1182 3606 non
1211 3576 1286 3615 quia
1312 3576 1379 3615 ipsa
1408 3580 1478 3615 agat
1492 3589 1516 3609 ⁷5
1532 3584 1597 3615 qua
1619 3574 1734 3605 dicitur
1750 3574 1860 3604 Matth.
1878 3582 1951 3604 xxxv
1965 3575 1998 3604 “2
2024 3574 2115 3604 Sicut
2127 3575 2256 3616 fulgur
2271 3575 2357 3606 venit
2371 3575 2411 3606 ab
2428 3575 2553 3606 oriente
2567 3580 2599 3606 et

1728 1834 1828 1865 ART.
1846 1834 1883 1865 ΙΙ.
1907 1844 2012 1864 urium
2033 1844 2098 1865 vox
2121 1844 2221 1864 ‘ruma
2245 1844 2291 1864 srr
2315 1844 2412 1864 musa

1859 1889 1999 1910 nosram
2022 1888 2282 1909 RESURRECTIONIS

1876 1929 1885 1951 1
1902 1929 1935 1951 ad
1950 1929 2014 1956 Cor„
2030 1935 2081 1956 cap.
2099 1935 2137 1956 xv,
2153 1929 2204 1951 lect.
2220 1935 2267 1951 vm.

2631 2080 2642 2090 ·
2651 2078 2688 2101 oe
2696 2077 2758 2101 Fue
2766 2078 2845 2106 om„

2630 2105 2724 2155 aba&
2731 2111 2786 2134 cap.
2794 2106 2845 2132 un..

2632 2520 2641 2530 ·
2651 2518 2687 2540 Pe.
2698 2524 2770 2546 uvu,
2782 2525 2842 2541 vers.

2630 2551 2714 2594 ³⁴bra.
2733 2571 2842 2594 esaiae.

2631 2602 2653 2620 et
2668 2598 2752 2621 [συιδ.
2765 2618 2772 2629 ,

2630 2782 2640 2792 ·
2648 2779 2695 2807 Qu.
2700 2785 2770 2806 ων,
2776 2782 2843 2808 unq.

2630 2827 2640 2838 ·
2655 2825 2721 2848 Vei-s.
2739 2832 2770 2855 ¹5·

2628 2962 2638 2972 ²
2650 2961 2717 2983 Vm.
2734 2967 2767 2990 ²5·
2782 2961 2818 2984 28.

2628 3043 2839 3092 ziz-‚zazav-

2627 3241 2638 3251 '
2646 3227 2706 3262 ‘Art'
2717 3238 2823 3268 praeed-

2626 3447 2636 3457 ·
2645 3445 2711 3468 Vm.
2716 3445 2758 3472 »ῦς
2767 3445 2838 3468 Here.

2625 3477 2838 3527 ffl.¹'÷.'3;‘“v.³1⁹1²

2626 3531 2684 3547 ven.
2699 3530 2735 3552 14.
2832 3514 2839 3525 ’

2626 3577 2636 3586 ·
2652 3575 2719 3598 ven.
2733 3581 2768 3603 ²7-
