2878 4088
157 293 166 301 ⁶
182 291 232 317 Dig.
247 290 286 315 lv,
299 295 329 315 iv,
340 289 370 309 de

156 316 286 338 Minoribus
298 315 369 343 vigin-

156 344 183 374 ti·
199 344 300 371 quinque
324 348 367 362 an-

156 376 202 396 ms,
217 376 237 398 3.

156 552 195 575 ·S.
201 552 232 574 Ra
250 552 366 573 m.Summ.

159 579 217 601 lib.l
243 595 248 603 .
264 579 297 600 tit.
312 584 366 605 xiv,

156 606 185 627 de
194 605 257 627 Publ.
268 605 366 627 Honest-

155 632 229 654 Ius-tit.

155 779 164 787 ·
179 776 203 797 B.
226 776 314 797 Albert.
334 774 367 796 lv

154 803 228 829 Sent„
235 803 288 824 dist.
296 807 368 829 xxvn,

154 833 196 852 art.
213 835 244 858 ¹3.

156 995 165 1004 ·
172 994 226 1015 Loc.
235 992 273 1014 cit.
284 992 307 1014 in
318 998 364 1020 arg.

153 1527 162 1535 ·
177 1524 233 1552 Cap.
245 1524 313 1552 Quod
325 1529 364 1545 se-

151 1550 363 1605 ‘isne

152 1662 162 1671 ·
174 1659 250 1681 Didot.
268 1659 297 1680 de
310 1659 364 1680 Ani-

152 1687 207 1707 mal.
220 1686 314 1707 Hister.
325 1686 363 1707 lib.

153 1713 181 1739 V,
191 1719 217 1734 ca
237 1719 327 1739 .xiv‚n.
339 1718 363 1738 2;

153 1740 192 1761 lib.
226 1739 260 1766 11,
276 1745 326 1766 cap.
342 1744 363 1765 1,

153 1773 174 1787 n.
188 1773 205 1788 ι.

156 2721 165 2730 '
181 2719 212 2741 Ca
231 2725 268 2743 .v.
284 2725 306 2740 n.

156 2745 208 2768 s.T
227 2746 294 2768 ,lech
308 2751 338 2767 ix.

160 3042 169 3050 ·
188 3039 224 3061 Cf.
246 3046 265 3061 s.
287 3039 319 3060 Ra
337 3045 367 3061 m.

159 3066 244 3096 Summ.
265 3066 304 3087 lib.
320 3046 368 3092 lV,

159 3096 193 3114 m.
211 3098 232 3117 ι,
247 3092 275 3113 de
294 3092 370 3119 Spon-

160 3118 213 3144 sal„
228 3120 236 3144 5
251 3126 278 3144 4;
294 3119 315 3140 b.
327 3119 368 3139 ΑΙ-

162 3145 218 3166 bert.
238 3145 270 3166 lV
291 3145 369 3170 Sem„

160 3171 276 3193 dist.xxvn
291 3171 369 3193 art.¹6.

161 3199 169 3207 ·
185 3197 217 3219 Ca
236 3204 258 3224 p.
276 3187 369 3228 Veram,

161 3228 183 3245 et
203 3224 240 3245 lix
259 3223 370 3251 publico,

161 3250 191 3281 ᾀε
200 3250 370 3272 ConvenAEon-

161 3282 248 3329 Ξμείξεις).
269 3302 304 3323 De
324 3302 372 3323 illis

161 3331 245 3355 aulem,
257 3329 286 3350 de
299 3329 374 3356 Spon-

163 3356 208 3376 sal.
224 3357 246 3376 et
260 3355 363 3376 Mau-im.

162 3383 172 3393 ⁶
187 3381 243 3409 Cap.
254 3381 315 3402 Illud
326 3382 375 3402 Do-

162 3408 245 3435 minus,
254 3407 283 3429 de
290 3407 373 3430 Cleric.

162 3440 272 3456 excomm.

163 3463 172 3472 ·
187 3460 244 3488 Cap.
260 3459 376 3488 Quemad-

162 3487 261 3514 modum,
274 3486 303 3508 de
311 3486 376 3507 Iure-

163 3513 222 3538 ium
239 3519 289 3541 cap.
304 3512 374 3534 Litte-

163 3546 214 3567 ras,
229 3539 258 3561 de
275 3539 375 3567 Βοκίας.

163 3567 250 3594 lepras.

398 211 448 257 84
900 246 902 249 .
1084 208 1347 256 QUAEST10
1378 206 1504 251 XLIII,
1534 204 1827 242 ARTICULUS
1856 204 1901 239 111

395 293 501 328 potest
532 287 571 318 de
599 288 665 318 aliis
689 297 722 318 se
746 288 896 328 obligare.
928 288 968 318 Et
992 287 1170 318 secundum
1201 287 1285 326 leges
1302 287 1318 302 ὓ*
1343 284 1460 314 consti-
1513 292 1620 322 poena
1643 282 1750 312 nullus
1781 280 1875 311 debet
1905 280 2020 320 puniri.
2052 279 2116 310 Sed
2138 280 2185 310 vir
2208 281 2265 320 qui
2289 279 2505 312 infirmitatem
2533 282 2581 312 in-

395 333 494 362 tuitur
518 332 546 362 ei
569 338 710 371 potestas
741 332 780 362 de
808 333 902 363 rebus
933 333 997 362 suis
1028 331 1219 372 disponendi
1246 334 1320 369 post
1349 327 1459 367 viginti
1514 327 1619 361 currit,
1636 326 1769 365 punitur
1791 325 1824 354 in
1849 334 1888 354 eo
1914 323 2004 364 quod
2027 324 2056 354 ei
2078 324 2128 354 ius
2152 334 2248 354 suum
2271 324 2422 361 aufertur,
2438 325 2529 366 quod
2547 327 2581 356 in

396 377 539 416 quinque
564 385 674 406 annos,
1512 370 1564 399 illa
1595 370 1732 399 habebat
1762 378 1845 408 quae
1875 369 1934 398 sibi
1964 367 2067 398 fuerat
2097 367 2298 408 desponsata.
2334 369 2419 410 Ergo
2450 376 2581 411 propter

449 421 499 450 AD
523 430 640 450 ramum
663 430 746 451 naoo
770 430 929 451 mmmmm
953 420 1051 460 quod,
1073 420 1096 449 si
1122 424 1193 449 ante
1218 426 1318 446 annos
1341 414 1457 454 puber-
1513 413 1713 452 corporalem
1737 412 1955 443 infirmitatem
1977 422 2045 442 non
2069 412 2187 443 debent
2209 413 2369 453 sponsalia
2392 413 2505 445 dirimi.

394 466 463 494 tatis
487 463 541 494 fiat
564 470 746 495 contractus
770 466 967 505 sponsalium
992 474 1047 504 per
1071 463 1178 496 alium,
1203 461 1298 490 ambo
1316 458 1366 488 vel
1382 457 1458 487 alter
1480 467 1489 486 5
1567 466 1597 495 4.
1624 457 1708 493 ITEM,
1733 456 1858 487 videtur
1881 456 1970 497 quod
1993 466 2054 487 nec
2077 462 2208 497 propter
2232 456 2417 488 affinitatem
2444 459 2580 489 interve-

394 509 564 539 reclamare
588 515 732 549 possunt.
757 509 850 540 Unde
866 509 945 539 nihil
963 514 1039 538 tunc
1056 512 1163 536 actum
1181 510 1244 534 est:
1270 502 1350 533 adeo
1368 500 1457 541 quod
1511 501 1670 531 nientern:
1704 507 1818 541 utpote
1842 501 1868 531 si
1890 510 2028 541 sponsus
2052 501 2326 541 consanguineam
2355 511 2492 542 sponsae
2514 502 2580 534 for—

393 563 454 583 nec
476 554 581 593 aliqua
597 553 730 583 affinitas
751 554 953 583 contrahatur
969 562 1005 581 ex
1023 552 1084 581 hoc
1101 551 1127 579 *.
1152 549 1191 578 Et
1208 547 1280 577 ideo
1298 545 1458 586 sponsalia
1510 546 1631 576 nicario
1648 546 1824 576 concubitu
1840 551 2015 585 cognoscat
2030 546 2055 576 ἦ
2082 545 2167 583 Quia
2186 546 2364 576 secundum
2385 547 2448 577 hoc
2463 557 2581 587 sponsa

395 607 477 637 quae
500 598 582 628 inter
605 597 729 637 aliquos
753 607 809 637 per
833 606 982 637 personas
1006 595 1080 624 alias
1102 592 1342 626 contrahuntur,
1359 590 1457 619 robur
1510 590 1678 630 puniretur
1701 599 1760 630 pro
1785 595 1919 630 peccato
1944 590 2065 630 sponsi.
2089 590 2189 627 Quod
2211 600 2279 620 non
2302 596 2350 621 est
2373 592 2579 622 conveniens.

393 642 511 672 habent
538 642 730 682 inquantum
754 642 797 671 illi
821 642 902 670 inter
925 649 1007 679 quos
1038 637 1285 669 contrahuntur,
1310 633 1349 664 ad
1373 638 1456 663 aeta·
1568 635 1596 664 5.
1614 634 1700 670 Iram,
1712 634 1838 665 videtur
1854 634 1943 674 quod
1958 644 2026 664 non
2038 635 2162 674 possint
2178 644 2210 665 se
2226 635 2365 665 invicem
2378 635 2541 666 absolvere
2551 637 2578 667 *.

394 692 459 716 tem
475 686 614 716 debitam
630 687 801 720 venientes,
818 694 884 714 non
901 683 1082 717 reclamant,
1100 690 1137 710 ex
1154 689 1220 719 quo
1237 678 1457 718 intelliguntur
1472 690 1497 705 ιο
1510 677 1596 716 Quia
1619 679 1682 709 hoc
1706 684 1753 709 est
1775 679 1932 709 maximae
1961 679 2113 715 levitatis,
2138 685 2175 715 ut
2196 680 2303 719 primo
2332 680 2521 710 contrahant
2550 686 2581 711 et

394 731 574 761 consentire
598 730 636 760 de
660 731 708 759 his
732 739 814 769 quae
837 738 893 768 per
917 727 994 757 alios
1018 725 1099 755 facta
1123 729 1206 754 sunt.
1510 722 1721 762 postmodum
1737 733 1771 754 se
1787 723 1962 753 absolvant.
1988 722 2051 754 Sed
2073 723 2147 754 talia
2165 733 2233 754 non
2250 723 2368 754 debent
2382 725 2421 754 ab
2438 724 2581 756 Ecclesia

449 776 499 805 An
523 784 683 804 SECUNDUM
706 782 864 803 mmmmm
880 770 968 811 quod
985 769 1116 809 quidam
1131 769 1147 784 ⁴⁹
1171 767 1283 798 dicunt
1298 766 1389 807 quod
1403 766 1456 796 ille
1510 768 1667 798 sustineri.
1693 768 1789 808 Ergo,
1814 773 1874 798 etc.

393 829 474 859 puer
497 818 536 849 de
560 827 626 858 quo
655 817 827 857 Gregorius
856 820 974 850 narrat,
999 823 1066 843 non
1096 812 1157 842 fuit
1187 811 1372 847 damnatus,
1395 820 1456 841 nec
1566 812 1595 842 6.
1621 812 1714 848 ITEM,
1739 812 1864 842 videtur
1887 812 1977 852 quod
1999 822 2059 843 nec
2082 818 2214 852 propter
2241 812 2368 843 alterius
2394 811 2580 843 fomicatio-

393 863 567 894 mortaliter
590 862 747 902 peccavit,
772 860 827 890 sed
850 860 929 889 visio
958 858 1010 888 illa
1038 863 1165 887 ostensa
1188 855 1248 887 fuit
1271 856 1311 886 ad
1334 860 1456 895 patrem
1509 865 1585 886 nem
1601 857 1627 887 *.
1653 856 1738 894 Quia
1761 856 1865 887 adhuc
1889 866 1945 897 per
1968 857 2129 897 sponsalia
2151 866 2236 887 unus
2259 866 2326 887 non
2350 857 2466 897 accipit
2487 862 2580 897 pote·
2607 861 2618 871 ·

394 906 653 941 contristandum,
671 906 726 945 qui
742 906 774 934 in
791 913 892 944 puero
916 903 971 933 illo
995 906 1182 942 peccaverat
1203 910 1271 931 non
1295 901 1456 939 corrigens
1471 911 1494 932 ις
1509 905 1623 931 statem
1647 901 1680 931 in
1704 911 1822 941 corpus
1852 901 1990 932 alterius.
2022 902 2063 931 Et
2085 902 2128 931 ita
2151 901 2277 932 videtur
2308 901 2398 942 quod
2427 902 2461 932 in
2488 901 2579 932 nullo

394 961 478 982 eum.
495 969 517 972 —
540 950 601 980 Sed
624 950 687 979 hoc
711 954 757 979 est
780 957 925 987 expresse
945 951 1056 976 contra
1078 946 1292 976 intentionem
1309 944 1456 984 Gregorii
1510 950 1621 975 contra
1652 946 1791 976 invicem
1828 951 1964 986 peccent
2001 946 2025 976 si
2055 946 2183 976 interim
2215 945 2423 976 fornicantur.
2458 946 2500 976 Et
2533 947 2580 976 sic

393 995 524 1025 dicentis
540 995 556 1010 ³*
580 993 669 1033 quod
686 998 783 1033 pater
799 992 910 1032 pueri,
935 991 1078 1020 animam
1101 990 1237 1030 parvuli
1255 989 1325 1030 filii
1353 988 1456 1029 negli-
1509 989 1670 1029 sponsalia
1693 989 1798 1020 dirimi
1820 999 1889 1020 non
1913 989 2031 1021 debent
2053 999 2110 1030 per
2133 991 2207 1020 hoc.

390 1049 479 1081 gens,
498 1048 562 1068 non
573 1038 749 1077 parvulum
762 1041 966 1076 peccatorem
981 1035 1149 1076 gehennae
1165 1034 1294 1075 ignibus
1310 1033 1454 1063 nutrivit.
1565 1043 1596 1073 7.
1621 1034 1707 1070 Irim,
1726 1034 1852 1064 videtur
1867 1034 1958 1074 quod
1973 1044 2034 1064 nec
2049 1044 2106 1074 per
2122 1039 2324 1065 contractum
2347 1044 2423 1065 cum
2447 1034 2507 1065 alia
2521 1043 2580 1075 per

447 1083 487 1113 Et
510 1082 582 1112 ideo
608 1081 779 1111 dicendum
804 1079 893 1120 quod
916 1079 956 1109 ad
979 1085 1148 1119 peccatum
1178 1078 1313 1108 mortale
1339 1076 1453 1107 sufficit
1509 1079 1605 1108 verba
1628 1077 1668 1108 de
1690 1079 1849 1118 praesenti
1864 1079 1890 1109 ’ἢ
1920 1078 2005 1116 Quia
2027 1078 2170 1109 venditio
2194 1079 2335 1109 secunda
2357 1089 2426 1109 non
2449 1078 2581 1120 derogat

392 1128 486 1158 etiam
509 1135 684 1156 consensus
707 1126 739 1155 in
763 1134 921 1165 praesens.
947 1123 1009 1154 Sed
1033 1124 1065 1154 in
1090 1123 1291 1163 sponsalibus
1315 1127 1361 1152 est
1378 1130 1456 1151 con·
1471 1132 1496 1146 ²⁰
1509 1121 1688 1152 venditioni
1710 1123 1842 1162 primae.
1873 1123 1959 1163 Ergo
1982 1133 2043 1153 nec
2071 1123 2232 1154 secundus
2263 1129 2445 1154 contractus
2473 1129 2580 1164 potest

390 1181 500 1202 sensus
522 1171 555 1200 in
580 1169 733 1199 futurum.
763 1169 865 1199 Maior
889 1174 996 1199 autem
1023 1167 1171 1198 discretio
1195 1167 1326 1197 rationis
1349 1165 1456 1205 requi—
1509 1165 1663 1206 derogare
1685 1167 1802 1206 primo.

390 1217 467 1246 ritur
490 1214 529 1245 ad
547 1213 783 1254 providendum
800 1214 833 1244 in
851 1213 993 1243 futurum
1018 1222 1116 1252 quam
1131 1212 1171 1242 ad
1187 1210 1455 1242 consentiendum
1565 1210 1595 1241 8.
1621 1210 1706 1247 Irim,
1730 1210 1856 1242 videtur
1879 1211 1968 1251 quod
1986 1221 2048 1242 nec
2063 1221 2121 1252 per
2137 1211 2300 1242 defectum
2322 1213 2433 1243 aetatis
2455 1213 2579 1252 poesim

389 1261 423 1290 in
450 1265 556 1289 actum
583 1268 686 1289 unum
713 1264 923 1298 praesentem.
959 1258 999 1288 Et
1025 1257 1099 1288 ideo
1121 1262 1194 1287 ante
1222 1261 1328 1296 potest
1354 1255 1455 1285 homo
1510 1254 1615 1285 dirimi
1631 1256 1658 1285 *.
1683 1255 1768 1293 Quia
1784 1255 1875 1296 quod
1889 1265 1959 1286 non
1978 1262 2034 1292 est,
2050 1266 2119 1286 non
2134 1261 2242 1296 potest
2257 1256 2397 1286 dissolvi.
2429 1255 2492 1287 Sed
2506 1261 2580 1287 ante

389 1313 522 1344 peccare
545 1303 719 1333 mortaliter
742 1312 839 1343 quam
856 1303 956 1342 possit
979 1312 1012 1332 se
1033 1301 1173 1341 obligare
1196 1300 1235 1330 ad
1259 1299 1380 1340 aliquid
1406 1298 1455 1330 fu·
1510 1305 1646 1330 aetatem
1662 1299 1906 1330 determinatam
1921 1300 2009 1330 nulla
2025 1299 2155 1331 fuerunt
2178 1301 2348 1341 sponsalia.
2372 1301 2458 1341 Ergo
2475 1299 2581 1331 dirimi

389 1355 507 1379 turum.
1471 1353 1494 1373 25
1510 1353 1578 1375 non
1602 1350 1748 1384 possunt.

444 1394 494 1423 An
511 1401 645 1422 marum
668 1401 828 1421 nicanum(
844 1390 934 1431 quod
956 1391 989 1421 in
1012 1396 1159 1430 tempore
1184 1394 1366 1420 contractus
1388 1397 1456 1418 ma·
1565 1389 1756 1419 Rasponnno
1779 1399 1940 1419 mmmmm
1965 1388 2055 1429 quod
2077 1389 2111 1419 in
2135 1390 2287 1420 omnibus
2309 1389 2479 1429 praedictis
2501 1389 2581 1420 casi-

390 1437 531 1468 trimonii
559 1446 626 1466 non
654 1436 760 1466 solum
791 1435 962 1475 requiritur
994 1435 1161 1475 dispositio
1193 1443 1231 1464 ex
1261 1439 1349 1474 parte
1379 1442 1456 1463 usus
1510 1434 1570 1464 bus
1586 1434 1746 1473 sponsalia
1769 1439 1931 1464 contracta
1955 1433 2157 1470 dirimuntur,
2173 1433 2230 1464 sed
2249 1433 2471 1464 diversimode.
2496 1433 2582 1472 Quia

389 1482 529 1517 rationis,
547 1480 601 1511 sed
626 1481 721 1511 etiam
745 1490 783 1510 ex
806 1485 894 1520 parte
918 1480 1071 1519 corporis,
1089 1485 1124 1509 ut
1147 1479 1186 1508 sit
1209 1483 1337 1518 tempus
1360 1486 1456 1517 gene·
1509 1479 1544 1508 in
1567 1478 1704 1514 duobus,
1730 1478 1850 1508 scilieet
1874 1488 1949 1508 curn
1973 1479 2044 1519 quis
2069 1478 2109 1508 ad
2131 1478 2321 1518 religionem
2345 1477 2491 1519 confugit
2506 1479 2533 1515 ⁴,
2551 1483 2582 1509 et

390 1526 505 1557 rationi
533 1531 644 1565 aptum
660 1526 686 1555 ἥ.
718 1525 759 1555 Et
783 1525 858 1564 quia
887 1524 995 1564 puella
1023 1525 1055 1554 in
1083 1523 1278 1554 duodecimo
1307 1531 1393 1553 anno
1417 1520 1457 1551 ad
1511 1532 1586 1552 cum
1615 1523 1692 1553 alter
1722 1523 1900 1563 coniugum
1931 1532 2006 1553 cum
2037 1523 2136 1553 altero
2160 1532 2218 1563 per
2239 1523 2336 1554 verba
2359 1522 2399 1553 de
2422 1523 2582 1563 praesenti

390 1572 453 1601 hoc
469 1571 555 1600 venit
570 1575 606 1600 ut
621 1570 722 1609 possit
737 1578 805 1599 esse
821 1569 906 1599 actui
924 1569 1137 1608 generationis
1153 1573 1236 1608 apta,
1253 1576 1333 1607 puer
1349 1572 1457 1597 autem
1471 1579 1497 1599 ³0
1510 1567 1668 1598 contrahit
1684 1568 1717 1603 *‚
1741 1568 1812 1607 ipso
1843 1567 1911 1597 iure
1941 1567 2102 1607 sponsalia
2132 1567 2334 1598 dirimuntur.
2371 1567 2434 1598 Sed
2456 1568 2490 1598 in
2513 1567 2582 1598 aliis

390 1616 424 1646 in
446 1614 545 1645 finem
569 1613 702 1644 secundi
726 1614 894 1653 septennii,
911 1619 947 1643 ut
962 1613 1177 1653 Philosophus
1201 1612 1253 1648 ait,
1270 1612 1304 1641 in
1320 1611 1363 1641 IX
1378 1611 1457 1641 Ani-
1511 1612 1636 1642 casibus
1659 1611 1764 1642 dirimi
1788 1611 1906 1642 debent
1928 1611 2108 1642 seeundum
2130 1612 2288 1643 iudicium
2311 1612 2475 1642 Ecclesiae
2491 1612 2518 1642 *.

391 1660 524 1690 matium
540 1660 572 1695 *3
597 1658 692 1688 simul
715 1664 824 1688 autem
847 1667 942 1688 usum
971 1657 1169 1688 discretionis
1197 1657 1375 1696 accipiunt,
1401 1655 1457 1695 qui
1565 1657 1616 1686 An
1640 1666 1757 1686 ramma
1780 1666 1863 1686 naoo
1887 1666 2047 1686 menmium
2064 1656 2154 1696 quod
2169 1657 2238 1687 talis
2249 1657 2426 1697 'promissio
2448 1656 2583 1687 solvitur

390 1709 515 1735 tantum
537 1704 571 1733 in
594 1703 795 1743 sponsalibus
819 1702 1005 1742 requiritur:
1030 1702 1104 1732 ideo
1127 1702 1160 1731 in
1185 1700 1386 1741 sponsalibus
1402 1699 1456 1730 de-
1510 1710 1567 1741 per
1590 1706 1729 1731 mortem
1758 1701 1972 1740 spiritualem:
2004 1710 2079 1731 cum
2110 1702 2150 1731 sit
2180 1701 2350 1741 spiritualis
2379 1706 2522 1738 tantum,
2546 1706 2583 1731 ut

391 1749 577 1779 terminatur
607 1756 710 1777 unum
741 1752 869 1787 tempus
899 1747 1044 1786 utrique,
1068 1755 1136 1776 non
1163 1751 1271 1776 autern
1293 1745 1327 1775 in
1349 1744 1455 1774 matri-
1511 1744 1633 1776 dictum
1656 1750 1704 1775 est
1718 1746 1745 1775 ἢ

391 1793 515 1823 monio.
1472 1800 1494 1820 ες
1565 1790 1615 1819 An
1639 1799 1803 1820 sueonum«
1825 1799 1986 1819 mcanmm
2002 1789 2092 1829 quod
2108 1789 2243 1820 dubium
2258 1789 2338 1820 illud
2355 1789 2583 1820 determinatur

446 1837 497 1867 An
522 1845 669 1866 otmarum
692 1845 852 1865 mcENDUM
879 1834 968 1875 quod
991 1835 1044 1865 illa
1067 1835 1224 1874 placentia
1247 1843 1330 1874 quae
1354 1838 1401 1864 est
1423 1833 1457 1863 in
1511 1843 1549 1864 ex
1571 1834 1635 1864 hoe
1659 1833 1748 1874 quod
1771 1833 1849 1864 alter
1871 1843 1939 1864 non
1963 1839 2128 1874 comparet
2149 1840 2297 1874 tempore
2319 1840 2438 1864 statuto
2459 1834 2499 1865 ad
2514 1843 2582 1865 ma-

390 1881 498 1922 pueris
521 1885 594 1910 ante
618 1880 831 1919 septennium,
856 1889 924 1909 non
947 1879 1092 1920 procedit
1111 1889 1149 1909 ex
1166 1878 1308 1919 perfecto
1333 1888 1394 1908 usu
1409 1887 1457 1907 ra—
1510 1879 1700 1909 trimonium
1723 1877 1967 1920 perficiendum.
1989 1878 2094 1914 Unde,
2112 1879 2137 1908 si
2154 1888 2192 1909 ex
2207 1884 2296 1919 parte
2313 1879 2381 1909 eius
2397 1888 2464 1910 non
2480 1878 2583 1910 defuit

391 1926 503 1961 tionis,
529 1934 603 1954 curn
626 1923 774 1954 nondum
798 1924 859 1954 sint
882 1924 976 1963 plene
1005 1923 1223 1963 susceptibiles
1254 1922 1455 1962 disciplinae:
1511 1923 1590 1963 quin
1613 1923 1856 1953 matrimonium
1887 1923 2081 1962 compleret,
2105 1928 2212 1963 potest
2239 1923 2325 1954 licite
2349 1923 2438 1953 alteri
2460 1924 2582 1954 nubere

391 1970 446 2000 sed
469 1970 568 2009 magis
593 1969 749 2008 contingit
773 1978 810 1998 ex
833 1974 926 1998 motu
950 1974 1080 1998 naturae
1105 1977 1202 2007 quam
1226 1977 1263 1997 ex
1287 1967 1394 2007 aliqua
1409 1976 1457 1996 ra-
1510 1968 1578 1998 sine
1601 1973 1735 2007 peccato
1764 1967 1884 2007 aliquo.
1918 1966 1951 1998 Si
1975 1972 2083 1997 autern
2106 1977 2164 2007 per
2187 1977 2263 1998 eum
2286 1968 2371 1998 stetit
2394 1967 2485 2008 quod
2514 1977 2582 1998 ma—

389 2015 488 2044 tione.
524 2014 564 2043 Et
587 2013 660 2043 ideo
693 2022 760 2042 non
794 2012 910 2042 sufficit
939 2012 1010 2042 talis
1040 2013 1199 2052 placentia
1230 2011 1269 2042 ad
1297 2011 1699 2052 sponsaliamtrimonium
1721 2021 1790 2041 non
1814 2016 1862 2041 est
1885 2011 2096 2050 completum,
2116 2011 2211 2042 debet
2234 2020 2326 2051 agere
2349 2012 2583 2051 poenitentiam

391 2057 656 2089 contrahendum.
1511 2055 1550 2086 de
1578 2061 1712 2096 peccato
1742 2055 1859 2085 fractae
1890 2056 2129 2095 promissionis,
2155 2061 2210 2086 aut
2239 2056 2426 2092 iuramenti,
2451 2056 2477 2086 si
2498 2056 2582 2086 iura—

444 2103 494 2132 An
520 2111 659 2131 aumrum
689 2110 849 2130 mannum
882 2099 988 2140 quod,
1013 2100 1159 2140 quamvis
1190 2109 1248 2140 per
1277 2099 1457 2130 secundum
1510 2105 1657 2130 mentum
1680 2099 1868 2135 intervenit;
1893 2104 1925 2129 et
1941 2100 2128 2130 contrahere
2147 2109 2223 2130 cum
2239 2100 2309 2136 alia,
2325 2100 2352 2130 si
2367 2100 2445 2136 vult,
2461 2099 2582 2131 iudicio

391 2152 590 2177 contractum
613 2146 646 2175 in
670 2155 745 2175 casu
768 2145 824 2175 illo
847 2154 915 2174 non
935 2143 1057 2174 faciunt
1079 2145 1331 2179 matrimonium,
1348 2150 1456 2174 tamen
1510 2144 1673 2174 Ecclesiae
1689 2145 1715 2174 ἦ

391 2190 563 2221 ostendunt
579 2199 612 2220 se
628 2195 727 2219 ratam
743 2189 859 2219 habere
878 2189 1018 2229 priorem
1041 2189 1300 2228 promissionem.
1326 2189 1367 2219 Et
1382 2188 1456 2219 ideo
1565 2189 1616 2219 Ar>
1640 2197 1775 2219 marum
1799 2198 1960 2218 mcanmm
1983 2187 2073 2228 quod
2096 2189 2132 2224 si,
2153 2194 2226 2219 ante
2250 2193 2452 2219 contractum
2474 2189 2582 2220 matri-

389 2237 477 2276 prior
500 2240 680 2265 contractus
703 2234 819 2273 accipit
842 2232 1033 2263 firmitatem.
1470 2242 1494 2262 45
1510 2233 1676 2269 monium,
1701 2233 1841 2272 aliquam
1872 2241 2000 2273 gravem
2025 2232 2242 2263 infirmitatem
2265 2234 2405 2264 incurrat
2426 2233 2505 2264 alter
2527 2242 2583 2264 eo-

445 2280 495 2310 An
519 2289 637 2309 SEXTUM
660 2287 820 2308 mensuum
843 2277 934 2318 quod
957 2278 1115 2308 trahentes
1139 2287 1255 2308 navem
1278 2283 1377 2317 agunt
1400 2287 1458 2318 per
1510 2287 1583 2307 rum
1605 2278 1687 2308 inter
1711 2286 1794 2317 quos
1818 2283 1892 2307 sunt
1915 2282 2078 2307 contracta
2101 2278 2272 2318 sponsalia,
2291 2287 2373 2319 quae
2397 2278 2504 2318 ipsum
2527 2277 2582 2309 de-

390 2324 525 2354 modum
548 2324 644 2354 unius
668 2332 799 2352 causae:
826 2328 857 2352 et
872 2322 945 2352 ideo
971 2321 1061 2362 quod
1084 2322 1172 2352 deest
1188 2323 1244 2352 uni
1259 2328 1366 2362 potest
1382 2331 1457 2362 sup·
1511 2322 1612 2352 bilitet
1635 2322 1740 2358 nimis,
1757 2327 1793 2352 ut
1809 2322 1962 2362 epilepsia
1983 2327 2037 2352 aut
2052 2322 2221 2363 paralysis;
2246 2327 2302 2353 aut
2321 2332 2397 2353 eum
2413 2322 2582 2359 deformet,

390 2369 470 2409 pleri
494 2378 531 2398 ex
555 2368 663 2398 altero.
696 2366 758 2397 Sed
785 2367 945 2406 sponsalia
968 2367 1192 2397 contrahentes
1216 2373 1314 2407 agunt
1337 2372 1372 2397 ut
1395 2366 1457 2397 dis·
1510 2372 1547 2397 ut
1569 2366 1721 2397 abscissio
1744 2366 1813 2396 nasi
1836 2366 1887 2396 vel
1910 2366 2027 2396 orbitas
2051 2366 2224 2397 oculorum
2246 2372 2302 2397 aut
2328 2366 2450 2407 aliquid
2471 2367 2583 2398 huius—

390 2415 506 2443 tinctae
529 2421 699 2452 personae:
726 2412 800 2452 quia
824 2411 983 2451 sponsalia
1005 2421 1073 2441 non
1096 2412 1156 2441 nisi
1179 2412 1261 2441 inter
1283 2411 1366 2441 duos
1389 2421 1458 2442 esse
1510 2410 1618 2447 modi;
1643 2416 1698 2441 aut
1721 2420 1804 2451 quae
1827 2415 1902 2441 sunt
1925 2416 2036 2441 contra
2059 2411 2184 2442 bonum
2207 2411 2321 2451 prolis,
2346 2417 2460 2451 utpote
2483 2412 2581 2452 lepra,

390 2462 534 2498 possunt.
559 2456 653 2487 Unde
676 2456 709 2486 in
733 2462 872 2495 utroque
895 2456 1066 2495 requiritur
1082 2455 1171 2495 quod
1188 2457 1226 2486 sit
1242 2455 1402 2486 sufficiens
1418 2455 1457 2486 ad
1473 2464 1497 2484 ⁵⁰
1511 2465 1594 2496 quae
1618 2455 1700 2486 solet
1722 2455 1849 2495 prolem
1866 2454 2014 2485 inficere:
2038 2461 2175 2495 possunt
2190 2455 2351 2496 sponsalia
2366 2455 2524 2492 dirimere,
2540 2465 2582 2487 ne

391 2501 655 2532 contrahendum.
683 2501 723 2530 Et
746 2500 819 2530 ideo
844 2499 987 2530 defectus
1010 2501 1105 2530 unius
1129 2500 1289 2540 sponsalia
1311 2500 1456 2541 impedit,
1510 2500 1571 2530 sibi
1593 2500 1732 2530 invicem
1756 2499 1958 2540 displiceant,
1983 2505 2015 2530 et
2037 2500 2281 2531 matrimonium
2308 2500 2352 2530 sic
2381 2506 2583 2531 contractum

392 2556 452 2577 nec
476 2556 514 2576 ex
537 2546 635 2575 altero
659 2550 765 2584 potest
788 2545 939 2585 suppleri.
1510 2544 1633 2575 malum
1657 2544 1778 2574 exitum
1801 2544 1958 2574 sortiatur.
1990 2544 2059 2574 Nec
2081 2554 2141 2584 pro
2165 2554 2272 2584 poena
2294 2545 2427 2585 punitur
2451 2545 2581 2586 aliquis:

447 2591 497 2620 An
521 2599 672 2620 snprmum
695 2599 855 2619 memnon
879 2588 968 2628 quod
985 2589 1018 2618 in
1034 2589 1235 2629 sponsalibus
1259 2590 1354 2619 etiam
1370 2590 1457 2620 sirni-
1510 2588 1567 2620 sed
1594 2599 1632 2619 ex
1658 2598 1766 2628 poena
1796 2588 1952 2619 damnum
1982 2594 2133 2629 reportat.
2165 2589 2265 2627 Quod
2295 2598 2364 2619 non
2394 2595 2441 2620 est
2467 2590 2582 2621 incon-

392 2635 472 2670 liter,
497 2635 522 2664 si
546 2634 805 2674 appropinquant
829 2634 1051 2664 contrahentes
1075 2633 1114 2663 ad
1137 2639 1265 2674 tempus
1288 2634 1456 2674 septennii,
1510 2634 1652 2664 veniens.

393 2684 574 2710 contractus
597 2678 794 2718 sponsalium
818 2678 913 2708 habet
935 2678 1050 2708 robur:
1076 2679 1161 2718 quia,
1185 2678 1366 2709 secundum
1384 2679 1457 2709 Phi—
1472 2691 1495 2712 ςς
1565 2678 1616 2708 Ar>
1642 2687 1790 2708 auam-um
1814 2687 1974 2707 meantum
1998 2677 2098 2717 quod,
2123 2678 2148 2708 si
2173 2687 2311 2718 sponsus
2334 2679 2488 2719 cognovit
2503 2688 2582 2710 con-

322 2724 366 2746 9··
393 2724 577 2763 losophum,
602 2723 635 2752 in
660 2722 685 2752 11
709 2723 836 2763 Plyfsic.
853 2723 879 2758 ἢ
902 2722 988 2763 quod
1004 2732 1125 2762 parum
1149 2723 1244 2759 deest,
1261 2723 1354 2764 quasi
1378 2724 1458 2754 nihil
1511 2723 1720 2762 sanguineam
1747 2731 1884 2762 sponsae
1907 2722 1958 2752 vel
1981 2731 1998 2752 e
2023 2731 2197 2759 converso,
2222 2728 2299 2753 tunc
2330 2722 2435 2753 dirimi
2465 2722 2583 2754 debent

393 2768 500 2798 deesse
523 2767 657 2798 videtur.
1511 2766 1672 2807 sponsalia
1687 2767 1713 2796 *ἦ
1750 2766 1791 2797 Et
1813 2766 1853 2796 ad
1880 2766 1944 2796 hoc
1971 2766 2176 2806 probandum
2199 2767 2268 2797 sola
2290 2766 2375 2798 fama
2398 2767 2515 2798 sufficit
2529 2769 2580 2805 ““,

448 2812 536 2842 Haec
567 2816 674 2841 autem
705 2811 927 2851 propinquitas
957 2821 975 2841 a
1005 2811 1198 2851 quibusdam
1231 2811 1458 2843 determinatur
1511 2817 1642 2852 propter
1665 2810 1852 2841 scandalum
1874 2811 2051 2841 vitandum.
2077 2810 2202 2842 Causae
2226 2812 2313 2842 enim
2337 2821 2420 2852 quae
2442 2812 2476 2842 in
2495 2811 2582 2843 futu-

393 2863 520 2896 tempus
543 2865 599 2887 sex
619 2856 789 2885 mensium.
820 2855 882 2886 Sed
905 2856 1019 2886 melius
1044 2862 1090 2886 est
1114 2856 1203 2896 quod
1230 2856 1459 2887 determinetur
1511 2865 1584 2886 rum
1607 2860 1775 2896 expectant
1798 2854 1930 2886 effectus
1952 2865 2040 2892 suos,
2064 2855 2284 2896 impediuntur
2298 2865 2317 2886 a
2333 2857 2397 2886 suis
2418 2855 2582 2888 effectibus

393 2900 571 2931 secundum
587 2899 807 2930 conditionem
826 2901 1099 2931 contrahentium:
1125 2902 1200 2941 quia
1216 2901 1249 2931 in
1265 2901 1458 2942 quibusdam
1471 2907 1498 2927 ⁶0
1511 2910 1579 2931 non
1603 2900 1710 2930 solum
1734 2909 1771 2930 ex
1796 2909 1835 2930 eo
1860 2899 1950 2940 quod
1974 2905 2030 2936 est,
2047 2900 2103 2931 sed
2126 2910 2165 2931 ex
2189 2910 2229 2931 eo
2249 2899 2340 2941 quod
2363 2900 2507 2931 futurum
2523 2906 2579 2932 est.

393 2946 492 2985 magis
516 2944 707 2975 acceleratur
730 2954 806 2975 usus
830 2945 960 2974 rationis
984 2955 1083 2985 quam
1105 2946 1138 2976 in
1162 2946 1239 2976 aliis.
1511 2944 1622 2980 Unde,
1648 2945 1730 2975 sicut
1753 2944 1897 2980 affinitas,
1918 2944 1944 2974 si
1968 2951 2049 2975 esset
2072 2950 2220 2985 ternpore
2242 2950 2426 2976 contractus
2448 2954 2581 2985 sponsa-

1511 2990 1602 3026 lium,
1618 2988 1836 3029 impedivisset
1852 2994 2054 3019 contractum
2068 2989 2177 3026 illum;
2194 2990 2247 3026 ita,
2263 2990 2290 3020 si
2305 2989 2494 3020 interveniat
2509 2994 2581 3020 ante

1511 3034 1764 3070 matrimonium,
1781 3033 1871 3074 quod
1894 3038 1942 3064 est
1959 3029 2091 3064 effectus
2115 3033 2246 3074 quidam
2269 3033 2478 3074 sponsalium,
2494 3034 2583 3074 prior

397 3086 478 3150 An
496 3086 629 3106 ramum
648 3086 693 3106 sxc
709 3085 903 3105 PRocaDrrUR
919 3077 945 3106 ⁴⁹.
962 3076 1096 3107 Videtur
1119 3077 1210 3118 quod
1230 3078 1391 3118 sponsalia
1412 3077 1459 3108 di—
1513 3083 1695 3109 contractus
1719 3079 1758 3108 ab
1783 3077 1899 3109 effectu
1925 3087 1985 3108 suo
2012 3077 2195 3118 impeditur.
2226 3078 2295 3108 Nec
2317 3078 2350 3108 in
2374 3078 2438 3108 hoc
2461 3078 2582 3118 aliquid

460 3121 530 3150 rimi
552 3130 619 3150 non
634 3125 769 3160 possunt
791 3120 889 3150 altero
906 3121 1094 3160 religionem
1110 3122 1247 3152 intrante
1262 3123 1288 3152 ἢ
1311 3122 1397 3160 Quia
1419 3122 1459 3153 de
1472 3130 1496 3155 ες
1513 3123 1686 3154 detrahitur
1702 3122 1803 3152 alteri:
1828 3123 1929 3152 immo
1955 3123 1983 3153 ei
2007 3122 2179 3159 confertur,
2197 3122 2272 3162 quia
2295 3122 2469 3153 absolvitur
2485 3123 2524 3153 ab
2541 3131 2581 3154 eo

396 3165 532 3205 pecunia
555 3174 652 3204 quam
671 3164 759 3194 alteri
774 3165 916 3204 promisi,
933 3175 1000 3195 non
1016 3175 1150 3205 possum
1167 3166 1254 3197 alteri
1270 3167 1355 3197 licite
1371 3167 1460 3198 obla·
1513 3168 1570 3208 qui
1593 3177 1650 3208 per
1673 3166 1920 3197 fornicationem
1942 3176 1978 3197 se
2000 3167 2072 3197 Deo
2097 3166 2248 3197 odiosum
2271 3165 2416 3197 reddidit.

396 3210 518 3238 tionem
548 3208 659 3238 facere.
696 3208 758 3238 Sed
785 3208 838 3238 ille
868 3210 924 3248 qui
954 3211 1114 3249 sponsalia
1144 3211 1317 3247 contrahit,
1343 3221 1460 3252 corpus
1568 3212 1620 3242 An
1645 3221 1785 3242 anmi-tm
1816 3220 1992 3247 memmius,
2018 3210 2107 3251 quod
2137 3210 2268 3251 quidam
2283 3211 2301 3228 ⁴*
2323 3220 2392 3241 non
2422 3211 2582 3252 recipiunt

398 3262 492 3283 suum
515 3253 671 3292 promittit
700 3252 835 3282 mulieri.
866 3253 951 3293 Ergo
975 3263 1042 3284 non
1065 3260 1171 3294 potest
1194 3265 1227 3285 se
1252 3255 1364 3286 offerre
1389 3256 1459 3287 Deo
1513 3257 1611 3287 istum
1623 3254 1853 3286 casum—Sed
1869 3260 1980 3285 contra
1991 3260 2108 3286 eosest
2122 3254 2286 3286 decretalis
2297 3255 2324 3291 ³,
2337 3264 2419 3295 quae
2435 3264 2582 3296 expresse

399 3297 529 3327 ulterius
551 3297 585 3326 in
607 3297 804 3336 religionem.
1514 3300 1608 3331 dicit:
1632 3300 1683 3331 Ad
1706 3300 1823 3334 instar,
1848 3299 1966 3340 inquit,
1990 3309 2104 3330 eorum
2126 3300 2182 3340 qui
2203 3299 2388 3330 societatem
2411 3300 2582 3341 interposi-

455 3350 484 3370 2.
509 3340 593 3376 Irim,
617 3340 740 3370 videtur
764 3341 853 3380 quod
868 3351 935 3372 non
951 3341 1087 3372 debeant
1110 3342 1213 3373 dirimi
1237 3344 1367 3383 quando
1384 3344 1461 3375 alter
1474 3356 1501 3377 ⁷⁰
1515 3345 1602 3376 tione
1614 3344 1699 3386 fidei
1722 3344 1927 3378 contrahunt,
1944 3349 1976 3374 et
1990 3348 2107 3384 postea
2130 3343 2264 3374 eandem
2289 3344 2463 3380 remittunt,
2474 3349 2583 3385 potest

400 3385 573 3424 coniugum
589 3384 628 3414 ad
644 3384 853 3424 longinquam
868 3386 1032 3425 regionem
1055 3396 1088 3417 se
1111 3387 1255 3418 transfert
1270 3389 1296 3418 *.
1325 3388 1411 3426 Quia
1427 3389 1459 3419 in
1515 3389 1548 3420 in
1566 3389 1727 3430 patientia
1750 3388 1897 3424 tolerari,
1914 3388 1940 3418 si
1955 3393 2070 3419 mutuo
2093 3397 2128 3419 se
2150 3388 2321 3419 absolvunt
2343 3389 2400 3429 qui
2422 3389 2583 3429 sponsalia

401 3428 503 3458 dubiis
525 3437 647 3468 semper
670 3429 770 3458 tutior
787 3438 868 3468 pars
892 3434 939 3459 est
960 3430 1110 3470 eligenda
1125 3432 1151 3461 *.
1177 3431 1239 3462 Sed
1261 3433 1360 3462 tutius
1379 3438 1462 3464 esset
1515 3438 1750 3464 contraxerunt.

402 3471 491 3512 quod
514 3481 588 3502 eum
613 3477 800 3511 expectaret.
825 3473 909 3512 Ergo
933 3478 1058 3503 tenetur
1082 3484 1157 3505 eum
1181 3482 1356 3515 expectare.
1570 3477 1633 3508 Sed
1662 3476 1703 3508 ad
1725 3477 1789 3507 hoc
1811 3476 1923 3507 dicunt
1946 3476 2036 3517 quod
2066 3476 2209 3507 Ecclesia
2238 3477 2339 3517 magis
2362 3477 2426 3508 hoc
2449 3477 2583 3508 sustinet

469 3515 498 3545 3.
523 3515 607 3550 Iram,
631 3515 754 3545 videtur
778 3516 866 3555 quod
882 3526 941 3547 nec
957 3517 1143 3548 dirimantur
1157 3529 1214 3559 per
1231 3520 1460 3559 aegritudinem
1514 3531 1555 3552 ne
1571 3522 1662 3562 peius
1687 3521 1811 3552 eveniat
1826 3522 1852 3557 *,
1870 3530 1968 3561 quam
1991 3521 2055 3551 hoc
2076 3521 2117 3551 sit
2137 3520 2179 3551 de
2202 3521 2280 3552 iure.
2297 3538 2318 3543 —
2341 3520 2405 3552 Sed
2427 3522 2491 3552 hoc
2513 3531 2581 3552 non

402 3569 499 3600 quam
515 3559 627 3599 aliquis
650 3559 780 3589 incurrit
795 3566 868 3599 post
884 3566 1044 3591 contracta
1067 3563 1226 3601 sponsalia
1241 3565 1267 3593 *ἦ
1293 3564 1378 3602 Quia
1400 3574 1459 3604 pro
1475 3578 1498 3598 75
1514 3566 1639 3596 videtur
1662 3566 1810 3606 exemplo
1841 3565 2013 3596 convenire
2036 3564 2126 3605 quod
2157 3565 2319 3596 decretalis
2343 3564 2480 3596 adducit.

543 3010 641 3040 ART.
667 3009 718 3039 111.
743 3019 848 3040 urium
871 3020 1037 3041 sponsum
1061 3021 1160 3041 unum
1183 3021 1307 3042 Possm'r

2608 555 2617 564 ⁶
2632 553 2687 581 Cap.
2704 554 2820 580 Ltbertas,

2605 580 2764 634 gaqemum.
2775 580 2821 602 Im-

2607 638 2618 648 ·
2626 637 2675 668 §lap
2691 637 2820 659 Praeterea

2607 663 2819 712 ramw-

2607 1081 2689 1130 vtrcnfrss
2705 1080 2739 1129 [1³2¹
2743 1079 2822 1136 ἕὲοιῗ-

2607 1134 2653 1156 sal.
2667 1124 2692 1156 εἰ
2704 1133 2811 1156 Macran.

2607 1255 2820 1282 'Ca-Demts,

2603 1283 2660 1338 gea·
2685 1282 2824 1312 :pm-Im·

2609 1479 2619 1490 ·
2633 1478 2690 1506 Arg.
2707 1485 2726 1500 ι.

2610 1566 2621 1577 ·
2633 1565 2690 1593 Arg.
2701 1570 2722 1592 7.
2769 1586 2771 1589 ,

2609 1608 2822 1658 ἱῗῑυὲἒῖἔὲεῖῑ

2608 1667 2686 1691 wm-

2609 1743 2680 1766 'Dinh
2685 1749 2758 1771 mn,
2763 1749 2820 1773 qm,

2609 1774 2651 1793 art.
2660 1774 2682 1800 3,
2692 1771 2737 1799 qn·
2744 1777 2764 1793 a.

2612 2144 2623 2153 ·
2635 2139 2671 2164 ct
2685 2145 2736 2172 σιρ.
2745 2141 2782 2163 De
2795 2141 2820 2164 i!-

2609 2167 2648 2195 m,
2663 2166 2702 2190 eit.
2713 2173 2737 2190 m
2751 2173 2800 2196 arg.

2609 2764 2620 2775 ·
2629 2763 2686 2791 (hp.
2695 2762 2735 2785 cit.
2742 2762 2765 2784 in
2773 2768 2821 2790 arg.

2608 2788 2779 2844 2αέᾰηῖἳᾷ
2785 2794 2824 2838 ‘22

2607 2842 2674 2871 ψ.

2609 3209 2822 3268 ὲῖἐῖἔῖξῐοὶέὲῗέ

2608 3269 2703 3312 1·ῃᾶἆί
2717 3289 2741 3312 m
2755 3294 2803 3317 arn.

2610 3518 2619 3529 ¹
2625 3516 2661 3540 cf.
2668 3516 2774 3539 decretal.
2781 3514 2820 3538 cit.
