2918 4088
0 430 17 500 ²22

2 506 16 638 i

951 237 1214 285 QUAESTIO
1243 236 1473 284 LXXXVII,
1503 235 1796 273 ARTICULUS
1825 236 1839 272 I

2407 235 2480 273 315

726 446 1139 525 QUAESTIO
1179 442 2071 501 OCTOGESIMASEPTIMA

747 583 831 624 DE
863 581 1231 623 REMISSIONE
1263 580 1606 622 VENIALIUM
1637 578 2056 620 PECCATORUM

390 824 497 850 amm:
531 810 857 849 considerandum
891 816 947 846 est
978 809 1026 846 de
1054 808 1280 846 remissione
1307 821 1372 846 ve-

94 878 229 922 &²⁸¹¹
262 877 270 894 ¹
310 822 552 906 Dnialium
579 871 828 913 peccatorum
846 861 877 899 ²¹².

307 918 356 955 Et
383 917 483 955 circa
510 918 587 954 hoc
614 922 854 966 quaeruntur
881 922 1061 964 quatuor.

361 970 510 1007 Primo:
540 977 672 1007 utrum
701 967 782 1005 sine
809 967 1045 1017 poenitentia
1076 975 1280 1018 peccatum
1307 979 1373 1005 ve-

413 1022 513 1060 niale
541 1021 662 1072 possit
688 1021 838 1059 dimitti.

361 1076 562 1114 Secundo:
592 1083 724 1113 utrum
751 1074 871 1125 possit
890 1073 1027 1111 dimitti
1056 1074 1138 1111 sine
1159 1073 1299 1123 gratiae
1318 1073 1374 1111 in-

413 1127 577 1166 fusione.

346 1580 407 1609 'tf—2
428 1583 499 1609 „zi
523 1574 546 1599 ι)
570 1574 706 1599 ptumum
734 1574 787 1599 S1c
814 1573 1052 1599 PROCEDHUR.
1081 1561 1243 1599 Videtur
1270 1562 1378 1611 quod

342 1596 498 1676 ςξῖὶῗ
523 1614 673 1652 veniale
713 1622 918 1674 peccatum
958 1614 1080 1664 possit
1120 1614 1261 1652 remitti
1295 1614 1377 1651 sine

373 1673 375 1676 ·
416 1686 451 1714 r·
462 1655 770 1720 '“fpoenitentia
806 1667 974 1704 Pertinet
1001 1667 1122 1714 enim,
1152 1675 1195 1704 ut
1222 1679 1341 1717 supra
1358 1666 1379 1688 ’¹‘

349 1723 351 1726 ’
414 1700 467 1753 ¹5³)
487 1720 671 1757 kdictum
699 1728 773 1767 est,
803 1720 851 1757 ad
879 1719 1070 1758 rationem
1097 1732 1212 1758 verae
1244 1719 1378 1769 poeni-

308 1773 449 1812 tentiae
469 1773 577 1822 quod
596 1785 678 1811 non
697 1774 827 1810 solum
854 1774 977 1810 homo
1004 1773 1133 1810 doleat
1151 1773 1200 1810 de
1219 1781 1379 1822 peccato

309 1826 526 1877 praeterito,
551 1826 620 1863 sed
647 1826 764 1863 etiam
790 1833 986 1876 proponat
1012 1838 1149 1863 cavere
1168 1826 1217 1863 de
1235 1826 1378 1863 futuro.

311 1879 389 1919 Sed
408 1878 489 1917 sine
508 1879 572 1917 tali
590 1879 791 1929 proposito
814 1887 972 1929 peccata
989 1879 1156 1916 venialia
1183 1878 1381 1916 dimittun-

309 1941 390 1971 tur:
420 1944 512 1970 cum
539 1940 689 1970 certum
717 1931 764 1969 sit
791 1932 942 1970 homini
970 1933 1079 1982 quod
1107 1932 1188 1970 sine
1215 1932 1381 1982 peccatis

169 1989 187 2025 β
309 1985 526 2025 venialibus
553 1993 798 2035 praesentem
816 1985 938 2023 vitam
957 1986 1099 2023 ducere
1118 1997 1200 2023 non
1219 1985 1339 2035 possit
1354 1984 1380 2023 β.

310 2038 414 2088 Ergo
440 2046 599 2089 peccata
626 2038 791 2076 venialia
818 2046 983 2088 possunt
1010 2038 1151 2076 remitti
1178 2038 1260 2076 sine
1288 2051 1381 2088 poe-

312 2091 481 2130 nitentia.

366 2157 402 2183 2.
432 2146 666 2192 PRAETEREA,
695 2144 932 2194 poenitentia
959 2157 1040 2182 non
1060 2152 1116 2181 est
1144 2144 1225 2182 sine
1245 2144 1383 2182 actuali

311 2198 551 2249 displicentia
590 2206 852 2258 peccatorum.
900 2198 978 2236 Sed
1020 2205 1178 2248 peccata
1218 2198 1383 2235 venialia

169 2264 198 2291 ‘ti
311 2259 476 2304 possunt
504 2251 643 2288 dimitti
674 2251 756 2288 sine
789 2250 1026 2300 displicentia
1044 2256 1059 2279 Υ
1089 2263 1247 2289 eorum:
1286 2251 1383 2289 sieut

204 2310 206 2318 '
311 2313 416 2356 patet
452 2305 492 2342 in
528 2316 575 2342 eo
611 2304 679 2354 qui
715 2303 914 2342 dormiens
951 2303 1191 2341 occideretur
1225 2312 1384 2354 propter

314 2358 533 2405 Christum;
562 2357 690 2395 statim
717 2357 823 2395 enim
844 2358 1025 2403 evolaret,
1055 2358 1162 2407 quod
1191 2369 1272 2394 non
1291 2370 1383 2395 con-

312 2411 420 2460 tingit
446 2410 693 2449 manentibus
720 2410 886 2461 peccatis
906 2410 1133 2448 venialibus.
1164 2411 1266 2459 Ergo
1295 2423 1383 2460 pec-

314 2472 398 2502 cata
425 2463 590 2501 venialia
617 2471 779 2514 possunt
806 2463 945 2501 remitti
974 2463 1055 2501 sine
1082 2463 1329 2514 poenitentia.

372 2517 406 2554 3.
444 2518 689 2563 PRAETEREA,
730 2525 888 2566 peccata
923 2516 1089 2555 venialia
1130 2525 1385 2567 opponuntur

281 2595 289 2603 -
315 2569 458 2608 fervori
485 2569 666 2617 caritatis,
700 2577 743 2606 ut
770 2569 810 2606 in
839 2570 1020 2608 Secunda
1047 2571 1159 2608 Parte
1182 2570 1203 2592 '¹‘
1238 2570 1384 2608 dictum

316 2632 383 2661 est.
427 2623 505 2661 Sed
533 2635 660 2660 unum
688 2622 960 2672 oppositorum
995 2623 1140 2660 tollitur
1170 2636 1240 2673 per
1267 2624 1383 2661 aliud.

317 2678 420 2726 Ergo
447 2687 518 2726 per
544 2676 738 2713 fervorem
757 2675 932 2722 caritatis,
961 2688 1081 2725 quem
1100 2676 1284 2725 contingit
1302 2689 1384 2714 esse

317 2730 398 2767 sine
427 2729 564 2767 actuali
584 2728 821 2779 displicentia
838 2729 984 2778 peccati
1003 2729 1174 2776 venialis,
1194 2729 1237 2766 fit
1255 2730 1385 2767 remis-

318 2783 376 2821 sio
404 2789 655 2832 peccatorum
682 2781 907 2819 venialium.

372 2836 447 2874 San
467 2847 612 2873 CONTRA
626 2846 693 2872 EST
711 2835 819 2884 quod
848 2835 1086 2883 Augustinus
1106 2835 1207 2882 dicit,
1228 2835 1268 2873 in
1287 2836 1385 2874 libro

284 2913 292 2925 .
318 2890 364 2927 de
394 2890 624 2926 Poenitentia
649 2888 685 2935 ²⁸,
719 2888 827 2937 quod
860 2894 911 2925 est
943 2889 1127 2937 quaedam
1158 2891 1386 2938 poenitentia

285 2957 291 2978 ;
318 2955 414 2993 quae
442 2941 602 2992 quotidie
629 2943 757 2991 agitur
784 2943 821 2977 in
850 2941 1018 2979 Ecclesia
1040 2953 1116 2991 pro
1138 2944 1303 2991 peccatis
1327 2955 1387 2980 ve-

281 2994 292 3027 '·
320 2995 490 3034 nialibus.
527 2995 640 3042 Quae
674 2994 812 3031 frustra
840 3002 939 3031 esset
970 2993 1002 3031 si
1034 2994 1115 3031 sine
1152 2994 1388 3044 poenitentia

28 3049 31 3056 '
63 3055 143 3093 ζ-α.
162 3064 213 3080 ean.
232 3046 294 3079 rrei
319 3056 476 3099 peccata
503 3047 668 3085 venialia
694 3054 858 3097 possunt
886 3046 1022 3084 dimitti
1041 3046 1066 3084 δ.

80 3083 283 3164 ἴτ’-’ξω
373 3103 600 3139 ΚΕεΡοΝοΕο
619 3112 802 3138 mcENDUM
817 3100 924 3149 quod
940 3100 1114 3138 remissio
1129 3102 1276 3150 culpae,
1293 3099 1389 3138 sicut

70 3161 238 3202 &Quum
251 3175 295 3195 m.
321 3154 469 3192 dictum
496 3161 552 3191 est
570 3154 601 3201 ²⁸,
630 3153 674 3190 fit
700 3166 771 3203 per
797 3153 1113 3191 coniunctionem
1132 3159 1144 3174 ε
1173 3154 1222 3191 ad
1245 3154 1386 3201 Deum,

126 3220 130 3224 ·
180 3237 192 3254 ,
322 3220 345 3245 a
372 3219 453 3257 quo
481 3206 693 3256 aliqualiter
720 3214 871 3256 separat
898 3208 1022 3256 culpa.
1053 3207 1130 3244 Sed
1159 3207 1255 3244 haec
1283 3219 1388 3256 sepa-

322 3260 418 3298 ratio
445 3260 610 3310 perfecte
637 3259 798 3310 quidem
826 3259 869 3296 fit
895 3272 965 3309 per
991 3267 1195 3309 peccatum
1214 3261 1387 3307 mortale,

323 3313 543 3363 imperfecte
580 3321 711 3350 autem
745 3325 815 3363 per
847 3321 1050 3363 peccatum
1087 3312 1256 3350 veniale:
1296 3325 1389 3350 nam

378 3443 406 3478 α)
425 3445 584 3470 benedictae.
602 3459 621 3464 ·-·
638 3448 665 3470 et
683 3445 856 3478 episcopatum
877 3445 1084 3471 benedictionem
1103 3446 1173 3470 addit
1191 3445 1219 3470 P.

378 3479 404 3514 β)
423 3480 525 3505 homini
542 3481 639 3513 quod...
658 3481 755 3506 ducere
772 3488 824 3506 non
839 3482 936 3513 possit.
954 3495 973 3500 -
991 3481 1149 3507 hominem...
1170 3488 1221 3505 non
1241 3488 1321 3513 posse
1339 3481 1388 3505 du-

324 3523 384 3542 cere
402 3516 431 3547 F,
450 3516 522 3548 quod
539 3516 644 3541 homo...
663 3516 759 3541 ducere
778 3524 829 3542 non
845 3520 936 3549 potest
953 3517 988 3548 P;
1002 3520 1093 3550 potest
1112 3517 1188 3541 etiam
1208 3517 1251 3542 Gl.

378 3550 406 3586 γ)
425 3551 603 3583 displicentia.
619 3565 638 3570 -—
656 3552 757 3577 actuali
775 3552 844 3577 addit
864 3553 892 3577 P.

1098 705 1132 730 IN
1161 704 1334 736 QUATUOR
1360 704 1562 730 ARTICULOS
1588 704 1701 729 DIVISA

1481 808 1633 846 Tertio:
1657 815 1789 846 utrum
1807 815 1964 858 peccata
1983 807 2146 844 venialia
2165 807 2405 845 remittantur
2422 819 2492 856 per

1535 874 1799 924 aspersionem
1828 887 1953 924 aquae
1981 874 2204 911 benedictae
2225 879 2254 922 α,
2284 882 2320 911 et
2347 874 2492 912 tunsio-

1535 954 1628 979 nem
1655 941 1832 991 pectoris,
1862 949 1899 978 et
1927 940 2142 978 orationem
2170 940 2430 988 Dominicam,
2458 949 2494 978 et

1534 1003 1608 1041 alia
1634 1003 1874 1041 huiusmodi.

1483 1066 1658 1113 Quarto:
1704 1073 1837 1102 utrum
1878 1065 2027 1102 veniale
2073 1065 2194 1115 possit
2234 1064 2372 1102 dimitti
2413 1064 2494 1102 sine

1535 1126 1700 1164 mortali.

1124 1256 1445 1298 ARTICULUS
1475 1256 1683 1298 PRIMUS

629 1416 631 1418 Ι
675 1368 736 1400 UT
737 1368 833 1400 RUM
856 1367 1048 1399 VENIALE
1070 1367 1314 1398 PECCATUM
1337 1366 1486 1399 POSSIT
1509 1367 1692 1398 REMITTI
1717 1367 1813 1398 SINE
1835 1366 2134 1398 ΡΟΕΝΙΤΕΝΤῙΑ

961 1466 1017 1490 Art.
1037 1472 1103 1498 seq.,
1123 1465 1155 1490 ad
1176 1471 1206 1494 23
1226 1465 1260 1490 lv
1280 1464 1364 1494 sent„
1384 1465 1444 1490 dist.
1462 1472 1514 1496 xvi,
1532 1472 1576 1497 qu.
1595 1472 1623 1494 11,
1642 1469 1689 1489 art.
1710 1471 1734 1494 2,
1753 1464 1803 1497 qu²
1823 1472 1847 1490 2.

1430 1573 1501 1611 per
1518 1570 1722 1611 peccatum
1741 1563 1903 1599 mortale
1930 1573 2042 1599 mens
2062 1561 2224 1598 omnino
2245 1574 2267 1599 a
2285 1562 2370 1599 Deo
2390 1574 2498 1599 aver-

1430 1614 1532 1660 titur,
1561 1622 1694 1663 utpote
1723 1622 1856 1651 contra
1883 1614 2078 1651 caritatem
2106 1627 2240 1663 agens;
2269 1627 2338 1664 per
2364 1627 2498 1664 pecca-

1430 1675 1516 1704 tum
1543 1675 1675 1704 autern
1701 1667 1851 1704 veniale
1888 1667 2101 1704 retardatur
2137 1668 2296 1705 affectus
2329 1667 2499 1705 hominis

1431 1732 1481 1757 ne
1509 1728 1689 1770 prompte
1717 1720 1756 1757 in
1775 1721 1906 1757 Deum
1932 1721 2084 1757 feratur.
2114 1721 2163 1757 Et
2181 1720 2269 1757 ideo
2289 1729 2499 1770 utrumque

1431 1781 1636 1823 peccatum
1663 1785 1734 1823 per
1751 1773 2029 1822 poenitentiam
2058 1773 2219 1822 quidem
2247 1774 2450 1811 remittitur

1433 1826 1525 1875 quia
1542 1839 1613 1876 per
1630 1834 1842 1875 utrumque
1866 1825 2116 1863 deordinatur
2134 1828 2313 1864 voluntas
2332 1827 2501 1864 hominis

1433 1892 1503 1929 per
1526 1879 1825 1917 immoderatam
1843 1879 2142 1917 conversionem
2161 1880 2209 1917 ad
2228 1879 2379 1917 bonum
2399 1893 2501 1918 crea-

1433 1942 1538 1971 tum:
1578 1933 1675 1970 sicut
1703 1932 1805 1970 enim
1834 1940 2038 1982 peccatum
2066 1931 2226 1970 mortale
2255 1933 2395 1971 remitti
2421 1946 2503 1971 non

1433 1994 1559 2037 potest
1594 1985 1769 2036 quandiu
1801 1987 1981 2023 voluntas
2018 1994 2176 2035 peccato
2214 1986 2414 2031 adhaeret,
2452 1987 2503 2024 ita

1434 2040 1551 2078 etiam
1564 2052 1637 2077 nec
1654 2046 1858 2089 peccatum
1876 2039 2038 2085 veniale,
2054 2039 2157 2088 quia,
2174 2047 2355 2077 manente
2374 2052 2502 2089 causa,

1434 2101 1566 2131 manet
1595 2093 1765 2130 effectus.
1795 2091 1969 2140 Exigitur
1996 2100 2127 2129 autem
2155 2092 2205 2130 ad
2233 2093 2503 2130 remissionem

1435 2145 1582 2197 peccati
1609 2145 1781 2182 mortalis
1808 2145 2011 2194 perfectior
2037 2145 2283 2194 poenitentia,
2303 2154 2346 2183 ut
2365 2145 2504 2183 scilicet

1436 2201 1558 2237 homo
1592 2198 1788 2236 actualiter
1818 2206 2022 2247 peccatum
2054 2200 2215 2235 mortale
2248 2199 2503 2236 commissum

1437 2253 1644 2290 detestetur
1662 2259 1855 2301 quantum
1874 2250 1914 2287 in
1933 2250 2018 2300 ipso
2038 2259 2108 2288 est:
2129 2258 2172 2289 ut
2190 2251 2330 2289 scilicet
2348 2251 2503 2300 diligen·

1436 2306 1530 2343 tiam
1565 2304 1745 2342 adhibeat
1779 2304 1828 2341 ad
1863 2305 2208 2341 rememorandum
2242 2304 2389 2353 singula
2415 2317 2503 2354 pec-

1437 2367 1520 2397 cata
1538 2357 1727 2403 mortalia,
1747 2365 1790 2394 ut
1808 2356 1970 2406 singula·
1983 2357 2200 2394 detestetur.
2232 2358 2310 2395 Sed
2329 2359 2405 2395 hoc
2423 2371 2504 2395 non

1437 2411 1644 2461 requiritur
1662 2411 1711 2448 ad
1730 2410 1999 2447 remissionem
2013 2410 2224 2448 venialium
2242 2419 2502 2460 peccatorum.

1437 2466 1532 2502 Non
1558 2472 1690 2502 tamen
1718 2463 1858 2501 sufficit
1885 2463 2089 2500 habitualis
2122 2463 2373 2513 displicentia,
2403 2477 2503 2514 quae

1437 2518 1602 2556 habetur
1637 2529 1708 2567 per
1743 2516 1922 2554 habitum
1959 2516 2121 2554 caritatis
2153 2518 2216 2554 vel
2247 2516 2505 2566 poenitentiae

1437 2571 1604 2609 virtutisi
1635 2569 1727 2620 quia
1754 2569 1808 2607 sic
1835 2569 1970 2607 caritas
1998 2582 2079 2607 non
2107 2577 2391 2619 compateretur
2417 2583 2505 2619 pec-

1439 2632 1569 2662 catum
1601 2623 1767 2670 veniale,
1803 2623 1912 2672 quod
1948 2630 2051 2672 patet
2086 2635 2168 2660 esse
2204 2623 2354 2660 falsum.
2392 2624 2505 2661 Unde

1439 2677 1613 2727 sequitur
1639 2676 1747 2726 quod
1766 2675 1984 2725 requiratur
2010 2676 2202 2725 quaedam
2232 2675 2404 2713 virtualis
2432 2676 2505 2713 dis-

1438 2729 1636 2781 plicentia:
1666 2737 1761 2779 puta
1788 2741 1880 2766 curn
1908 2728 2044 2778 aliquis
2071 2729 2190 2766 fertur
2214 2729 2290 2766 hoc
2308 2729 2428 2766 modo
2449 2741 2505 2766 se-

1439 2783 1615 2821 cundum
1652 2783 1836 2820 affectum
1872 2781 1911 2818 in
1946 2782 2077 2819 Deum
2113 2790 2149 2818 et
2184 2794 2244 2819 res
2279 2781 2429 2819 divinas
2463 2790 2506 2819 ut

1440 2835 1631 2886 quidquid
1659 2834 1693 2872 ei
1721 2842 1897 2872 occurrat
1929 2835 2036 2884 quod
2072 2846 2164 2871 eum
2199 2835 2247 2872 ab
2283 2836 2359 2871 hoc
2394 2842 2504 2872 motu

1440 2889 1658 2934 retardaret,
1687 2887 1902 2937 displiceret
1929 2887 1975 2933 ei,
1996 2895 2032 2924 et
2055 2887 2201 2924 doleret
2228 2899 2268 2924 se
2296 2888 2372 2924 hoc
2399 2899 2504 2924 com-

1440 2941 1600 2988 misisse,
1621 2940 1736 2978 etiam
1756 2940 1787 2977 si
1806 2948 1893 2977 actu
1912 2940 1960 2977 de
1980 2940 2043 2977 illo
2063 2952 2144 2977 non
2164 2939 2354 2988 cogitaret.
2385 2940 2505 2987 Quod

1440 3002 1571 3032 tamen
1598 3006 1679 3031 non
1706 2993 1846 3030 sufficit
1865 2993 1914 3030 ad
1933 2992 2201 3030 remissionem
2228 2992 2374 3041 peccati
2401 3005 2504 3030 mor-

1440 3047 1540 3094 talis,
1570 3046 1643 3083 nisi
1670 3054 1861 3095 quantum
1896 3046 1945 3082 ad
1972 3053 2128 3095 peccata
2162 3045 2278 3082 oblita
2309 3053 2396 3095 post
2423 3045 2505 3083 dili-

1441 3107 1595 3149 gentem
1627 3107 1928 3148 lnqulsltlonem.

1496 3154 1552 3190 Αι)
1582 3164 1717 3190 ptumum
1745 3163 1844 3189 ERGO
1868 3163 2052 3188 mOENDUM
2080 3152 2187 3200 quod
2215 3152 2337 3188 homo
2365 3151 2405 3188 in
2423 3163 2505 3200 gra-

1442 3205 1493 3243 tia
1520 3205 1747 3243 constitutus
1775 3212 1900 3254 potest
1926 3203 2045 3241 vitare
2074 3204 2206 3241 omnia
2228 3212 2384 3254 peccata
2402 3217 2505 3242 mor-

1443 3258 1530 3296 talia
1558 3266 1594 3295 et
1622 3258 1790 3306 singula3
1818 3265 1943 3307 potest
1971 3257 2086 3294 etiam
2114 3257 2232 3294 vitare
2252 3257 2399 3305 singula
2417 3269 2506 3307 pec-

1444 3320 1526 3349 cata
1553 3311 1738 3358 venialia,
1771 3311 1838 3348 sed
1867 3323 1947 3347 non
1976 3309 2128 3356 omnia;
2162 3319 2205 3347 ut
2236 3318 2338 3360 patet
2373 3323 2418 3348 ex
2447 3310 2507 3348 his

1497 3444 1522 3478 ὅ)
1538 3448 1652 3476 possunt
1670 3444 1780 3470 dimitti.
1791 3458 1810 3463 -
1825 3447 1934 3476 possent
1952 3444 2054 3469 dimitti
2072 3444 2141 3473 EFa,
2157 3446 2266 3476 possent
2285 3443 2386 3468 dimitti
2401 3443 2508 3468 videtur

1443 3487 1508 3514 ergo
1522 3480 1593 3513 quod
1607 3483 1719 3512 peccata
1738 3480 1852 3505 venialia
1868 3487 1918 3505 non
1935 3480 2040 3512 possint
2057 3479 2115 3504 sine
2130 3479 2296 3511 poenitentia
2312 3478 2411 3504 dimitti
2426 3479 2506 3503 tertia.

1497 3518 1520 3550 ε)
1538 3515 1758 3541 coniunctionem.
1776 3530 1795 3534 -
1814 3515 1928 3540 hominis
1948 3515 2016 3540 addit
2034 3515 2116 3540 tertia.

2467 1774 2499 1820 ἦε,
2528 1780 2537 1790 ·
2574 1784 2662 1806 .¹o¹9.
