2878 4088
64 358 74 367 ·
80 355 111 378 1v
117 355 191 381 Sext„
199 353 251 375 din.
258 360 275 380 ι,

63 380 275 440 ἰο-βδεῖ,

66 435 172 463 ΤηρΙιει.

63 709 74 719 ·
91 707 151 729 Pan.
173 706 214 734 m,
237 713 276 735 qu.

63 737 206 760 amman.
219 741 237 760 ι,
248 733 276 755 nd

67 766 119 787 ¹,2;
134 765 220 789 quac,
235 764 277 782 nrt.

67 794 86 814 ι,
101 793 122 814 2,
135 793 156 816 3.

65 972 219 1001 'AdEplser.,
226 978 277 999 cap.

14 1009 18 1012 ·
65 1006 93 1028 v,
112 1005 171 1022 ven.
187 1005 211 1027 ²⁵
225 1005 277 1027 sqq.

21 1193 162 1220 ..ΔΜ

67 1242 277 1270 'Bkt-maa?-

67 1322 122 1345 dm.
141 1327 172 1348 ιι,
192 1327 243 1349 enp.
258 1326 291 1353 ¹³⁷

67 1348 280 1397 ⁶²¹¹W⁹÷÷

70 1864 82 1876 ·
95 1862 144 1892 Qu.
153 1864 252 1889 unm.
262 1867 281 1884 ι.

70 2172 283 2228 zwe-

71 2226 160 2276 w,
169 2215 221 2255 cip.
229 2214 287 2248 rui

72 2310 83 2320 ·
105 2307 163 2330 Gen.
185 2312 238 2334 nv.
258 2312 284 2334 ιι,

73 2339 181 2386 :ea-{3³
195 2339 249 2388 ab.
269 2365 286 2386 ι,

73 2386 240 2440 xssidfvm.
252 2418 286 2434 π.

74 2529 85 2539 ·
98 2527 150 2549 Art.
166 2533 186 2549 ¹-

73 2620 204 2646 ‘Veru4

79 3367 167 3391 'leutt-
172 3373 223 3396 etp.
229 3373 292 3394 xvia,

79 3400 139 3417 vm.
155 3392 170 3416 6
186 3400 239 3423 sqq.

79 3422 91 3433 ·
97 3420 135 3443 Ad
139 3420 234 3449 Ephes„
241 3426 292 3448 cap.

81 3454 103 3475 v,
118 3453 178 3470 ven.
191 3453 226 3476 3²·

966 182 1230 231 QUAESTIO
1260 179 1692 228 XL11‚ART1CULUS
1720 180 1827 227 11,111

356 264 547 294 Rsssronnzo
571 273 731 293 mensuum
755 262 845 303 quod
875 267 1110 293 sacramentum
1140 262 1292 301 importat
1315 260 1371 290 ali-

303 307 393 348 quod
415 307 594 338 remedium
618 308 790 338 sanctitatis
813 307 938 337 homini
962 312 1072 337 contra
1095 311 1264 346 peccatum
1285 304 1371 334 exhi-

302 353 406 382 bitum
424 361 481 391 per
497 352 657 382 sensibilia
680 353 769 392 signa
784 353 811 381 ὓ.
835 351 940 387 Unde,
958 360 1033 381 cum
1055 351 1119 381 hoc
1142 350 1322 380 inveniatur
1337 349 1371 378 in

302 396 520 432 matrimonio,
543 397 626 426 inter
649 401 845 426 sacramenta
868 400 1083 435 computatur.

357 440 408 470 An
425 450 543 470 rammi
566 450 650 471 aneo
670 450 829 470 mmmmm
845 439 935 480 quod
950 439 1046 470 verba
1062 439 1180 479 quibus
1197 447 1372 468 consensus

303 485 546 515 matrimonialis
570 485 774 525 exprimitur,
799 490 873 515 sunt
903 483 1007 514 forma
1037 484 1133 513 huius
1164 482 1370 512 sacramenti:

303 538 372 559 non
395 534 503 559 autem
533 529 715 559 benedictio
745 528 934 564 sacerdotis,
959 537 1042 568 quae
1067 533 1113 558 est
1136 526 1301 567 quoddam
1325 536 1373 556 sa-

305 574 507 604 eramentale.

359 618 411 648 An
434 628 597 648 SECUNDUM
623 627 784 648 mensuum
807 616 898 657 quod
920 620 1154 646 sacramentum
1177 615 1374 645 matrimonii

304 661 468 702 perficitur
490 672 547 702 per
571 667 679 692 actum
702 662 770 692 eius
795 661 851 701 qui
874 665 1073 690 sacramento
1092 659 1149 690 illo
1166 660 1274 695 utitur,
1292 659 1374 689 sicut

305 707 503 746 poenitentia
518 708 545 737 ἱ
570 707 610 736 Et
633 706 718 742 ideo,
742 706 824 735 sicut
846 704 1043 745 poenitentia
1066 712 1134 734 non
1161 704 1257 733 habet
1280 703 1374 732 aliam

305 751 470 781 materiam
493 751 555 781 nisi
577 751 665 790 ipsos
689 756 778 780 actus
802 749 909 779 sensui
932 748 1104 783 subiectos,
1121 748 1177 788 qui
1200 753 1275 777 sunt
1298 747 1373 777 loco

305 795 475 825 materialis
499 795 658 830 elementi,
682 795 726 824 ita
749 799 796 824 est
819 792 858 823 de
881 792 1099 823 matrimonio.

359 839 411 869 An
434 849 570 869 ‘mamm
592 848 752 868 nicanum«
769 837 869 877 quod,
886 837 1032 877 quamvis
1047 836 1291 866 matrimonium
1306 845 1375 865 non

306 882 488 914 conformet
502 883 645 923 passioni
661 882 779 912 Christi
795 886 953 922 quantum
969 880 1009 911 ad
1024 889 1176 920 poenam,
1194 879 1375 910 conformat

305 933 413 957 tamen
437 928 466 958 ei
490 932 648 967 quantum
671 926 711 956 ad
735 927 915 961 caritatem,
939 935 997 965 per
1021 934 1119 965 quam
1147 934 1207 965 pro
1231 924 1375 954 Ecclesia

305 971 364 1002 sibi
387 971 420 1001 in
443 980 595 1012 sponsam
619 970 844 1010 coniungenda
866 979 978 1010 passus
1002 974 1048 1000 est
1063 970 1090 1000 ’ἢ

359 1015 410 1045 AD
435 1025 584 1046 ouaaruwt
606 1025 767 1045 monimum
791 1014 881 1055 quod
904 1014 983 1044 unio
1001 1013 1120 1044 Christi
1141 1012 1181 1043 ad
1196 1013 1375 1043 Ecclesiam

305 1069 372 1090 non
389 1065 436 1090 est
450 1069 500 1090 res
516 1064 667 1090 contenta
689 1060 723 1089 in
746 1060 810 1089 hoc
834 1064 1043 1094 sacramento,
1061 1057 1117 1088 sed
1135 1067 1183 1088 res
1200 1056 1375 1097 significata

305 1113 374 1134 non
397 1109 563 1134 contenta:
593 1109 625 1134 et
647 1103 744 1134 talem
768 1113 836 1134 rem
859 1103 986 1133 nullum
1010 1107 1245 1133 sacramentum
1269 1101 1374 1132 efficit.

305 1147 370 1179 Sed
398 1149 494 1179 habet
524 1148 618 1178 aliam
648 1158 716 1178 rem
747 1153 931 1178 contentam
963 1153 994 1178 et
1025 1146 1248 1187 significatam,
1277 1155 1376 1186 quam

306 1192 412 1229 efficit,
429 1199 465 1224 ut
481 1192 604 1223 dicetur
619 1193 647 1222 *.
670 1211 693 1215 -
716 1193 866 1232 Magister
890 1198 998 1222 autem
1022 1192 1114 1232 ponit
1130 1201 1198 1222 rem
1213 1201 1281 1221 non
1297 1200 1376 1221 con—

306 1242 428 1268 tentam
443 1238 470 1274 ὓ,
487 1238 563 1277 quia
586 1242 652 1267 erat
667 1238 763 1267 huius
779 1237 943 1277 opinionis
966 1236 1056 1276 quod
1071 1246 1139 1266 non
1156 1236 1286 1266 haberet
1308 1245 1375 1266 rem

307 1281 448 1322 aliquam
471 1287 657 1312 contentam
672 1282 698 1311 ἦ

334 1327 418 1356 ,ΑΒ
433 1334 578 1356 omn-rum
604 1336 765 1356 mmmmm
795 1325 884 1366 quod
915 1326 1010 1356 etiam
1033 1325 1065 1355 in
1089 1325 1153 1355 hoc
1177 1329 1376 1355 sacramento

307 1376 382 1401 sunt
404 1371 458 1401 illa
480 1371 548 1401 tria.
573 1370 658 1408 Quia
673 1375 877 1400 sacramenta
902 1375 1026 1400 tantum
1043 1375 1117 1400 sunt
1133 1374 1222 1399 actus
1239 1369 1376 1399 exterius

307 1420 513 1455 apparentes;
547 1414 602 1445 sed
630 1424 682 1445 res
709 1420 740 1445 et
761 1419 1000 1445 sacramentum
1032 1419 1078 1444 est
1108 1414 1261 1453 obligatio
1293 1422 1377 1453 quae

257 1449 262 1454 ³
307 1460 484 1490 innascitur
505 1460 564 1489 viri
595 1459 635 1490 ad
664 1459 832 1489 mulierem
864 1468 902 1489 ex
924 1459 1039 1489 talibus
1069 1458 1207 1493 actibus;
1240 1457 1295 1488 sed
1326 1467 1378 1487 res
1402 1473 1405 1475 -

273 1518 280 1551 Ζ
309 1504 422 1534 ultima
438 1508 589 1534 contenta
612 1509 659 1534 est
681 1503 812 1534 effectus
832 1504 928 1534 huius
951 1503 1138 1533 sacramenti
1154 1503 1186 1538 '3
1212 1511 1277 1532 non
1301 1511 1378 1532 con-

308 1553 396 1579 tenta
419 1553 528 1578 autern
551 1554 598 1578 est
620 1557 669 1578 res
694 1557 791 1588 quam
815 1548 965 1587 Magister
988 1547 1177 1577 determinat
1193 1547 1220 1576 *.

408 1613 508 1644 ART.
533 1613 570 1644 11.
594 1623 700 1643 urium
722 1623 943 1643 Min-amomum
965 1622 1118 1643 Dasumm-
1141 1622 1274 1642 msnrtn

676 1672 678 1674 ·
709 1668 790 1688 ANTE
813 1667 976 1687 PECCAI'UM

372 1732 394 1753 υ
422 1732 586 1753 εκευΝυωι
615 1732 661 1752 sic
691 1732 896 1752 pnocanrrua.
927 1721 1062 1752 Videtur
1093 1720 1183 1761 quod
1212 1721 1377 1751 matrimo-

310 1735 465 1798 Anium
494 1776 562 1797 non
586 1766 697 1797 debuit
726 1767 849 1796 institui
872 1772 945 1796 ante
967 1771 1148 1806 peccatum.
1184 1764 1270 1803 Quia
1298 1764 1378 1795 illud

309 1810 399 1852 quod
423 1816 470 1842 est
493 1810 533 1842 de
554 1812 624 1841 iure
646 1811 801 1847 naturali,
825 1820 893 1840 non
916 1809 1037 1850 indiget
1068 1810 1279 1840 institutione.
1315 1808 1379 1839 Sed

308 1856 551 1887 matrimonium
575 1861 621 1886 est
646 1855 852 1891 huiusmodi,
877 1860 914 1885 ut
945 1864 983 1885 ex
1013 1854 1104 1884 dictis
1120 1855 1136 1870 ⁴*
1159 1860 1256 1894 patet.
1291 1854 1378 1894 Ergo

308 1909 378 1931 non
401 1900 512 1931 debuit
534 1900 666 1930 institui.

367 1954 396 1976 2.
419 1945 617 1981 PRAaTaRnA,
634 1949 830 1975 sacramenta
841 1949 915 1974 sunt
931 1943 1089 1984 quaedam
1105 1942 1283 1974 medicinae
1301 1952 1378 1973 con-

308 1994 356 2020 tra
378 1989 531 2020 morbum
553 1989 689 2030 peccati.
725 1986 789 2020 Sed
812 1988 971 2019 medicina
994 1998 1060 2018 non
1086 1993 1290 2028 praeparatur
1318 1988 1379 2017 nisi

309 2034 435 2065 morbo.
460 2034 546 2074 Ergo
570 2039 643 2064 ante
666 2039 836 2074 peccatum
859 2043 927 2063 non
951 2032 1061 2063 debuit
1084 2033 1216 2062 institui.

367 2078 397 2110 3.
421 2078 618 2114 punam,
636 2078 676 2108 ad
698 2078 784 2108 idem
808 2077 923 2108 sufficit
946 2086 1011 2107 una
1034 2077 1201 2107 institutio.
1227 2076 1290 2115 Sed
1312 2086 1380 2106 ma-

309 2123 506 2154 trimonium.
523 2122 584 2153 fuit
605 2123 787 2153 institutum
811 2122 907 2152 etiam
930 2127 1004 2161 post
1027 2126 1206 2161 peccatum,
1223 2127 1260 2151 ut
1281 2121 1315 2151 in
1330 2121 1380 2150 lit-

310 2173 378 2198 tera
392 2168 409 2184 ⁹
433 2166 558 2198 dicitur.
582 2167 668 2207 Ergo
687 2172 761 2196 ante
783 2171 953 2206 peccatum
969 2175 1037 2196 non
1060 2165 1121 2196 fuit
1144 2165 1335 2196 institutum.

366 2221 399 2251 4.
422 2211 621 2247 pannum,
644 2211 802 2241 institutio
825 2210 1013 2240 sacramenti
1045 2209 1140 2240 debet
1164 2219 1232 2240 esse
1256 2219 1274 2239 a
1297 2210 1380 2239 Deo.

313 2255 377 2288 Sed
399 2261 473 2286 ante
495 2261 665 2295 peccatum
681 2255 776 2285 verba
799 2264 883 2294 quae
906 2253 946 2284 ad
961 2254 1203 2284 matrimonium
1221 2255 1382 2294 pertinent

313 2300 533 2336 determinate,
549 2309 616 2330 non
635 2305 709 2330 sunt
733 2298 815 2329 dicta
839 2308 857 2328 a
884 2299 972 2335 Deo,
997 2298 1053 2329 sed
1081 2299 1120 2328 ab
1150 2298 1255 2328 Adam
1270 2300 1303 2328 ³²:
1329 2299 1382 2328 illa

313 2350 422 2375 autem
437 2345 533 2374 verba
556 2353 639 2384 quae
654 2344 743 2374 Deus
759 2343 836 2374 dixit
851 2344 878 2379 ἢ
897 2343 1039 2373 Crescite
1059 2348 1090 2374 et
1111 2343 1380 2383 multiplicamini,

314 2389 398 2419 dicta
421 2394 495 2418 sunt
511 2389 605 2418 etiam
629 2388 728 2418 brutis
743 2389 770 2424 *‚
787 2388 820 2418 in
837 2388 954 2428 quibus
976 2397 1042 2417 non
1067 2393 1114 2418 est
1128 2388 1380 2418 matrimonium.

313 2433 399 2473 Ergo
423 2433 666 2463 matrimonium
688 2442 755 2462 non
778 2431 838 2462 fuit
860 2432 1042 2462 institutum
1059 2437 1132 2462 ante
1154 2437 1335 2472 peccatum.

371 2478 400 2508 5.
424 2477 622 2513 Palmam,
638 2477 880 2507 matrimonium
896 2482 943 2507 est
961 2482 1196 2507 sacramentum
1218 2486 1322 2507 novae
1337 2477 1381 2506 le—

314 2522 362 2562 gis
377 2523 404 2552 *.
429 2521 493 2552 Sed
515 2527 711 2551 sacramenta
727 2530 832 2551 novae
854 2521 932 2561 legis
955 2531 973 2551 a
997 2520 1124 2552 Christo
1143 2522 1271 2551 initium
1294 2531 1382 2551 sum-

315 2571 457 2607 pserunt.
481 2566 566 2606 Ergo
590 2575 658 2596 non
681 2565 791 2596 debuit
814 2571 886 2596 ante
909 2571 1078 2605 peccatum
1101 2566 1233 2596 institui.

370 2610 433 2641 San
450 2619 574 2640 CONTRA
597 2620 651 2640 sssr
675 2609 764 2650 quod
780 2609 895 2640 dicitur
911 2610 1022 2640 Matth.
1039 2620 1090 2640 xxx
1106 2611 1139 2640 *2
1164 2610 1239 2640 Non
1258 2610 1382 2651 legistis

2443 182 2486 218 81

1426 265 1458 289 et
1480 265 1633 289 mutuum
1649 259 1842 298 obsequium
1859 259 1917 288 sibi
1941 269 1959 289 a
1982 261 2173 301 coniugibus
2189 262 2382 301 impensum,
2399 263 2494 293 habet

1425 304 1661 334 institutionem
1684 304 1718 332 in
1741 303 1811 342 lege
1836 303 1929 332 civili.

1482 348 1545 378 Sed
1569 348 1645 388 quia
1668 346 1707 377 de
1731 348 1852 376 ratione
1877 348 2063 377 sacramenti
2080 354 2126 378 est
2150 349 2239 388 quod
2262 351 2301 380 sit
2316 351 2443 390 signum
2464 356 2495 381 et

1426 392 1616 427 remedium,
1633 391 1707 422 ideo
1733 397 1890 431 quantum
1907 391 1946 420 ad
1969 392 2089 421 medias
2105 393 2318 424 institutiones
2339 396 2494 436 competit

1394 447 1403 467 ς
1427 438 1456 468 ei
1471 438 1552 467 ratio
1569 436 1774 471 sacramenti;
1799 435 1855 465 sed
1871 441 2028 475 quantum
2044 436 2083 466 ad
2099 437 2234 476 primam
2250 439 2493 475 institutionem,

1428 482 1583 521 competit
1606 481 1635 511 ei
1659 479 1750 520 quod
1773 480 1813 509 sit
1835 480 1868 510 in
1893 479 2037 510 officium
2065 486 2212 517 naturae;
2238 488 2394 521 quantum
2417 494 2493 515 vero

1427 525 1466 556 ad
1490 526 1648 562 ultimam,
1665 524 1755 565 quod
1779 525 1818 554 sit
1841 525 1875 554 in
1899 523 2043 554 officium
2067 525 2232 555 civilitatis.

1482 570 1534 600 An
1557 579 1675 600 ramum
1698 578 1781 599 eaeo
1806 578 1967 599 montinum
1983 568 2073 608 quod
2095 569 2148 598 illa
2172 579 2254 609 quae
2270 571 2303 599 in
2328 574 2494 602 communi

1427 619 1502 644 sunt
1525 613 1564 644 de
1587 615 1656 644 iure
1687 613 1841 648 naturali,
1865 612 2008 653 indigent
2039 613 2238 644 institutione
2271 621 2427 654 quantum
2457 617 2496 646 ad

1389 667 1414 681 ¹⁰
1428 668 1542 689 eorum
1558 657 1868 693 determinationem,
1882 667 1964 697 quae
1981 656 2193 688 diversimode
2214 660 2368 698 competit
2383 670 2495 690 secun-

1429 702 1506 733 dum
1531 702 1672 733 diversos
1695 707 1810 732 status:
1835 702 1917 732 sicut
1941 701 1980 732 de
2002 702 2070 732 iure
2093 703 2227 732 naturali
2249 709 2295 733 est
2318 704 2407 743 quod
2430 714 2496 734 ma-

1428 746 1532 777 leficia
1555 747 1739 786 puniantur,
1756 746 1811 776 sed
1835 745 1925 786 quod
1948 746 2018 776 talis
2041 755 2146 786 poena
2180 747 2234 777 tali
2258 747 2371 788 culpae
2395 758 2496 789 appo-

1428 797 1532 827 natur,
1549 801 1606 831 per
1629 790 1928 821 determinationem
1952 791 2028 820 iuris
2051 791 2180 830 positivi
2203 791 2248 822 fit.

1484 836 1535 865 An
1559 845 1723 865 SECUNDUM
1738 845 1899 865 mermnum
1915 834 2005 874 quod
2023 836 2265 866 matrimonium
2281 846 2347 866 non
2367 843 2413 867 est
2429 843 2497 867 tan-

1390 886 1412 907 15
1429 885 1499 910 tum
1523 880 1556 909 in
1579 878 1759 910 remedium
1783 885 1893 910 contra
1915 885 2104 920 peccatum,
2131 880 2186 911 sed
2213 881 2428 921 principaliter
2452 888 2498 912 est

1430 925 1463 954 in
1488 923 1631 954 officium
1647 930 1788 954 naturae.
1813 924 1854 954 Et
1877 925 1921 954 sic
1937 925 2117 954 institutum
2142 925 2202 955 fuit
2225 931 2297 955 ante
2316 932 2496 966 peccatum,

1429 978 1496 999 non
1521 974 1629 999 autem
1652 974 1750 1009 prout
1772 974 1819 999 est
1842 970 1875 999 in
1898 969 2086 1000 remedium.

1486 1013 1536 1043 At>
1561 1023 1696 1043 TER-rrum
1724 1023 1883 1043 mensuum
1916 1013 2024 1054 quod,
2049 1013 2227 1044 secundum
2260 1014 2382 1045 diversa
2414 1024 2497 1055 quae

1431 1063 1559 1098 oportet
1581 1059 1615 1088 in
1638 1058 1845 1088 matrimonio
1870 1057 2081 1094 determinari,
2104 1068 2170 1089 non
2199 1064 2245 1089 est
2267 1060 2497 1090 inconveniens

1390 1112 1416 1126 2⁰
1431 1102 1521 1142 quod
1544 1103 1690 1132 habuerit
1713 1102 1850 1133 diversas
1866 1103 2092 1134 institutiones.
2117 1103 2158 1133 Et
2176 1104 2221 1134 sic
2243 1104 2296 1134 illa
2313 1103 2434 1134 diversa
2449 1105 2497 1135 in-

1431 1147 1553 1177 stitutio
1577 1157 1644 1177 non
1669 1152 1715 1177 est
1739 1146 1882 1177 eiusdem
1906 1147 2084 1178 secundum
2107 1148 2203 1178 idem.

1486 1192 1537 1222 An
1562 1202 1711 1222 ommi-tm
1734 1202 1894 1222 monimum
1919 1191 2008 1231 quod
2030 1193 2273 1223 matrimonium
2289 1198 2361 1223 ante
2384 1203 2498 1233 pecca—

1431 1242 1501 1266 tum
1530 1237 1712 1266 institutum
1742 1236 1803 1266 fuit
1826 1247 1844 1266 a
1867 1237 1938 1266 Deo
1962 1237 1995 1266 in
2027 1237 2090 1267 hoc
2114 1237 2203 1277 quod
2236 1238 2360 1267 homini
2383 1238 2498 1268 mulie-

1432 1290 1499 1311 rem
1523 1281 1555 1311 in
1580 1280 1775 1311 adiutorium
1799 1280 1838 1311 de
1861 1287 1950 1311 costa
1973 1280 2122 1311 formavit
2137 1283 2164 1317 *,
2191 1287 2222 1312 et
2245 1281 2322 1312 dixit
2345 1282 2400 1318 eis,
2420 1283 2498 1313 Cre-
2525 1293 2535 1303 ·

1391 1333 1415 1353 ²5
1431 1325 1509 1355 scite
1531 1330 1563 1355 et
1584 1325 1844 1365 multiplicamini
1859 1326 1885 1355 ἦ
1915 1325 2013 1363 Quod
2037 1326 2182 1365 quamvis
2213 1326 2280 1356 aliis
2309 1327 2498 1357 animalibus
2526 1347 2535 1356 .

1432 1369 1554 1406 dixerit,
1571 1379 1639 1400 non
1662 1375 1770 1400 tamen
1794 1379 1851 1410 per
1874 1379 1910 1400 ea
1934 1369 2050 1400 eodem
2073 1370 2173 1400 modo
2193 1370 2394 1410 implendum
2417 1372 2499 1402 sicut

1431 1423 1489 1454 per
1511 1415 1670 1444 homines.
1694 1413 1799 1444 Adam
1822 1424 1898 1444 vero
1923 1415 2019 1444 verba
2041 1415 2094 1445 illa
2109 1414 2242 1454 protulit
2265 1425 2283 1445 a
2305 1415 2376 1446 Deo
2399 1416 2498 1456 inspi-

1431 1463 1517 1488 ratus
1533 1464 1569 1489 ut
1584 1458 1773 1498 intelligeret
1789 1459 1984 1489 matrimonii
2001 1460 2233 1490 institutionem
2251 1469 2269 1489 a
2285 1459 2355 1490 Deo
2372 1459 2497 1491 factam.

1487 1503 1538 1532 AD
1563 1513 1703 1533 aum‘ruu
1726 1513 1886 1533 DICENDUM
1902 1503 2002 1543 quod,
2019 1509 2176 1543 quantum
2193 1503 2232 1534 ad
2248 1504 2311 1534 hoc
2328 1505 2416 1544 quod
2431 1515 2498 1535 ma—

1393 1554 1418 1574 ³⁰
1432 1548 1621 1577 trimonium
1655 1553 1702 1577 est
1734 1553 1967 1578 sacramentum
1999 1557 2102 1578 novae
2130 1549 2217 1588 legis,
2234 1558 2301 1579 non
2334 1548 2394 1579 fuit
2426 1555 2499 1580 ante

1433 1591 1597 1622 Christum
1621 1592 1812 1627 institutum,
1829 1597 1865 1622 ut
1889 1602 1927 1622 ex
1951 1591 2041 1622 dictis
2057 1594 2074 1609 ⁴*
2096 1598 2193 1632 patet.

1520 1674 1620 1704 ART.
1638 1674 1689 1704 111.
1713 1684 1818 1704 urium
1840 1684 2059 1704 uarmuommx
2083 1685 2245 1705 CONFERAT
2273 1686 2411 1706 enni-mu

1512 1727 1546 1748 11·
1561 1727 1619 1753 11⁸⁶,
1634 1733 1673 1755 qu.
1689 1731 1710 1751 ο,
1725 1730 1767 1748 art.
1783 1732 1803 1750 2.
1814 1726 1842 1747 ad
1857 1727 1883 1751 6;
1898 1726 1929 1747 lV
1946 1726 2023 1752 Seni„
2039 1726 2092 1748 dist.
2110 1733 2133 1752 ιι,
2150 1733 2188 1754 qu.
2205 1733 2220 1753 ι,
2236 1731 2278 1749 art.
2295 1735 2314 1753 ι,
2329 1729 2374 1755 qu⁸
2388 1734 2412 1752 2:

1775 1752 1806 1774 1v
1823 1752 1890 1774 Cone.
1908 1752 1984 1779 Gent„
2000 1759 2050 1780 cap.
2065 1759 2159 1775 Lxxvm.

1499 1823 1519 1843 n
1543 1823 1679 1843 ‘ramum
1700 1823 1745 1843 sic
1767 1822 1971 1843 raecum-run.
1995 1812 2129 1843 Videtur
2151 1813 2240 1853 quod
2260 1814 2500 1844 matrimonium

1434 1825 1566 1888 Arion
1588 1856 1731 1887 conferat
1753 1858 1895 1897 gratiam.
1919 1857 2004 1895 Quia
2027 1857 2205 1888 secundum
2222 1858 2398 1898 Hugonem
2410 1860 2436 1893 *ἃ
2449 1868 2501 1889 sa-

1434 1907 1600 1933 cramenta
1623 1912 1665 1932 ex
1679 1901 1935 1943 sanctificatione
1951 1902 2139 1933 invisibilem
2157 1903 2301 1943 gratiam
2317 1904 2500 1945 conferunt.

1435 1947 1498 1978 Sed
1513 1947 1754 1977 matrimonium
1771 1956 1839 1976 non
1854 1947 1949 1977 habet
1965 1946 2105 1986 aliquam
2121 1946 2406 1978 sanctificationem
2418 1957 2501 1987 quae

1393 2001 1420 2021 40
1434 1992 1474 2022 sit
1497 1991 1537 2021 de
1561 1992 1696 2021 essentia
1720 1991 1800 2021 eius.
1825 1990 1911 2031 Ergo
1926 2000 1994 2021 non
2019 1990 2182 2021 confertur
2197 1993 2295 2031 gratia
2317 1993 2351 2022 in
2374 1993 2455 2032 ipso.

1491 2045 1522 2066 2.
1546 2036 1751 2071 PRAETEREA‚
1777 2044 1875 2065 omne
1907 2040 2140 2065 sacramentum
2171 2035 2339 2066 conferens
2369 2037 2501 2076 gratiam

1435 2079 1559 2110 confert
1576 2081 1680 2119 ipsam
1697 2089 1734 2109 ex
1749 2080 1880 2109 materia
1897 2085 1928 2109 et
1950 2079 2054 2109 forma
2070 2089 2135 2110 sua.
2161 2080 2223 2110 Sed
2239 2086 2338 2117 actus,
2356 2082 2412 2121 qui
2427 2087 2501 2111 sunt

1434 2125 1565 2155 materia
1588 2125 1622 2154 in
1645 2124 1708 2154 hoc
1732 2129 1941 2159 sacramento,
1962 2133 2029 2154 non
2053 2130 2128 2154 sunt
2151 2134 2245 2154 causa
2268 2126 2400 2164 gratiae:
2426 2126 2501 2166 quia

1435 2169 1499 2199 hoc
1522 2174 1604 2198 esset
1626 2168 1795 2208 Pelagiana
1810 2168 1958 2204 haeresis,
1975 2168 2094 2198 scilicet
2110 2169 2200 2208 quod
2220 2175 2308 2199 actus
2323 2171 2424 2200 nostri
2439 2171 2501 2200 sint

1395 2222 1419 2242 45
1436 2223 1531 2243 causa
1554 2213 1671 2253 gratiae
1687 2213 1713 2242 ὕ.
1737 2212 1841 2243 Verba
1865 2213 1960 2243 etiam
1984 2213 2192 2252 exprimentia
2221 2223 2410 2244 censensum
2433 2224 2501 2244 non

1436 2263 1511 2288 sunt
1534 2267 1629 2287 causa
1651 2257 1787 2297 gratiae:
1811 2266 1887 2287 nam
1911 2266 1948 2287 ex
1973 2257 2017 2287 eis
2040 2267 2108 2287 non
2132 2257 2167 2287 fit
2190 2258 2296 2298 aliqua
2325 2258 2501 2289 sanctifica—

1436 2302 1492 2332 tio.
1517 2302 1602 2341 Ergo
1627 2302 1660 2331 in
1684 2301 1890 2332 matrimonio
1914 2301 2004 2331 nullo
2027 2302 2128 2332 modo
2151 2303 2249 2342 gratia
2273 2302 2372 2333 datur.

1493 2346 1522 2376 3.
1547 2346 1743 2381 PRAETEREA‚
1760 2346 1859 2385 gratia
1882 2345 2025 2376 ordinata
2043 2351 2152 2376 contra
2176 2347 2292 2377 vulnus
2315 2348 2439 2387 peccati
2455 2353 2502 2377 est

1436 2391 1611 2420 necessaria
1635 2390 1785 2420 omnibus
1801 2390 1990 2420 habentibus
2014 2391 2130 2420 vulnus
2146 2391 2234 2421 illud.
2259 2391 2322 2422 Sed
2344 2392 2378 2421 in
2397 2393 2502 2421 omni-

1397 2443 1422 2462 50
1436 2435 1496 2465 bus
1511 2435 1672 2464 invenitur
1688 2435 1968 2474 concupiscentiae
1982 2435 2109 2465 vulnus.
2135 2435 2167 2466 Si
2187 2445 2262 2475 ergo
2286 2436 2319 2466 in
2339 2437 2502 2466 matrimo-

1436 2480 1492 2509 nio
1523 2479 1615 2509 detur
1637 2479 1735 2518 gratia
1765 2484 1876 2508 contra
1898 2479 2015 2509 vulnus
2043 2480 2322 2519 concupiscentiae
2337 2481 2363 2516 *‚
2386 2480 2503 2510 debent

1436 2533 1549 2554 omnes
1565 2524 1713 2553 homines
1729 2524 1970 2554 matrimonium
1986 2524 2182 2554 contrahere.
2203 2524 2244 2554 Et
2259 2525 2303 2554 sic
2320 2530 2401 2554 esset
2411 2525 2502 2555 valde

1437 2568 1570 2598 stultum
1594 2577 1612 2597 a
1634 2567 1840 2597 matrimonio
1865 2568 2031 2598 abstinere.

1491 2621 1523 2651 4.
1547 2612 1735 2642 Primnum
1746 2635 1754 2648 ‚
1778 2611 1944 2642 infirmitas
1959 2622 2026 2642 non
2046 2613 2162 2652 accipit
2176 2612 2448 2643 medicamentum
2464 2614 2502 2643 ab

314 2654 402 2696 quod
424 2655 464 2685 ab
488 2654 580 2684 initio
604 2654 660 2695 qui
673 2654 760 2695 feci!
781 2654 944 2690 homine-5,
971 2654 1150 2685 masculum
1174 2659 1205 2685 et
1217 2654 1382 2696 feminam
1398 2668 1420 2688 55
1437 2666 1477 2687 eo
1501 2667 1520 2687 a
1543 2656 1742 2696 quoaccipit
1756 2657 1982 2687 intensionem.
2007 2656 2070 2687 Sed
2092 2667 2149 2697 per
2164 2658 2404 2687 matrimonium
2426 2667 2503 2688 con-

331 2699 393 2730 ecit
415 2698 499 2729 eos?

306 2699 337 2741 f
373 2753 401 2774 2.
425 2743 623 2779 Parim-mna,
639 2743 882 2773 matrimonium
906 2747 952 2773 est
974 2743 1156 2773 institutum
1172 2742 1212 2773 ad
1234 2752 1382 2783 procrea-

314 2788 439 2818 tionem
462 2787 571 2827 prolis.
596 2786 659 2818 Sed
683 2793 755 2817 ante
778 2792 947 2827 peccatum
971 2792 1036 2817 erat
1059 2788 1235 2817 necessaria
1257 2788 1383 2818 homini

314 2833 494 2873 procreatio
511 2832 620 2872 prolis.
640 2831 726 2871 Ergo
743 2837 815 2862 ante
830 2837 1000 2872 peccatum
1016 2830 1126 2862 debuit
1141 2832 1382 2862 matrimonium

314 2877 447 2908 institui.

369 2921 560 2951 Rnsponmzo
584 2930 744 2950 mensuum
763 2919 853 2960 quod
875 2925 987 2950 natura
1002 2920 1134 2950 inclinat
1156 2919 1196 2951 ad
1217 2921 1382 2951 matrimo-

315 2966 406 2996 nium
427 2964 597 2995 intendens
616 2964 748 3004 aliquod
771 2965 905 3000 bonum,
923 2963 1012 3005 quod
1036 2963 1167 3004 quidem
1182 2966 1320 2995 variatur
1334 2975 1382 2996 se—

316 3009 460 3040 cundum
483 3009 624 3039 diversos
647 3009 817 3039 hominum
841 3014 949 3039 status,
980 3009 1022 3039 Et
1044 3008 1117 3039 ideo
1142 3015 1270 3049 oportet
1293 3009 1384 3050 quod

315 3053 395 3085 illud
417 3054 542 3084 bonum
566 3053 778 3084 diversimode
797 3054 830 3083 in
855 3053 984 3084 diversis
1000 3053 1131 3083 statibus
1147 3053 1319 3084 hominum
1333 3055 1383 3084 in-

1437 2701 1634 2742 cupiscentia
1657 2701 1773 2740 accipit
1795 2701 2026 2731 intensionem:
2051 2702 2136 2741 quia,
2155 2702 2236 2732 sicut
2260 2701 2335 2731 dicit
2357 2702 2503 2732 Philoso-

1436 2746 1530 2786 phus.
1547 2746 1580 2775 in
1605 2745 1646 2775 ΙΙΙ
1669 2745 1773 2775 Ethic.
1790 2746 1816 2781 ὓ,
1834 2745 2026 2776 insatiabilis
2049 2751 2096 2776 est
2118 2746 2394 2786 concupiscentiae
2408 2756 2503 2787 appe—

1438 2790 1523 2825 titus,
1541 2795 1572 2820 et
1580 2799 1644 2830 per
1667 2789 1886 2829 operationem
1903 2799 2085 2831 congruam
2104 2796 2254 2831 augetur.
2278 2791 2363 2830 Ergo
2380 2790 2504 2821 videtur

1438 2834 1528 2875 quod
1546 2835 1580 2864 in
1595 2834 1802 2864 matrimonio
1818 2843 1886 2864 non
1903 2834 2085 2865 conferatur
2100 2834 2277 2865 remedium
2292 2835 2408 2874 gratiae
2425 2845 2503 2865 con-

1396 2883 1424 2903 60
1437 2884 1484 2909 tra
1508 2879 1815 2918 concupiscentiam.

1492 2923 1555 2954 San
1569 2933 1702 2959 CONTRA,
1713 2922 1858 2953 definitio
1876 2928 1907 2953 et
1923 2922 2090 2953 definitum
2103 2922 2220 2953 debent
2235 2924 2378 2954 converti
2389 2925 2415 2953 ἦ
2440 2923 2503 2954 Sed

1437 2968 1470 2998 in
1486 2967 1673 2998 definitione
1690 2968 1877 2998 sacramenti
1894 2968 2025 3009 ponitur
2041 2968 2204 2998 causalitas
2223 2968 2339 3007 gratiae
2355 2969 2380 2998 ἦ.
2406 2968 2501 3008 Ergo,

1437 3021 1513 3042 cum
1535 3012 1777 3042 matrimonium
1800 3012 1840 3042 sit
1863 3017 2106 3048 sacramentum,
2123 3013 2181 3042 erit
2203 3013 2319 3052 gratiae
2343 3022 2446 3042 causa.

1493 3066 1523 3086 2.
1542 3056 1739 3092 PRAarmuhi,
1756 3056 1956 3096 Augustinus
1972 3056 2048 3087 dicit
2063 3058 2079 3073 ὓ
2096 3056 2184 3096 quod
2200 3057 2440 3087 matrimonium
2457 3063 2501 3087 est

316 3099 472 3129 stituatur.
496 3097 538 3128 Et
551 3098 626 3128 ideo
642 3098 894 3134 matrimonium,
911 3097 1090 3128 secundum
1106 3097 1196 3138 quod
1220 3097 1383 3129 ordinatur
1396 3105 1421 3131 65
1437 3101 1583 3142 aegrotis
1606 3100 1638 3130 in
1663 3100 1848 3131 remedium.
1873 3100 1936 3131 Sed
1959 3110 2027 3131 non
2050 3106 2096 3131 est
2119 3101 2152 3131 in
2175 3100 2352 3131 remedium
2370 3102 2431 3131 nisi
2453 3102 2502 3131 in-

317 3141 357 3172 ad
379 3143 637 3183 procreationem
659 3142 768 3182 prolis,
795 3152 878 3182 quae
902 3147 967 3172 erat
989 3143 1166 3173 necessaria
1188 3143 1284 3173 etiam
1307 3153 1382 3183 pec-

319 3191 391 3217 cato
412 3196 481 3216 non
504 3187 667 3222 existente,
684 3187 865 3217 institutum
884 3186 944 3216 fuit
967 3192 1040 3217 ante
1056 3192 1236 3227 peccatum.
1261 3187 1383 3218 Secun-

318 3229 398 3261 dum
420 3235 528 3261 autem
551 3230 641 3271 quod
663 3230 842 3261 remedium
874 3231 1003 3271 praebet
1027 3236 1138 3261 contra
1160 3231 1278 3262 vulnus
1307 3241 1383 3272 pec-

319 3274 390 3310 cati,
406 3274 586 3305 institutum
609 3274 670 3305 fuit
691 3281 766 3315 post
784 3281 954 3316 peccatum
977 3281 1123 3316 tempore
1139 3275 1217 3315 legis
1240 3281 1381 3307 naturae.

319 3317 504 3349 Secundum
527 3324 635 3349 autem
658 3319 957 3351 determinationem
973 3329 1193 3360 personarum,
1210 3321 1382 3351 institutio-
1396 3332 1424 3353 70

318 3371 395 3393 nem
417 3362 528 3392 habuit
549 3363 584 3392 in
606 3363 676 3403 lege
692 3364 799 3405 Moysi
813 3365 840 3394 ἡ
865 3364 928 3395 Sed
951 3364 1130 3395 secundum
1146 3364 1236 3404 quod
1258 3374 1383 3405 reprae-

319 3411 422 3437 sentat
444 3407 631 3447 mysterium
654 3408 891 3439 coniunctionis
914 3409 1030 3440 Christi
1055 3414 1087 3439 et
1109 3409 1271 3440 Ecclesiae
1286 3410 1314 3446 ⁹,
1334 3410 1384 3440 in—

320 3451 519 3482 stitutionem
541 3451 652 3481 habuit
669 3452 704 3482 in
726 3462 811 3483 nova
825 3453 911 3493 lege:
936 3459 968 3484 et
990 3453 1169 3484 secundum
1185 3454 1248 3484 hoc
1272 3459 1319 3484 est
1334 3464 1383 3484 sa-

320 3500 519 3526 cramentum
541 3504 646 3526 novae
668 3496 756 3536 legis.
783 3496 951 3534 Quantum
974 3503 1081 3528 autem
1105 3497 1145 3528 ad
1168 3498 1243 3528 alias
1265 3498 1382 3529 utilita-

1437 3150 1596 3185 quantum
1619 3145 1760 3184 aliquam
1777 3144 1951 3175 efficaciam
1974 3145 2077 3175 habet.
2103 3145 2187 3184 Ergo
2204 3146 2299 3175 habet
2319 3145 2440 3185 aliquid
2456 3145 2502 3175 ef-

1437 3188 1566 3219 ficaciae
1590 3189 1630 3219 ad
1652 3189 1892 3229 reprimendum
1923 3190 2226 3229 concupiscentiam.
2262 3189 2324 3220 Sed
2347 3190 2502 3229 concupi-

1437 3234 1556 3264 scentia
1579 3243 1646 3263 non
1662 3234 1845 3273 reprimitur
1858 3234 1919 3264 nisi
1942 3243 1999 3274 per
2017 3234 2158 3273 gratiam.
2183 3234 2269 3273 Ergo
2286 3235 2317 3263 in
2336 3234 2407 3273 ipso
2425 3244 2502 3264 con-

1438 3277 1537 3308 fertur
1558 3278 1666 3318 gratia.

1491 3322 1681 3352 Rnsrormno
1698 3332 1858 3353 monimum
1874 3322 1963 3363 quod
1987 3323 2069 3352 circa
2084 3322 2147 3352 hoc
2167 3322 2228 3352 fuit
2250 3322 2362 3362 triplex
2378 3323 2501 3362 opinio.

1438 3365 1579 3404 Quidam
1595 3367 1612 3383 ⁴*
1635 3367 1722 3396 enim
1746 3367 1893 3397 dixerunt
1916 3366 2006 3407 quod
2024 3367 2265 3397 matrimonium
2287 3366 2377 3396 nullo
2401 3366 2501 3396 modo

1438 3415 1485 3441 est
1508 3420 1603 3441 causa
1625 3411 1752 3451 gratiae,
1773 3411 1829 3442 sed
1852 3417 1898 3441 est
1921 3416 2044 3441 tantum
2067 3412 2204 3451 signum.
2220 3429 2243 3433 —
2267 3410 2329 3441 Sed
2351 3411 2414 3441 hoc
2434 3420 2502 3441 non

1437 3460 1544 3495 potest
1566 3460 1657 3485 stare.
1693 3455 1778 3492 Quia
1801 3455 1979 3486 secundum
2013 3456 2076 3485 hoc
2098 3456 2131 3485 in
2165 3455 2255 3486 nullo
2288 3454 2461 3485 abundaret
2484 3465 2502 3485 a

1437 3500 1641 3529 sacramentis
1656 3500 1770 3530 veteris
1785 3500 1878 3540 legis:
1904 3499 1990 3530 unde
2006 3510 2073 3530 non
2090 3505 2171 3530 esset
2187 3500 2292 3539 aliqua
2307 3500 2387 3529 ratio
2404 3509 2501 3539 quare

319 3546 373 3570 tes.
390 3548 474 3579 quae
497 3548 535 3569 ex
558 3540 764 3570 matrimonio
787 3547 1044 3581 consequuntur,
1071 3543 1153 3573 sicut
1176 3548 1223 3573 est
1246 3543 1383 3574 amicitia
1397 3555 1421 3575 75
1438 3544 1641 3574 sacramentis
1663 3553 1767 3574 novae
1789 3544 1867 3584 legis
1883 3549 2152 3574 annumeraretur.
2177 3543 2276 3582 Quod
2292 3544 2378 3574 enim
2400 3553 2502 3574 reme-

461 3600 572 3624 Summa
589 3600 692 3624 Tnsor.
713 3600 742 3623 D.
757 3600 871 3625 Tamus
885 3602 917 3626 T.
937 3602 978 3627 lx.

2314 3605 2358 3628 ιι*

2558 1291 2615 1313 Gen.
2637 1297 2687 1319 cap.
2710 1298 2735 1314 ιι.

2527 1325 2584 1340 verS.
2602 1318 2626 1340 28
2642 1324 2695 1345 sqq.

2557 1345 2627 1368 lbid..
2650 1351 2701 1372 cap.
2721 1351 2736 1371 ι,

2526 1378 2584 1393 vers.
2599 1371 2633 1394 28.

2526 1600 2536 1609 ·
2550 1598 2576 1619 In
2591 1604 2697 1625 corpore.

2529 1861 2538 1869 ·
2547 1859 2582 1880 De
2590 1859 2737 1881 Sacrament.

2528 1886 2653 1913 lib.1‚p.1x.
2662 1892 2738 1913 capa.

2529 2218 2539 2227 ”
2557 2217 2616 2242 Aug.
2635 2215 2739 2237 Retract.

2528 2243 2566 2263 lib.
2579 2243 2595 2268 Ι,
2611 2248 2661 2289 cap.
2673 2248 2704 2265 ix.
2716 2249 2738 2264 n.

2528 2275 2551 2297 3:
2564 2269 2624 2295 Mag.
2647 2269 2739 2295 ment„

2529 2296 2662 2322 dist.xxvm,
2672 2301 2713 2322 cap
2725 2302 2739 2316 1.

2530 2489 2539 2497 “’
2548 2486 2582 2508 Εἰ,
2589 2486 2739 2514 Part.111,qu.

2530 2520 2582 2539 cxv,
2597 2517 2638 2534 art.
2655 2520 2673 2535 ι.

2529 2746 2611 2794 §.etit
2620 2752 2740 2802 ἴὲὲςὲἕῑῇ

2532 2922 2541 2931 ⁸
2564 2920 2599 2942 ef.
2626 2920 2691 2942 Boet.
2717 2921 2741 2941 in

2530 2947 2645 2974 Porphyr.
2657 2947 2739 2974 dialog.

2530 2980 2546 3000 1,
2558 2980 2607 3004 cap.
2619 2974 2648 2995 de
2665 2973 2739 2995 Gene-

2530 3000 2716 3053 ζῖῖῐιδηεὲἓῗὲίεῐ.
2725 3033 2740 3052 ι,

2530 3060 2552 3081 p.
2562 3060 2577 3080 ι,
2588 3059 2639 3080 cap.
2650 3053 2740 3074 Sacra-

2528 3082 2635 3101 mentum.

2529 3107 2576 3128 ‘De
2582 3106 2638 3128 Gen.
2645 3106 2679 3127 ad
2687 3106 2739 3132 litt„

2530 3134 2570 3155 lib.
2585 3133 2624 3159 lx,
2640 3139 2690 3160 cap.
2701 3139 2740 3154 vn.

2529 3366 2539 3376 ‘
2554 3364 2613 3392 Mag.
2624 3365 2656 3386 lV
2667 3364 2739 3391 Sene„

2530 3391 2582 3412 dist.
2592 3398 2616 3418 u,
2626 3398 2666 3419 per
2676 3392 2740 3418 plum

2529 3417 2738 3445 capp.;Autissiod.

2529 3445 2613 3466 Suram,
2628 3445 2684 3465 Aur.
2701 3444 2740 3465 lib.

2529 3471 2569 3497 lV,
2584 3477 2635 3498 cap.
2653 3470 2682 3491 de
2694 3469 2741 3491 Sa-

2529 3499 2639 3519 crement.
2658 3496 2741 3518 Novae

2528 3523 2597 3552 Legis
2606 3524 2630 3545 in
2640 3529 2739 3544 commu—

2529 3556 2560 3571 m.
