2878 4088
124 1135 315 1164 ‘nacor-,en
333 1151 339 1158 .

125 1169 150 1191 v,
162 1168 224 1185 vers.
235 1168 270 1185 ιο.
282 1173 293 1179 -
333 1178 340 1185 .

150 1195 189 1218 ug.
217 1189 247 1211 de
275 1189 340 1212 Cura

120 1217 340 1271 Εῗέὦῗῐῖῑῖῗῖ

966 168 1230 214 QUAESTIO
1259 166 1498 213 LXXXVIII,
1518 165 1811 203 ARTICULUS
1847 167 1887 213 11,
1909 168 1953 203 ΙΙΙ

127 253 138 263 ·
153 251 220 273 Vm.
234 256 271 279 3⁹,
285 257 325 277 ⁴0·
368 247 556 286 praemiatio
580 256 639 286 pro
664 247 797 278 utilitate
828 247 983 282 aliorum,
1008 252 1043 277 ut
1072 252 1159 286 patet
1182 246 1263 277 Heb.
1289 256 1319 276 xx
1343 247 1378 281 Ἣ
1403 250 1434 275 et

367 299 493 330 poenae
509 291 604 321 unius
628 291 667 322 ad
683 291 865 331 profectum
889 291 1016 322 alterius
1035 290 1162 321 cedunt.
1187 290 1281 322 Unde
1304 298 1434 320 necesse

368 340 415 365 est
438 340 474 365 ut
496 335 535 365 sit
565 335 698 375 aliquod
727 335 884 366 iudicium
907 335 1084 366 universale
1117 333 1372 375 correspondens
1395 343 1433 364 ex

368 378 500 410 adverso
525 381 646 419 primae
676 389 783 411 rerum
813 379 1020 420 productioni
1041 380 1076 410 in
1099 389 1183 410 esse:
1209 384 1245 409 ut
1267 377 1431 414 videlicet,

367 423 449 454 sicut
474 429 551 454 tunc
574 425 685 455 omnia
706 429 929 464 processerunt
945 423 1127 454 immediate
1150 434 1168 453 a
1192 423 1273 458 Deo,
1290 423 1333 452 ita
1355 427 1432 452 tunc
1456 426 1466 447 5

368 468 480 499 ultima
495 469 671 508 completio
688 468 811 500 mundo
828 468 930 504 detur,
943 477 1146 508 unoquoque
1162 467 1338 507 accipiente
1355 466 1432 496 fina-

367 512 438 543 liter
461 512 552 552 quod
575 514 605 544 ei
629 512 762 543 debetur
786 512 966 544 secundum
989 513 1141 552 seipsum.

423 557 517 590 Unde
540 558 574 587 in
597 557 653 588 illo
669 557 790 588 iudicio
815 557 980 597 apparebit
995 555 1163 587 manifeste
1187 555 1293 586 divina
1313 555 1431 585 iustitia

368 607 526 641 quantum
549 600 589 632 ad
613 602 733 638 omnia,
750 611 834 642 quae
857 611 945 632 nunc
969 611 1007 631 ex
1029 601 1093 631 hoc
1117 600 1320 630 occultantur
1343 597 1432 639 quod

2477 165 2550 201 205

1488 249 1682 280 cernantur,
1711 250 1745 275 ut
1767 250 1896 275 accuset
1918 246 1967 275 vel
1990 252 2120 277 excuset
2140 247 2274 278 scientia
2305 246 2551 281 conscientiam,

1488 293 1583 329 atque
1599 289 1644 319 ita
1655 289 1752 319 simul
1767 294 1798 319 et
1814 298 1923 319 omnes
1939 295 1970 319 et
1983 290 2106 331 singuli
2122 291 2313 322 iudicentur.
2331 290 2403 327 Sed,
2416 291 2442 321 si
2457 300 2552 321 voca-

1488 333 1558 363 liter
1581 332 1812 363 discuterentur
1834 333 1946 363 merita
1969 334 2178 373 singulorum,
2194 345 2262 365 non
2284 340 2416 375 possent
2439 344 2552 365 omnes

1489 382 1520 407 et
1542 377 1658 417 singuli
1681 377 1813 408 iudicari
1832 377 1936 407 simul.
1961 377 2046 417 Ergo
2070 378 2194 409 videtur
2210 379 2299 419 quod
2322 379 2375 410 illa
2397 378 2551 409 discussio

1488 430 1556 452 non
1579 422 1638 452 erit
1660 421 1789 452 vocalis.

1546 475 1575 495 2.
1592 466 1788 502 Pmamnn,
1801 466 1957 495 sententia
1969 466 2247 506 proportionaliter
2263 466 2357 497 debet
2368 467 2552 497 testimonio

1487 509 1692 549 respondere.
1728 509 1791 540 Sed
1813 510 2035 540 testimonium
2067 515 2098 539 et
2126 511 2285 540 accusatio
2310 511 2360 541 vel
2390 512 2551 541 excusafio

1488 554 1546 584 erit
1568 554 1733 585 mentalis:
1758 553 1845 585 unde
1860 554 1953 584 Rom.
1970 564 1992 583 11
2008 554 2042 589 ²⁸,
2070 554 2298 584 Testimonium
2315 555 2380 585 illis
2403 555 2553 586 reddente
2581 560 2590 569 '

1487 598 1683 628 conscientia
1700 599 1853 638 ipsorum,
1868 603 1899 628 et
1914 598 1998 628 inter
2011 607 2046 628 se
2062 598 2196 628 invicem
2209 599 2443 639 cogitationum
2459 609 2552 630 accu-

368 645 529 676 interdum
553 645 592 676 de
615 655 683 676 uno
707 645 897 686 disponitur,
919 645 959 676 ad
983 645 1152 675 utilitatem
1175 644 1322 678 aliorum,
1344 643 1433 673 aliter
1448 652 1473 666 m
1486 642 1627 672 santium
1651 647 1709 672 aut
1728 643 1824 673 etiam
1836 642 2085 683 defendentium,
2099 642 2131 671 in
2148 642 2200 672 die
2215 652 2286 672 cum
2303 642 2455 673 iudicabit
2466 643 2554 674 Deus

369 699 467 729 quam
489 689 657 720 manifesta
681 699 779 730 opera
803 690 927 729 exigere
950 689 1126 719 videantur.
1160 687 1253 718 Unde
1283 687 1379 718 etiam
1402 692 1433 716 et

368 740 446 765 tunc
466 735 524 765 erit
541 734 726 766 universalis
741 734 898 774 separatio
915 734 1076 767 bonorum
1092 742 1111 762 a
1125 732 1236 762 malis:
1261 731 1336 770 quia
1352 730 1432 760 ulte-

367 779 432 809 rius
455 788 524 809 non
547 779 605 809 erit
629 779 721 809 locus
738 784 773 808 ut
795 778 870 808 mali
886 787 944 817 per
959 778 1065 807 bonos
1080 776 1131 806 vel
1154 776 1232 805 boni
1248 784 1305 814 per
1329 774 1431 804 malos

368 822 545 862 proficiant,
558 828 690 862 propter
705 831 803 862 quem
819 820 1003 861 profectum
1019 821 1146 851 interim
1163 819 1328 850 commixti
1344 819 1432 848 inve-

366 867 499 898 niuntur
515 867 594 897 boni
608 866 709 902 malis,
727 865 941 906 quoadusque
957 870 1056 895 status
1071 865 1167 895 huius
1183 864 1265 894 vitae
1281 872 1338 903 per
1354 862 1432 893 divi·
1449 876 1471 896 ις

366 921 440 942 nam
465 910 700 950 providentiam
724 910 928 950 gubernatur.

421 955 473 987 An
497 964 615 985 »annm
633 963 716 984 ERGO
741 963 900 984 mcxnnuu
931 952 1021 993 quod
1044 953 1179 993 quilibet
1208 953 1309 983 homo
1334 957 1365 982 et
1388 955 1435 981 est

367 999 532 1039 singularis
555 998 713 1039 quaedam
736 1007 884 1038 persona,
901 1003 932 1028 et
951 1003 998 1028 est
1021 1007 1092 1037 pars
1107 997 1206 1027 totius
1229 997 1352 1036 generis
1375 996 1435 1026 hu-

367 1044 463 1075 mani.
489 1042 583 1074 Unde
607 1049 638 1074 et
661 1042 779 1083 duplex
803 1043 832 1073 ei
855 1042 1012 1073 iudicium
1031 1041 1174 1072 debetur.
1200 1041 1308 1072 Unum
1326 1041 1434 1080 singu-

367 1087 442 1124 lare,
459 1087 549 1127 quod
572 1087 612 1118 de
636 1097 676 1118 eo
699 1086 755 1118 fiet
770 1093 845 1128 post
867 1092 1016 1122 mortem,
1033 1086 1164 1127 quando
1189 1085 1321 1125 recipiet
1342 1085 1435 1115 iuxta
1450 1097 1476 1112 ao

367 1141 405 1162 ea
429 1141 512 1173 quae
535 1132 568 1162 in
592 1141 730 1172 corpore
751 1132 853 1173 gessit
868 1133 901 1162 *z
927 1132 1072 1171 quamvis
1096 1140 1163 1161 non
1187 1129 1334 1165 totaliter,
1361 1129 1436 1169 quia

367 1185 436 1207 non
452 1176 561 1216 quoad
577 1186 705 1217 corpus,
722 1176 778 1207 sed
802 1175 911 1217 quoad
926 1176 1066 1206 animam
1081 1180 1215 1205 tantum.
1240 1173 1339 1204 Aliud
1354 1172 1436 1204 iudi-

367 1221 456 1252 cium
488 1220 583 1251 debet
615 1231 684 1252 esse
707 1220 747 1251 de
772 1230 812 1251 eo
836 1220 1015 1251 secundum
1048 1218 1138 1260 quod
1168 1224 1214 1249 est
1237 1228 1308 1259 pars
1338 1218 1436 1248 totius

367 1265 501 1296 humani
524 1266 663 1306 generis:
694 1266 777 1296 sicut
800 1265 914 1306 aliquis
937 1264 1070 1295 iudicari
1100 1264 1233 1298 dicitur,
1257 1262 1437 1293 secundum

368 1310 543 1340 humanam
558 1310 722 1346 iustitiam,
739 1309 870 1350 quando
894 1309 990 1340 etiam
1005 1308 1160 1339 iudicium
1177 1307 1269 1338 datur
1292 1307 1331 1338 de
1348 1316 1437 1337 com-
1451 1318 1474 1338 ις

367 1354 524 1385 munitate
548 1355 640 1385 cuius
663 1355 732 1395 ipse
756 1360 803 1385 est
825 1364 908 1394 pars.
936 1353 1031 1384 Unde
1055 1359 1086 1383 et
1107 1358 1202 1388 tunc,
1228 1350 1359 1392 quando
1382 1350 1438 1381 fiet

369 1399 546 1430 universale
561 1399 718 1430 iudicium
734 1399 832 1429 totius
855 1399 988 1429 humani
1004 1398 1128 1438 generis
1146 1406 1203 1437 per
1225 1395 1437 1433 universalem

368 1444 602 1484 separationem
625 1443 789 1474 bonorum
812 1453 830 1473 a
852 1443 954 1479 malis,
971 1443 1068 1473 etiam
1091 1441 1224 1481 quilibet
1243 1450 1300 1481 per
1323 1449 1437 1470 conse-

368 1497 471 1528 quens
486 1487 688 1518 iudicabitur.
711 1488 781 1518 Nec
796 1493 904 1518 tamen
920 1487 1008 1518 Deus
1031 1486 1151 1517 iudicat
1166 1485 1213 1516 bis
1229 1485 1261 1515 in
1279 1484 1437 1525 idipsum:

368 1533 445 1573 quia
466 1541 535 1563 non
551 1532 630 1563 duas
653 1541 775 1572 poenas
791 1541 850 1572 pro
874 1541 942 1562 uno
963 1536 1097 1571 peccato
1122 1529 1235 1566 infert3
1259 1528 1315 1560 sed
1330 1538 1437 1569 poena
1452 1538 1477 1558 ³⁰

369 1586 452 1617 quae
467 1582 542 1608 ante
556 1576 713 1607 iudicium
736 1576 898 1616 complete
912 1575 1033 1606 inflicta
1054 1584 1123 1606 non
1138 1574 1251 1610 fuerat,
1266 1574 1301 1604 in
1321 1573 1436 1603 ultimo

367 1620 488 1652 iudicio
512 1620 736 1661 complebitur,
756 1626 830 1661 post
853 1619 943 1660 quod
961 1620 1053 1660 impii
1077 1619 1304 1650 cruciabuntur
1328 1616 1437 1658 quoad

367 1675 486 1706 corpus
510 1671 541 1696 et
564 1665 604 1696 ad
627 1666 768 1696 animam
790 1665 896 1695 simul.

422 1710 474 1741 An
503 1719 668 1740 sncuuntm
699 1719 860 1740 nicanum«
884 1707 974 1749 quod
1006 1708 1136 1748 propria
1166 1707 1322 1738 sententia
1352 1706 1437 1736 illius

366 1754 521 1794 generalis
536 1753 647 1784 iudicii
662 1759 710 1784 est
732 1753 918 1784 universalis
934 1753 1092 1793 separatio
1109 1752 1272 1782 bonorum
1294 1761 1312 1781 a
1334 1750 1436 1786 malis,
1453 1765 1475 1785 ις

367 1807 451 1839 quae
473 1797 553 1829 illud
575 1797 732 1829 iudicium
755 1807 824 1829 non
847 1796 1025 1838 praecedet.
1050 1796 1114 1827 Sed
1128 1805 1190 1826 nec
1209 1796 1305 1826 etiam
1329 1794 1438 1835 quoad

366 1842 590 1883 particularem
622 1843 812 1873 sententiam
845 1842 1101 1881 uniuscuiusque
1132 1840 1228 1881 plene
1267 1839 1438 1880 praecessit

367 1887 478 1919 iudicii
501 1886 650 1918 effectus:
682 1888 759 1928 quia
788 1887 885 1918 etiam
907 1887 987 1917 boni
1011 1885 1148 1926 amplius
1176 1890 1250 1925 post
1280 1883 1437 1915 iudicium

367 1932 644 1972 praemiabuntur,
667 1937 738 1962 tum
761 1941 799 1962 ex
823 1931 924 1971 gloria
947 1931 1092 1971 corporis
1115 1929 1281 1964 adiuncta,
1305 1934 1375 1959 tum
1400 1938 1437 1959 ex

367 1986 504 2008 numero
527 1982 713 2007 sanctorum
736 1976 918 2016 completo;
943 1981 975 2006 et
993 1975 1069 2005 mali
1093 1975 1189 2005 etiam
1211 1974 1284 2014 plus
1307 1978 1437 2013 torque·
1451 1986 1478 2006 40

367 2022 487 2052 buntur
510 2030 549 2051 ex
572 2020 722 2052 adiuncta
745 2030 852 2061 poena
875 2020 1030 2060 corporis,
1054 2024 1086 2050 et
1108 2019 1243 2059 impleto
1266 2019 1300 2048 in
1323 2018 1438 2058 poenis

367 2075 505 2097 numero
521 2065 766 2102 damnatorum;
787 2065 862 2105 quia
878 2070 1000 2105 quanto
1019 2073 1095 2094 cum
1110 2060 1256 2103 pluriBus
1272 2061 1437 2097 ardebunt,

367 2115 457 2142 tanto
481 2110 554 2150 plus
577 2109 743 2140 ardebunt.

423 2155 476 2185 An
499 2164 635 2184 mamm
661 2163 821 2184 mesanum
845 2152 935 2193 quod
962 2152 1140 2183 universale
1158 2151 1314 2182 iudicium
1338 2151 1438 2190 magis

369 2198 488 2230 directe
511 2199 640 2239 respicit
669 2197 938 2228 universalitatem
968 2197 1140 2228 hominum
1164 2205 1262 2236 quam
1294 2195 1438 2235 singulos
1452 2207 1476 2227 ις

369 2242 627 2274 iudicandorum.
646 2242 803 2280 Quamvis
819 2251 896 2282 ergo
913 2242 1043 2272 cuilibet
1054 2241 1179 2271 homini
1194 2246 1267 2271 ante
1282 2239 1439 2270 iudicium

370 2287 410 2318 sit
425 2293 510 2318 certa
524 2288 638 2318 notitia
654 2287 694 2317 de
713 2297 770 2318 sua
785 2286 991 2317 damnatione
1011 2286 1059 2316 vel
1076 2286 1231 2325 praemio,
1247 2294 1316 2315 non
1331 2290 1439 2314 tamen

370 2333 521 2365 omnibus
537 2333 686 2362 omnium
701 2331 864 2362 damnatio
879 2331 930 2361 vel
946 2331 1126 2371 praemium
1137 2331 1327 2360 innotescet.
1345 2328 1439 2359 Unde

371 2375 527 2407 iudicium
551 2377 766 2407 necessarium
789 2377 856 2406 erit.
950 2386 953 2388 “

614 2432 714 2462 ART.
732 2432 769 2462 ΙΙ.
793 2441 898 2462 u‘rauu
921 2441 1062 2461 tunicum
1085 2441 1193 2466 1LLun,

505 2487 655 2507 nummu
677 2486 719 2506 AD
745 2485 1009 2506 DISCEPTATIONRM
1031 2486 1070 2506 ar
1098 2485 1304 2510 sumamma,

542 2531 721 2551 racmNDtm
744 2531 789 2551 SIT
813 2531 870 2550 PER
893 2530 1094 2551 LOCUTIONRM
1122 2529 1269 2550 vomax

500 2571 625 2599 Compend.
645 2571 733 2597 Theai„
748 2577 798 2598 cap.
815 2576 909 2596 ccxuv3
924 2570 992 2598 Κεφ.
1007 2569 1041 2591 ad
1053 2569 1115 2591 XLII
1128 2569 1207 2596 artic„
1222 2573 1264 2591 arr.
1279 2574 1318 2595 ²7:

584 2598 611 2619 In
626 2598 723 2624 Matth.,
739 2603 790 2625 cap.
805 2604 858 2622 xix:
873 2597 882 2618 l
896 2597 931 2619 ad
944 2596 1014 2622 Cor„
1030 2603 1081 2624 cap.
1097 2602 1125 2622 νι,
1142 2597 1194 2618 lect.
1209 2602 1225 2617 ι.

439 2652 457 2671 υ
470 2651 633 2671 sacunnuu
645 2651 690 2671 src
702 2650 906 2671 paocanrrua.
927 2639 1061 2670 Videtur
1080 2639 1171 2680 quod
1184 2639 1340 2670 iudicium
1348 2638 1439 2674 illud,
1455 2649 1478 2669 55

377 2655 596 2726 Aquantum
615 2684 655 2715 ad
673 2684 939 2725 disceptationem
955 2691 987 2714 et
1002 2684 1202 2720 sententiam,
1214 2683 1269 2714 fiet
1280 2693 1338 2723 per
1348 2683 1439 2713 locu-

1489 686 1615 716 occulta
1645 687 1821 717 hominum.
1857 687 1942 725 Ergo
1973 685 2097 716 videtur
2133 686 2223 726 quod
2250 686 2303 716 illa
2335 688 2490 717 sententia
2524 692 2554 718 et

1487 735 1593 760 totum
1617 730 1773 761 iudicium
1797 730 1976 760 mentaliter
1999 730 2208 770 compleatur.

1542 774 1732 805 Rnsponnao
1753 785 1912 804 nicam-‚um
1929 774 2018 814 quod
2035 774 2112 814 quid
2130 775 2212 805 circa
2235 775 2317 805 hanc
2333 775 2554 814 quaestionem

1487 818 1527 848 sit
1549 827 1672 854 verum,
1689 828 1748 859 pro
1773 824 1860 849 certo
1885 818 2009 849 definiri
2032 828 2100 849 non
2119 824 2234 859 potest.
2259 819 2384 849 Tamen
2408 819 2555 859 probabi-

1488 861 1549 892 lius
1565 863 1747 893 aestimatur
1763 863 1853 903 quod
1868 869 1975 894 toturn
1990 863 2069 894 illud
2085 863 2251 899 iudicium,
2264 868 2295 894 et
2311 863 2419 903 quoad
2436 862 2555 894 discus-

1489 907 1624 942 sionem,
1642 913 1673 937 et
1689 907 1798 947 quoad
1821 908 2059 938 accusationem
2075 908 2234 938 malorum
2254 913 2285 938 et
2301 907 2552 938 commendatio-

1488 960 1565 982 nem
1581 952 1753 988 bonorum,
1770 957 1802 982 et
1818 951 1926 992 quoad
1942 953 2131 982 sententiam
2148 951 2187 982 de
2208 953 2360 992 utrisque,
2377 952 2556 982 mentaliter

1489 994 1680 1035 perficietur.
1705 996 1738 1028 Si
1757 997 1844 1027 enim
1860 996 2012 1027 vocaliter
2027 996 2228 1036 singulorum
2243 995 2326 1027 facta
2345 1002 2554 1033 narrarentur,

1489 1040 1727 1071 inaestimabilis
1743 1040 1931 1081 magnitudo
1950 1041 2105 1080 temporis
2120 1040 2160 1071 ad
2175 1041 2239 1071 hoc
2255 1042 2441 1081 exigeretur.
2466 1041 2556 1072 Sicut

1490 1085 1585 1114 etiam
1597 1085 1796 1125 Augustinus
1816 1085 1900 1121 dicit,
1916 1085 1976 1115 XX
1988 1085 2027 1115 de
2041 1085 2109 1115 Civ.
2122 1085 2185 1115 Dei
2201 1086 2235 1115 ⁴⁶:
2259 1085 2356 1121 Quod
2370 1086 2398 1116 si
2414 1085 2503 1121 liber,
2517 1095 2555 1116 ex
2584 1091 2593 1101 ·

2586 1131 2596 1141 ·
2608 1129 2675 1151 νει-ι.
2691 1136 2723 1152 η.

1490 1130 1582 1160 cuius
1598 1130 1752 1169 scriptura
1768 1139 1882 1160 omnes
1901 1129 2136 1165 iudicabuntur,
2154 1135 2188 1160 ut
2220 1129 2335 1160 dicitur
2357 1131 2456 1170 Apoc.
2473 1140 2512 1160 xx
2528 1131 2554 1166 ξ

1489 1174 1669 1204 carnaliter
1691 1174 1862 1215 cogitetur,
1879 1174 1950 1214 quis
1965 1174 2034 1205 eius
2056 1174 2312 1215 magnitudinem
2332 1179 2390 1204 aut
2413 1174 2556 1215 longitu-

1489 1217 1596 1248 dinem
1612 1218 1719 1249 valeat
1741 1218 1940 1249 aestimare?
1960 1219 2026 1249 Aut
2047 1223 2168 1258 quanto
2193 1223 2334 1259 tempore
2352 1219 2418 1260 legi
2435 1219 2558 1259 poterit

1491 1262 1572 1292 liber
1594 1262 1626 1292 in
1650 1272 1714 1303 quo
1737 1263 1877 1303 scriptae
1897 1267 1974 1293 sunt
1997 1262 2166 1293 universae
2190 1263 2274 1293 vitae
2302 1263 2557 1293 uniuersorum?

1490 1306 1566 1336 Non
1589 1312 1698 1337 autem
1728 1307 1835 1337 minus
1865 1313 1992 1346 tempus
2022 1307 2192 1346 requiritur
2222 1306 2262 1337 ad
2284 1307 2478 1337 narrandum
2501 1317 2556 1338 ore

1490 1356 1584 1380 tenus
1607 1351 1808 1390 singulorum
1838 1350 1920 1381 facta
1945 1360 2043 1391 quam
2067 1350 2106 1381 ad
2130 1351 2318 1391 legendum,
2348 1352 2374 1381 si
2397 1357 2502 1382 essent
2523 1352 2557 1382 in

1490 1395 1572 1425 libro
1595 1395 1749 1426 materiali
1771 1396 1897 1435 scripta.
1922 1395 2016 1426 Unde
2034 1396 2199 1435 probabile
2223 1401 2270 1426 est
2286 1395 2376 1436 quod
2398 1396 2452 1426 illa
2475 1405 2557 1436 quae

1491 1438 1641 1470 dicuntur
1664 1439 1775 1470 Matth.
1793 1450 1853 1470 xxv
1869 1441 1896 1475 *‚
1912 1449 1981 1470 non
2003 1439 2165 1476 vocaliter,
2186 1439 2242 1470 sed
2265 1440 2444 1470 mentaliter
2465 1440 2557 1470 intel·

1490 1483 1617 1523 ligenda
1640 1489 1714 1514 sunt
1738 1493 1806 1514 esse
1830 1483 2033 1524 perficienda.

1546 1528 1597 1558 An
1621 1538 1739 1559 ramum
1762 1538 1844 1559 mmo
1861 1538 2021 1558 mmmmm
2045 1527 2134 1568 quod
2154 1537 2213 1568 pro
2234 1533 2323 1558 tanto
2348 1527 2423 1558 dicit
2446 1529 2558 1568 Augu-

1491 1573 1592 1603 stinus
1615 1572 1706 1612 quod
1729 1573 1886 1603 incertum
1910 1577 1957 1603 est
1972 1582 2036 1612 per
2057 1577 2136 1613 quot
2150 1572 2217 1603 dies
2239 1572 2300 1602 hoc
2321 1572 2475 1603 iudicium
2492 1577 2558 1603 ten-

1491 1616 1599 1652 datur,
1617 1618 1692 1657 quia
1714 1627 1782 1647 non
1806 1623 1853 1647 est
1883 1617 2129 1647 determinatum
2160 1622 2270 1647 utrum
2297 1617 2477 1647 mentaliter
2508 1617 2557 1647 vel

1491 1661 1643 1691 vocaliter
1666 1660 1857 1701 perficiatur.
1882 1661 1915 1692 Si
1939 1662 2026 1691 enim
2048 1661 2200 1691 vocaliter
2222 1660 2438 1701 perficeretur,
2461 1661 2559 1701 proli-

1491 1715 1569 1736 xum
1591 1711 1720 1746 tempus
1743 1705 1783 1736 ad
1806 1706 1869 1736 hoc
1893 1706 2079 1746 exigeretur.
2113 1705 2146 1736 Si
2169 1711 2277 1735 autem
2308 1705 2502 1742 mentaliter,
2526 1706 2559 1736 in

1491 1756 1660 1780 momento
1684 1749 1752 1780 fieri
1775 1750 1901 1789 poterit.

1547 1794 1598 1824 An
1627 1804 1790 1824 sacunouu
1818 1804 1978 1824 mmmmm
2005 1793 2113 1834 quod,
2138 1794 2234 1824 etiam
2264 1794 2290 1824 si
2320 1793 2476 1824 iudicium
2506 1793 2561 1824 fiat

1491 1838 1672 1869 mentaliter
1694 1844 1830 1873 tantum,
1846 1839 1981 1869 verbum
2005 1838 2152 1878 Gregorii
2181 1838 2292 1868 salvari
2324 1843 2440 1878 potest.
2475 1838 2561 1876 Quia

1493 1883 1551 1913 etsi
1574 1883 1725 1914 omnibus
1748 1883 1951 1914 innotescent
1966 1892 2024 1913 sua
2047 1888 2078 1913 et
2101 1882 2239 1913 aliorum
2262 1881 2354 1919 facta,
2371 1882 2477 1913 divina
2499 1883 2560 1913 vir-

1491 1933 1560 1958 tute
1576 1928 1639 1958 hoc
1656 1926 1802 1963 faciente,
1820 1937 1902 1967 quae
1918 1928 1952 1957 in
1967 1927 2143 1967 Evangelio
2160 1926 2283 1957 locutio
2300 1926 2433 1964 dicitur;
2453 1932 2560 1958 tamen

1491 1971 1537 2002 illi
1554 1972 1610 2012 qui
1634 1971 1732 2002 fidem
1746 1972 1937 2008 habuerunt,
1954 1981 2053 2011 quam
2070 1981 2107 2002 ex
2130 1971 2233 2001 verbis
2254 1971 2314 2002 Dei
2331 1977 2559 2011 conceperunt,

1493 2025 1530 2046 ex
1546 2017 1622 2056 ipsis
1638 2016 1741 2046 verbis
1756 2015 1998 2046 iudicabuntur:
2025 2017 2111 2056 quia,
2127 2021 2164 2046 ut
2185 2015 2299 2046 dicitur
2313 2015 2406 2046 Rom.
2423 2026 2447 2046 11
2462 2017 2489 2052 *,
2507 2016 2562 2056 qui

1492 2060 1525 2090 in
1551 2061 1622 2102 lege
1639 2065 1866 2101 peccaverunt,
1878 2070 1941 2101 per
1963 2060 2066 2102 legem
2090 2059 2328 2090 iudicabuntur.
2360 2059 2455 2090 Unde
2478 2069 2561 2100 quo-

1493 2103 1567 2135 dam
1590 2105 1720 2145 speciali
1741 2104 1843 2135 modo
1867 2104 1989 2135 dicetur
2005 2104 2125 2145 aliquid
2148 2104 2196 2134 his
2220 2105 2277 2144 qui
2293 2103 2423 2135 fuerunt
2439 2103 2560 2141 fideles,

1493 2148 1583 2189 quod
1605 2159 1673 2180 non
1697 2148 1819 2180 dicetur
1842 2149 1890 2179 his
1914 2149 1970 2189 qui
1993 2148 2123 2179 fuerunt
2146 2147 2300 2179 infideles.

1548 2194 1599 2223 An
1622 2203 1757 2224 ‘mamm
1780 2203 1940 2225 monimum
1957 2193 2046 2233 quod
2071 2192 2215 2224 Christus
2232 2193 2440 2233 corporaliter
2463 2202 2561 2233 appa-

1492 2238 1573 2268 rebit
1588 2243 1624 2268 ut
1648 2238 1686 2268 ab
1711 2238 1862 2268 omnibus
1878 2237 1974 2268 iudex
1990 2237 2197 2278 corporaliter
2217 2242 2446 2277 cognoscatur:
2472 2237 2562 2277 quod

1493 2282 1626 2323 quidem
1658 2283 1764 2313 subito
1797 2281 1866 2313 fieri
1888 2282 2015 2323 poterit.
2041 2281 2104 2313 Sed
2131 2282 2274 2317 locutio,
2300 2291 2383 2322 quae
2415 2287 2562 2321 tempore

1493 2332 1713 2363 mensuratur,
1738 2328 1911 2367 requireret
1934 2327 2125 2357 immensam
2149 2326 2303 2366 temporis
2335 2326 2561 2366 prolixitatem,

1493 2373 1519 2402 si
1542 2371 1646 2402 vocali
1669 2371 1835 2402 locutione
1858 2370 2015 2402 iudicium
2037 2376 2249 2411 perageretur.

1562 2437 1661 2468 ART.
1679 2437 1731 2468 111.
1755 2447 1860 2467 UTRUM
1883 2447 1999 2467 ‘ramus
2019 2446 2131 2467 rurum
2153 2446 2262 2466 1un1c11
2286 2446 2331 2466 srr
2355 2445 2497 2466 ῙοΝοΤυΜ

1666 2488 1750 2515 Supra,
1783 2494 1804 2518 ιι.
1820 2494 1892 2513 ιιαιι,
1908 2491 1949 2509 art.
1965 2494 1990 2512 ις
2006 2488 2067 2527 ⁹³2¹·
2083 2487 2178 2535 Illbqu.
2194 2494 2216 2513 x,
2231 2490 2272 2508 art.
2289 2493 2309 2514 ²,
2325 2486 2354 2507 ad
2371 2494 2394 2512 ις

1633 2515 1665 2536 lv
1679 2514 1824 2569 {extimenldf'
1829 2518 1996 2569 &feliifsstdpi'
2001 2520 2065 2563 eg„
2070 2520 2096 2566 ιπςὶ
2103 2540 2129 2562 1η
2134 2513 2227 2562 eMZotIJi.
2231 2519 2314 2567 ,qgipi'
2319 2517 2383 2561 agili).
2388 2513 2414 2539 δῖ

1558 2604 1580 2624 D
1603 2603 1738 2624 uarum
1754 2603 1799 2623 sm
1818 2602 2022 2623 raocam'rua.
2046 2591 2180 2623 Videtur
2205 2591 2295 2631 quod
2317 2597 2445 2631 tempus
2465 2590 2564 2622 futuri

1495 2605 1669 2668 Aiudicii
1687 2647 1756 2668 non
1772 2638 1811 2667 sit
1831 2637 1988 2677 ignotum.
2013 2636 2103 2668 Sicut
2118 2636 2205 2667 enim
2225 2636 2326 2666 sancti
2342 2635 2448 2666 Patres
2469 2645 2563 2676 expe-

1494 2683 1622 2713 ctabant
1644 2683 1786 2722 primum
1802 2681 1986 2717 adventum,
2002 2682 2045 2711 ita
2068 2690 2128 2711 nos
2144 2686 2349 2721 expectamus
2372 2679 2561 2710 secundum.

2606 557 2671 580 vm.
2689 564 2718 586 15,
2735 558 2771 580 16.

2609 1090 2665 1118 Cap.
2681 1097 2728 1112 xiv.

2586 1444 2595 1454 ·
2610 1442 2676 1464 Vera.
2688 1448 2717 1471 34
2731 1447 2782 1469 sqq.

2590 2023 2599 2032 ¹
2614 2020 2680 2043 Vers.
2696 2026 2729 2043 ¹2.

131 2736 142 2747 ·
156 2735 214 2762 Cur·
229 2741 245 2763 ι,
257 2741 282 2758 ιι-
297 2740 317 2757 ²·
371 2731 496 2761 tionem
508 2730 664 2760 vocalem.
681 2729 777 2766 Quia,
790 2734 826 2759 ut
834 2729 1037 2769 Augustinus
1049 2728 1135 2765 dicit,
1145 2729 1205 2759 XX
1216 2728 1256 2758 de
1266 2727 1334 2758 Ciu.
1342 2727 1405 2758 Dei
1412 2728 1439 2763 *,
1494 2726 1558 2758 Sed
1581 2727 1680 2757 sancti
1703 2726 1810 2756 Patres
1834 2726 1995 2756 sciverunt
2016 2731 2144 2765 tempus
2168 2725 2263 2765 pn'mi
2286 2723 2456 2754 adventus:
2481 2725 2563 2754 sicut

366 2785 430 2816 per
443 2779 523 2816 quot
537 2774 605 2805 dies
619 2774 680 2804 hoc
686 2774 844 2815 futurum
861 2773 1014 2804 iudicium
1030 2773 1191 2809 tendatur,
1207 2773 1269 2802 hoc
1283 2772 1440 2803 incertum
1494 2777 1582 2811 patet
1593 2781 1650 2812 per
1661 2779 1834 2801 numerum
1846 2769 2121 2800 hebdomadarum
2133 2770 2189 2809 qui
2202 2768 2389 2799 describitur
2401 2768 2482 2798 Dan.
2493 2778 2525 2798 1x
2535 2769 2561 2798 ³.

372 2824 428 2850 est.
452 2818 516 2850 Sed
531 2828 598 2849 non
622 2823 704 2848 esset
719 2819 877 2848 incertum
900 2818 926 2848 si
949 2817 1002 2848 illa
1026 2826 1108 2857 quae
1130 2818 1164 2847 in
1183 2816 1304 2847 iudicio
1328 2815 1441 2847 dicun·
1495 2815 1589 2847 Unde
1623 2821 1654 2846 et
1683 2813 1962 2855 reprehenduntur
1990 2813 2097 2844 Iudaei
2128 2813 2217 2853 quod
2247 2818 2374 2852 tempus
2409 2812 2563 2843 adventus

2591 2773 2600 2782 ‘
2617 2772 2683 2794 Vera.
2702 2777 2730 2798 24
2749 2777 2800 2799 sqq.

372 2870 423 2895 tur
439 2863 555 2899 futura,
571 2868 698 2893 tantum
713 2862 893 2893 mentaliter
909 2861 1157 2902 complerentur.
1182 2861 1268 2901 Ergo
1283 2860 1440 2891 iudicium
1454 2868 1482 2889 ⁶0
1496 2859 1614 2891 Christi
1637 2869 1705 2890 non
1721 2863 1953 2898 cognoverunt,
1970 2863 2006 2888 ut
2028 2862 2115 2898 patet
2130 2858 2209 2887 Luc.
2227 2867 2270 2887 x11
2285 2857 2319 2886 ἢ
2344 2856 2562 2896 Hypocritae,
2591 2865 2601 2875 ·
2616 2864 2681 2886 Vm.
2697 2864 2732 2892 5⁶·

372 2908 452 2939 illud
474 2908 627 2938 vocaliter
650 2906 715 2943 fiet,
733 2912 764 2937 ct
785 2916 854 2937 non
877 2906 984 2936 solum
1007 2906 1196 2936 mentaliter.
1486 2904 1613 2946 faciem
1636 2903 1719 2934 caeli
1742 2908 1773 2933 et
1795 2907 1902 2933 terrae
1926 2902 2026 2932 nostis
2043 2901 2207 2942 probare.-
2229 2901 2290 2931 hoc
2311 2905 2417 2931 autem
2441 2906 2563 2941 tempus

132 2961 345 2990 ·uor.1ib.xxvi‚
430 2962 459 2983 2.
475 2953 672 2987 PRARTRREA,
691 2951 865 2991 Gregorius
880 2950 956 2981 dicit
971 2951 999 2985 ἦ
1016 2956 1047 2980 et
1062 2951 1196 2980 habetur
1215 2951 1249 2980 in
1272 2950 1374 2980 littera
1389 2950 1439 2978 “z
1495 2948 1656 2989 quomodo
1681 2957 1746 2978 non
1766 2946 1942 2987 probatis?
1971 2946 2057 2986 Ergo
2081 2945 2206 2976 videtur
2228 2944 2318 2985 quod
2345 2945 2442 2975 etiam
2469 2945 2562 2975 nobis

133 2989 345 3044 fflvgtffifffii
372 2997 429 3028 Illi
442 2997 556 3028 saltem
569 2996 666 3027 verba
681 2995 803 3026 Iudicis
813 2995 948 3026 audient
961 2995 1017 3035 qui
1031 2994 1100 3025 eius
1104 2994 1209 3036 fidem
1221 2994 1317 3025 verbo
1334 2998 1441 3024 tenue·
1496 3002 1563 3024 esse
1587 2992 1701 3023 debeat
1724 2991 1970 3022 determinatum
1993 2995 2121 3030 tempus
2144 2989 2276 3020 secundi
2300 2988 2453 3019 adventus
2463 3013 2470 3025 ,
2495 2999 2562 3029 quo

133 3032 346 3071 ”mannans-pl
374 3046 461 3072 runt.
485 3041 559 3072 Hoc
583 3046 691 3071 autem
713 3050 782 3070 non
804 3045 911 3080 potest
934 3039 1067 3079 intelligi
1091 3038 1131 3069 de
1154 3039 1252 3069 verbo
1281 3038 1439 3068 interiori:
1495 3038 1585 3068 Deus
1607 3036 1651 3067 ad
1674 3035 1827 3067 iudicium
1850 3035 1955 3066 veniet
1969 3035 1996 3065 ἦ
2590 3039 2599 3049 ·
2619 3037 2672 3060 lsai·
2691 3043 2741 3064 σιρ-
2763 3043 2804 3063 ιιι,

133 3066 214 3090 Erunt
225 3070 310 3091 Μ
373 3086 450 3126 quia
464 3086 510 3116 sic
527 3095 640 3116 omnes
663 3085 759 3115 verba
775 3083 891 3114 Iudicis
911 3083 1051 3119 audient,
1069 3084 1145 3123 quia
1168 3083 1329 3118 omnibus,
1346 3082 1440 3112 bonis
1454 3089 1479 3115 ες
1552 3091 1582 3111 2.
1599 3081 1795 3116 Pani-sam,
1807 3089 1865 3119 per
1876 3080 1965 3119 signa
1977 3078 2165 3109 devenimus
2181 3079 2214 3108 in
2227 3078 2447 3118 cognitionem
2459 3077 2562 3117 signa·
2590 3070 2649 3086 ”³¹⁸⁴
2667 3071 2701 3090 '⁴'

136 3134 147 3145 ·
168 3133 218 3161 Qu.
241 3138 349 3160 uum,
374 3135 407 3160 et
427 3130 530 3166 malis,
546 3135 625 3160 nota
649 3135 742 3159 erunt
765 3129 875 3159 omnia
899 3128 980 3159 facta
1003 3128 1140 3158 aliorum
1156 3129 1183 3158 *.
1207 3127 1292 3167 Ergo
1316 3125 1442 3156 videtur
1495 3131 1614 3156 torum.
1638 3124 1702 3155 Sed
1725 3123 1764 3154 de
1794 3123 1904 3154 futuro
1926 3122 2047 3153 iudicio
2077 3123 2179 3153 multa
2202 3123 2292 3162 signa
2319 3122 2414 3152 nobis
2441 3131 2562 3161 propo-

135 3163 179 3182 ἠ’
194 3165 206 3181 ²
376 3173 466 3214 quod
488 3174 645 3204 iudicium
666 3173 748 3204 illud
770 3173 922 3204 vocaliter
944 3178 1122 3212 peragetur.
1495 3175 1617 3200 nuntur
1634 3169 1668 3199 in
1689 3168 1867 3208 Scriptura:
1892 3173 1928 3198 ut
1949 3172 2036 3207 patet
2052 3167 2164 3197 Matth.
2181 3177 2253 3197 xxrv
2269 3167 2286 3183 *
2310 3172 2342 3197 et
2363 3166 2444 3196 Luc.
2460 3176 2513 3196 xxx
2527 3166 2562 3183 *⁴*
2590 3166 2681 3213 22'5‘&
2695 3173 2708 3195 3
2723 3172 2774 3194 *Ψι-

433 3218 462 3248 3.
478 3218 675 3254 Paua-mx,
692 3217 838 3249 Christus
853 3216 1032 3248 secundum
1047 3216 1186 3247 formam
1204 3215 1345 3246 hominis
1360 3214 1442 3246 iudi-
1496 3220 1528 3244 et
1543 3213 1641 3255 Marc.
1658 3223 1713 3243 xm
1724 3213 1751 3243 *.
1775 3212 1861 3252 Ergo
1880 3212 1914 3242 in
1929 3212 2148 3252 cognitionem
2171 3211 2256 3241 illius
2271 3210 2425 3251 temporis
2448 3219 2562 3250 possu-
2592 3222 2601 3230 ·
2617 3198 2789 3248 vesslff'jsffiff'

135 3263 242 3313 ἑὲιιξη,
255 3268 296 3291 qu·
312 3268 350 3290 ¹02
377 3261 461 3292 cabit
475 3262 509 3298 *,
531 3262 566 3292 in
588 3271 654 3302 qua
683 3262 892 3303 corporaliter
914 3262 952 3292 ab
978 3261 1129 3292 omnibus
1159 3261 1260 3300 possit
1283 3258 1382 3290 videri
1397 3259 1441 3288 ”R
1496 3268 1569 3289 mus
1592 3257 1767 3298 pervenire.
2051 3300 2057 3306 θ
2082 3300 2088 3306 .
2299 3300 2315 3316 u
2615 3299 2637 3319 v

138 3318 160 3328 n
209 3306 214 3311 .
665 3307 671 3313 .
777 3307 782 3313 .
1159 3305 1164 3311 ·
2323 3309 2329 3316 ·
2591 3301 2601 3311 ·
2639 3305 2682 3321 eru.
2699 3306 2731 3321 ιι.

137 3315 352 3391 9ῦέῧῦῗῇᾙὲ
377 3305 879 3382 ffffb²3ffi33“233132.⁴35⁰s
902 3305 992 3346 ‘¹⁰⁰³
1008 3305 1168 3346 ⁶⁰'P0‘ah
1280 3303 1441 3344 ¹⁰q¹¹³t¹²‘’
1456 3315 1483 3335 ⁷⁰
1498 3347 1530 3377 in
1553 3299 2198 3387 {a‹ERJZTffisszciffiffluieffissinff
2198 3309 2256 3374 ⁰132}
2264 3309 2291 3373 X1
2308 3299 2563 3374 1aaffl⁰1⁵13²fflf
2591 3343 2600 3353 ·
2617 3341 2683 3363 νεα.
2699 3341 2733 3364 ιε.

139 3375 225 3434 ξιῖἶῐὺ,
241 3402 291 3423 0²1³·
311 3374 351 3416 ’11Ἴῖ
435 3393 498 3424 Su>
522 3403 664 3429 comm,
686 3394 886 3435 Augustinus
910 3394 995 3430 dicit,
1016 3394 1076 3424 XX
1091 3393 1131 3424 de
1149 3393 1217 3423 Ciu.
1233 3393 1296 3423 Dei
1311 3393 1338 3428 ἦ
1356 3391 1444 3432 quod
1499 3391 1578 3427 lioli,
1596 3390 1769 3421 novissima
1784 3389 1866 3420 hora
1891 3394 1946 3424 est,
1964 3395 2023 3419 etc.
2049 3388 2135 3420 Cum
2151 3397 2226 3428 ergo
2245 3388 2309 3418 iam
2332 3388 2468 3427 longum
2482 3391 2563 3417 tem-

139 3451 150 3461 ·
164 3423 282 3471 5⁸:232:
379 3437 460 3468 liber
482 3437 576 3473 vitae,
593 3437 633 3468 de
655 3447 722 3478 quo
745 3439 845 3479 Apoc.
861 3449 902 3469 xx
921 3439 938 3456 ⁴*
949 3462 956 3474 ,
982 3439 1029 3469 vis
1053 3438 1209 3479 quaedam
1234 3436 1445 3478 intelligenda
1499 3445 1559 3476 pus
1583 3434 1738 3465 transierit
1759 3443 1797 3464 ex
1816 3443 1883 3474 quo
1899 3433 1978 3464 haec
1995 3433 2077 3463 dicta
2097 3438 2181 3468 sunt,
2198 3432 2322 3463 videtur
2339 3430 2428 3472 quod
2451 3431 2562 3462 saltem

377 3486 427 3512 est
441 3481 560 3516 divina,
577 3482 711 3522 quafiet
729 3487 765 3512 ut
785 3483 899 3523 cuique
922 3492 1021 3523 opera
1040 3492 1101 3514 sua
1120 3482 1170 3513 vel
1185 3482 1269 3512 bona
1293 3481 1343 3511 vel
1357 3481 1445 3511 mala
1499 3489 1586 3510 nunc
1619 3480 1699 3509 scire
1730 3488 1903 3518 possumus
1936 3478 2026 3518 quod
2049 3477 2198 3508 ultimum
2230 3476 2386 3507 iudicium
2418 3476 2458 3506 sit
2489 3485 2564 3516 pro-

379 3525 422 3556 ad
445 3525 632 3556 memoriam
650 3531 849 3562 revocentur,
865 3532 897 3557 et
911 3528 1025 3558 mentis
1048 3527 1166 3558 intuitu
1183 3526 1267 3557 mira
1283 3525 1446 3556 celeritate
1459 3536 1483 3557 75
1500 3525 1671 3565 pinquum.
