<?xml version="1.0" encoding="UTF-8"?>
<!DOCTYPE html PUBLIC "-//W3C//DTD XHTML 1.0 Transitional//EN"
    "http://www.w3.org/TR/xhtml1/DTD/xhtml1-transitional.dtd">
<html xmlns="http://www.w3.org/1999/xhtml" xml:lang="en" lang="en">
 <head>
  <title>
</title>
<meta http-equiv="Content-Type" content="text/html;charset=utf-8" />
  <meta name='ocr-system' content='tesseract 3.04.00' />
  <meta name='ocr-capabilities' content='ocr_page ocr_carea ocr_par ocr_line ocrx_word'/>
</head>
<body>
  <div class='ocr_page' id='page_1' title='image "./operaomniaiussui12thom/operaomniaiussui12thom_0403.png"; bbox 0 0 2918 4088; ppageno 0'>
   <div class='ocr_carea' id='block_1_1' title="bbox 0 0 220 4088">
    <p class='ocr_par' dir='ltr' id='par_1_1' title="bbox 0 0 220 4088">
     <span class='ocr_line' id='line_1_1' title="bbox 0 0 220 4088; baseline 0 0"><span class='ocrx_word' id='word_1_1' title='bbox 0 0 220 4088; x_wconf 95' lang='lat' dir='ltr'> </span> 
     </span>
    </p>
   </div>
   <div class='ocr_carea' id='block_1_2' title="bbox 1148 330 1702 448">
    <p class='ocr_par' dir='ltr' id='par_1_2' title="bbox 1148 330 1702 448">
     <span class='ocr_line' id='line_1_2' title="bbox 1148 330 1702 448; baseline -0.013 -30"><span class='ocrx_word' id='word_1_2' title='bbox 1148 330 1702 448; x_wconf 74' lang='lat' dir='ltr'>INDEX</span> 
     </span>
    </p>
   </div>
   <div class='ocr_carea' id='block_1_3' title="bbox 1214 515 1637 535">
    <p class='ocr_par' dir='ltr' id='par_1_3' title="bbox 1214 515 1637 535">
     <span class='ocr_line' id='line_1_3' title="bbox 1214 515 1637 535; baseline 0 3553"><span class='ocrx_word' id='word_1_3' title='bbox 1214 515 1637 535; x_wconf 95' lang='lat' dir='ltr'> </span> 
     </span>
    </p>
   </div>
   <div class='ocr_carea' id='block_1_4' title="bbox 1253 650 1596 687">
    <p class='ocr_par' dir='ltr' id='par_1_4' title="bbox 1253 650 1596 687">
     <span class='ocr_line' id='line_1_4' title="bbox 1253 650 1596 687; baseline -0.012 0"><span class='ocrx_word' id='word_1_4' title='bbox 1253 653 1439 687; x_wconf 88' lang='lat' dir='ltr'><strong>TERTIA</strong></span> <span class='ocrx_word' id='word_1_5' title='bbox 1462 650 1596 684; x_wconf 88' lang='lat' dir='ltr'>PARS</span> 
     </span>
    </p>
   </div>
   <div class='ocr_carea' id='block_1_5' title="bbox 1108 759 1746 807">
    <p class='ocr_par' dir='ltr' id='par_1_5' title="bbox 1108 759 1746 807">
     <span class='ocr_line' id='line_1_5' title="bbox 1108 759 1746 807; baseline -0.011 0"><span class='ocrx_word' id='word_1_6' title='bbox 1108 763 1344 807; x_wconf 89' lang='lat' dir='ltr'>SUMMAE</span> <span class='ocrx_word' id='word_1_7' title='bbox 1372 759 1746 804; x_wconf 87' lang='lat' dir='ltr'><strong>THEOLOGIAE</strong></span> 
     </span>
    </p>
   </div>
   <div class='ocr_carea' id='block_1_6' title="bbox 839 893 2012 960">
    <p class='ocr_par' dir='ltr' id='par_1_6' title="bbox 839 893 2012 960">
     <span class='ocr_line' id='line_1_6' title="bbox 839 893 2012 960; baseline -0.009 -6"><span class='ocrx_word' id='word_1_8' title='bbox 839 900 1139 955; x_wconf 83' lang='lat' dir='ltr'>SANCTI</span> <span class='ocrx_word' id='word_1_9' title='bbox 1181 897 1516 950; x_wconf 84' lang='lat' dir='ltr'>THOMAE</span> <span class='ocrx_word' id='word_1_10' title='bbox 1558 893 2012 960; x_wconf 85' lang='lat' dir='ltr'>AQUINATIS</span> 
     </span>
    </p>
   </div>
   <div class='ocr_carea' id='block_1_7' title="bbox 1255 1038 1608 1068">
    <p class='ocr_par' dir='ltr' id='par_1_7' title="bbox 1255 1038 1608 1068">
     <span class='ocr_line' id='line_1_7' title="bbox 1255 1038 1608 1068; baseline -0.011 -2"><span class='ocrx_word' id='word_1_11' title='bbox 1255 1040 1327 1068; x_wconf 84' lang='lat' dir='ltr'>CUM</span> <span class='ocrx_word' id='word_1_12' title='bbox 1346 1038 1608 1064; x_wconf 82' lang='lat' dir='ltr'>COMMENTARHS</span> 
     </span>
    </p>
   </div>
   <div class='ocr_carea' id='block_1_8' title="bbox 1185 1126 1678 1161">
    <p class='ocr_par' dir='ltr' id='par_1_8' title="bbox 1185 1126 1678 1161">
     <span class='ocr_line' id='line_1_8' title="bbox 1185 1126 1678 1161; baseline -0.01 0"><span class='ocrx_word' id='word_1_13' title='bbox 1185 1127 1446 1161; x_wconf 88' lang='lat' dir='ltr'>CARDINALIS</span> <span class='ocrx_word' id='word_1_14' title='bbox 1470 1126 1678 1158; x_wconf 89' lang='lat' dir='ltr'>CAIETANI</span> 
     </span>
    </p>
   </div>
   <div class='ocr_carea' id='block_1_9' title="bbox 339 1434 794 1465">
    <p class='ocr_par' dir='ltr' id='par_1_9' title="bbox 339 1434 794 1465">
     <span class='ocr_line' id='line_1_9' title="bbox 339 1434 794 1465; baseline -0.007 0"><span class='ocrx_word' id='word_1_15' title='bbox 339 1438 512 1465; x_wconf 57' lang='lat' dir='ltr'>partarum</span> <span class='ocrx_word' id='word_1_16' title='bbox 532 1435 618 1464; x_wconf 87' lang='lat' dir='ltr'>huius</span> <span class='ocrx_word' id='word_1_17' title='bbox 638 1434 794 1464; x_wconf 88' lang='lat' dir='ltr'>voluminis</span> 
     </span>
    </p>
   </div>
   <div class='ocr_carea' id='block_1_10' title="bbox 639 1535 1104 1644">
    <p class='ocr_par' dir='ltr' id='par_1_10' title="bbox 639 1535 1104 1644">
     <span class='ocr_line' id='line_1_10' title="bbox 639 1535 1104 1572; baseline -0.006 -7"><span class='ocrx_word' id='word_1_18' title='bbox 639 1536 834 1572; x_wconf 83' lang='lat' dir='ltr'>QUAESTIO</span> <span class='ocrx_word' id='word_1_19' title='bbox 863 1535 1104 1563; x_wconf 85' lang='lat' dir='ltr'>SEXAGESIMA</span> 
     </span>
     <span class='ocr_line' id='line_1_11' title="bbox 651 1605 1095 1644; baseline -0.005 -9"><span class='ocrx_word' id='word_1_20' title='bbox 651 1605 739 1644; x_wconf 81' lang='lat' dir='ltr'>Quid</span> <span class='ocrx_word' id='word_1_21' title='bbox 758 1606 807 1635; x_wconf 73' lang='lat' dir='ltr'>ait</span> <span class='ocrx_word' id='word_1_22' title='bbox 827 1606 1095 1635; x_wconf 75' lang='lat' dir='ltr'>sacramentum.</span> 
     </span>
    </p>
   </div>
   <div class='ocr_carea' id='block_1_11' title="bbox 339 1681 1225 1794">
    <p class='ocr_par' dir='ltr' id='par_1_11' title="bbox 339 1681 1225 1794">
     <span class='ocr_line' id='line_1_12' title="bbox 339 1681 1223 1720; baseline -0.01 -2"><span class='ocrx_word' id='word_1_23' title='bbox 339 1695 526 1718; x_wconf 69' lang='grc' dir='ltr'>Λιτῐσυιυεῐ</span> <span class='ocrx_word' id='word_1_24' title='bbox 565 1685 895 1714; x_wconf 83' lang='lat' dir='ltr'>Utrumsacramentum</span> <span class='ocrx_word' id='word_1_25' title='bbox 916 1682 952 1711; x_wconf 90' lang='lat' dir='ltr'>sit</span> <span class='ocrx_word' id='word_1_26' title='bbox 971 1682 1002 1711; x_wconf 87' lang='lat' dir='ltr'>in</span> <span class='ocrx_word' id='word_1_27' title='bbox 1021 1691 1126 1720; x_wconf 84' lang='lat' dir='ltr'>genere</span> <span class='ocrx_word' id='word_1_28' title='bbox 1141 1681 1223 1718; x_wconf 86' lang='lat' dir='ltr'>signi.</span> 
     </span>
     <span class='ocr_line' id='line_1_13' title="bbox 422 1721 1225 1760; baseline -0.007 -5"><span class='ocrx_word' id='word_1_29' title='bbox 422 1739 439 1755; x_wconf 65' lang='lat'><em>2</em></span> <span class='ocrx_word' id='word_1_30' title='bbox 520 1734 542 1754; x_wconf 86' lang='lat'>11</span> <span class='ocrx_word' id='word_1_31' title='bbox 567 1725 672 1754; x_wconf 82' lang='lat' dir='ltr'><strong>Utrum</strong></span> <span class='ocrx_word' id='word_1_32' title='bbox 693 1733 782 1752; x_wconf 90' lang='lat' dir='ltr'>omne</span> <span class='ocrx_word' id='word_1_33' title='bbox 810 1723 923 1760; x_wconf 89' lang='lat' dir='ltr'>signum</span> <span class='ocrx_word' id='word_1_34' title='bbox 941 1722 984 1751; x_wconf 90' lang='lat' dir='ltr'>rei</span> <span class='ocrx_word' id='word_1_35' title='bbox 1004 1731 1102 1751; x_wconf 89' lang='lat' dir='ltr'>sacrae</span> <span class='ocrx_word' id='word_1_36' title='bbox 1123 1721 1159 1749; x_wconf 89' lang='lat' dir='ltr'>sit</span> <span class='ocrx_word' id='word_1_37' title='bbox 1179 1730 1225 1749; x_wconf 86' lang='lat' dir='ltr'>sa-</span> 
     </span>
     <span class='ocr_line' id='line_1_14' title="bbox 620 1770 1223 1794; baseline -0.008 0"><span class='ocrx_word' id='word_1_38' title='bbox 620 1770 800 1794; x_wconf 85' lang='lat' dir='ltr'>cramentum</span> <span class='ocrx_word' id='word_1_39' title='bbox 803 1781 1223 1792; x_wconf 89' lang='grc'><strong>...............</strong></span> 
     </span>
    </p>
   </div>
   <div class='ocr_carea' id='block_1_12' title="bbox 415 1801 1229 2161">
    <p class='ocr_par' dir='ltr' id='par_1_12' title="bbox 420 1801 1226 1879">
     <span class='ocr_line' id='line_1_15' title="bbox 420 1801 1226 1840; baseline -0.007 -5"><span class='ocrx_word' id='word_1_40' title='bbox 420 1818 436 1834; x_wconf 73' lang='grc'><strong>»</strong></span> <span class='ocrx_word' id='word_1_41' title='bbox 519 1814 552 1835; x_wconf 89' lang='lat' dir='ltr'>m</span> <span class='ocrx_word' id='word_1_42' title='bbox 570 1805 675 1834; x_wconf 82' lang='lat' dir='ltr'>Utrum</span> <span class='ocrx_word' id='word_1_43' title='bbox 702 1809 913 1832; x_wconf 86' lang='lat' dir='ltr'>sacramentum</span> <span class='ocrx_word' id='word_1_44' title='bbox 939 1802 975 1831; x_wconf 87' lang='lat' dir='ltr'>sit</span> <span class='ocrx_word' id='word_1_45' title='bbox 999 1802 1114 1840; x_wconf 88' lang='lat' dir='ltr'>signum</span> <span class='ocrx_word' id='word_1_46' title='bbox 1140 1801 1226 1830; x_wconf 90' lang='lat' dir='ltr'>unius</span> 
     </span>
     <span class='ocr_line' id='line_1_16' title="bbox 577 1845 1224 1879; baseline -0.006 -5"><span class='ocrx_word' id='word_1_47' title='bbox 577 1876 579 1879; x_wconf 67' lang='grc'>,</span> <span class='ocrx_word' id='word_1_48' title='bbox 620 1845 662 1874; x_wconf 85' lang='lat' dir='ltr'>rei</span> <span class='ocrx_word' id='word_1_49' title='bbox 681 1850 794 1873; x_wconf 78' lang='lat' dir='ltr'>tantum</span> <span class='ocrx_word' id='word_1_50' title='bbox 798 1862 1224 1873; x_wconf 85' lang='grc'><strong>...............</strong></span> 
     </span>
    </p>

    <p class='ocr_par' dir='ltr' id='par_1_13' title="bbox 415 1881 1228 2034">
     <span class='ocr_line' id='line_1_17' title="bbox 423 1881 1227 1919; baseline -0.007 -4"><span class='ocrx_word' id='word_1_51' title='bbox 423 1898 439 1914; x_wconf 81' lang='lat'><strong>»</strong></span> <span class='ocrx_word' id='word_1_52' title='bbox 520 1894 551 1914; x_wconf 87' lang='lat' dir='ltr'>tv</span> <span class='ocrx_word' id='word_1_53' title='bbox 570 1886 674 1914; x_wconf 88' lang='lat' dir='ltr'>Utrum</span> <span class='ocrx_word' id='word_1_54' title='bbox 695 1890 907 1913; x_wconf 87' lang='lat' dir='ltr'>sacramentum</span> <span class='ocrx_word' id='word_1_55' title='bbox 936 1891 1048 1919; x_wconf 86' lang='lat' dir='ltr'>semper</span> <span class='ocrx_word' id='word_1_56' title='bbox 1074 1881 1110 1910; x_wconf 90' lang='lat' dir='ltr'>sit</span> <span class='ocrx_word' id='word_1_57' title='bbox 1130 1881 1227 1918; x_wconf 87' lang='lat' dir='ltr'>aliqua</span> 
     </span>
     <span class='ocr_line' id='line_1_18' title="bbox 415 1923 1224 1967; baseline -0.006 -13"><span class='ocrx_word' id='word_1_58' title='bbox 415 1960 419 1967; x_wconf 29' lang='lat'><em>‘</em></span> <span class='ocrx_word' id='word_1_59' title='bbox 619 1934 667 1953; x_wconf 83' lang='lat' dir='ltr'>res</span> <span class='ocrx_word' id='word_1_60' title='bbox 687 1923 829 1953; x_wconf 87' lang='lat' dir='ltr'>sensibilis</span> <span class='ocrx_word' id='word_1_61' title='bbox 831 1942 1224 1953; x_wconf 88' lang='grc'><strong>..............</strong></span> 
     </span>
     <span class='ocr_line' id='line_1_19' title="bbox 424 1962 1228 2001; baseline -0.006 -7"><span class='ocrx_word' id='word_1_62' title='bbox 424 1977 440 1993; x_wconf 80' lang='lat'><strong>»</strong></span> <span class='ocrx_word' id='word_1_63' title='bbox 522 1974 543 1994; x_wconf 78' lang='lat' dir='ltr'>v</span> <span class='ocrx_word' id='word_1_64' title='bbox 569 1966 672 1994; x_wconf 83' lang='lat' dir='ltr'>Utrum</span> <span class='ocrx_word' id='word_1_65' title='bbox 693 1965 876 2001; x_wconf 86' lang='lat' dir='ltr'>requirantur</span> <span class='ocrx_word' id='word_1_66' title='bbox 897 1962 1104 1991; x_wconf 78' lang='lat' dir='ltr'>determinatae</span> <span class='ocrx_word' id='word_1_67' title='bbox 1125 1970 1170 1990; x_wconf 89' lang='lat' dir='ltr'>res</span> <span class='ocrx_word' id='word_1_68' title='bbox 1190 1962 1228 1989; x_wconf 87' lang='lat' dir='ltr'>ad</span> 
     </span>
     <span class='ocr_line' id='line_1_20' title="bbox 622 2010 1225 2034; baseline -0.008 0"><span class='ocrx_word' id='word_1_69' title='bbox 622 2010 802 2034; x_wconf 85' lang='lat' dir='ltr'>sacramenta</span> <span class='ocrx_word' id='word_1_70' title='bbox 803 2022 1225 2032; x_wconf 90' lang='grc'><strong>...............</strong></span> 
     </span>
    </p>

    <p class='ocr_par' dir='ltr' id='par_1_14' title="bbox 425 2043 1227 2122">
     <span class='ocr_line' id='line_1_21' title="bbox 425 2043 1227 2081; baseline -0.009 -6"><span class='ocrx_word' id='word_1_71' title='bbox 425 2059 440 2074; x_wconf 72' lang='grc'><strong>»</strong></span> <span class='ocrx_word' id='word_1_72' title='bbox 522 2054 553 2074; x_wconf 78' lang='lat' dir='ltr'>vx</span> <span class='ocrx_word' id='word_1_73' title='bbox 572 2044 728 2074; x_wconf 85' lang='lat' dir='ltr'>Utrum-in</span> <span class='ocrx_word' id='word_1_74' title='bbox 748 2043 958 2081; x_wconf 83' lang='lat' dir='ltr'>significatione</span> <span class='ocrx_word' id='word_1_75' title='bbox 978 2047 1227 2071; x_wconf 86' lang='lat' dir='ltr'>sacramentorum</span> 
     </span>
     <span class='ocr_line' id='line_1_22' title="bbox 623 2084 1226 2122; baseline -0.007 -9"><span class='ocrx_word' id='word_1_76' title='bbox 623 2084 806 2122; x_wconf 80' lang='lat' dir='ltr'>requirantur</span> <span class='ocrx_word' id='word_1_77' title='bbox 831 2084 919 2111; x_wconf 88' lang='lat' dir='ltr'>verba</span> <span class='ocrx_word' id='word_1_78' title='bbox 921 2101 1226 2111; x_wconf 87' lang='grc'><strong>...........</strong></span> 
     </span>
    </p>

    <p class='ocr_par' dir='ltr' id='par_1_15' title="bbox 427 2121 1229 2161">
     <span class='ocr_line' id='line_1_23' title="bbox 427 2121 1229 2161; baseline -0.007 -7"><span class='ocrx_word' id='word_1_79' title='bbox 427 2138 442 2153; x_wconf 71' lang='grc' dir='ltr'><strong>ι</strong></span> <span class='ocrx_word' id='word_1_80' title='bbox 522 2134 565 2154; x_wconf 84' lang='lat' dir='ltr'>vn</span> <span class='ocrx_word' id='word_1_81' title='bbox 578 2126 681 2154; x_wconf 86' lang='lat' dir='ltr'>Utrum</span> <span class='ocrx_word' id='word_1_82' title='bbox 709 2123 893 2161; x_wconf 82' lang='lat' dir='ltr'>requirantur</span> <span class='ocrx_word' id='word_1_83' title='bbox 922 2121 1113 2151; x_wconf 86' lang='lat' dir='ltr'>determinata</span> <span class='ocrx_word' id='word_1_84' title='bbox 1141 2121 1229 2149; x_wconf 82' lang='lat' dir='ltr'>verba</span> 
     </span>
    </p>
   </div>
   <div class='ocr_carea' id='block_1_13' title="bbox 427 2163 1230 2282">
    <p class='ocr_par' dir='ltr' id='par_1_16' title="bbox 427 2163 1230 2282">
     <span class='ocr_line' id='line_1_24' title="bbox 624 2163 1227 2202; baseline -0.01 -8"><span class='ocrx_word' id='word_1_85' title='bbox 624 2165 654 2194; x_wconf 90' lang='lat' dir='ltr'>in</span> <span class='ocrx_word' id='word_1_86' title='bbox 675 2163 862 2202; x_wconf 74' lang='lat' dir='ltr'>sacramentis</span> <span class='ocrx_word' id='word_1_87' title='bbox 865 2181 1227 2191; x_wconf 88' lang='grc'><strong>.............</strong></span> 
     </span>
     <span class='ocr_line' id='line_1_25' title="bbox 427 2199 1230 2240; baseline -0.01 -5"><span class='ocrx_word' id='word_1_88' title='bbox 427 2218 442 2234; x_wconf 74' lang='lat' dir='ltr'>x&gt;</span> <span class='ocrx_word' id='word_1_89' title='bbox 524 2213 576 2234; x_wconf 84' lang='lat' dir='ltr'>vm</span> <span class='ocrx_word' id='word_1_90' title='bbox 587 2206 691 2234; x_wconf 88' lang='lat' dir='ltr'>Utrum</span> <span class='ocrx_word' id='word_1_91' title='bbox 711 2203 820 2240; x_wconf 88' lang='lat' dir='ltr'>aliquid</span> <span class='ocrx_word' id='word_1_92' title='bbox 847 2203 930 2231; x_wconf 89' lang='lat' dir='ltr'>liceat</span> <span class='ocrx_word' id='word_1_93' title='bbox 957 2202 1064 2230; x_wconf 88' lang='lat' dir='ltr'>addere</span> <span class='ocrx_word' id='word_1_94' title='bbox 1084 2199 1179 2228; x_wconf 86' lang='lat' dir='ltr'>verbis</span> <span class='ocrx_word' id='word_1_95' title='bbox 1200 2200 1230 2228; x_wconf 91' lang='lat' dir='ltr'>in</span> 
     </span>
     <span class='ocr_line' id='line_1_26' title="bbox 626 2242 1230 2282; baseline -0.01 -9"><span class='ocrx_word' id='word_1_96' title='bbox 626 2244 731 2282; x_wconf 86' lang='lat' dir='ltr'>quibus</span> <span class='ocrx_word' id='word_1_97' title='bbox 756 2243 887 2272; x_wconf 88' lang='lat' dir='ltr'>consistit</span> <span class='ocrx_word' id='word_1_98' title='bbox 914 2242 1008 2270; x_wconf 83' lang='lat' dir='ltr'>forma</span> <span class='ocrx_word' id='word_1_99' title='bbox 1033 2246 1230 2269; x_wconf 88' lang='lat' dir='ltr'>sacramento-</span> 
     </span>
    </p>
   </div>
   <div class='ocr_carea' id='block_1_14' title="bbox 735 2301 1229 2312">
    <p class='ocr_par' dir='ltr' id='par_1_17' title="bbox 735 2301 1229 2312">
     <span class='ocr_line' id='line_1_27' title="bbox 735 2301 1229 2312; baseline -0.008 0"><span class='ocrx_word' id='word_1_100' title='bbox 735 2301 1229 2312; x_wconf 73' lang='lat'>-----------------</span> 
     </span>
    </p>
   </div>
   <div class='ocr_carea' id='block_1_15' title="bbox 511 2378 1188 2475">
    <p class='ocr_par' dir='ltr' id='par_1_18' title="bbox 511 2378 1188 2475">
     <span class='ocr_line' id='line_1_28' title="bbox 511 2378 1166 2428; baseline -0.009 -16"><span class='ocrx_word' id='word_1_101' title='bbox 511 2419 526 2428; x_wconf 43' lang='lat'><strong>·</strong></span> <span class='ocrx_word' id='word_1_102' title='bbox 590 2381 784 2418; x_wconf 83' lang='lat' dir='ltr'>QUAESTIO</span> <span class='ocrx_word' id='word_1_103' title='bbox 807 2378 1166 2408; x_wconf 78' lang='lat' dir='ltr'><strong>SEXAGESIMAPRIMA</strong></span> 
     </span>
     <span class='ocr_line' id='line_1_29' title="bbox 568 2443 1188 2475; baseline -0.008 0"><span class='ocrx_word' id='word_1_104' title='bbox 568 2445 618 2475; x_wconf 87' lang='lat' dir='ltr'>De</span> <span class='ocrx_word' id='word_1_105' title='bbox 638 2444 855 2475; x_wconf 77' lang='lat' dir='ltr'>necessitate</span> <span class='ocrx_word' id='word_1_106' title='bbox 876 2443 1188 2472; x_wconf 80' lang='lat' dir='ltr'>sacramentorum.</span> 
     </span>
    </p>
   </div>
   <div class='ocr_carea' id='block_1_16' title="bbox 345 2518 1232 2838">
    <p class='ocr_par' dir='ltr' id='par_1_19' title="bbox 345 2518 1232 2590">
     <span class='ocr_line' id='line_1_30' title="bbox 345 2518 1232 2554; baseline -0.009 0"><span class='ocrx_word' id='word_1_107' title='bbox 345 2531 534 2554; x_wconf 65' lang='lat' dir='ltr'>artnentum</span> <span class='ocrx_word' id='word_1_108' title='bbox 572 2522 676 2550; x_wconf 81' lang='lat' dir='ltr'>Utrum</span> <span class='ocrx_word' id='word_1_109' title='bbox 698 2526 878 2549; x_wconf 87' lang='lat' dir='ltr'>sacramenta</span> <span class='ocrx_word' id='word_1_110' title='bbox 893 2518 997 2548; x_wconf 83' lang='lat' dir='ltr'>fuerint</span> <span class='ocrx_word' id='word_1_111' title='bbox 1017 2518 1180 2547; x_wconf 86' lang='lat' dir='ltr'>necessaria</span> <span class='ocrx_word' id='word_1_112' title='bbox 1195 2519 1232 2546; x_wconf 91' lang='lat' dir='ltr'>ad</span> 
     </span>
     <span class='ocr_line' id='line_1_31' title="bbox 627 2560 1231 2590; baseline -0.005 0"><span class='ocrx_word' id='word_1_113' title='bbox 627 2562 786 2590; x_wconf 81' lang='lat' dir='ltr'>humanam</span> <span class='ocrx_word' id='word_1_114' title='bbox 805 2560 926 2588; x_wconf 87' lang='lat' dir='ltr'>salutem</span> <span class='ocrx_word' id='word_1_115' title='bbox 929 2579 1231 2588; x_wconf 90' lang='grc'><strong>...........</strong></span> 
     </span>
    </p>

    <p class='ocr_par' dir='ltr' id='par_1_20' title="bbox 428 2597 1232 2670">
     <span class='ocr_line' id='line_1_32' title="bbox 428 2597 1232 2637; baseline -0.006 -6"><span class='ocrx_word' id='word_1_116' title='bbox 428 2615 444 2630; x_wconf 83' lang='lat'><strong>›</strong></span> <span class='ocrx_word' id='word_1_117' title='bbox 526 2610 548 2631; x_wconf 86' lang='lat' dir='ltr'>n</span> <span class='ocrx_word' id='word_1_118' title='bbox 575 2603 679 2630; x_wconf 86' lang='lat' dir='ltr'>Utrum</span> <span class='ocrx_word' id='word_1_119' title='bbox 710 2607 776 2629; x_wconf 87' lang='lat' dir='ltr'>ante</span> <span class='ocrx_word' id='word_1_120' title='bbox 803 2606 953 2637; x_wconf 76' lang='lat' dir='ltr'>peceatum</span> <span class='ocrx_word' id='word_1_121' title='bbox 986 2598 1091 2627; x_wconf 83' lang='lat' dir='ltr'>fuerint</span> <span class='ocrx_word' id='word_1_122' title='bbox 1119 2597 1232 2626; x_wconf 89' lang='lat' dir='ltr'>homini</span> 
     </span>
     <span class='ocr_line' id='line_1_33' title="bbox 628 2642 1231 2670; baseline -0.005 -1"><span class='ocrx_word' id='word_1_123' title='bbox 628 2642 790 2670; x_wconf 84' lang='lat' dir='ltr'>necessaria</span> <span class='ocrx_word' id='word_1_124' title='bbox 811 2645 1006 2668; x_wconf 76' lang='lat' dir='ltr'>sacramenta.v</span> <span class='ocrx_word' id='word_1_125' title='bbox 1015 2659 1231 2667; x_wconf 91' lang='grc'><strong><em>........</em></strong></span> 
     </span>
    </p>

    <p class='ocr_par' dir='ltr' id='par_1_21' title="bbox 428 2677 1232 2750">
     <span class='ocr_line' id='line_1_34' title="bbox 428 2677 1214 2717; baseline -0.008 -6"><span class='ocrx_word' id='word_1_126' title='bbox 428 2695 444 2710; x_wconf 66' lang='grc' dir='ltr'>ι</span> <span class='ocrx_word' id='word_1_127' title='bbox 526 2690 558 2710; x_wconf 87' lang='lat'>111</span> <span class='ocrx_word' id='word_1_128' title='bbox 578 2683 682 2710; x_wconf 86' lang='lat' dir='ltr'>Utrum</span> <span class='ocrx_word' id='word_1_129' title='bbox 703 2687 769 2717; x_wconf 89' lang='lat' dir='ltr'>post</span> <span class='ocrx_word' id='word_1_130' title='bbox 789 2685 957 2716; x_wconf 85' lang='lat' dir='ltr'>peccatum,</span> <span class='ocrx_word' id='word_1_131' title='bbox 979 2684 1046 2707; x_wconf 85' lang='lat' dir='ltr'>ante</span> <span class='ocrx_word' id='word_1_132' title='bbox 1067 2677 1214 2706; x_wconf 85' lang='lat' dir='ltr'>Christum</span> 
     </span>
     <span class='ocr_line' id='line_1_35' title="bbox 628 2718 1232 2750; baseline -0.007 -1"><span class='ocrx_word' id='word_1_133' title='bbox 628 2726 808 2750; x_wconf 88' lang='lat' dir='ltr'>sacramenta</span> <span class='ocrx_word' id='word_1_134' title='bbox 833 2718 986 2747; x_wconf 89' lang='lat' dir='ltr'>debuerint</span> <span class='ocrx_word' id='word_1_135' title='bbox 1012 2727 1074 2746; x_wconf 89' lang='lat' dir='ltr'>esse</span> <span class='ocrx_word' id='word_1_136' title='bbox 1077 2739 1232 2746; x_wconf 91' lang='grc'><strong>......</strong></span> 
     </span>
    </p>

    <p class='ocr_par' dir='ltr' id='par_1_22' title="bbox 428 2757 1232 2838">
     <span class='ocr_line' id='line_1_36' title="bbox 428 2757 1232 2797; baseline -0.006 -7"><span class='ocrx_word' id='word_1_137' title='bbox 428 2774 443 2789; x_wconf 71' lang='grc'><strong>»</strong></span> <span class='ocrx_word' id='word_1_138' title='bbox 527 2770 558 2790; x_wconf 81' lang='lat' dir='ltr'>tv</span> <span class='ocrx_word' id='word_1_139' title='bbox 577 2762 680 2790; x_wconf 86' lang='lat' dir='ltr'>Utrum</span> <span class='ocrx_word' id='word_1_140' title='bbox 711 2766 777 2797; x_wconf 91' lang='lat' dir='ltr'>post</span> <span class='ocrx_word' id='word_1_141' title='bbox 808 2759 955 2788; x_wconf 84' lang='lat' dir='ltr'>Christum</span> <span class='ocrx_word' id='word_1_142' title='bbox 990 2757 1141 2786; x_wconf 89' lang='lat' dir='ltr'>debuerint</span> <span class='ocrx_word' id='word_1_143' title='bbox 1170 2766 1232 2785; x_wconf 90' lang='lat' dir='ltr'>esse</span> 
     </span>
     <span class='ocr_line' id='line_1_37' title="bbox 628 2800 1231 2838; baseline -0.007 -9"><span class='ocrx_word' id='word_1_144' title='bbox 628 2800 725 2838; x_wconf 89' lang='lat' dir='ltr'>aliqua</span> <span class='ocrx_word' id='word_1_145' title='bbox 746 2805 926 2828; x_wconf 88' lang='lat' dir='ltr'>sacramenta</span> <span class='ocrx_word' id='word_1_146' title='bbox 929 2819 1231 2827; x_wconf 92' lang='grc'><em>...........</em></span> 
     </span>
    </p>
   </div>
   <div class='ocr_carea' id='block_1_17' title="bbox 567 2893 1205 2932">
    <p class='ocr_par' dir='ltr' id='par_1_23' title="bbox 567 2893 1205 2932">
     <span class='ocr_line' id='line_1_38' title="bbox 567 2893 1205 2932; baseline -0.006 -7"><span class='ocrx_word' id='word_1_147' title='bbox 567 2896 761 2932; x_wconf 87' lang='lat' dir='ltr'>QUAESTIO</span> <span class='ocrx_word' id='word_1_148' title='bbox 783 2893 1205 2923; x_wconf 87' lang='lat' dir='ltr'>SEXAGESIMASECUNDA</span> 
     </span>
    </p>
   </div>
   <div class='ocr_carea' id='block_1_18' title="bbox 518 2957 1244 3034">
    <p class='ocr_par' dir='ltr' id='par_1_24' title="bbox 518 2957 1244 3034">
     <span class='ocr_line' id='line_1_39' title="bbox 518 2957 1244 2994; baseline -0.008 -4"><span class='ocrx_word' id='word_1_149' title='bbox 518 2961 568 2990; x_wconf 89' lang='lat' dir='ltr'>De</span> <span class='ocrx_word' id='word_1_150' title='bbox 588 2959 714 2989; x_wconf 80' lang='lat' dir='ltr'>effectu</span> <span class='ocrx_word' id='word_1_151' title='bbox 733 2957 913 2994; x_wconf 73' lang='lat' dir='ltr'>principali</span> <span class='ocrx_word' id='word_1_152' title='bbox 933 2958 1244 2990; x_wconf 82' lang='lat' dir='ltr'>sacramentorum,</span> 
     </span>
     <span class='ocr_line' id='line_1_40' title="bbox 743 2997 1023 3034; baseline -0.007 -7"><span class='ocrx_word' id='word_1_153' title='bbox 743 2999 800 3034; x_wconf 79' lang='lat' dir='ltr'>qui</span> <span class='ocrx_word' id='word_1_154' title='bbox 820 2999 878 3027; x_wconf 80' lang='lat' dir='ltr'>est</span> <span class='ocrx_word' id='word_1_155' title='bbox 899 2997 1023 3033; x_wconf 72' lang='lat' dir='ltr'>grafia.</span> 
     </span>
    </p>
   </div>
   <div class='ocr_carea' id='block_1_19' title="bbox 349 3071 1238 3194">
    <p class='ocr_par' dir='ltr' id='par_1_25' title="bbox 349 3071 1238 3194">
     <span class='ocr_line' id='line_1_41' title="bbox 349 3071 1235 3111; baseline -0.01 -1"><span class='ocrx_word' id='word_1_156' title='bbox 349 3087 516 3110; x_wconf 73' lang='lat' dir='ltr'>ARTtCtJLus</span> <span class='ocrx_word' id='word_1_157' title='bbox 530 3087 541 3107; x_wconf 93' lang='lat'>1</span> <span class='ocrx_word' id='word_1_158' title='bbox 580 3078 684 3107; x_wconf 86' lang='lat' dir='ltr'>Utrum</span> <span class='ocrx_word' id='word_1_159' title='bbox 706 3082 884 3105; x_wconf 85' lang='lat' dir='ltr'>sacramenta</span> <span class='ocrx_word' id='word_1_160' title='bbox 906 3075 963 3103; x_wconf 90' lang='lat' dir='ltr'>sint</span> <span class='ocrx_word' id='word_1_161' title='bbox 983 3083 1070 3102; x_wconf 86' lang='lat' dir='ltr'>causa</span> <span class='ocrx_word' id='word_1_162' title='bbox 1089 3071 1197 3111; x_wconf 83' lang='lat' dir='ltr'>gratiae</span> <span class='ocrx_word' id='word_1_163' title='bbox 1227 3095 1235 3102; x_wconf 85' lang='lat'>.</span> 
     </span>
     <span class='ocr_line' id='line_1_42' title="bbox 432 3113 1238 3154; baseline -0.007 -7"><span class='ocrx_word' id='word_1_164' title='bbox 432 3130 447 3146; x_wconf 82' lang='lat'><strong>»</strong></span> <span class='ocrx_word' id='word_1_165' title='bbox 529 3127 552 3147; x_wconf 88' lang='lat'>11</span> <span class='ocrx_word' id='word_1_166' title='bbox 584 3119 688 3146; x_wconf 87' lang='lat' dir='ltr'>Utrum</span> <span class='ocrx_word' id='word_1_167' title='bbox 716 3116 807 3154; x_wconf 87' lang='lat' dir='ltr'>gratia</span> <span class='ocrx_word' id='word_1_168' title='bbox 833 3114 1047 3144; x_wconf 88' lang='lat' dir='ltr'>sacramentalis</span> <span class='ocrx_word' id='word_1_169' title='bbox 1073 3115 1161 3142; x_wconf 87' lang='lat' dir='ltr'>addat</span> <span class='ocrx_word' id='word_1_170' title='bbox 1186 3113 1238 3141; x_wconf 90' lang='lat' dir='ltr'>ali-</span> 
     </span>
     <span class='ocr_line' id='line_1_43' title="bbox 631 3153 1238 3194; baseline -0.008 -9"><span class='ocrx_word' id='word_1_171' title='bbox 631 3157 702 3194; x_wconf 91' lang='lat' dir='ltr'>quid</span> <span class='ocrx_word' id='word_1_172' title='bbox 723 3165 809 3193; x_wconf 89' lang='lat' dir='ltr'>supra</span> <span class='ocrx_word' id='word_1_173' title='bbox 832 3155 956 3193; x_wconf 83' lang='lat' dir='ltr'>gratiam</span> <span class='ocrx_word' id='word_1_174' title='bbox 977 3154 1114 3182; x_wconf 82' lang='lat' dir='ltr'>virtutum</span> <span class='ocrx_word' id='word_1_175' title='bbox 1136 3160 1164 3181; x_wconf 94' lang='lat' dir='ltr'>et</span> <span class='ocrx_word' id='word_1_176' title='bbox 1184 3153 1238 3181; x_wconf 93' lang='lat' dir='ltr'>do-</span> 
     </span>
    </p>
   </div>
   <div class='ocr_carea' id='block_1_20' title="bbox 433 3206 1240 3545">
    <p class='ocr_par' dir='ltr' id='par_1_26' title="bbox 433 3206 1240 3545">
     <span class='ocr_line' id='line_1_44' title="bbox 632 3206 1237 3226; baseline -0.008 -1"><span class='ocrx_word' id='word_1_177' title='bbox 632 3206 748 3225; x_wconf 89' lang='lat' dir='ltr'>norum.</span> <span class='ocrx_word' id='word_1_178' title='bbox 776 3216 966 3224; x_wconf 90' lang='grc'><strong><em>.......</em></strong></span> <span class='ocrx_word' id='word_1_179' title='bbox 983 3223 985 3226; x_wconf 26' lang='lat'><strong>⁴</strong></span> <span class='ocrx_word' id='word_1_180' title='bbox 988 3214 1237 3222; x_wconf 91' lang='grc'><em>.........</em></span> 
     </span>
     <span class='ocr_line' id='line_1_45' title="bbox 433 3231 1238 3270; baseline -0.009 -3"><span class='ocrx_word' id='word_1_181' title='bbox 433 3250 450 3266; x_wconf 80' lang='lat'><strong>»</strong></span> <span class='ocrx_word' id='word_1_182' title='bbox 532 3246 565 3267; x_wconf 88' lang='lat' dir='ltr'>m</span> <span class='ocrx_word' id='word_1_183' title='bbox 585 3238 689 3266; x_wconf 88' lang='lat' dir='ltr'>Utrum</span> <span class='ocrx_word' id='word_1_184' title='bbox 719 3241 899 3264; x_wconf 86' lang='lat' dir='ltr'>sacramenta</span> <span class='ocrx_word' id='word_1_185' title='bbox 928 3243 1021 3262; x_wconf 90' lang='lat' dir='ltr'>novae</span> <span class='ocrx_word' id='word_1_186' title='bbox 1050 3233 1119 3270; x_wconf 90' lang='lat' dir='ltr'>legis</span> <span class='ocrx_word' id='word_1_187' title='bbox 1146 3231 1238 3261; x_wconf 78' lang='lat' dir='ltr'>conti-</span> 
     </span>
     <span class='ocr_line' id='line_1_46' title="bbox 632 3276 1237 3313; baseline -0.008 -8"><span class='ocrx_word' id='word_1_188' title='bbox 632 3283 720 3306; x_wconf 82' lang='lat' dir='ltr'>neant</span> <span class='ocrx_word' id='word_1_189' title='bbox 740 3276 871 3313; x_wconf 83' lang='lat' dir='ltr'>gratiam.</span> <span class='ocrx_word' id='word_1_190' title='bbox 900 3293 1237 3303; x_wconf 91' lang='grc'><strong>............</strong></span> 
     </span>
     <span class='ocr_line' id='line_1_47' title="bbox 434 3312 1239 3350; baseline -0.007 -4"><span class='ocrx_word' id='word_1_191' title='bbox 434 3329 449 3345; x_wconf 82' lang='lat'><strong>»</strong></span> <span class='ocrx_word' id='word_1_192' title='bbox 531 3325 562 3346; x_wconf 82' lang='lat' dir='ltr'>tv</span> <span class='ocrx_word' id='word_1_193' title='bbox 588 3318 692 3346; x_wconf 87' lang='lat' dir='ltr'>Utrum</span> <span class='ocrx_word' id='word_1_194' title='bbox 714 3316 744 3344; x_wconf 91' lang='lat' dir='ltr'>in</span> <span class='ocrx_word' id='word_1_195' title='bbox 765 3314 951 3344; x_wconf 83' lang='lat' dir='ltr'>sacramentis</span> <span class='ocrx_word' id='word_1_196' title='bbox 973 3313 1008 3342; x_wconf 91' lang='lat' dir='ltr'>sit</span> <span class='ocrx_word' id='word_1_197' title='bbox 1028 3313 1126 3350; x_wconf 89' lang='lat' dir='ltr'>aliqua</span> <span class='ocrx_word' id='word_1_198' title='bbox 1150 3312 1239 3341; x_wconf 89' lang='lat' dir='ltr'>virtus</span> 
     </span>
     <span class='ocr_line' id='line_1_48' title="bbox 632 3354 1238 3394; baseline -0.007 -9"><span class='ocrx_word' id='word_1_199' title='bbox 632 3355 740 3394; x_wconf 84' lang='lat' dir='ltr'>gratiae</span> <span class='ocrx_word' id='word_1_200' title='bbox 758 3354 903 3384; x_wconf 88' lang='lat' dir='ltr'>causativa</span> <span class='ocrx_word' id='word_1_201' title='bbox 905 3373 1238 3383; x_wconf 86' lang='grc'><strong>............</strong></span> 
     </span>
     <span class='ocr_line' id='line_1_49' title="bbox 435 3393 1240 3430; baseline -0.005 -6"><span class='ocrx_word' id='word_1_202' title='bbox 435 3409 450 3424; x_wconf 69' lang='grc'><strong>»</strong></span> <span class='ocrx_word' id='word_1_203' title='bbox 533 3405 553 3424; x_wconf 87' lang='grc' dir='ltr'><strong><em>ν</em></strong></span> <span class='ocrx_word' id='word_1_204' title='bbox 585 3397 688 3424; x_wconf 87' lang='lat' dir='ltr'>Utrum</span> <span class='ocrx_word' id='word_1_205' title='bbox 710 3401 890 3424; x_wconf 82' lang='lat' dir='ltr'>sacramenta</span> <span class='ocrx_word' id='word_1_206' title='bbox 910 3403 1005 3422; x_wconf 87' lang='lat' dir='ltr'>novae</span> <span class='ocrx_word' id='word_1_207' title='bbox 1025 3393 1094 3430; x_wconf 85' lang='lat' dir='ltr'>legis</span> <span class='ocrx_word' id='word_1_208' title='bbox 1115 3393 1240 3420; x_wconf 90' lang='lat' dir='ltr'>habeant</span> 
     </span>
     <span class='ocr_line' id='line_1_50' title="bbox 634 3432 1240 3471; baseline -0.008 -7"><span class='ocrx_word' id='word_1_209' title='bbox 634 3436 768 3464; x_wconf 84' lang='lat' dir='ltr'>virtutem</span> <span class='ocrx_word' id='word_1_210' title='bbox 788 3444 822 3463; x_wconf 89' lang='lat' dir='ltr'>ex</span> <span class='ocrx_word' id='word_1_211' title='bbox 843 3434 978 3471; x_wconf 85' lang='lat' dir='ltr'>passione</span> <span class='ocrx_word' id='word_1_212' title='bbox 1000 3432 1104 3462; x_wconf 85' lang='lat' dir='ltr'>Christi</span> <span class='ocrx_word' id='word_1_213' title='bbox 1108 3452 1240 3461; x_wconf 91' lang='grc'><strong>.....</strong></span> 
     </span>
     <span class='ocr_line' id='line_1_51' title="bbox 435 3471 1240 3510; baseline -0.006 -6"><span class='ocrx_word' id='word_1_214' title='bbox 435 3488 450 3503; x_wconf 67' lang='lat' dir='ltr'><em>v</em></span> <span class='ocrx_word' id='word_1_215' title='bbox 534 3484 564 3504; x_wconf 82' lang='lat' dir='ltr'>vr</span> <span class='ocrx_word' id='word_1_216' title='bbox 584 3476 688 3504; x_wconf 87' lang='lat' dir='ltr'>Utrum</span> <span class='ocrx_word' id='word_1_217' title='bbox 709 3481 888 3504; x_wconf 85' lang='lat' dir='ltr'>sacramenta</span> <span class='ocrx_word' id='word_1_218' title='bbox 909 3473 1011 3502; x_wconf 91' lang='lat' dir='ltr'>veteris</span> <span class='ocrx_word' id='word_1_219' title='bbox 1031 3473 1101 3510; x_wconf 87' lang='lat' dir='ltr'>legis</span> <span class='ocrx_word' id='word_1_220' title='bbox 1121 3471 1240 3509; x_wconf 82' lang='lat' dir='ltr'>gratiam</span> 
     </span>
     <span class='ocr_line' id='line_1_52' title="bbox 636 3521 1240 3545; baseline -0.008 -1"><span class='ocrx_word' id='word_1_221' title='bbox 636 3521 788 3545; x_wconf 87' lang='lat' dir='ltr'>causarent</span> <span class='ocrx_word' id='word_1_222' title='bbox 789 3533 1240 3544; x_wconf 87' lang='grc'><strong>................</strong></span> 
     </span>
    </p>
   </div>
   <div class='ocr_carea' id='block_1_21' title="bbox 1270 1689 1344 1719">
    <p class='ocr_par' dir='ltr' id='par_1_27' title="bbox 1270 1689 1344 1719">
     <span class='ocr_line' id='line_1_53' title="bbox 1270 1689 1344 1719; baseline 0 -11"><span class='ocrx_word' id='word_1_223' title='bbox 1270 1689 1344 1719; x_wconf 84' lang='lat' dir='ltr'>pag.</span> 
     </span>
    </p>
   </div>
   <div class='ocr_carea' id='block_1_22' title="bbox 1309 1771 1323 1786">
    <p class='ocr_par' dir='ltr' id='par_1_28' title="bbox 1309 1771 1323 1786">
     <span class='ocr_line' id='line_1_54' title="bbox 1309 1771 1323 1786; baseline 0 0"><span class='ocrx_word' id='word_1_224' title='bbox 1309 1771 1323 1786; x_wconf 65' lang='lat'>2</span> 
     </span>
    </p>
   </div>
   <div class='ocr_carea' id='block_1_23' title="bbox 1377 2568 1412 2746">
    <p class='ocr_par' dir='ltr' id='par_1_29' title="bbox 1377 2568 1412 2746">
     <span class='ocr_line' id='line_1_55' title="bbox 1377 2568 1412 2594; baseline 0 0"><span class='ocrx_word' id='word_1_225' title='bbox 1377 2568 1412 2594; x_wconf 85' lang='grc' dir='ltr'>Ῑ4</span> 
     </span>
     <span class='ocr_line' id='line_1_56' title="bbox 1378 2639 1411 2667; baseline -0.03 0"><span class='ocrx_word' id='word_1_226' title='bbox 1378 2639 1411 2667; x_wconf 86' lang='grc' dir='ltr'>ι5</span> 
     </span>
     <span class='ocr_line' id='line_1_57' title="bbox 1378 2719 1412 2746; baseline 0 0"><span class='ocrx_word' id='word_1_227' title='bbox 1378 2719 1412 2746; x_wconf 82' lang='lat'>16</span> 
     </span>
    </p>
   </div>
   <div class='ocr_carea' id='block_1_24' title="bbox 1379 2807 1412 2834">
    <p class='ocr_par' dir='ltr' id='par_1_30' title="bbox 1379 2807 1412 2834">
     <span class='ocr_line' id='line_1_58' title="bbox 1379 2807 1412 2834; baseline 0 0"><span class='ocrx_word' id='word_1_228' title='bbox 1379 2807 1412 2834; x_wconf 85' lang='lat'>¹7</span> 
     </span>
    </p>
   </div>
   <div class='ocr_carea' id='block_1_25' title="bbox 1382 3082 1416 3110">
    <p class='ocr_par' dir='ltr' id='par_1_31' title="bbox 1382 3082 1416 3110">
     <span class='ocr_line' id='line_1_59' title="bbox 1382 3082 1416 3110; baseline 0 0"><span class='ocrx_word' id='word_1_229' title='bbox 1382 3082 1416 3110; x_wconf 86' lang='lat'>¹9</span> 
     </span>
    </p>
   </div>
   <div class='ocr_carea' id='block_1_26' title="bbox 1380 3199 1416 3219">
    <p class='ocr_par' dir='ltr' id='par_1_32' title="bbox 1380 3199 1416 3219">
     <span class='ocr_line' id='line_1_60' title="bbox 1380 3199 1416 3219; baseline 0 0"><span class='ocrx_word' id='word_1_230' title='bbox 1380 3199 1416 3219; x_wconf 85' lang='lat'>22</span> 
     </span>
    </p>
   </div>
   <div class='ocr_carea' id='block_1_27' title="bbox 1380 3271 1415 3299">
    <p class='ocr_par' dir='ltr' id='par_1_33' title="bbox 1380 3271 1415 3299">
     <span class='ocr_line' id='line_1_61' title="bbox 1380 3271 1415 3299; baseline 0 0"><span class='ocrx_word' id='word_1_231' title='bbox 1380 3271 1415 3299; x_wconf 87' lang='lat'>23</span> 
     </span>
    </p>
   </div>
   <div class='ocr_carea' id='block_1_28' title="bbox 1381 3358 1419 3457">
    <p class='ocr_par' dir='ltr' id='par_1_34' title="bbox 1381 3358 1419 3457">
     <span class='ocr_line' id='line_1_62' title="bbox 1381 3358 1419 3386; baseline 0 0"><span class='ocrx_word' id='word_1_232' title='bbox 1381 3358 1419 3386; x_wconf 86' lang='lat'>24</span> 
     </span>
     <span class='ocr_line' id='line_1_63' title="bbox 1383 3430 1419 3457; baseline 0 0"><span class='ocrx_word' id='word_1_233' title='bbox 1383 3430 1419 3457; x_wconf 83' lang='lat'>26</span> 
     </span>
    </p>
   </div>
   <div class='ocr_carea' id='block_1_29' title="bbox 1383 3502 1441 3538">
    <p class='ocr_par' dir='ltr' id='par_1_35' title="bbox 1383 3502 1441 3538">
     <span class='ocr_line' id='line_1_64' title="bbox 1383 3502 1441 3538; baseline 0.017 -1"><span class='ocrx_word' id='word_1_234' title='bbox 1383 3502 1441 3538; x_wconf 50' lang='lat'>28²⁸</span> 
     </span>
    </p>
   </div>
   <div class='ocr_carea' id='block_1_30' title="bbox 836 1444 2353 1463">
    <p class='ocr_par' dir='ltr' id='par_1_36' title="bbox 836 1444 2353 1463">
     <span class='ocr_line' id='line_1_65' title="bbox 836 1444 2353 1463; baseline -0.007 -2"><span class='ocrx_word' id='word_1_235' title='bbox 836 1444 2353 1463; x_wconf 74' lang='lat'>...............................</span> 
     </span>
    </p>
   </div>
   <div class='ocr_carea' id='block_1_31' title="bbox 1690 1526 2294 1563">
    <p class='ocr_par' dir='ltr' id='par_1_37' title="bbox 1690 1526 2294 1563">
     <span class='ocr_line' id='line_1_66' title="bbox 1690 1526 2294 1563; baseline -0.005 -7"><span class='ocrx_word' id='word_1_236' title='bbox 1690 1528 1885 1563; x_wconf 77' lang='lat' dir='ltr'>QUAESTIO</span> <span class='ocrx_word' id='word_1_237' title='bbox 1907 1526 2294 1555; x_wconf 79' lang='lat' dir='ltr'>SEXAGESIMATERTIA</span> 
     </span>
    </p>
   </div>
   <div class='ocr_carea' id='block_1_32' title="bbox 1499 1604 2488 1640">
    <p class='ocr_par' dir='ltr' id='par_1_38' title="bbox 1499 1604 2488 1640">
     <span class='ocr_line' id='line_1_67' title="bbox 1499 1604 2488 1640; baseline -0.004 -4"><span class='ocrx_word' id='word_1_238' title='bbox 1499 1607 1548 1636; x_wconf 92' lang='lat' dir='ltr'>De</span> <span class='ocrx_word' id='word_1_239' title='bbox 1569 1607 1636 1636; x_wconf 88' lang='lat' dir='ltr'>alio</span> <span class='ocrx_word' id='word_1_240' title='bbox 1657 1605 1783 1636; x_wconf 84' lang='lat' dir='ltr'>effectu</span> <span class='ocrx_word' id='word_1_241' title='bbox 1806 1605 2118 1639; x_wconf 76' lang='lat' dir='ltr'>sacramentorum,</span> <span class='ocrx_word' id='word_1_242' title='bbox 2139 1604 2196 1640; x_wconf 83' lang='lat' dir='ltr'>qui</span> <span class='ocrx_word' id='word_1_243' title='bbox 2216 1604 2274 1633; x_wconf 81' lang='lat' dir='ltr'>est</span> <span class='ocrx_word' id='word_1_244' title='bbox 2294 1604 2488 1633; x_wconf 84' lang='lat' dir='ltr'>character.</span> 
     </span>
    </p>
   </div>
   <div class='ocr_carea' id='block_1_33' title="bbox 1459 1689 2348 1727">
    <p class='ocr_par' dir='ltr' id='par_1_39' title="bbox 1459 1689 2348 1727">
     <span class='ocr_line' id='line_1_68' title="bbox 1459 1689 2348 1727; baseline -0.003 -7"><span class='ocrx_word' id='word_1_245' title='bbox 1459 1700 1625 1720; x_wconf 75' lang='lat' dir='ltr'>ARTICULUS</span> <span class='ocrx_word' id='word_1_246' title='bbox 1640 1700 1650 1719; x_wconf 90' lang='lat'>1</span> <span class='ocrx_word' id='word_1_247' title='bbox 1690 1692 1794 1719; x_wconf 89' lang='lat' dir='ltr'>Utrum</span> <span class='ocrx_word' id='word_1_248' title='bbox 1816 1697 2027 1719; x_wconf 87' lang='lat' dir='ltr'>sacramentum</span> <span class='ocrx_word' id='word_1_249' title='bbox 2056 1690 2203 1727; x_wconf 87' lang='lat' dir='ltr'>imprimat</span> <span class='ocrx_word' id='word_1_250' title='bbox 2223 1689 2348 1727; x_wconf 90' lang='lat' dir='ltr'>aliquem</span> 
     </span>
    </p>
   </div>
   <div class='ocr_carea' id='block_1_34' title="bbox 1542 1729 2352 2128">
    <p class='ocr_par' dir='ltr' id='par_1_40' title="bbox 1542 1729 2352 2128">
     <span class='ocr_line' id='line_1_69' title="bbox 1739 1729 2345 1759; baseline -0.003 0"><span class='ocrx_word' id='word_1_251' title='bbox 1739 1731 1934 1759; x_wconf 85' lang='lat' dir='ltr'>characterem</span> <span class='ocrx_word' id='word_1_252' title='bbox 1948 1729 1979 1758; x_wconf 90' lang='lat' dir='ltr'>in</span> <span class='ocrx_word' id='word_1_253' title='bbox 1998 1729 2096 1758; x_wconf 89' lang='lat' dir='ltr'>anima</span> <span class='ocrx_word' id='word_1_254' title='bbox 2099 1751 2345 1759; x_wconf 88' lang='lat'><strong>.........</strong></span> 
     </span>
     <span class='ocr_line' id='line_1_70' title="bbox 1543 1770 2348 1807; baseline -0.001 -8"><span class='ocrx_word' id='word_1_255' title='bbox 1543 1784 1557 1798; x_wconf 81' lang='lat'><strong>›</strong></span> <span class='ocrx_word' id='word_1_256' title='bbox 1640 1780 1661 1799; x_wconf 89' lang='lat'>11</span> <span class='ocrx_word' id='word_1_257' title='bbox 1695 1771 1798 1799; x_wconf 89' lang='lat' dir='ltr'>Utrum</span> <span class='ocrx_word' id='word_1_258' title='bbox 1819 1771 1967 1799; x_wconf 83' lang='lat' dir='ltr'>character</span> <span class='ocrx_word' id='word_1_259' title='bbox 1980 1770 2016 1798; x_wconf 86' lang='lat' dir='ltr'>sit</span> <span class='ocrx_word' id='word_1_260' title='bbox 2036 1770 2191 1807; x_wconf 89' lang='lat' dir='ltr'>spiritualis</span> <span class='ocrx_word' id='word_1_261' title='bbox 2212 1776 2348 1807; x_wconf 85' lang='lat' dir='ltr'>potestas.</span> 
     </span>
     <span class='ocr_line' id='line_1_71' title="bbox 1542 1809 2350 1840; baseline 0 -2"><span class='ocrx_word' id='word_1_262' title='bbox 1542 1823 1557 1838; x_wconf 62' lang='grc' dir='ltr'><strong>ι</strong></span> <span class='ocrx_word' id='word_1_263' title='bbox 1641 1819 1673 1840; x_wconf 92' lang='lat'>111</span> <span class='ocrx_word' id='word_1_264' title='bbox 1700 1811 1803 1839; x_wconf 90' lang='lat' dir='ltr'>Utrum</span> <span class='ocrx_word' id='word_1_265' title='bbox 1825 1811 1973 1839; x_wconf 86' lang='lat' dir='ltr'>character</span> <span class='ocrx_word' id='word_1_266' title='bbox 1993 1809 2208 1839; x_wconf 87' lang='lat' dir='ltr'>sacramentalis</span> <span class='ocrx_word' id='word_1_267' title='bbox 2230 1810 2266 1839; x_wconf 90' lang='lat' dir='ltr'>sit</span> <span class='ocrx_word' id='word_1_268' title='bbox 2283 1811 2350 1838; x_wconf 90' lang='lat' dir='ltr'>cha-</span> 
     </span>
     <span class='ocr_line' id='line_1_72' title="bbox 1742 1850 2347 1880; baseline -0.002 -1"><span class='ocrx_word' id='word_1_269' title='bbox 1742 1857 1836 1879; x_wconf 90' lang='lat' dir='ltr'>racter</span> <span class='ocrx_word' id='word_1_270' title='bbox 1857 1850 1973 1879; x_wconf 88' lang='lat' dir='ltr'>Christi.</span> <span class='ocrx_word' id='word_1_271' title='bbox 2008 1871 2347 1880; x_wconf 85' lang='grc'><em>............</em></span> 
     </span>
     <span class='ocr_line' id='line_1_73' title="bbox 1543 1889 2350 1927; baseline -0.001 -8"><span class='ocrx_word' id='word_1_272' title='bbox 1543 1903 1558 1918; x_wconf 65' lang='grc' dir='ltr'><strong>ι</strong></span> <span class='ocrx_word' id='word_1_273' title='bbox 1612 1916 1615 1919; x_wconf 90' lang='grc'><strong>.</strong></span> <span class='ocrx_word' id='word_1_274' title='bbox 1642 1899 1672 1919; x_wconf 82' lang='lat' dir='ltr'>tv</span> <span class='ocrx_word' id='word_1_275' title='bbox 1700 1891 1802 1919; x_wconf 88' lang='lat' dir='ltr'>Utrum</span> <span class='ocrx_word' id='word_1_276' title='bbox 1824 1891 1972 1919; x_wconf 86' lang='lat' dir='ltr'>character</span> <span class='ocrx_word' id='word_1_277' title='bbox 1985 1890 2022 1918; x_wconf 92' lang='lat' dir='ltr'>sit</span> <span class='ocrx_word' id='word_1_278' title='bbox 2036 1890 2065 1918; x_wconf 90' lang='lat' dir='ltr'>in</span> <span class='ocrx_word' id='word_1_279' title='bbox 2080 1889 2217 1927; x_wconf 91' lang='lat' dir='ltr'>potentiis</span> <span class='ocrx_word' id='word_1_280' title='bbox 2237 1890 2350 1918; x_wconf 89' lang='lat' dir='ltr'>animae</span> 
     </span>
     <span class='ocr_line' id='line_1_74' title="bbox 1742 1930 2348 1959; baseline 0 0"><span class='ocrx_word' id='word_1_281' title='bbox 1742 1931 1816 1959; x_wconf 89' lang='lat' dir='ltr'>sicut</span> <span class='ocrx_word' id='word_1_282' title='bbox 1829 1930 1859 1959; x_wconf 86' lang='lat' dir='ltr'>in</span> <span class='ocrx_word' id='word_1_283' title='bbox 1878 1930 2008 1959; x_wconf 89' lang='lat' dir='ltr'>subiecto</span> <span class='ocrx_word' id='word_1_284' title='bbox 2011 1950 2348 1959; x_wconf 90' lang='grc'><strong>............</strong></span> 
     </span>
     <span class='ocr_line' id='line_1_75' title="bbox 1543 1970 2351 1999; baseline -0.001 0"><span class='ocrx_word' id='word_1_285' title='bbox 1543 1983 1559 1998; x_wconf 79' lang='lat'><strong>»</strong></span> <span class='ocrx_word' id='word_1_286' title='bbox 1641 1979 1662 1998; x_wconf 90' lang='lat' dir='ltr'>v</span> <span class='ocrx_word' id='word_1_287' title='bbox 1703 1971 1807 1999; x_wconf 87' lang='lat' dir='ltr'>Utrum</span> <span class='ocrx_word' id='word_1_288' title='bbox 1835 1971 1982 1999; x_wconf 87' lang='lat' dir='ltr'>character</span> <span class='ocrx_word' id='word_1_289' title='bbox 2009 1970 2076 1999; x_wconf 89' lang='lat' dir='ltr'>insit</span> <span class='ocrx_word' id='word_1_290' title='bbox 2102 1970 2216 1998; x_wconf 87' lang='lat' dir='ltr'>animae</span> <span class='ocrx_word' id='word_1_291' title='bbox 2242 1970 2351 1998; x_wconf 88' lang='lat' dir='ltr'>indele-</span> 
     </span>
     <span class='ocr_line' id='line_1_76' title="bbox 1743 2010 2348 2039; baseline 0 -1"><span class='ocrx_word' id='word_1_292' title='bbox 1743 2010 1845 2039; x_wconf 92' lang='lat' dir='ltr'>biliter.</span> <span class='ocrx_word' id='word_1_293' title='bbox 1889 2030 2348 2038; x_wconf 89' lang='grc'><strong>................</strong></span> 
     </span>
     <span class='ocr_line' id='line_1_77' title="bbox 1545 2049 2352 2087; baseline 0.001 -10"><span class='ocrx_word' id='word_1_294' title='bbox 1545 2063 1559 2077; x_wconf 75' lang='grc'><strong>»</strong></span> <span class='ocrx_word' id='word_1_295' title='bbox 1642 2059 1672 2078; x_wconf 84' lang='lat' dir='ltr'>vr</span> <span class='ocrx_word' id='word_1_296' title='bbox 1700 2051 1805 2079; x_wconf 87' lang='lat' dir='ltr'>Utrum</span> <span class='ocrx_word' id='word_1_297' title='bbox 1835 2059 1887 2087; x_wconf 89' lang='lat' dir='ltr'>per</span> <span class='ocrx_word' id='word_1_298' title='bbox 1918 2049 2017 2078; x_wconf 90' lang='lat' dir='ltr'>omnia</span> <span class='ocrx_word' id='word_1_299' title='bbox 2047 2056 2228 2078; x_wconf 86' lang='lat' dir='ltr'>sacramenta</span> <span class='ocrx_word' id='word_1_300' title='bbox 2258 2059 2352 2078; x_wconf 88' lang='lat' dir='ltr'>novae</span> 
     </span>
     <span class='ocr_line' id='line_1_78' title="bbox 1743 2089 2349 2128; baseline -0.002 -10"><span class='ocrx_word' id='word_1_301' title='bbox 1743 2090 1813 2128; x_wconf 86' lang='lat' dir='ltr'>legis</span> <span class='ocrx_word' id='word_1_302' title='bbox 1833 2089 2016 2127; x_wconf 75' lang='lat' dir='ltr'>imprimatur</span> <span class='ocrx_word' id='word_1_303' title='bbox 2036 2090 2192 2118; x_wconf 87' lang='lat' dir='ltr'>character.</span> <span class='ocrx_word' id='word_1_304' title='bbox 2221 2110 2349 2118; x_wconf 89' lang='lat'><strong>.....</strong></span> 
     </span>
    </p>
   </div>
   <div class='ocr_carea' id='block_1_35' title="bbox 1690 2177 2310 2271">
    <p class='ocr_par' dir='ltr' id='par_1_41' title="bbox 1690 2177 2310 2271">
     <span class='ocr_line' id='line_1_79' title="bbox 1690 2177 2310 2215; baseline -0.005 -7"><span class='ocrx_word' id='word_1_305' title='bbox 1690 2178 1883 2215; x_wconf 80' lang='lat' dir='ltr'>QUAESTIO</span> <span class='ocrx_word' id='word_1_306' title='bbox 1905 2177 2310 2212; x_wconf 83' lang='lat' dir='ltr'>SEXAGESIMAQUARTA</span> 
     </span>
     <span class='ocr_line' id='line_1_80' title="bbox 1739 2241 2262 2271; baseline -0.004 -1"><span class='ocrx_word' id='word_1_307' title='bbox 1739 2242 1790 2270; x_wconf 84' lang='lat' dir='ltr'>De</span> <span class='ocrx_word' id='word_1_308' title='bbox 1811 2241 1930 2271; x_wconf 76' lang='lat' dir='ltr'>causis</span> <span class='ocrx_word' id='word_1_309' title='bbox 1951 2241 2262 2269; x_wconf 83' lang='lat' dir='ltr'>sacramentorum.</span> 
     </span>
    </p>
   </div>
   <div class='ocr_carea' id='block_1_36' title="bbox 1466 2317 2357 2748">
    <p class='ocr_par' dir='ltr' id='par_1_42' title="bbox 1466 2317 2353 2428">
     <span class='ocr_line' id='line_1_81' title="bbox 1466 2317 2352 2353; baseline -0.008 -1"><span class='ocrx_word' id='word_1_310' title='bbox 1466 2330 1630 2352; x_wconf 81' lang='lat' dir='ltr'>ART1CULUS</span> <span class='ocrx_word' id='word_1_311' title='bbox 1645 2329 1655 2349; x_wconf 90' lang='lat'>1</span> <span class='ocrx_word' id='word_1_312' title='bbox 1701 2321 1805 2349; x_wconf 89' lang='lat' dir='ltr'>Utrum</span> <span class='ocrx_word' id='word_1_313' title='bbox 1827 2319 1906 2348; x_wconf 91' lang='lat' dir='ltr'>solus</span> <span class='ocrx_word' id='word_1_314' title='bbox 1928 2320 2015 2353; x_wconf 86' lang='lat' dir='ltr'>Deus,</span> <span class='ocrx_word' id='word_1_315' title='bbox 2036 2319 2081 2346; x_wconf 89' lang='lat' dir='ltr'>vel</span> <span class='ocrx_word' id='word_1_316' title='bbox 2102 2317 2188 2346; x_wconf 90' lang='lat' dir='ltr'>etiam</span> <span class='ocrx_word' id='word_1_317' title='bbox 2214 2317 2352 2353; x_wconf 88' lang='lat' dir='ltr'>minister,</span> 
     </span>
     <span class='ocr_line' id='line_1_82' title="bbox 1745 2358 2353 2395; baseline -0.003 -7"><span class='ocrx_word' id='word_1_318' title='bbox 1745 2359 1864 2388; x_wconf 87' lang='lat' dir='ltr'>interius</span> <span class='ocrx_word' id='word_1_319' title='bbox 1889 2365 2026 2395; x_wconf 86' lang='lat' dir='ltr'>operetur</span> <span class='ocrx_word' id='word_1_320' title='bbox 2045 2359 2083 2386; x_wconf 90' lang='lat' dir='ltr'>ad</span> <span class='ocrx_word' id='word_1_321' title='bbox 2103 2358 2237 2386; x_wconf 84' lang='lat' dir='ltr'>effectum</span> <span class='ocrx_word' id='word_1_322' title='bbox 2259 2367 2353 2386; x_wconf 86' lang='lat' dir='ltr'>sacra-</span> 
     </span>
     <span class='ocr_line' id='line_1_83' title="bbox 1746 2400 2352 2428; baseline -0.005 0"><span class='ocrx_word' id='word_1_323' title='bbox 1746 2400 1835 2428; x_wconf 88' lang='lat' dir='ltr'>menti</span> <span class='ocrx_word' id='word_1_324' title='bbox 1838 2418 2352 2427; x_wconf 91' lang='grc'><strong>..................</strong></span> 
     </span>
    </p>

    <p class='ocr_par' dir='ltr' id='par_1_43' title="bbox 1548 2437 2357 2748">
     <span class='ocr_line' id='line_1_84' title="bbox 1549 2437 2353 2469; baseline -0.005 0"><span class='ocrx_word' id='word_1_325' title='bbox 1549 2454 1563 2468; x_wconf 79' lang='lat'><strong>»</strong></span> <span class='ocrx_word' id='word_1_326' title='bbox 1646 2450 1668 2469; x_wconf 91' lang='lat'>11</span> <span class='ocrx_word' id='word_1_327' title='bbox 1700 2441 1803 2469; x_wconf 88' lang='lat' dir='ltr'>Utrum</span> <span class='ocrx_word' id='word_1_328' title='bbox 1825 2444 2005 2468; x_wconf 84' lang='lat' dir='ltr'>sacramenta</span> <span class='ocrx_word' id='word_1_329' title='bbox 2024 2437 2082 2466; x_wconf 87' lang='lat' dir='ltr'>sint</span> <span class='ocrx_word' id='word_1_330' title='bbox 2101 2437 2197 2466; x_wconf 89' lang='lat' dir='ltr'>solum</span> <span class='ocrx_word' id='word_1_331' title='bbox 2218 2446 2252 2466; x_wconf 85' lang='lat' dir='ltr'>ex</span> <span class='ocrx_word' id='word_1_332' title='bbox 2272 2437 2353 2466; x_wconf 88' lang='lat' dir='ltr'>insti-</span> 
     </span>
     <span class='ocr_line' id='line_1_85' title="bbox 1745 2478 2352 2508; baseline -0.005 0"><span class='ocrx_word' id='word_1_333' title='bbox 1745 2480 1858 2508; x_wconf 85' lang='lat' dir='ltr'>tutione</span> <span class='ocrx_word' id='word_1_334' title='bbox 1879 2478 1984 2506; x_wconf 88' lang='lat' dir='ltr'>divina.</span> <span class='ocrx_word' id='word_1_335' title='bbox 2013 2498 2352 2506; x_wconf 88' lang='grc'><strong>............</strong></span> 
     </span>
     <span class='ocr_line' id='line_1_86' title="bbox 1548 2518 2353 2554; baseline -0.006 -4"><span class='ocrx_word' id='word_1_336' title='bbox 1548 2533 1563 2549; x_wconf 67' lang='lat'><em>2</em></span> <span class='ocrx_word' id='word_1_337' title='bbox 1646 2529 1679 2549; x_wconf 80' lang='lat'>111</span> <span class='ocrx_word' id='word_1_338' title='bbox 1703 2521 1806 2549; x_wconf 88' lang='lat' dir='ltr'>Utrum</span> <span class='ocrx_word' id='word_1_339' title='bbox 1821 2518 1961 2553; x_wconf 82' lang='lat' dir='ltr'>Christus,</span> <span class='ocrx_word' id='word_1_340' title='bbox 1976 2518 2136 2546; x_wconf 89' lang='lat' dir='ltr'>secundum</span> <span class='ocrx_word' id='word_1_341' title='bbox 2151 2518 2232 2554; x_wconf 89' lang='lat' dir='ltr'>quod</span> <span class='ocrx_word' id='word_1_342' title='bbox 2252 2518 2353 2553; x_wconf 88' lang='lat' dir='ltr'>homo,</span> 
     </span>
     <span class='ocr_line' id='line_1_87' title="bbox 1745 2557 2356 2595; baseline -0.005 -7"><span class='ocrx_word' id='word_1_343' title='bbox 1745 2559 1878 2588; x_wconf 89' lang='lat' dir='ltr'>habuerit</span> <span class='ocrx_word' id='word_1_344' title='bbox 1894 2564 2066 2595; x_wconf 89' lang='lat' dir='ltr'>potestatem</span> <span class='ocrx_word' id='word_1_345' title='bbox 2081 2557 2222 2594; x_wconf 81' lang='lat' dir='ltr'>operandi</span> <span class='ocrx_word' id='word_1_346' title='bbox 2236 2557 2356 2586; x_wconf 84' lang='lat' dir='ltr'>interio-</span> 
     </span>
     <span class='ocr_line' id='line_1_88' title="bbox 1746 2598 2353 2628; baseline -0.005 0"><span class='ocrx_word' id='word_1_347' title='bbox 1746 2609 1808 2628; x_wconf 91' lang='lat' dir='ltr'>rem</span> <span class='ocrx_word' id='word_1_348' title='bbox 1827 2598 1961 2627; x_wconf 83' lang='lat' dir='ltr'>effectum</span> <span class='ocrx_word' id='word_1_349' title='bbox 1975 2604 2223 2626; x_wconf 88' lang='lat' dir='ltr'>sacramentorum</span> <span class='ocrx_word' id='word_1_350' title='bbox 2227 2618 2353 2626; x_wconf 90' lang='grc'><strong>.....</strong></span> 
     </span>
     <span class='ocr_line' id='line_1_89' title="bbox 1549 2638 2354 2680; baseline -0.004 -12"><span class='ocrx_word' id='word_1_351' title='bbox 1549 2654 1564 2668; x_wconf 67' lang='lat'>2</span> <span class='ocrx_word' id='word_1_352' title='bbox 1610 2676 1614 2680; x_wconf 64' lang='lat'>„</span> <span class='ocrx_word' id='word_1_353' title='bbox 1646 2648 1677 2668; x_wconf 80' lang='lat' dir='ltr'>tv</span> <span class='ocrx_word' id='word_1_354' title='bbox 1704 2641 1807 2668; x_wconf 83' lang='lat' dir='ltr'>Utrum</span> <span class='ocrx_word' id='word_1_355' title='bbox 1822 2638 1953 2668; x_wconf 87' lang='lat' dir='ltr'>Christus</span> <span class='ocrx_word' id='word_1_356' title='bbox 1967 2644 2140 2675; x_wconf 83' lang='lat' dir='ltr'>potestatem</span> <span class='ocrx_word' id='word_1_357' title='bbox 2161 2646 2244 2666; x_wconf 89' lang='lat' dir='ltr'>suam</span> <span class='ocrx_word' id='word_1_358' title='bbox 2266 2647 2354 2674; x_wconf 91' lang='lat' dir='ltr'>quam</span> 
     </span>
     <span class='ocr_line' id='line_1_90' title="bbox 1747 2677 2357 2714; baseline -0.005 -6"><span class='ocrx_word' id='word_1_359' title='bbox 1747 2678 1848 2708; x_wconf 83' lang='lat' dir='ltr'>habuit</span> <span class='ocrx_word' id='word_1_360' title='bbox 1869 2678 1899 2707; x_wconf 90' lang='lat' dir='ltr'>in</span> <span class='ocrx_word' id='word_1_361' title='bbox 1920 2677 2115 2711; x_wconf 90' lang='lat' dir='ltr'>sacramentis,</span> <span class='ocrx_word' id='word_1_362' title='bbox 2130 2677 2257 2714; x_wconf 90' lang='lat' dir='ltr'>potuerit</span> <span class='ocrx_word' id='word_1_363' title='bbox 2270 2677 2357 2705; x_wconf 87' lang='lat' dir='ltr'>mini-</span> 
     </span>
     <span class='ocr_line' id='line_1_91' title="bbox 1748 2718 2351 2748; baseline -0.007 0"><span class='ocrx_word' id='word_1_364' title='bbox 1748 2719 1812 2748; x_wconf 87' lang='lat' dir='ltr'>stris</span> <span class='ocrx_word' id='word_1_365' title='bbox 1828 2718 2044 2747; x_wconf 87' lang='lat' dir='ltr'>communicare</span> <span class='ocrx_word' id='word_1_366' title='bbox 2046 2738 2351 2746; x_wconf 90' lang='grc'><strong><em>...........</em></strong></span> 
     </span>
    </p>
   </div>
   <div class='ocr_carea' id='block_1_37' title="bbox 1549 2757 2358 3233">
    <p class='ocr_par' dir='ltr' id='par_1_44' title="bbox 1549 2757 2358 3233">
     <span class='ocr_line' id='line_1_92' title="bbox 1549 2757 2355 2795; baseline -0.005 -7"><span class='ocrx_word' id='word_1_367' title='bbox 1549 2773 1564 2788; x_wconf 75' lang='grc'><strong>»</strong></span> <span class='ocrx_word' id='word_1_368' title='bbox 1645 2768 1666 2788; x_wconf 82' lang='lat' dir='ltr'>v</span> <span class='ocrx_word' id='word_1_369' title='bbox 1705 2760 1807 2788; x_wconf 89' lang='lat' dir='ltr'>Utrum</span> <span class='ocrx_word' id='word_1_370' title='bbox 1822 2767 1874 2795; x_wconf 92' lang='lat' dir='ltr'>per</span> <span class='ocrx_word' id='word_1_371' title='bbox 1894 2758 1986 2786; x_wconf 89' lang='lat' dir='ltr'>malos</span> <span class='ocrx_word' id='word_1_372' title='bbox 2007 2757 2155 2785; x_wconf 89' lang='lat' dir='ltr'>ministros</span> <span class='ocrx_word' id='word_1_373' title='bbox 2176 2763 2355 2785; x_wconf 82' lang='lat' dir='ltr'>sacramenta</span> 
     </span>
     <span class='ocr_line' id='line_1_93' title="bbox 1747 2797 2354 2835; baseline -0.005 -8"><span class='ocrx_word' id='word_1_374' title='bbox 1747 2798 1870 2827; x_wconf 82' lang='lat' dir='ltr'>conferri</span> <span class='ocrx_word' id='word_1_375' title='bbox 1890 2797 2011 2835; x_wconf 89' lang='lat' dir='ltr'>possint.</span> <span class='ocrx_word' id='word_1_376' title='bbox 2045 2817 2354 2825; x_wconf 86' lang='grc'><strong>...........</strong></span> 
     </span>
     <span class='ocr_line' id='line_1_94' title="bbox 1549 2837 2356 2868; baseline -0.006 1"><span class='ocrx_word' id='word_1_377' title='bbox 1549 2853 1564 2868; x_wconf 78' lang='lat'>›</span> <span class='ocrx_word' id='word_1_378' title='bbox 1647 2848 1678 2868; x_wconf 76' lang='lat' dir='ltr'>Vt</span> <span class='ocrx_word' id='word_1_379' title='bbox 1707 2839 1812 2867; x_wconf 85' lang='lat' dir='ltr'>Utrum</span> <span class='ocrx_word' id='word_1_380' title='bbox 1846 2838 1914 2866; x_wconf 86' lang='lat' dir='ltr'>mali</span> <span class='ocrx_word' id='word_1_381' title='bbox 1949 2837 2143 2865; x_wconf 84' lang='lat' dir='ltr'>ministrantes</span> <span class='ocrx_word' id='word_1_382' title='bbox 2177 2842 2356 2865; x_wconf 87' lang='lat' dir='ltr'>sacramenta</span> 
     </span>
     <span class='ocr_line' id='line_1_95' title="bbox 1749 2884 2354 2915; baseline -0.005 -9"><span class='ocrx_word' id='word_1_383' title='bbox 1749 2884 1868 2915; x_wconf 87' lang='lat' dir='ltr'>peccent</span> <span class='ocrx_word' id='word_1_384' title='bbox 1869 2897 2354 2906; x_wconf 91' lang='grc'><strong><em>.................</em></strong></span> 
     </span>
     <span class='ocr_line' id='line_1_96' title="bbox 1551 2915 2356 2954; baseline -0.006 -6"><span class='ocrx_word' id='word_1_385' title='bbox 1551 2932 1566 2947; x_wconf 81' lang='grc'>»</span> <span class='ocrx_word' id='word_1_386' title='bbox 1649 2927 1690 2947; x_wconf 87' lang='lat' dir='ltr'>vn</span> <span class='ocrx_word' id='word_1_387' title='bbox 1710 2919 1826 2947; x_wconf 75' lang='lat' dir='ltr'>Utrum&#39;</span> <span class='ocrx_word' id='word_1_388' title='bbox 1839 2917 1934 2954; x_wconf 90' lang='lat' dir='ltr'>angeli</span> <span class='ocrx_word' id='word_1_389' title='bbox 1958 2922 2078 2953; x_wconf 83' lang='lat' dir='ltr'>possent</span> <span class='ocrx_word' id='word_1_390' title='bbox 2104 2922 2282 2944; x_wconf 88' lang='lat' dir='ltr'>sacramenta</span> <span class='ocrx_word' id='word_1_391' title='bbox 2303 2915 2356 2943; x_wconf 90' lang='lat' dir='ltr'>mi-</span> 
     </span>
     <span class='ocr_line' id='line_1_97' title="bbox 1749 2963 2353 2986; baseline -0.007 0"><span class='ocrx_word' id='word_1_392' title='bbox 1749 2963 1869 2986; x_wconf 81' lang='lat' dir='ltr'>nistrare</span> <span class='ocrx_word' id='word_1_393' title='bbox 1871 2976 2353 2985; x_wconf 83' lang='grc'><strong>.................</strong></span> 
     </span>
     <span class='ocr_line' id='line_1_98' title="bbox 1551 2994 2357 3034; baseline -0.005 -7"><span class='ocrx_word' id='word_1_394' title='bbox 1551 3011 1566 3026; x_wconf 75' lang='grc'>»</span> <span class='ocrx_word' id='word_1_395' title='bbox 1649 3007 1702 3027; x_wconf 87' lang='lat' dir='ltr'>vm</span> <span class='ocrx_word' id='word_1_396' title='bbox 1712 2999 1815 3034; x_wconf 87' lang='lat' dir='ltr'>Utrum</span> <span class='ocrx_word' id='word_1_397' title='bbox 1843 2996 1965 3026; x_wconf 89' lang='lat' dir='ltr'>intentio</span> <span class='ocrx_word' id='word_1_398' title='bbox 1990 2995 2113 3024; x_wconf 87' lang='lat' dir='ltr'>ministri</span> <span class='ocrx_word' id='word_1_399' title='bbox 2137 2994 2299 3033; x_wconf 88' lang='lat' dir='ltr'>requiratur</span> <span class='ocrx_word' id='word_1_400' title='bbox 2319 2995 2357 3023; x_wconf 93' lang='lat' dir='ltr'>ad</span> 
     </span>
     <span class='ocr_line' id='line_1_99' title="bbox 1748 3035 2355 3074; baseline -0.005 -9"><span class='ocrx_word' id='word_1_401' title='bbox 1748 3036 1955 3074; x_wconf 88' lang='lat' dir='ltr'>perfectionem</span> <span class='ocrx_word' id='word_1_402' title='bbox 1976 3035 2148 3064; x_wconf 86' lang='lat' dir='ltr'>sacramenti</span> <span class='ocrx_word' id='word_1_403' title='bbox 2167 3055 2355 3063; x_wconf 91' lang='grc'><em>.......</em></span> 
     </span>
     <span class='ocr_line' id='line_1_100' title="bbox 1553 3074 2356 3107; baseline -0.004 -2"><span class='ocrx_word' id='word_1_404' title='bbox 1553 3091 1568 3105; x_wconf 66' lang='grc' dir='ltr'><strong><em>ι</em></strong></span> <span class='ocrx_word' id='word_1_405' title='bbox 1650 3087 1681 3107; x_wconf 78' lang='lat'>11</span> <span class='ocrx_word' id='word_1_406' title='bbox 1710 3078 1814 3106; x_wconf 92' lang='lat' dir='ltr'>Utrum</span> <span class='ocrx_word' id='word_1_407' title='bbox 1840 3076 1911 3105; x_wconf 87' lang='lat' dir='ltr'>fides</span> <span class='ocrx_word' id='word_1_408' title='bbox 1932 3075 2053 3104; x_wconf 87' lang='lat' dir='ltr'>ministri</span> <span class='ocrx_word' id='word_1_409' title='bbox 2074 3074 2110 3103; x_wconf 88' lang='lat' dir='ltr'>sit</span> <span class='ocrx_word' id='word_1_410' title='bbox 2130 3075 2167 3103; x_wconf 88' lang='lat' dir='ltr'>de</span> <span class='ocrx_word' id='word_1_411' title='bbox 2187 3075 2356 3103; x_wconf 82' lang='lat' dir='ltr'>necessitate</span> 
     </span>
     <span class='ocr_line' id='line_1_101' title="bbox 1751 3116 2356 3146; baseline -0.005 -1"><span class='ocrx_word' id='word_1_412' title='bbox 1751 3116 1932 3146; x_wconf 86' lang='lat' dir='ltr'>sacramenti.</span> <span class='ocrx_word' id='word_1_413' title='bbox 1961 3135 2356 3144; x_wconf 90' lang='grc'><strong>..............</strong></span> 
     </span>
     <span class='ocr_line' id='line_1_102' title="bbox 1553 3154 2358 3192; baseline -0.005 -7"><span class='ocrx_word' id='word_1_414' title='bbox 1553 3170 1568 3185; x_wconf 79' lang='lat'><strong>»</strong></span> <span class='ocrx_word' id='word_1_415' title='bbox 1650 3166 1671 3187; x_wconf 85' lang='lat' dir='ltr'>x</span> <span class='ocrx_word' id='word_1_416' title='bbox 1710 3158 1813 3186; x_wconf 90' lang='lat' dir='ltr'>Utrum</span> <span class='ocrx_word' id='word_1_417' title='bbox 1828 3155 1950 3184; x_wconf 88' lang='lat' dir='ltr'>intentio</span> <span class='ocrx_word' id='word_1_418' title='bbox 1964 3161 2042 3184; x_wconf 89' lang='lat' dir='ltr'>recta</span> <span class='ocrx_word' id='word_1_419' title='bbox 2055 3154 2178 3183; x_wconf 91' lang='lat' dir='ltr'>ministri</span> <span class='ocrx_word' id='word_1_420' title='bbox 2196 3154 2358 3192; x_wconf 90' lang='lat' dir='ltr'>requiratur</span> 
     </span>
     <span class='ocr_line' id='line_1_103' title="bbox 1749 3194 2355 3233; baseline -0.005 -8"><span class='ocrx_word' id='word_1_421' title='bbox 1749 3197 1787 3225; x_wconf 90' lang='lat' dir='ltr'>ad</span> <span class='ocrx_word' id='word_1_422' title='bbox 1801 3195 2006 3233; x_wconf 84' lang='lat' dir='ltr'>perfectionem</span> <span class='ocrx_word' id='word_1_423' title='bbox 2027 3194 2199 3224; x_wconf 85' lang='lat' dir='ltr'>sacramenti</span> <span class='ocrx_word' id='word_1_424' title='bbox 2201 3215 2355 3223; x_wconf 92' lang='grc'><strong><em>......</em></strong></span> 
     </span>
    </p>
   </div>
   <div class='ocr_carea' id='block_1_38' title="bbox 1702 3283 2309 3377">
    <p class='ocr_par' dir='ltr' id='par_1_45' title="bbox 1702 3283 2309 3377">
     <span class='ocr_line' id='line_1_104' title="bbox 1702 3283 2309 3320; baseline -0.005 -7"><span class='ocrx_word' id='word_1_425' title='bbox 1702 3283 1896 3320; x_wconf 80' lang='lat' dir='ltr'>QUAES&#39;I&#39;IO</span> <span class='ocrx_word' id='word_1_426' title='bbox 1918 3283 2309 3318; x_wconf 81' lang='lat' dir='ltr'>SEXAGESIMAQUINTA</span> 
     </span>
     <span class='ocr_line' id='line_1_105' title="bbox 1735 3347 2279 3377; baseline -0.006 0"><span class='ocrx_word' id='word_1_427' title='bbox 1735 3348 1786 3377; x_wconf 88' lang='lat' dir='ltr'>De</span> <span class='ocrx_word' id='word_1_428' title='bbox 1805 3354 1948 3377; x_wconf 82' lang='lat' dir='ltr'>numero</span> <span class='ocrx_word' id='word_1_429' title='bbox 1969 3347 2279 3376; x_wconf 78' lang='lat' dir='ltr'>sacramentorum.</span> 
     </span>
    </p>
   </div>
   <div class='ocr_carea' id='block_1_39' title="bbox 1452 3426 2360 3541">
    <p class='ocr_par' dir='ltr' id='par_1_46' title="bbox 1452 3426 2360 3541">
     <span class='ocr_line' id='line_1_106' title="bbox 1452 3426 2358 3467; baseline -0.004 -11"><span class='ocrx_word' id='word_1_430' title='bbox 1452 3460 1453 3467; x_wconf 13' lang='grc' dir='ltr'>ἵ</span> <span class='ocrx_word' id='word_1_431' title='bbox 1473 3435 1637 3457; x_wconf 73' lang='grc' dir='ltr'>Ακτιευιυε</span> <span class='ocrx_word' id='word_1_432' title='bbox 1652 3435 1662 3455; x_wconf 92' lang='lat'>1</span> <span class='ocrx_word' id='word_1_433' title='bbox 1712 3427 1815 3455; x_wconf 91' lang='lat' dir='ltr'>Utrum</span> <span class='ocrx_word' id='word_1_434' title='bbox 1831 3426 1955 3454; x_wconf 87' lang='lat' dir='ltr'>debeant</span> <span class='ocrx_word' id='word_1_435' title='bbox 1969 3434 2032 3454; x_wconf 88' lang='lat' dir='ltr'>esse</span> <span class='ocrx_word' id='word_1_436' title='bbox 2046 3431 2154 3462; x_wconf 91' lang='lat' dir='ltr'>septem</span> <span class='ocrx_word' id='word_1_437' title='bbox 2170 3429 2358 3453; x_wconf 85' lang='lat' dir='ltr'>sacramenta.</span> 
     </span>
     <span class='ocr_line' id='line_1_107' title="bbox 1555 3463 2360 3495; baseline -0.005 0"><span class='ocrx_word' id='word_1_438' title='bbox 1555 3478 1571 3494; x_wconf 81' lang='lat'><strong>»</strong></span> <span class='ocrx_word' id='word_1_439' title='bbox 1653 3475 1675 3495; x_wconf 85' lang='lat'>11</span> <span class='ocrx_word' id='word_1_440' title='bbox 1716 3467 1818 3495; x_wconf 89' lang='lat' dir='ltr'>Utrum</span> <span class='ocrx_word' id='word_1_441' title='bbox 1848 3473 2026 3494; x_wconf 85' lang='lat' dir='ltr'>sacramenta</span> <span class='ocrx_word' id='word_1_442' title='bbox 2054 3464 2258 3494; x_wconf 87' lang='lat' dir='ltr'>convenienter</span> <span class='ocrx_word' id='word_1_443' title='bbox 2282 3463 2360 3492; x_wconf 86' lang='lat' dir='ltr'>ordi-</span> 
     </span>
     <span class='ocr_line' id='line_1_108' title="bbox 1754 3503 2358 3541; baseline -0.003 -7"><span class='ocrx_word' id='word_1_444' title='bbox 1754 3512 1858 3534; x_wconf 88' lang='lat' dir='ltr'>nentur</span> <span class='ocrx_word' id='word_1_445' title='bbox 1866 3506 2025 3534; x_wconf 89' lang='lat' dir='ltr'>secundum</span> <span class='ocrx_word' id='word_1_446' title='bbox 2037 3505 2157 3533; x_wconf 91' lang='lat' dir='ltr'>modum</span> <span class='ocrx_word' id='word_1_447' title='bbox 2170 3503 2358 3541; x_wconf 86' lang='lat' dir='ltr'>praedictum.</span> 
     </span>
    </p>
   </div>
   <div class='ocr_carea' id='block_1_40' title="bbox 2395 1732 2539 3530">
    <p class='ocr_par' dir='ltr' id='par_1_47' title="bbox 2395 1732 2539 3530">
     <span class='ocr_line' id='line_1_109' title="bbox 2395 1732 2529 1770; baseline 0.007 -12"><span class='ocrx_word' id='word_1_448' title='bbox 2395 1739 2478 1770; x_wconf 51' lang='lat' dir='ltr'>pag„</span> <span class='ocrx_word' id='word_1_449' title='bbox 2492 1732 2529 1759; x_wconf 93' lang='grc' dir='ltr'>3ο</span> 
     </span>
     <span class='ocr_line' id='line_1_110' title="bbox 2433 1772 2525 1800; baseline 0.033 -3"><span class='ocrx_word' id='word_1_450' title='bbox 2433 1782 2447 1797; x_wconf 74' lang='grc' dir='ltr'>ι&gt;</span> <span class='ocrx_word' id='word_1_451' title='bbox 2493 1772 2525 1800; x_wconf 85' lang='lat'>31</span> 
     </span>
     <span class='ocr_line' id='line_1_111' title="bbox 2433 1852 2530 1886; baseline 0.031 -10"><span class='ocrx_word' id='word_1_452' title='bbox 2433 1862 2447 1876; x_wconf 70' lang='lat' dir='ltr'>a&gt;</span> <span class='ocrx_word' id='word_1_453' title='bbox 2493 1852 2530 1886; x_wconf 90' lang='lat'>34</span> 
     </span>
     <span class='ocr_line' id='line_1_112' title="bbox 2433 1931 2529 1959; baseline 0.031 -3"><span class='ocrx_word' id='word_1_454' title='bbox 2433 1942 2448 1956; x_wconf 72' lang='lat'>2&gt;</span> <span class='ocrx_word' id='word_1_455' title='bbox 2493 1931 2529 1959; x_wconf 80' lang='lat'>36</span> 
     </span>
     <span class='ocr_line' id='line_1_113' title="bbox 2434 2011 2530 2038; baseline 0.021 -2"><span class='ocrx_word' id='word_1_456' title='bbox 2434 2021 2449 2036; x_wconf 80' lang='lat'>)&gt;</span> <span class='ocrx_word' id='word_1_457' title='bbox 2495 2011 2530 2038; x_wconf 84' lang='lat'>38</span> 
     </span>
     <span class='ocr_line' id='line_1_114' title="bbox 2435 2090 2531 2126; baseline 0.021 -11"><span class='ocrx_word' id='word_1_458' title='bbox 2435 2101 2449 2115; x_wconf 81' lang='lat'><strong>»</strong></span> <span class='ocrx_word' id='word_1_459' title='bbox 2495 2090 2531 2126; x_wconf 85' lang='lat'>39</span> 
     </span>
     <span class='ocr_line' id='line_1_115' title="bbox 2437 2408 2528 2434; baseline 0.022 -10"><span class='ocrx_word' id='word_1_460' title='bbox 2437 2409 2451 2424; x_wconf 82' lang='lat'>&gt;›</span> <span class='ocrx_word' id='word_1_461' title='bbox 2493 2408 2528 2434; x_wconf 84' lang='lat'>41</span> 
     </span>
     <span class='ocr_line' id='line_1_116' title="bbox 2437 2486 2531 2514; baseline 0.021 -10"><span class='ocrx_word' id='word_1_462' title='bbox 2437 2489 2452 2504; x_wconf 69' lang='lat' dir='ltr'>i&gt;</span> <span class='ocrx_word' id='word_1_463' title='bbox 2493 2486 2531 2514; x_wconf 84' lang='lat'>42</span> 
     </span>
     <span class='ocr_line' id='line_1_117' title="bbox 2438 2598 2532 2633; baseline 0.011 -9"><span class='ocrx_word' id='word_1_464' title='bbox 2438 2608 2453 2624; x_wconf 72' lang='grc'><strong>»</strong></span> <span class='ocrx_word' id='word_1_465' title='bbox 2495 2598 2532 2633; x_wconf 87' lang='lat'>43</span> 
     </span>
     <span class='ocr_line' id='line_1_118' title="bbox 2438 2638 2532 2673; baseline 0.032 -10"><span class='ocrx_word' id='word_1_466' title='bbox 2438 2649 2452 2663; x_wconf 79' lang='grc'>»</span> <span class='ocrx_word' id='word_1_467' title='bbox 2494 2638 2532 2673; x_wconf 85' lang='grc'>45</span> 
     </span>
     <span class='ocr_line' id='line_1_119' title="bbox 2437 2717 2534 2746; baseline 0.031 -3"><span class='ocrx_word' id='word_1_468' title='bbox 2437 2729 2451 2743; x_wconf 65' lang='grc' dir='ltr'>ιο</span> <span class='ocrx_word' id='word_1_469' title='bbox 2496 2717 2534 2746; x_wconf 91' lang='lat' dir='ltr'>ib.</span> 
     </span>
     <span class='ocr_line' id='line_1_120' title="bbox 2439 2798 2534 2831; baseline 0.011 -9"><span class='ocrx_word' id='word_1_470' title='bbox 2439 2808 2453 2822; x_wconf 81' lang='grc'><strong><em>»</em></strong></span> <span class='ocrx_word' id='word_1_471' title='bbox 2495 2798 2534 2831; x_wconf 81' lang='lat'>46</span> 
     </span>
     <span class='ocr_line' id='line_1_121' title="bbox 2438 2886 2534 2913; baseline 0.021 -2"><span class='ocrx_word' id='word_1_472' title='bbox 2438 2887 2453 2902; x_wconf 69' lang='lat'>³·</span> <span class='ocrx_word' id='word_1_473' title='bbox 2495 2886 2534 2913; x_wconf 90' lang='lat'>47</span> 
     </span>
     <span class='ocr_line' id='line_1_122' title="bbox 2438 2956 2536 2983; baseline 0.02 -2"><span class='ocrx_word' id='word_1_474' title='bbox 2438 2966 2453 2981; x_wconf 56' lang='lat' dir='ltr'>s</span> <span class='ocrx_word' id='word_1_475' title='bbox 2498 2956 2536 2983; x_wconf 92' lang='grc' dir='ltr'>5ο</span> 
     </span>
     <span class='ocr_line' id='line_1_123' title="bbox 2440 3035 2530 3063; baseline 0.022 -2"><span class='ocrx_word' id='word_1_476' title='bbox 2440 3046 2454 3061; x_wconf 63' lang='grc' dir='ltr'><strong><em>ι</em></strong></span> <span class='ocrx_word' id='word_1_477' title='bbox 2499 3035 2530 3063; x_wconf 86' lang='grc' dir='ltr'>5ι</span> 
     </span>
     <span class='ocr_line' id='line_1_124' title="bbox 2440 3115 2534 3142; baseline 0.011 -1"><span class='ocrx_word' id='word_1_478' title='bbox 2440 3126 2454 3141; x_wconf 84' lang='lat'>&gt;›</span> <span class='ocrx_word' id='word_1_479' title='bbox 2500 3115 2534 3142; x_wconf 82' lang='lat'>53</span> 
     </span>
     <span class='ocr_line' id='line_1_125' title="bbox 2438 3194 2537 3229; baseline 0.02 -9"><span class='ocrx_word' id='word_1_480' title='bbox 2438 3205 2453 3220; x_wconf 69' lang='grc' dir='ltr'>ιι</span> <span class='ocrx_word' id='word_1_481' title='bbox 2499 3194 2537 3229; x_wconf 82' lang='grc'>54</span> 
     </span>
     <span class='ocr_line' id='line_1_126' title="bbox 2443 3424 2539 3451; baseline 0.021 -2"><span class='ocrx_word' id='word_1_482' title='bbox 2443 3435 2456 3449; x_wconf 77' lang='grc'><strong>»</strong></span> <span class='ocrx_word' id='word_1_483' title='bbox 2502 3424 2539 3451; x_wconf 88' lang='grc'>56</span> 
     </span>
     <span class='ocr_line' id='line_1_127' title="bbox 2443 3503 2539 3530; baseline 0.021 -2"><span class='ocrx_word' id='word_1_484' title='bbox 2443 3514 2458 3528; x_wconf 81' lang='lat'><strong>»</strong></span> <span class='ocrx_word' id='word_1_485' title='bbox 2503 3503 2539 3530; x_wconf 90' lang='grc'>58</span> 
     </span>
    </p>
   </div>
  </div>
 </body>
</html>
