2918 4088
210 663 221 673 ·
246 661 395 689 Praeposixin.

210 688 304 714 Surum„
314 688 343 709 de
349 687 385 709 Eu
437 703 440 707 .

212 715 308 736 char-ist.
317 726 327 731 -
337 700 397 736 eod:

212 740 286 762 Varie.
323 741 395 762 Latin.

214 773 275 794 1174,
299 767 338 789 fol.
360 767 396 794 61,

212 799 269 815 vers.
287 801 304 816 1.

212 925 222 935 ·
227 924 263 944 De
269 924 337 945 Sacr.
344 924 422 946 Altar.

211 950 319 978 Mysten,
330 950 369 972 lib.
380 950 422 977 lv,

213 983 263 1004 cap.
279 983 310 998 vi.

211 1182 421 1213 'Matmcapsxvu

211 1219 272 1234 vers.
291 1212 332 1238 26;
351 1213 420 1234 Mare.

211 1245 262 1267 cap.
269 1245 314 1265 xiv,
323 1245 380 1260 vers.
387 1245 419 1260 22.

212 1350 219 1359 ·
240 1348 293 1369 Odo
313 1347 422 1369 Camara-

211 1373 423 1422 &Peassssssiss‘ssssl

226 1426 419 1474 τεῦ-’811111-

210 1479 253 1500 ΡΡ,
281 1483 339 1500 tom.
366 1478 420 1500 XXI

211 1505 322 1532 {Lugdum
336 1505 406 1533 ¹677).

210 1663 220 1672 ·
235 1660 343 1688 stephan.
356 1660 420 1682 Edu-

209 1687 421 1740 affimat?

210 1740 421 1789 ianitrix&

210 1799 249 1814 mo
264 1793 314 1815 XX.

211 2243 221 2252 ⁸
240 2242 276 2264 Cs.
300 2242 418 2264 innocent.

210 2268 249 2292 111.
266 2269 310 2290 loc.
327 2269 366 2290 cit.
380 2275 420 2290 su-

210 2301 264 2322 pra3
288 2295 418 2317 Autissiod.

208 2321 294 2342 Summ.
309 2322 365 2342 Aur.
378 2322 419 2343 lib.

209 2347 250 2372 1v,
274 2347 303 2370 de
324 2347 419 2369 Eucha-

209 2374 270 2400 νιὶςιυ
286 2380 326 2402 qu.
340 2380 361 2396 2.

209 2404 421 2432 'Lib.11,cap.xx1,

210 2437 264 2457 xxx,
279 2437 340 2452 xuv.

306 2611 321 2636 ὃ

210 2979 307 3027 {Nun-1.
323 2986 355 3001 bv
372 2986 420 3002 om.

212 3208 222 3217 ·
238 3206 270 3227 1v
281 3206 352 3233 Sent.,
369 3207 422 3228 dist.

212 3237 262 3259 vni,
278 3238 316 3260 qu.
332 3239 355 3254 11.

214 3430 223 3439 ·
239 3428 298 3449 Vide
319 3428 344 3450 S.
359 3428 423 3450 loau.

214 3455 296 3486 Chrys.
304 3454 379 3476 Missa
390 3455 424 3477 di-

208 3480 370 3535 pzwabqoan
378 3481 424 3503 Eu-

452 210 526 246 206

1105 210 1368 257 QUAESTIO
1397 210 1604 256 LXXVIII,
1634 208 1927 245 ARTICULUS
1955 209 1969 244 1

451 287 490 324 in
526 296 764 325 sacramento
802 296 992 325 extremae
1028 288 1218 325 unctionis
1255 288 1409 335 dicitur,
1438 289 1511 324 Per
1536 296 1540 334 Ι
1565 287 1688 324 dicens
1716 285 2053 323 concomitantiam
2077 286 2274 334 quandam
2294 285 2473 336 importat
2491 287 2625 324 verbo-

451 342 557 377 istam
596 342 805 378 unctionem
840 347 873 378 et
905 347 1069 379 nostram
1105 343 1420 388 intercessionem,
1442 348 1509 377 etc.

452 394 528 430 Sed
555 394 678 430 forma
706 393 821 431 huius
849 394 1075 431 sacramenti
1103 395 1292 443 profertur
1317 407 1363 431 ex
1385 399 1399 421 Υ
1427 405 1511 442 per-

451 458 547 483 sona
574 445 693 495 ipsius
723 446 862 484 Christi
894 446 1105 496 loquentis:
1142 454 1184 484 ut
1215 447 1328 483 detur
1361 445 1512 494 intelligi

451 499 559 547 quod
595 499 767 536 minister
801 499 840 536 in
874 499 1105 548 perfectione
1142 499 1258 536 huius
1287 498 1512 536 sacramenti

450 550 546 588 nihil
573 551 646 600 agit
673 551 746 588 nisi
774 553 881 601 quod
909 552 1051 601 profert
1078 552 1197 589 verba
1226 551 1377 588 Christi.

503 605 560 641 AD
589 617 725 642 Panium
752 617 849 642 ERGO
878 617 1060 642 DlCENDUM
1093 605 1199 653 quod
1228 604 1327 641 circa
1355 605 1430 640 hoc
1458 611 1512 640 est

451 657 649 706 multiplex
677 657 820 707 opinio.
852 657 1021 704 Quidam
1042 657 1061 679 ’¹‘
1087 657 1192 694 enim
1211 656 1387 693 dixerunt
1405 656 1512 705 quod

452 709 636 757 Christus,
665 710 732 759 qui
760 710 925 747 habebat
952 717 1178 759 potestatem
1205 709 1445 747 excellentiae
1474 708 1513 745 in

451 763 706 809 sacramentis,
736 762 881 811 absque
910 763 1017 800 omni
1049 763 1172 800 forma
1199 762 1410 799 verborum
1438 762 1513 798 hoc

450 823 734 852 sacramentum
761 815 936 864 perfecit;
975 823 1011 852 et
1043 823 1176 864 postea
1208 815 1326 852 verba
1357 814 1513 863 protulit

450 868 523 905 sub
551 867 692 917 quibus
727 868 788 905 alii
823 875 956 917 postea
992 875 1269 905 consecrarent.
1312 868 1432 914 Quod
1459 867 1533 914 vis

450 921 590 958 dentur
608 933 744 958 sonare
761 921 880 957 verba
899 920 1108 958 Innocentii
1122 922 1167 957 III
1181 920 1201 942 ²¹⁶
1221 919 1392 957 dicentis:
1415 921 1513 957 Sane

449 974 524 1010 dici
548 979 667 1023 potest
702 973 801 1022 quod
830 975 994 1010 Christus
1024 975 1156 1010 virtute
1183 973 1308 1010 divina
1341 973 1510 1019 confecit,

449 1032 482 1062 et
504 1032 632 1074 postea
656 1026 824 1072 formam
843 1027 1021 1074 expressit
1046 1027 1114 1062 sub
1143 1038 1215 1074 qua
1238 1027 1380 1074 posteri
1406 1027 1511 1062 bene-

448 1079 620 1115 dicerent.
649 1100 673 1104 -
703 1078 780 1115 Sed
808 1086 939 1114 contra
967 1079 1044 1114 hoc
1071 1090 1248 1126 expresse
1277 1085 1366 1114 sunt
1392 1077 1511 1114 verba

448 1130 656 1178 Evangelii,
686 1130 726 1166 in
745 1130 886 1179 quibus
906 1130 1043 1166 dicitur
1070 1130 1177 1179 quod
1208 1129 1381 1166 Christus
1405 1131 1511 1166 bene-

448 1183 540 1219 dixit
558 1183 593 1219 *ε
623 1195 723 1231 quae
752 1182 911 1231 quidem
931 1182 1145 1219 benedictio
1175 1181 1365 1230 aliquibus
1383 1181 1511 1218 verbis

446 1235 543 1272 facta
571 1242 636 1271 est.
675 1235 787 1272 Unde
815 1234 1008 1283 praedicta
1035 1234 1154 1271 verba
1182 1234 1393 1271 Innocentii
1421 1242 1511 1271 sunt

448 1287 640 1337 opinative
670 1287 789 1335 magis
818 1287 916 1324 dicta
944 1299 1063 1336 quam
1092 1286 1393 1323 determinative.

501 1340 673 1387 Quidam
691 1339 711 1361 '¹‘
730 1347 860 1376 autem
886 1339 1064 1376 dixerunt
1086 1339 1194 1388 quod
1213 1339 1428 1376 benedictio
1449 1338 1511 1376 illa

446 1393 543 1430 facta
571 1400 625 1429 est
653 1392 887 1441 quibusdam
916 1392 996 1429 aliis
1024 1392 1151 1429 verbis
1180 1391 1292 1429 nobis
1315 1391 1463 1440 ignotis.
1485 1415 1510 1418 —

448 1446 524 1483 Sed
552 1457 624 1482 nec
651 1446 727 1482 hoc
755 1453 851 1482 stare
878 1453 1014 1494 potest.
1045 1444 1148 1492 Quia
1176 1444 1390 1481 benedictio
1419 1456 1510 1482 con—

447 1498 666 1535 secrationis
701 1510 805 1535 nunc
832 1498 1028 1547 perficitur
1059 1510 1128 1547 per
1156 1497 1418 1534 recitationem
1446 1509 1509 1535 eo-

446 1563 531 1588 rum
562 1563 662 1600 quae
681 1559 773 1588 tunc
791 1559 874 1588 acta
893 1559 992 1588 sunt.
1020 1551 1144 1598 Unde,
1165 1550 1196 1587 si
1214 1558 1308 1587 tunc
1325 1562 1396 1599 per
1414 1551 1510 1588 haec

445 1604 564 1641 verba
591 1616 671 1641 non
691 1612 747 1641 est
764 1604 860 1641 facta
879 1604 1127 1651 consecratio,
1156 1615 1229 1640 nec
1247 1604 1368 1640 modo
1388 1603 1508 1641 fieret.

500 1657 548 1694 Et
584 1657 672 1694 ideo
707 1656 770 1694 alii
797 1656 816 1679 ’¹‘
844 1656 1021 1694 dixerunt
1058 1657 1165 1706 quod
1200 1656 1262 1693 illa
1293 1656 1509 1694 benedictio

447 1709 593 1748 eisdem
621 1709 735 1747 etiam
762 1709 889 1747 verbis
916 1710 1012 1747 facta
1045 1718 1100 1747 est
1127 1709 1269 1759 quibus
1297 1709 1418 1747 modo
1446 1709 1507 1758 fit,

447 1763 514 1800 sed
544 1762 716 1800 Christus
744 1775 790 1799 ea
816 1762 874 1799 bis
904 1763 1078 1812 protulit:
1108 1762 1236 1812 primo
1265 1762 1424 1812 quidem
1453 1775 1509 1800 se-

447 1823 562 1863 creto,
592 1816 641 1852 ad
668 1816 992 1860 consecrandum;
1022 1815 1193 1853 secundo
1222 1815 1432 1862 manifeste,
1460 1816 1509 1853 ad

446 1868 725 1906 instruendum.
756 1891 780 1895 —
810 1869 887 1906 Sed
914 1881 986 1906 nec
1013 1869 1089 1906 hoc
1116 1876 1214 1906 stare
1241 1876 1376 1918 potest.
1407 1868 1510 1916 Quia

447 1921 624 1959 sacerdos
651 1928 848 1958 consecrat
874 1922 1071 1971 proferens
1094 1922 1191 1959 haec
1213 1921 1343 1970 verba,
1367 1933 1449 1959 non
1467 1929 1510 1958 ut

446 1987 469 2011 a
498 1974 648 2011 Christo
677 1974 716 2011 in
745 1975 892 2011 occulta
919 1974 1186 2012 benedictione
1221 1974 1342 2021 dicta,
1371 1975 1439 2012 sed
1467 1983 1509 2012 ut

445 2027 597 2076 publice
629 2028 786 2076 prolata.
829 2028 941 2065 Unde
954 2057 963 2074 ,
997 2039 1089 2065 cum
1121 2039 1201 2065 non
1234 2027 1401 2065 habeant
1427 2027 1509 2065 vim

445 2079 672 2117 huiusmodi
698 2080 817 2117 verba
849 2080 922 2118 nisi
950 2093 996 2118 ex
1025 2079 1164 2118 Christi
1198 2080 1424 2129 prolatione,
1453 2080 1509 2118 vi-

445 2133 556 2170 detur
590 2133 698 2182 quod
732 2132 847 2170 etiam
877 2133 1051 2171 Christus
1085 2132 1283 2171 manifeste
1312 2146 1357 2171 ea
1384 2133 1509 2183 profe-

446 2197 534 2223 rens
561 2193 850 2223 consecraverit.

499 2239 547 2275 Et
574 2238 662 2276 ideo
690 2238 785 2275 alii*
803 2238 979 2276 dixerunt
1007 2239 1116 2288 quod
1144 2238 1408 2287 Evangelistae
1427 2251 1509 2277 non

446 2303 600 2340 semper
627 2291 797 2329 eundem
825 2291 1003 2329 ordinem
1039 2292 1079 2329 in
1107 2291 1302 2329 recitando
1331 2304 1508 2330 servave-

446 2351 536 2381 runt
563 2356 642 2393 quo
671 2356 731 2381 res
759 2352 848 2382 sunt
874 2352 1019 2393 gestae:
1049 2352 1093 2382 ut
1119 2352 1222 2394 patet
1243 2357 1313 2394 per
1331 2345 1509 2393 Augusti-

447 2408 556 2442 num,
568 2397 607 2433 in
625 2397 722 2434 libro
742 2397 787 2434 de
805 2399 994 2435 Consensu
1008 2398 1334 2447 Evangelistarum
1344 2397 1375 2435 *.
1396 2399 1508 2436 Unde

447 2449 734 2498 intelligendum
761 2457 816 2487 est
843 2450 1021 2488 ordinem
1049 2450 1102 2487 rei
1120 2458 1246 2498 gestae
1275 2450 1328 2487 sic
1346 2451 1509 2501 exprimi

447 2514 580 2551 posse:
615 2503 812 2552 Accipiens
834 2515 995 2553 panem,
1024 2503 1208 2540 benedixit
1246 2503 1386 2550 dicens,
1420 2505 1510 2541 Hoc

448 2561 659 2604 estcorpus
686 2567 830 2602 meum,
858 2562 891 2592 et
918 2556 1049 2593 deinde
1065 2557 1190 2605 fregit
1216 2562 1249 2592 et
1277 2556 1372 2593 dedit
1403 2557 1508 2594 disci-

442 2608 542 2657 pulis
568 2609 652 2644 suis.
673 2630 698 2635 —
719 2608 795 2645 Sed
814 2608 918 2646 idem
938 2620 1072 2645 sensus
1090 2615 1215 2658 potest
1234 2620 1315 2645 esse
1334 2609 1374 2646 in
1393 2607 1407 2631 ⁶
1426 2621 1509 2646 ver-

447 2659 506 2697 bis
534 2660 730 2709 Evangelii
754 2673 834 2698 non
853 2661 1018 2699 mutatis.
1048 2662 1152 2698 Nam
1171 2661 1247 2698 hoc
1265 2661 1508 2711 participium

499 2792 526 2826 γ)
545 2800 591 2818 ex.
608 2807 627 2811 -
645 2793 722 2825 quasi
740 2799 777 2817 ex
794 2793 876 2818 tertia.

499 2827 524 2862 δ)
539 2831 630 2860 potest
647 2835 703 2853 esse
722 2828 759 2854 in.
771 2842 791 2847 -
804 2831 895 2860 potest
913 2835 968 2853 esse
986 2828 1067 2854 etiam
1086 2828 1118 2859 G,
1129 2832 1220 2861 potest
1237 2829 1319 2854 etiam
1338 2837 1393 2855 esse
1411 2830 1444 2860 H,
1458 2837 1509 2862 po-

1565 352 1651 376 rum
1690 340 1928 388 prolatorum
1963 338 2012 375 ad
2040 350 2085 374 ea
2119 350 2219 387 quae
2247 340 2491 387 praecedunt.
2533 341 2626 377 Non

1565 400 1695 429 autem
1724 398 1873 441 oportet
1910 391 2017 440 quod
2045 391 2140 427 haec
2168 391 2463 429 concomitantia
2494 392 2626 430 intelli-

1565 453 1674 493 gatur
1702 446 1828 482 solum
1857 451 2032 493 respectu
2059 442 2167 480 verbi
2189 442 2312 480 ultimi
2340 444 2487 493 prolati,
2517 445 2626 494 quasi

1567 497 1740 535 Christus
1768 505 1860 534 tunc
1888 496 1956 533 ista
1974 496 2093 533 verba
2112 495 2310 544 protulerit
2338 498 2496 546 quando
2524 497 2628 534 dedit

1566 550 1760 600 discipulis
1788 549 1883 587 suis:
1914 549 1981 586 sed
2009 556 2133 598 potest
2161 548 2313 597 intelligi
2332 550 2628 587 concomitantia

1566 611 1741 653 respectu
1769 602 1883 640 totius
1911 601 2182 652 praecedentis,
2212 609 2254 638 ut
2273 601 2319 638 sit
2342 614 2496 639 sensus:
2525 604 2627 639 Dum

1566 656 1792 694 benediceret
1824 662 1858 692 et
1879 656 2083 705 frangeret
2118 661 2150 691 et
2182 654 2286 691 daret
2323 655 2507 704 discipulis
2533 657 2623 702 suis,

1566 711 1657 746 haec
1683 711 1797 746 verba
1825 709 1927 754 dixit,
1947 709 2112 758 Accipite
2130 713 2195 744 etc.

1618 763 1676 798 AD
1701 774 1891 799 SECUNDUM
1913 773 2095 799 mei-:unum
2123 761 2231 809 quod
2259 760 2298 797 in
2317 760 2377 797 his
2395 759 2535 805 verbis,
2554 762 2627 798 Ac-

1566 816 1672 864 cipite
1699 820 1732 851 et
1759 814 1948 860 comedite,
1977 813 2193 862 intelligitur
2221 826 2315 850 usus
2336 812 2518 851 materiae
2537 825 2628 851 con·

1566 874 1742 914 secratae,
1772 866 1839 916 qui
1867 879 1948 904 non
1976 874 2031 904 est
2058 867 2107 903 de
2130 866 2351 904 necessitate
2370 866 2487 903 huius
2506 878 2628 904 sacra-

1566 919 1696 966 menti,
1726 927 1768 957 ut
1796 932 1912 969 supra
1930 920 1950 942 '¹‘
1977 919 2153 957 habitum
2173 927 2238 956 est.
2269 920 2317 956 Et
2335 919 2423 956 ideo
2443 931 2515 957 nec
2533 920 2630 957 haec

1565 973 1684 1010 verba
1711 980 1799 1009 sunt
1826 973 1875 1009 de
1903 972 2112 1010 substantia
2140 972 2298 1009 formae.
2339 998 2346 1004 -

1619 1025 1722 1072 Quia
1749 1033 1879 1062 tamen
1907 1026 1956 1062 ad
1984 1025 2183 1074 quandam
2203 1025 2478 1074 perfectionem
2506 1037 2628 1063 sacra-

1565 1078 1685 1114 menti
1713 1077 1875 1126 pertinet
1903 1078 2083 1115 materiae
2111 1086 2354 1115 consecratae
2383 1091 2498 1124 usus,
2533 1078 2629 1115 sicut

1565 1129 1737 1179 operatio
1752 1142 1833 1167 non
1853 1138 1908 1166 est
1926 1130 2063 1179 prima,
2079 1131 2146 1167 sed
2167 1131 2336 1168 secunda
2355 1131 2535 1180 perfectio
2555 1131 2627 1178 rei3

1564 1182 1653 1219 ideo
1681 1194 1751 1231 per
1779 1182 1911 1219 omnia
1933 1183 2030 1219 haec
2048 1183 2167 1219 verba
2186 1183 2412 1232 exprimitur
2438 1191 2518 1221 tota
2543 1196 2628 1233 per-

1563 1234 1675 1271 fectio
1704 1234 1820 1271 huius
1846 1234 2083 1272 sacramenti.
2113 1236 2162 1272 Et
2189 1236 2265 1272 1106
2288 1236 2408 1273 modo
2437 1237 2630 1274 Eusebius

1564 1286 1743 1324 intellexit
1770 1286 1829 1323 his
1857 1286 1984 1324 verbis
2012 1286 2151 1324 confici
2183 1296 2480 1334 sacramentum,
2507 1301 2629 1338 quan-

1563 1347 1649 1376 tum
1668 1339 1717 1376 ad
1734 1339 1898 1388 primam
1921 1347 1958 1376 et
1975 1339 2188 1377 secundam
2202 1340 2478 1389 perfectionem
2497 1341 2628 1390 ipsius.

1617 1393 1674 1428 An
1701 1404 1862 1429 ’ri-:arium
1889 1404 2071 1430 nicENDUM
2100 1393 2207 1442 quod
2235 1392 2275 1430 in
2303 1401 2544 1431 sacramento
2563 1394 2629 1432 ba-

1563 1444 1692 1494 ptismi
1706 1444 1879 1482 minister
1893 1444 2062 1494 aliquem
2081 1452 2211 1483 actum
2230 1453 2380 1483 exercet
2397 1446 2497 1484 circa
2511 1459 2630 1484 usum

1564 1497 1761 1544 materiae,
1791 1497 1858 1548 qui
1887 1505 1943 1535 est
1971 1498 2019 1535 de
2047 1498 2209 1535 essentia
2237 1499 2484 1537 sacramenti:
2522 1500 2630 1550 quod

1564 1563 1644 1588 non
1673 1558 1728 1588 est
1756 1550 1795 1588 in
1823 1551 1900 1588 hoc
1927 1559 2179 1588 sacramento.
2209 1552 2257 1589 Et
2284 1551 2373 1589 ideo
2401 1564 2482 1590 non
2501 1560 2557 1590 est
2584 1552 2630 1591 si·

1564 1603 1664 1641 milis
1693 1603 1800 1641 ratio.

1617 1658 1674 1694 AD
1703 1669 1875 1700 QUARTUM
1907 1669 2089 1695 DICENDUM
2122 1657 2230 1707 quod
2264 1657 2425 1707 quidam
2452 1657 2631 1696 dixerunt

1563 1710 1640 1747 hoc
1673 1717 1959 1747 sacramentum
1992 1709 2127 1759 perfici
2163 1722 2244 1748 non
2276 1722 2391 1760 posse
2426 1711 2631 1761 praedictis

1563 1762 1690 1800 verbis
1717 1762 1873 1812 prolatis
1906 1770 1943 1800 et
1976 1762 2058 1800 aliis
2088 1763 2385 1812 praetermissis,
2423 1764 2630 1815 praecipue

1563 1828 1664 1865 quae
1683 1823 1772 1853 sunt
1790 1815 1830 1853 in
1849 1827 1998 1853 canone
2017 1815 2168 1854 missae.
2189 1839 2215 1843 —
2235 1817 2313 1855 Sed
2331 1817 2408 1854 hoc
2425 1824 2528 1867 patet
2547 1829 2630 1855 esse

1562 1869 1712 1906 falsum.
1746 1869 1855 1906 Tum
1883 1881 1930 1906 ex
1957 1869 2084 1906 verbis
2112 1869 2308 1907 Ambrosii
2335 1881 2453 1919 supra
2469 1870 2491 1892 ¹⁸²
2517 1869 2630 1908 indu·
2657 1872 2668 1883 ‘

1563 1921 1642 1959 ctis.
1671 1922 1779 1959 Tum
1798 1921 1914 1959 etiam
1933 1921 2025 1971 quia
2043 1934 2170 1959 canon
2188 1922 2328 1960 missae
2351 1934 2432 1960 non
2451 1930 2507 1960 est
2525 1922 2631 1961 idem

1563 1974 1669 2024 apud
1697 1986 1846 2022 omnes,
1875 1986 1948 2011 nec
1967 1975 2184 2012 secundum
2203 1975 2336 2013 omnia
2354 1983 2542 2025 tempora,
2562 1976 2632 2014 sed

1563 2027 1716 2065 diversa
1743 2035 1832 2065 sunt
1859 2040 1882 2065 a
1909 2027 2069 2065 diversis
2095 2028 2282 2078 apposita.

1616 2081 1729 2119 Unde
1763 2080 1971 2118 dicendum
2010 2088 2067 2117 est
2099 2081 2228 2130 quod,
2267 2080 2299 2118 si
2335 2081 2515 2119 sacerdos
2548 2083 2631 2120 sola

1563 2132 1903 2183 verba'praedicta
1933 2134 2119 2183 proferret
2153 2146 2245 2171 cum
2272 2133 2483 2172 intentione
2509 2133 2630 2173 confi-

1563 2186 1689 2224 ciendi
1716 2187 1794 2224 hoc
1821 2194 2117 2234 sacramentum,
2145 2186 2395 2237 perficeretur
2412 2188 2489 2225 hoc
2506 2199 2630 2226 sam-

1563 2247 1760 2277 mentum:
1791 2239 1883 2289 quia
1910 2239 2068 2277 intentio
2095 2239 2235 2277 faceret
2261 2247 2305 2277 ut
2322 2241 2419 2278 haec
2436 2240 2557 2278 verba
2574 2239 2629 2278 in-

1562 2292 1819 2340 telligerentur
1854 2292 1966 2341 quasi
2002 2304 2049 2330 ex
2082 2304 2249 2342 persona
2284 2292 2426 2330 Christi
2460 2294 2627 2343 prolata,

1564 2344 1679 2383 etiam
1707 2345 1738 2382 si
1765 2345 1892 2382 verbis
1919 2345 2238 2394 praecedentibus
2274 2346 2351 2383 hoc
2384 2357 2465 2383 non
2497 2344 2628 2385 recita-

1564 2405 1678 2435 retur.
1705 2397 1881 2435 Graviter
1906 2405 2038 2435 tamen
2065 2405 2240 2448 peccaret
2267 2398 2446 2436 sacerdos
2465 2397 2519 2436 sic
2537 2410 2629 2437 con—

1562 2450 1697 2488 ficiens
1725 2451 1801 2488 hoc
1828 2458 2124 2497 sacramentum,
2145 2458 2279 2501 utpote
2298 2450 2416 2488 ritum
2434 2451 2629 2490 Ecclesiae

1562 2515 1643 2541 non
1671 2515 1840 2541 servans.
1870 2504 1954 2540 Nec
1982 2511 2037 2541 est
2065 2503 2187 2541 simile
2214 2504 2263 2542 de
2285 2504 2490 2554 baptismo,
2519 2505 2628 2554 quod

1563 2564 1619 2593 est
1656 2563 1941 2594 sacramentum
1977 2556 2228 2594 necessitatis:
2267 2557 2460 2594 defectum
2497 2565 2629 2596 autern

1562 2608 1680 2646 huius
1708 2609 1935 2647 sacramenti
1957 2616 2081 2658 potest
2099 2611 2279 2659 supplere
2298 2610 2500 2660 spiritualis
2518 2622 2628 2649 man-

1563 2661 1730 2709 ducatio,
1758 2669 1802 2699 ut
1828 2662 2066 2710 Augustinus
2094 2662 2183 2700 dicit
2201 2662 2232 2700 ⁷¹⁸.

1564 2798 1616 2820 test
1633 2795 1726 2820 haberi
1744 2795 1770 2820 in
1791 2795 1819 2826 F,
1838 2795 1931 2820 haberi
1943 2798 2035 2828 potest
2052 2795 2132 2821 etiam
2153 2795 2193 2821 Pl.
2222 2794 2224 2798 ’

1116 2908 1452 2942 commentaria
1475 2908 1728 2942 Cardinalis
1750 2910 1954 2943 Caietam·

446 2988 462 3003 ³*
539 2997 609 3016 mea
638 2987 759 3026 primos
782 2987 931 3017 articulos
956 2987 1150 3027 quaestionis
1166 2989 1506 3028 septuagesimaeocta-

476 2997 612 3065 Cvae,
636 3030 835 3061 tractandum
869 3032 1008 3062 occurrit
1040 3031 1174 3062 dubium
1202 3031 1241 3062 de
1271 3033 1374 3063 verbis
1397 3042 1506 3063 neces-

447 3072 532 3104 sariis
548 3074 588 3105 ad
603 3075 877 3105 consecrationem
900 3076 1072 3115 sanguinis.
1097 3076 1147 3112 Et,
1167 3077 1293 3106 omissis
1313 3077 1507 3116 argumentis

447 3119 522 3148 hinc
546 3124 576 3148 et
598 3118 682 3154 inde,
706 3118 800 3158 plana
822 3119 1002 3150 incedendo
1026 3120 1086 3155 via,
1110 3119 1276 3150 sciendum
1296 3126 1342 3151 est
1366 3120 1507 3152 Graecos

449 3167 480 3191 et
502 3162 632 3192 Latinos
655 3172 722 3192 non
746 3164 916 3193 convenire
941 3164 973 3193 in
997 3164 1099 3193 verbis
1116 3165 1364 3195 consecrationis
1381 3165 1507 3205 sangui—

448 3205 506 3234 nis.
530 3205 622 3241 Nam,
644 3211 679 3236 ut
701 3206 871 3236 Durandus
895 3206 990 3237 refert
1005 3208 1032 3243 *,
1050 3212 1080 3237 et
1104 3217 1164 3237 nos
1188 3207 1350 3238 certificati
1374 3218 1507 3248 quoque

449 3257 569 3284 sumus,
586 3255 724 3288 quatuor
747 3249 902 3280 dictiones
917 3251 1011 3281 habet
1035 3251 1137 3281 forma
1159 3257 1267 3282 nostra
1291 3253 1407 3292 quibus
1423 3258 1508 3283 caret

450 3291 591 3322 Ecclesia
619 3292 749 3328 Graeca,
773 3293 901 3329 scilicet,
918 3295 1015 3329 calix,
1040 3295 1173 3330 aeterni,
1195 3296 1393 3336 mysterium,
1412 3296 1506 3337 fidei.

450 3335 491 3366 Et
514 3345 588 3366 cum
610 3337 643 3366 in
666 3336 807 3366 Ecclesia
831 3336 953 3367 Graeca
975 3343 1023 3368 tot
1045 3338 1181 3368 illustres
1197 3341 1297 3370 sancti
1313 3345 1344 3370 et
1359 3340 1507 3370 doctores

450 3378 623 3415 floruerint,
640 3379 850 3410 dubitandum
873 3381 963 3411 nullo
979 3387 1074 3420 pacto
1092 3387 1138 3412 est
1162 3382 1200 3412 de
1220 3383 1408 3414 sufficientia
1423 3384 1507 3414 illius

450 3422 580 3458 formae,
600 3423 733 3453 scilicet:
755 3423 821 3454 Hic
836 3429 882 3453 est
896 3425 1031 3465 sanguis
1047 3435 1135 3455 meus
1154 3427 1230 3456 novi
1249 3427 1435 3462 testamenti,
1452 3428 1508 3467 qui

444 3477 508 3506 pro
533 3467 619 3497 vobis
643 3473 673 3497 et
689 3477 753 3507 pro
778 3468 885 3497 multis
908 3468 1091 3508 effundetur
1114 3469 1146 3498 in
1164 3469 1381 3500 remissionem
1393 3481 1507 3510 pecca—

451 3515 556 3541 torum
573 3512 599 3541 ³⁶.
624 3511 708 3541 Hinc
729 3512 815 3541 enim
831 3511 1022 3542 sufficienter
1037 3513 1190 3552 probatur
1212 3523 1279 3543 non
1305 3515 1412 3544 omnia
1437 3515 1507 3554 qui-

1561 2990 1620 3019 bus
1641 2990 1761 3021 utimur
1783 2990 1817 3020 in
1841 2989 1943 3020 forma
1967 2990 2215 3021 consecrationis
2238 2989 2400 3029 sanguinis
2423 2998 2491 3022 esse
2505 2989 2547 3021 de
2569 2998 2625 3020 ne-

1562 3034 1705 3064 cessitate
1729 3035 1926 3065 sacramenti.

1616 3078 1657 3108 Et
1668 3079 1694 3108 si
1706 3077 1887 3118 diligentius
1903 3078 2089 3118 perscrutati
2105 3077 2269 3114 fuerimus,
2283 3077 2404 3108 clarum
2419 3085 2554 3122 quoque
2569 3076 2624 3108 fiet

1561 3121 1650 3162 quod
1665 3122 1718 3152 illa
1735 3123 1838 3158 verba,
1862 3123 1918 3163 qui
1926 3131 1992 3162 pro
2009 3122 2098 3152 vobis
2121 3126 2152 3152 et
2169 3130 2233 3162 pro
2250 3120 2360 3152 multis
2376 3126 2447 3157 ete„
2466 3130 2534 3152 non
2550 3127 2624 3153 sunt

1560 3165 1600 3196 de
1618 3166 1805 3196 necessitate
1820 3165 2017 3196 sacramenti.
2042 3165 2142 3204 Quod
2157 3175 2195 3195 ex
2211 3174 2251 3196 eo
2267 3165 2421 3206 probatur
2436 3164 2526 3205 quod
2541 3165 2624 3196 Pau-

1559 3209 1608 3240 lus
1632 3210 1820 3249 Apostolus,
1841 3209 1853 3239 1
1870 3209 1909 3240 ad
1925 3208 2002 3240 Cor.
2018 3219 2051 3239 x1
2066 3209 2093 3246 ³,
2118 3218 2264 3249 expresse
2287 3207 2552 3250 dicirchristum
2576 3209 2623 3240 di-

1560 3254 1651 3289 xisse,
1663 3253 1739 3284 Hoc
1762 3258 1809 3284 est
1830 3262 1948 3294 empus
1966 3262 2080 3288 meum,
2104 3253 2192 3294 quod
2207 3262 2273 3294 pro
2291 3252 2379 3286 uobis
2402 3252 2569 3290 tradetur-,⁸
2591 3259 2623 3285 et

1560 3297 1703 3327 Ecclesia
1733 3297 1855 3328 Graeca
1886 3297 1985 3327 utitur
2014 3297 2074 3327 hac
2102 3296 2205 3327 forma
2227 3298 2260 3327 in
2285 3297 2525 3329 consecratione
2552 3306 2623 3328 cor-

1558 3342 1661 3380 poris,
1684 3340 1762 3371 Hoc
1784 3346 1831 3372 est
1853 3350 1971 3381 corpus
1993 3350 2114 3377 meum,
2141 3341 2229 3382 quod
2249 3350 2314 3382 pro
2338 3341 2427 3371 vobis
2440 3341 2622 3383 frangitur
2674 3360 2675 3363 =

1561 3385 1593 3414 in
1618 3385 1837 3415 remissionem
1846 3390 2056 3425 peccatorum
2072 3386 2105 3420 ἢ
2126 3385 2273 3417 Romana
2295 3390 2403 3415 autem
2423 3385 2567 3416 Ecclesia
2588 3386 2623 3418 in

1561 3429 1801 3458 consecratione
1825 3429 1967 3468 corporis
1997 3428 2190 3468 praedictam
2217 3429 2475 3466 adiunctionem,
2505 3429 2623 3461 dictam

1562 3481 1579 3501 a
1604 3471 1741 3508 Christo,
1766 3472 1894 3502 omittit.
1918 3472 1965 3502 Ex
1989 3482 2055 3512 quo
2080 3472 2163 3503 facto
2187 3478 2318 3515 apparet
2340 3473 2506 3504 manifeste
2534 3473 2623 3514 quod

1562 3515 1747 3545 huiusmodi
1770 3515 1899 3551 additio,
1924 3515 2005 3546 facta
2025 3527 2042 3546 a
2063 3517 2200 3554 Christo,
2219 3523 2329 3559 etqua
2349 3522 2481 3548 utuntur
2497 3517 2621 3554 Graeci,

2656 921 2667 931 '¹
2682 919 2729 948 Qu.
2739 923 2872 948 numm-
2900 951 2901 955 Ἰ

2653 2651 2870 2684 ἀςιι-ιιι,

2653 2680 2814 2710 nri-5⁸61.

2651 3213 2742 3237 'Vei-n.
2755 3219 2794 3243 2⁴.

2650 3360 2865 3422 winae-'ff'

2650 3417 2729 3440 supra.
2800 3426 2805 3431 .
2860 3411 2864 3443 J
