2878 4088
990 110 1254 158 QUAESTIO
1283 110 1417 157 XCVI,
1437 108 1732 146 ARTICULUS
1760 110 1817 156 111,
1839 110 1889 146 IV
2438 108 2512 146 233

336 189 470 220 habetur
498 189 538 220 de
571 198 708 240 operum
739 189 955 231 perfeetione;
985 189 1041 221 sed
1055 190 1194 232 fructus
1222 190 1256 220 in
1284 189 1402 230 gaudio
1456 189 1560 219 mium
1583 186 1673 228 quod
1696 187 1829 218 debetur
1851 189 1975 219 homini
1992 199 2029 219 ex
2045 190 2108 220 hoc
2129 188 2219 229 quod
2235 199 2252 219 a
2269 189 2384 220 carnali
2407 189 2471 219 vita
2484 189 2518 218 in

336 232 427 274 quod
455 233 590 264 habetur
620 233 659 265 de
693 235 762 285 ipsa
792 234 1002 275 dispositione
1034 235 1194 275 operantis
1224 233 1403 264 secundum
1456 231 1653 273 spiritualem
1675 232 1786 262 transit
1800 233 1827 262 ’ἢ
1851 232 1892 262 Et
1914 232 1988 263 ideo
2010 233 2056 263 illi
2074 234 2181 264 virtuti
2203 234 2375 274 praecipue
2398 233 2557 264 fructus·

335 276 470 318 gradum
485 278 735 318 spiritualitatis·
726 288 760 309 ιιι
777 288 875 319 quem
889 277 1018 319 proficit
1037 288 1075 309 ex
1090 279 1212 309 semine
1228 278 1315 308 verbi
1331 277 1401 308 Dei.
1456 275 1630 317 respondet
1659 285 1742 316 quae
1771 276 1938 306 hominem
1960 278 2132 317 praecipue
2156 287 2173 307 a
2196 278 2395 308 subiectione
2418 278 2518 308 carnis

391 321 533 360 Quidam
550 322 749 363 distinguunt
763 323 845 353 inter
860 323 1023 353 aureolam
1047 328 1079 353 et
1098 322 1239 353 fructum
1261 322 1402 352 dicentes
1457 321 1576 351 liberat.
1600 320 1674 350 Hoc
1690 325 1798 350 autem
1814 319 1889 350 facit
1905 321 2114 351 continentia:
2132 322 2207 361 quia
2222 331 2279 362 per
2294 321 2519 352 delectationes

97 374 108 385 ·
122 372 191 395 Vm.
205 378 226 401 5·
336 365 427 406 quod
442 366 572 397 aureola
584 366 717 398 debetur
731 368 898 417 pugnanti,
911 367 1090 398 secundum
1106 366 1184 397 illud
1200 367 1227 397 11
1247 367 1326 396 Tim.
1343 366 1402 401 11*‚
1425 374 1434 394 5
1456 374 1607 396 venereas
1631 364 1737 394 anima
1759 364 1932 404 praecipue
1956 365 2042 394 carni
2065 365 2219 402 subditur,
2243 365 2323 396 adeo
2346 372 2383 396 ut
2397 362 2435 396 in
2447 370 2519 396 actu

336 410 412 441 Non
425 410 638 441 coronabitur
649 410 712 442 nisi
727 411 783 452 qui
795 411 936 453 legitime
951 411 1142 448 certaverim
1157 410 1278 441 fructus
1294 415 1403 440 autem
1457 408 1584 445 carnali,
1600 407 1779 439 secundum
1795 407 2033 448 Hieronymum
2048 409 2075 444 ὕ,
2099 418 2159 439 nec
2178 409 2311 449 Spiritus
2334 410 2556 450 prophetiae·

98 453 187 476 ‘Vm-
204 458 236 481 ι5·
336 454 502 491 laboranti,
527 454 706 486 secundum
729 454 809 486 illud
833 455 923 496 quod
946 455 1060 486 dicitur
1088 455 1163 495 Sap.
1187 465 1222 485 111
1237 455 1264 490 ἢ
1291 454 1402 484 Βοηο-
1457 452 1555 484 corda
1582 457 1690 492 tangat
1718 452 1966 493 prophetarum;
1999 461 2057 482 nec
2086 453 2118 482 in
2149 453 2206 483 illa
2237 454 2446 484 delectatione
2475 459 2520 484 est

0 473 7 505 '
337 508 410 530 rum
426 499 575 530 laborum
589 499 758 541 gloriosus
773 504 820 530 est
825 500 1007 541 fructus
983 499 1170 530 -Aliivero
1187 498 1298 529 dicunt
1314 497 1403 537 quod
1450 497 1606 538 possibile
1629 496 1753 537 aliquid
1776 496 1971 537 intelligere,
1995 501 2031 526 ut
2054 495 2268 536 Philosophus
2292 498 2383 530 dicit.
2407 499 2440 528 in
2466 498 2519 528 VII

337 552 432 574 aurea
447 544 576 594 respicit
591 544 838 574 conversionem
853 543 893 574 ad
916 543 1040 580 Deum;
1064 543 1120 574 sed
1138 543 1267 573 aureola
1291 547 1322 572 et
1337 541 1402 572 fru-
1455 541 1560 572 Ethic.
1573 542 1590 558 ⁴*
1608 541 1650 571 Et
1664 540 1738 571 ideo
1755 540 1970 571 continentiae
1985 540 2086 579 magis
2101 541 2271 580 respondet
2286 531 2406 572 fructus
2423 551 2557 582 quam·

337 592 407 618 ctus
423 588 603 618 consistunt
624 589 660 618 in
681 589 730 618 his
746 597 830 628 quae
845 593 920 619 sunt
942 587 983 618 ad
997 587 1108 624 finem,
1123 588 1167 618 ita
1188 592 1298 617 tamen
1313 584 1403 626 quod
1418 593 1443 608 ιο
1457 586 1509 616 alii
1532 585 1649 615 virtuti.

337 630 459 662 fructus
492 632 700 673 principalius
732 632 861 673 respicit
893 631 1104 688 voluntatem,
1127 630 1258 662 aureola
1295 634 1403 660 autem
1511 629 1563 658 An
1595 637 1713 658 ramum
1746 638 1830 658 meo
1866 637 2026 658 mmmmm
2061 628 2150 668 quod
2183 627 2296 659 Glossa
2326 630 2378 659 illa
2408 630 2522 669 accipit

0 673 6 687 '
336 676 437 716 magis
461 685 589 716 corpus.
1457 672 1598 703 fructum
1622 673 1717 712 large,
1733 671 1914 703 secundum
1933 671 2023 712 quod
2047 672 2206 713 quaelibet
2228 674 2441 703 remuneratio
2458 673 2522 703 fru-

0 693 9 797 ῐ
393 719 475 756 Sed,
501 730 577 751 cum
599 720 634 751 in
657 719 774 750 eodem
802 720 842 750 sit
870 719 961 749 labor
983 723 1015 749 et
1036 728 1147 759 pugna
1169 723 1202 748 et
1223 716 1403 748 secundum
1458 722 1528 747 ctus
1550 717 1745 747 nominatur.

337 763 439 801 idem;
459 770 491 795 et
501 764 682 804 praemium
697 764 841 804 corporis
856 772 895 793 ex
909 763 1053 803 praemio
1069 763 1195 793 animae
1207 760 1402 802 dependeat:
1512 761 1564 790 Ar>
1595 770 1759 791 sacunnma
1791 770 1953 791 mmmmm
1983 761 2073 801 quod
2094 761 2219 803 fruitio
2250 771 2318 792 non
2348 761 2484 791 sumitur
2506 770 2523 790 a

338 807 518 839 secundum
546 807 708 848 praedicta
729 816 799 838 non
821 812 904 837 esset
934 806 1111 837 differentia
1138 807 1221 836 inter
1244 805 1402 841 fructum,
1419 812 1442 833 ¹⁵
1449 805 1570 846 fructu
1593 804 1773 836 secundum
1795 804 1883 835 illam
1906 805 2147 836 similitudinem
2170 815 2234 846 qua
2256 815 2344 836 nunc
2363 805 2402 836 de
2418 805 2524 835 fructu

337 861 468 882 auream
483 857 515 882 et
530 851 695 882 aureolam
709 851 770 882 nisi
785 851 908 881 ratione
924 855 1059 882 tantum.
1079 850 1120 881 Et
1136 851 1200 881 hoc
1214 860 1283 881 non
1297 854 1404 890 potest
1457 849 1623 889 loquimur
1637 850 1664 879 ἦ

338 905 424 926 esse:
450 905 526 926 cum
541 894 735 935 quibusdam
765 895 941 935 assignetur
959 894 1081 926 fructus
1105 895 1222 935 quibus
1244 904 1313 925 non
1329 894 1404 924 assi-
1512 894 1564 924 An
1588 903 1723 924 'rna'mm
1753 903 1914 924 memnon
1945 894 2035 934 quod
2065 894 2202 931 fructus,
2227 894 2405 925 secundum
2436 893 2525 934 quod

335 944 451 980 gnatur
473 939 613 970 aureola.
1457 947 1545 968 nunc
1568 938 1744 978 loquimur,
1767 947 1836 968 non
1859 938 2032 978 respondet
2053 939 2154 969 labori
2176 940 2298 970 ratione
2322 938 2524 979 fatigationis,

391 983 453 1014 Ar?
466 993 584 1014 numm
606 993 690 1014 aneo
714 993 874 1014 memnon
897 983 988 1025 quod
1009 994 1078 1015 non
1100 989 1148 1014 est
1173 983 1404 1014 inconveniens
1458 982 1515 1013 sed
1530 982 1710 1013 secundum
1726 981 1815 1022 quod
1830 992 1888 1022 per
1903 982 2046 1013 laborem
2069 984 2192 1014 semina
2214 983 2414 1014 fructificant.
2431 982 2525 1014 Unde

337 1026 443 1059 eidem
457 1028 584 1064 merito,
600 1027 780 1059 secundum
795 1027 918 1059 diversa
933 1038 1016 1069 quae
1031 1030 1065 1059 in
1087 1028 1159 1069 ipso
1181 1033 1267 1064 sunt,
1283 1026 1405 1058 diversa
1418 1038 1445 1053 20
1459 1032 1491 1057 et
1504 1027 1592 1067 ipsae
1607 1032 1728 1067 segetes
1744 1026 1871 1057 labores
1886 1027 1902 1043 ὓ
1918 1027 2082 1058 dicuntur:
2106 1028 2299 1068 inquantum
2320 1033 2452 1068 propter
2474 1036 2526 1058 eas

336 1072 478 1112 praemia
499 1071 704 1112 respondere.
729 1071 823 1104 Unde
846 1078 878 1103 et
906 1073 1077 1114 virginitati
1103 1070 1277 1113 respondet
1299 1081 1404 1108 aurea,
1458 1071 1629 1107 laboratur,
1646 1071 1697 1101 vel
1712 1071 1820 1101 labore
1837 1071 2055 1112 acquiruntur.
2080 1071 2261 1102 Similitudo
2281 1078 2389 1102 autem
2404 1071 2525 1102 fructus

337 1115 517 1148 secundum
540 1115 631 1157 quod
653 1122 785 1157 propter
807 1117 915 1148 Deum
931 1123 1071 1148 servatur
1093 1117 1230 1157 imperio
1255 1117 1404 1152 caritatis;
1459 1114 1639 1146 secundum
1663 1115 1753 1166 quod
1776 1116 1876 1146 oritur
1899 1125 1936 1146 ex
1961 1117 2096 1152 semine,
2120 1117 2221 1157 magis
2244 1122 2369 1157 aptatur
2391 1117 2424 1147 in
2448 1126 2525 1146 con-

338 1160 469 1192 aureola
495 1170 573 1192 vero
603 1160 782 1192 secundum
808 1161 898 1212 quod
929 1167 976 1192 est
1005 1161 1171 1202 quoddam
1200 1160 1406 1201 perfectionis
1459 1160 1593 1190 tinentia
1616 1169 1714 1200 quam
1737 1160 1771 1190 in
1794 1159 1997 1191 fortitudine.
2027 1161 2102 1200 quia
2129 1170 2187 1200 per
2214 1161 2377 1200 passiones
2400 1160 2525 1191 fortitu-

339 1214 423 1246 opus
450 1205 572 1236 habens
594 1206 752 1236 rationem
774 1206 927 1237 victoriae
956 1206 1156 1243 excellentis;
1179 1205 1302 1236 fructus
1329 1214 1406 1236 vero
1461 1203 1543 1234 dinis
1566 1204 1667 1234 homo
1691 1213 1759 1234 non
1783 1204 1927 1235 subditur
1954 1205 2050 1241 carni,
2075 1205 2157 1235 sicut
2179 1214 2236 1245 per
2258 1206 2422 1245 passiones
2445 1205 2527 1235 circa

339 1249 519 1286 secundum
531 1249 633 1290 quod
655 1259 713 1290 per
734 1250 947 1290 virginitatem
969 1251 1071 1281 homo
1094 1251 1128 1281 ιιι
1151 1249 1314 1290 quandam
1343 1250 1407 1290 spi·
1421 1260 1445 1280 ις
1461 1257 1541 1289 quas
1564 1254 1611 1279 est
1633 1248 1839 1279 continentia.

338 1293 543 1325 ritualitatem
565 1295 685 1331 transit,
709 1304 728 1324 a
749 1295 932 1325 carnalitate
954 1294 1116 1326 recedens.
1516 1293 1568 1323 Ar>
1585 1302 1733 1323 unaarum
1748 1302 1907 1323 nrcnnnum
1925 1293 2024 1334 quod,
2041 1294 2187 1333 quamvis
2203 1293 2429 1324 delectationes
2445 1302 2527 1333 quae

394 1338 446 1368 An
476 1348 639 1369 secuuntur
666 1348 827 1369 ιιιοιςιωσιι
856 1339 947 1380 quod
975 1338 1097 1370 fructus
1126 1338 1306 1369 secundum
1333 1347 1408 1378 pro·
1462 1342 1537 1368 sunt
1559 1338 1593 1367 in
1615 1337 1711 1373 cibis,
1735 1343 1809 1367 sunt
1838 1339 1938 1378 magis
1967 1338 2162 1368 necessariae
2191 1338 2252 1368 illis
2282 1347 2364 1378 quae
2395 1343 2469 1368 sunt
2494 1338 2527 1367 in

339 1382 443 1423 priam
465 1383 698 1423 acceptionem,
721 1389 819 1423 prout
841 1393 929 1414 nunc
944 1383 1120 1424 loquimur,
1135 1392 1204 1413 non
1227 1382 1304 1413 dicit
1317 1391 1409 1423 prae·
1462 1382 1620 1417 venereis,
1644 1391 1713 1411 non
1735 1386 1843 1412 tamen
1870 1387 1944 1413 sunt
1966 1383 2010 1412 ita
2032 1382 2248 1412 vehementes.
2279 1382 2373 1413 Unde
2396 1391 2453 1422 per
2477 1391 2528 1412 eas

339 1426 444 1458 mium
467 1436 642 1458 commune
664 1428 817 1468 martyrio
841 1433 873 1458 et
895 1428 1079 1468 virginitati,
1103 1427 1159 1458 sed
1181 1427 1282 1458 nibus
1306 1427 1408 1457 conti-
1463 1426 1569 1456 anima
1591 1435 1659 1456 non
1682 1426 1725 1456 ita
1747 1425 1893 1456 subditur
1917 1427 2012 1457 carni.

98 1471 159 1496 ‘Cf
177 1475 299 1501 *mam-
340 1471 470 1502 nentiae
491 1471 641 1512 gradibus
652 1472 679 1502 ⁴².
705 1470 820 1502 Glossa
843 1477 952 1502 autem
974 1472 1029 1502 illa
1051 1481 1135 1512 quae
1150 1472 1244 1512 ponit
1267 1470 1409 1502 fructum
1423 1480 1449 1501 ιο
1510 1470 1562 1500 An
1586 1480 1726 1500 nummu
1756 1480 1916 1500 mcnnnim
1946 1470 2036 1510 quod
2065 1470 2186 1501 fructus
2216 1481 2283 1501 non
2314 1471 2450 1501 sumitur
2476 1471 2528 1500 hic

341 1516 554 1547 centesimum
575 1516 767 1557 martyribus
789 1516 994 1556 respondere,
1017 1516 1103 1556 large
1126 1516 1242 1556 accipit
1257 1515 1408 1552 fructum,
1463 1514 1642 1545 secundum
1666 1513 1756 1555 quod
1769 1515 1848 1556 frui
1871 1515 1986 1545 dicitur
2008 1515 2065 1555 qui
2083 1514 2223 1546 reficitur
2245 1516 2278 1545 in
2301 1514 2376 1551 fine,
2393 1514 2447 1545 sed
2466 1515 2528 1545 alio

341 1559 521 1591 secundum
545 1559 636 1600 quod
658 1560 819 1600 quaelibet
841 1561 1057 1591 remuneratio
1081 1559 1196 1591 dicitur
1211 1559 1349 1590 fructus:
1373 1565 1410 1590 ut
1464 1558 1565 1590 modo
1581 1560 1608 1589 ἢ
1633 1559 1674 1589 Et
1696 1558 1771 1589 ideo
1794 1559 1875 1589 ratio
1898 1569 1967 1590 non
1990 1560 2143 1599 sequitur.

342 1604 395 1655 sic·
404 1613 462 1644 per
473 1605 694 1655 'centesimum
717 1603 863 1655 fructum
881 1605 1097 1655 remuneratio
1121 1604 1304 1645 designetur
1327 1613 1410 1644 quae
1486 1633 1576 1664 ΛΒΤ
1605 1633 1647 1664 IV

341 1648 537 1688 quibuslibet
559 1648 711 1688 operibus
732 1648 939 1688 perfecnoms
961 1648 1105 1679 debetur,
1580 1657 1587 1664 .
1651 1657 1657 1664 .
1678 1643 1782 1664 urium
1804 1643 2041 1664 commawran
2059 1643 2268 1664 ΑεειοΝιιΝτυιι
2283 1644 2357 1664 ’rans
2373 1643 2508 1664 tuncrus

395 1692 448 1723 An
471 1702 607 1723 aarum
629 1702 790 1723 nrcsnnux
812 1692 912 1733 quod,
929 1694 1076 1733 quamvis
1099 1693 1229 1723 aureola
1247 1694 1287 1723 sit
1306 1692 1411 1733 quod·
1426 1701 1448 1722 ³5
1733 1688 1839 1708 nunus
1863 1687 2091 1708 commen-rma
2117 1688 2263 1708 PART¹¹³U⁵

341 1735 417 1768 dam
439 1735 635 1767 accidentale
663 1737 844 1777 praemium
875 1737 1033 1767 essentiali
1062 1737 1313 1777 superadditum,
1342 1747 1412 1767 non
1798 1728 1821 1749 ¹⁵
1835 1727 1944 1762 ¹¹¹⁶'›‘''¹'
1959 1734 2018 1754 '³¹¹’
2033 1732 2075 1749 ἠ·
2090 1734 2110 1756 3·
2125 1729 2154 1750 ³⁶¹
2169 1735 2189 1750 ²'

341 1785 450 1812 tamen
473 1790 572 1812 omne
594 1781 789 1812 accidentale
811 1782 992 1821 praemium
1015 1786 1063 1812 est
1078 1782 1224 1812 aureola:
1246 1781 1302 1812 sed
1320 1791 1411 1822 prae·
1531 1789 1553 1809 n
1567 1788 1715 1810 numum(
1730 1789 1777 1809 s10
1792 1788 1997 1809 PROCEDrrUR.
2014 1778 2148 1810 Videtur
2165 1779 2254 1819 quod
2270 1780 2532 1811 inconvenienter

341 1825 445 1856 mium
461 1824 501 1856 de
517 1826 668 1866 operibus
682 1825 899 1866 perfectionis,
915 1827 1033 1866 quibus
1047 1826 1148 1857 homo
1164 1827 1304 1857 maxime
1320 1825 1413 1857 Clu-i-
1468 1791 1733 1864 Aassignentur
1760 1829 1823 1853 tres
1850 1822 1971 1853 fructus
1999 1823 2098 1854 tribus
2132 1824 2348 1854 continentiae
2378 1826 2529 1865 partibus.

102 1866 116 1879 ²
128 1865 165 1889 ct.
178 1869 221 1889 Μ·
238 1873 257 1889 ¹·
342 1874 393 1901 sto
414 1869 644 1906 conformatur,
664 1869 843 1901 secundum
867 1869 1063 1911 praedictam
1083 1871 1250 1901 victoriam
1266 1872 1293 1901 ”.
1321 1870 1413 1902 Unde
1467 1868 1553 1906 Quia
1578 1868 1685 1899 Galat.
1701 1877 1722 1898 v
1737 1868 1754 1884 *
1777 1873 1945 1908 ponuntur
1968 1867 2140 1898 duodecim
2163 1867 2285 1899 fructus
2309 1868 2452 1908 Spiritus,
2473 1871 2532 1900 sci-

342 1923 411 1945 non
433 1919 482 1945 est
503 1914 736 1945 inconveniens
759 1914 848 1955 quod
871 1915 1075 1946 abstractioni
1097 1925 1116 1945 a
1139 1915 1256 1945 carnali
1278 1916 1342 1946 vita
1358 1915 1413 1945 ali-
1427 1927 1454 1947 40
1467 1913 1542 1943 licet
1562 1912 1731 1954 gaudium,
1741 1921 1824 1952 pax,
1841 1917 1901 1942 etc.
1918 1912 1959 1942 Et
1974 1911 2048 1943 ideo
2070 1912 2194 1943 videtur
2209 1912 2298 1953 quod
2313 1923 2380 1943 non
2396 1913 2532 1945 debeant

343 1957 434 2000 quod
456 1958 544 1990 aliud
567 1958 761 1990 accidentale
783 1960 964 1999 praemium
988 1959 1149 1996 debeatur,
1179 1959 1269 2000 quod
1292 1958 1413 1990 fructus
1466 1958 1547 1997 poni
1569 1962 1632 1987 tres
1655 1962 1790 1987 tantum.

343 2002 468 2035 dicitur.
1525 2011 1554 2032 2.
1579 2002 1776 2037 PRABTRREA,
1801 2000 1923 2031 fructus
1946 2002 2093 2031 nominat
2116 2001 2248 2041 aliquod
2265 2003 2446 2042 praemium
2461 2012 2531 2043 spe—

1469 2046 1557 2077 ciale.
1583 2045 1646 2077 Sed
1668 2046 1849 2086 praemium
1872 2045 1962 2085 quod
1985 2046 2160 2086 assignatur
2181 2046 2365 2086 virginibus,
2382 2047 2485 2077 viduis
2502 2053 2533 2077 et

1468 2091 1662 2131 coniugatis,
1686 2099 1754 2120 non
1778 2095 1825 2120 est
1847 2089 2000 2130 speciale:
2031 2091 2107 2130 quia
2129 2099 2243 2120 omnes
2266 2090 2407 2121 salvandi
2430 2092 2532 2122 conti-

1428 2148 1452 2168 ⁴5
1467 2141 1586 2166 nentur
1608 2135 1667 2165 sub
1683 2134 1793 2174 aliquo
1817 2134 1935 2164 horum
1957 2135 2068 2170 trium3
2093 2144 2169 2165 cum
2192 2135 2300 2165 nullus
2323 2135 2460 2166 salvetur
2476 2137 2532 2176 qui

1469 2180 1666 2210 continentia
1690 2184 1803 2215 careat,
1823 2184 1855 2209 et
1878 2179 2075 2209 continentia
2097 2189 2155 2219 per
2177 2179 2233 2209 has
2256 2185 2317 2210 tres
2340 2179 2533 2211 sufficienter

346 2233 431 2296 An
455 2233 591 2253 ‘rnatum
614 2233 660 2254 sm
687 2233 892 2254 Pnocnm‘rua.
921 2222 1055 2254 Videtur
1082 2223 1174 2264 quod
1196 2223 1318 2255 fructus
1345 2234 1414 2255 non
1469 2223 1636 2255 dividatur.
1656 2223 1742 2264 Ergo
1758 2224 2022 2254 inconvenienter
2035 2224 2135 2254 tribus
2150 2223 2318 2264 praedictis
2333 2229 2395 2255 tres
2410 2224 2532 2256 fructus

411 2267 564 2299 debeatur
579 2267 640 2298 soli
655 2268 763 2299 virtuti
784 2268 1011 2299 continentiae.
1032 2268 1118 2306 Quia
1133 2268 1147 2298 I
1161 2268 1238 2299 Cor.
1251 2278 1301 2303 xv,
1318 2279 1415 2309 super
1469 2269 1676 2309 assignantur.

433 2078 533 2109 ART.
558 2077 611 2108 111.
634 2087 739 2108 uranu
762 2087 899 2108 rnuc'rus
922 2088 1085 2109 nannum(
1108 2088 1178 2109 sou
1187 2066 1324 2110 'vnum-1

763 2132 991 2153 CONTINENTIAE

371 2172 405 2195 lv
418 2172 492 2199 sem„
508 2172 561 2195 dist.
575 2178 662 2199 xxxin,
679 2178 719 2201 qn.
734 2178 767 2199 ιιι,
782 2176 824 2195 art.
839 2179 860 2201 3,
875 2173 903 2195 nd
918 2179 943 2202 3:
958 2179 1021 2200 χιιι,
1037 2179 1076 2201 qu.
1091 2179 1118 2199 v,
1133 2177 1175 2195 art.
1191 2179 1212 2200 2,
1227 2174 1272 2202 qu·
1289 2181 1308 2201 ι,
1323 2173 1352 2196 ad
1365 2180 1385 2196 2.

102 2305 316 2356 Ζᾏξῖἇῗοω,
344 2311 425 2344 illud
439 2312 567 2350 *kAlia
589 2312 723 2344 claritas
744 2312 824 2343 solis
847 2317 919 2349 etc„
943 2312 1019 2343 dicit
1043 2312 1158 2344 Glossa
1172 2314 1207 2330 *⁸*
1235 2313 1325 2353 quod
1348 2314 1414 2344 cla·
1525 2313 1555 2344 3.
1578 2313 1775 2348 Pmamnn,
1792 2312 1874 2343 sicut
1895 2311 2031 2342 viduitas
2055 2311 2178 2343 excedit
2201 2313 2432 2343 continentiam
2455 2323 2532 2344 con-

0 2380 28 2404 ..
97 2382 103 2387 ,
345 2356 436 2388 rituti
461 2356 541 2390 selis
568 2355 701 2387 illorum
727 2356 871 2398 dignitas
898 2362 1110 2397 comparatur
1131 2357 1187 2398 qui
1209 2358 1415 2389 centesimum
1430 2369 1455 2390 ςο
1468 2358 1619 2398 iugalem,
1635 2358 1679 2388 ita
1693 2357 1854 2397 virginitas
1869 2356 2065 2387 viduitatem.
2091 2356 2153 2388 Sed
2169 2366 2236 2387 non
2253 2357 2395 2387 similiter
2411 2357 2533 2388 excedit

0 2402 17 2422 Ρ
336 2401 489 2443 fluctum
511 2401 650 2438 habent;
672 2401 783 2432 lunari
805 2406 913 2432 autem
935 2402 991 2442 qui
1018 2402 1255 2443 sexagesimum
1262 2409 1274 2439 ;
1303 2403 1416 2434 stellae
1469 2403 1690 2442 sexagenarius
1722 2402 1944 2437 tricenarium,
1978 2406 2010 2431 et
2041 2402 2242 2432 centenarius
2274 2403 2531 2441 sexagenarium:

345 2454 423 2476 vero
447 2445 503 2486 qui
519 2445 725 2476 tricesimum.
750 2445 814 2477 Sed
836 2445 889 2476 illa
905 2445 1067 2477 diversitas
1092 2446 1279 2483 claritatum,
1300 2457 1414 2478 secun·
1468 2456 1577 2487 neque
1592 2445 1771 2477 secundum
1788 2446 2017 2476 arithmeticam
2035 2446 2378 2487 proporu'onalitatem‚
2395 2447 2470 2486 quia
2486 2457 2533 2477 se-

347 2489 426 2520 dum
448 2490 662 2520 intentionem
685 2490 846 2530 Apostoli,
863 2491 1001 2531 pertinet
1024 2490 1064 2522 ad
1081 2500 1322 2532 quamcumque
1341 2493 1415 2522 bea·
1469 2492 1656 2532 xagenarius
1681 2490 1804 2521 excedit
1831 2491 2035 2521 tricenarium
2059 2491 2092 2521 in
2115 2491 2256 2530 triginta,
2281 2496 2312 2520 et
2335 2492 2534 2521 centenarius

346 2533 491 2565 titudinis
521 2533 741 2565 differentiam.
773 2535 860 2575 Ergo
895 2534 1010 2566 diversi
1043 2534 1167 2566 fructus
1195 2545 1264 2566 non
1298 2535 1416 2567 debent
1469 2536 1710 2576 sexagenarium
1725 2536 1759 2565 in
1776 2534 1999 2575 quadraginta;
2023 2544 2131 2575 neque
2155 2535 2249 2565 etiam
2265 2535 2444 2566 secundum
2459 2545 2534 2575 pro-

346 2577 542 2619 respondere
563 2578 624 2609 soli
648 2579 874 2610 continentiae.
1431 2591 1454 2613 ις
1469 2581 1741 2621 portionalitatem
1769 2580 2013 2620 geometricam,
2039 2581 2115 2620 quia
2140 2580 2360 2619 sexagenarius
2384 2590 2418 2610 se
2440 2580 2535 2610 habet

404 2632 434 2653 2.
450 2623 647 2659 Proin-rma,
671 2621 794 2654 fructus
817 2633 835 2653 a
848 2623 1017 2665 fruitione
1039 2623 1199 2655 dicuntur.
1219 2623 1283 2655 Sed
1306 2624 1415 2655 fruitio
1469 2626 1503 2656 in
1527 2624 1625 2665 dupla
1648 2625 1859 2665 proportione
1883 2623 1923 2654 ad
1945 2624 2158 2660 tricenarium,
2183 2625 2382 2654 centenarius
2402 2634 2478 2654 vero
2495 2624 2535 2655 ad

345 2668 484 2708 pertinet
508 2666 548 2698 ad
562 2667 742 2707 praemium
765 2667 942 2704 essentiale,
960 2667 1050 2708 quod
1073 2669 1224 2700 omnibus
1247 2669 1416 2700 virtutibus
1470 2670 1709 2709 sexagenarium
1726 2670 1760 2699 in
1776 2669 2006 2708 superbitertia,
2024 2669 2099 2709 quia
2122 2669 2265 2698 continet
2287 2673 2393 2698 totum
2410 2674 2441 2698 et
2457 2668 2534 2698 duas

227 2736 230 2740 .
346 2711 530 2752 respondet.
554 2711 651 2751 Ergo,
676 2716 736 2742 etc.
1470 2714 1577 2744 tertias
1600 2714 1678 2743 eius.
1712 2713 1798 2753 Ergo
1822 2713 2086 2743 inconvenienter
2112 2717 2260 2752 aptantur
2287 2711 2408 2742 fructus
2435 2713 2534 2743 tribus

105 2754 118 2766 ‘
131 2753 198 2779 νῦ·-
214 2759 248 2783 ¹⁵·
404 2755 434 2786 3.
451 2755 649 2792 Ριυιιιτιιιιιιᾼ,
661 2754 784 2786 fructus
799 2755 901 2786 labori
912 2755 1059 2787 debetur:
1073 2756 1148 2798 Sap.
1160 2767 1195 2788 ιιι
1206 2758 1233 2794 *‚
1244 2757 1416 2789 Bonorum
1471 2758 1687 2789 continentiae
1710 2757 1868 2797 gradibus.

347 2800 496 2831 laborum
525 2800 695 2842 gloriosus
725 2805 772 2831 est
790 2800 937 2841 fructus.
969 2800 1033 2832 Sed
1058 2802 1162 2832 maior
1189 2807 1236 2832 est
1266 2801 1357 2832 labor
1382 2803 1417 2833 in
1430 2811 1458 2832 ω
1526 2811 1558 2841 4.
1582 2802 1785 2837 PRAETEREA,
1818 2811 1854 2832 ea
1885 2810 1968 2841 quae
1998 2801 2031 2831 in
2061 2810 2148 2831 sacra
2177 2800 2339 2840 Scriptura
2368 2799 2534 2837 dicuntur,

347 2844 534 2876 fortitudine
559 2854 658 2885 quam
678 2845 713 2875 in
736 2845 946 2885 temperantia
966 2845 1018 2875 vel
1040 2846 1074 2876 in
1099 2846 1305 2877 continentia.
1330 2847 1416 2887 Ergo
1471 2847 1718 2888 perpetuitatem
1736 2846 1869 2876 habent:
1894 2845 1974 2876 Luc.
1991 2855 2043 2876 111
2055 2846 2081 2881 ’ᾗ
2101 2845 2234 2876 Caelum
2251 2849 2283 2875 et
2304 2850 2393 2875 terra
2417 2845 2535 2876 transi-

347 2889 470 2920 fructus
493 2898 561 2919 non
584 2888 757 2929 respondet
779 2889 840 2919 soli
864 2890 1090 2920 continentiae.
1471 2891 1562 2926 bunt,
1587 2891 1684 2921 verba
1712 2895 1819 2921 autem
1847 2899 1917 2920 mea
1946 2899 2011 2920 non
2040 2889 2207 2919 transient.
2241 2888 2303 2919 Sed
2332 2899 2369 2919 ea
2392 2899 2474 2929 quae
2498 2899 2535 2920 ex

403 2942 435 2973 4.
459 2933 664 2970 Parmam,
689 2932 848 2964 difficilius
877 2939 923 2964 est
950 2933 1087 2964 modum
1114 2943 1183 2964 non
1207 2934 1359 2966 excedere
1383 2936 1418 2966 in
1471 2935 1672 2966 institutione
1695 2935 1866 2965 hominum
1889 2939 1963 2964 sunt
1986 2933 2078 2970 facta,
2096 2933 2239 2973 quotidie
2258 2938 2395 2973 possunt
2409 2935 2534 2964 mutari.

348 2977 437 3014 cibis,
457 2979 514 3019 qui
537 2983 612 3008 sunt
633 2978 802 3008 necessarii
825 2977 865 3008 ad
887 2979 996 3014 vitam,
1013 2988 1111 3018 quam
1129 2979 1163 3009 in
1178 2980 1333 3016 venereis,
1349 2980 1418 3010 sine
1471 2980 1558 3019 Ergo
1583 2989 1621 3010 ex
1644 2979 1693 3009 his
1717 2988 1799 3019 quae
1823 2988 1862 3009 ex
1884 2979 2084 3009 institutione
2107 2978 2278 3008 hominum
2302 2983 2386 3014 sunt,
2402 2987 2471 3008 non
2490 2984 2536 3009 est

349 3022 467 3063 quibus
490 3023 554 3053 vita
578 3023 758 3053 conservari
781 3027 898 3062 potest.
922 3022 963 3053 Et
978 3023 1023 3053 sic
1046 3023 1150 3053 maior
1172 3028 1219 3053 est
1241 3023 1332 3054 labor
1346 3033 1417 3064 par-
1431 3032 1455 3058 ες
1472 3023 1658 3064 accipienda
1680 3024 1760 3053 ratio
1784 3031 1899 3053 eorum
1919 3032 2003 3062 quae
2017 3023 2051 3053 in
2067 3022 2228 3063 Scriptura
2251 3021 2410 3052 dicuntur.
2434 3022 2476 3052 Et
2491 3023 2536 3053 sic

349 3066 507 3097 simoniae
529 3076 628 3107 quam
651 3067 878 3098 continentiae.
902 3067 989 3106 Ergo
1012 3067 1227 3108 parsimoniae
1249 3069 1350 3108 magis
1369 3077 1418 3098 re·
1471 3067 1596 3098 videtur
1620 3067 1710 3107 quod
1732 3067 1964 3098 inconveniens
1986 3067 2026 3096 sit
2041 3067 2121 3096 ratio
2146 3076 2244 3107 quam
2259 3065 2347 3096 Beda
2361 3067 2378 3083 ³*
2401 3067 2574 3107 assignat·

350 3109 489 3151 spondet
512 3110 633 3142 fructus
656 3121 755 3151 quam
779 3111 1005 3142 continentiae.
1472 3112 1512 3143 de
1535 3112 1602 3142 istis
1625 3111 1791 3147 fructibus,
1815 3110 1924 3142 dicens
1947 3109 2037 3151 quod
2060 3110 2181 3141 fructus
2204 3111 2381 3141 tricesimus
2405 3110 2537 3142 debetur

409 3154 438 3185 5.
462 3154 666 3192 Pmmm,
691 3155 813 3186 fructus
842 3155 1054 3186 refectionem
1079 3156 1240 3196 importat.
1271 3156 1417 3187 Refectio
1472 3156 1661 3196 coniugatis,
1687 3156 1763 3196 quia
1784 3156 1818 3186 in
1841 3156 2130 3196 repraesentatione
2153 3164 2236 3195 quae
2256 3154 2292 3184 fit
2306 3155 2340 3185 in
2356 3155 2466 3191 abaco,
2483 3157 2536 3186 tri-

351 3203 460 3229 autem
474 3200 648 3240 praecipue
663 3205 710 3231 est
724 3201 759 3231 in
774 3199 848 3230 fine.
874 3199 961 3231 Cum
977 3209 1053 3240 ergo
1069 3201 1201 3231 virtutes
1216 3200 1418 3241 theologicae
1472 3201 1560 3241 ginta
1582 3199 1779 3240 significatur
1800 3209 1858 3240 per
1881 3205 2066 3230 contactum
2089 3199 2214 3239 pollicis
2238 3204 2269 3229 et
2286 3198 2400 3229 indicis
2423 3209 2537 3230 secun-

351 3241 452 3273 finem
473 3242 611 3274 habeant
632 3253 692 3284 pro
716 3244 856 3281 obiecto,
880 3244 1001 3276 scilicet
1021 3245 1130 3284 ipsum
1152 3244 1271 3281 Deum,
1294 3245 1419 3276 videtur
1432 3258 1460 3279 70
1473 3244 1552 3276 dum
1568 3254 1660 3275 suam
1675 3245 1906 3281 summitatem3
1930 3243 2017 3274 unde
2032 3244 2076 3274 ibi
2092 3243 2336 3284 quodammodo
2353 3244 2537 3275 osculantur

352 3285 444 3326 quod
466 3286 511 3318 eis
533 3286 656 3322 fructus
677 3289 817 3320 maxime
840 3288 954 3320 debeat
975 3288 1180 3329 respondere.
1473 3299 1526 3326 se3
1559 3295 1591 3320 et
1623 3290 1668 3320 sic
1700 3289 1885 3319 tricenarius
1916 3297 2070 3319 numerus
2103 3287 2259 3328 significat
2291 3289 2537 3328 coniugatorum

110 3326 215 3376 th‘ss..
229 3357 263 3377 ,3-
409 3329 471 3361 San
495 3339 619 3361 comm
635 3341 689 3362 ssr
704 3333 795 3373 quod
809 3333 944 3364 habetur
959 3334 993 3364 in
1011 3333 1125 3364 Glossa
1140 3335 1157 3350 ³
1173 3334 1286 3365 Matth.
1302 3343 1358 3364 1111
1373 3334 1418 3370 *⁴2
1475 3334 1595 3364 oscula.
1620 3333 1847 3373 Sexagenarius
1862 3342 1940 3363 vero
1959 3342 2112 3364 numerus
2135 3331 2330 3373 significatur
2344 3341 2402 3372 per
2416 3338 2537 3364 tactum

353 3384 437 3415 quae
460 3373 582 3405 fructus
612 3376 750 3416 assignat
770 3378 957 3418 virginitati,
981 3377 1126 3409 viduitati
1150 3384 1181 3409 et
1204 3379 1420 3410 continentiae
1474 3378 1588 3409 indicis
1610 3387 1707 3419 super
1733 3377 1877 3408 medium
1905 3377 2074 3408 articulum
2101 3377 2244 3417 pollicis:
2273 3382 2305 3408 et
2326 3377 2372 3407 sic
2394 3376 2453 3418 per
2474 3377 2537 3408 hoc

354 3419 526 3459 coniugali,
551 3428 634 3459 quae
656 3426 731 3451 sunt
753 3422 969 3453 continentiae
992 3428 1106 3463 partes.
1475 3422 1564 3463 quod
1587 3421 1682 3453 index
1705 3422 1787 3452 iacet
1809 3431 1906 3462 super
1927 3421 2080 3462 pollicem
2103 3422 2290 3462 opprimens
2309 3421 2426 3461 ipsum,
2442 3421 2537 3461 signi-

408 3463 599 3494 Ruspounno
629 3473 790 3496 mmmmm
813 3465 904 3506 quod
925 3465 1047 3498 fructus
1071 3473 1118 3498 est
1141 3467 1307 3508 quoddam
1329 3476 1420 3508 prae·
1435 3480 1459 3501 75
1474 3466 1548 3498 ficat
1564 3467 1808 3508 oppressionem
1824 3476 1922 3507 quam
1938 3466 2052 3497 viduae
2072 3466 2236 3506 patiuntur
2251 3466 2285 3496 in
2299 3465 2434 3497 mundo.
2451 3465 2536 3496 Cum

495 3525 605 3549 SulfflAE
624 3524 727 3550 Tnaor..
746 3525 778 3549 D.
797 3525 912 3551 Tuo-un
931 3526 963 3551 T.
983 3527 1025 3557 lx,
2346 3527 2394 3552 30*

2570 240 2620 261 Art.
2636 240 2741 267 praeced.

2547 420 2750 462 ὴ,

2546 466 2757 519 ‘elffflffiipltt

2547 520 2580 541 ad
2567 519 2706 571 caAger-nach.

2567 550 2736 597 Remum·
2746 561 2758 567 -

2548 576 2601 598 S.T
2642 578 2684 597 lect
2708 582 2739 597 11.

2552 851 2564 861 ·
2577 848 2612 871 Cf.
2628 852 2671 870 art.
2686 854 2763 876 praee.

2552 1034 2562 1044 ·
2578 1032 2613 1054 Cf.
2628 1032 2666 1054 Ps.
2677 1037 2764 1059 cxxvii,

2553 1065 2612 1080 vers.
2641 1065 2666 1084 ις
2698 1058 2763 1080 Ιοιη.

2553 1092 2604 1113 cap.
2615 1091 2647 1111 iv,
2657 1091 2715 1107 vers.
2728 1085 2763 1113 38.

2557 1560 2567 1570 ·
2582 1558 2618 1581 Cf.
2633 1562 2675 1580 art.
2691 1564 2767 1586 praec.

2558 1875 2567 1883 '¹
2586 1873 2653 1894 Vers.
2668 1877 2701 1898 22,
2716 1877 2749 1900 23.

2563 2848 2572 2857 ·
2587 2846 2654 2868 Vers.
2669 2852 2702 2875 33.

2635 3073 2670 3088 or.
2679 3066 2775 3092 inLuc„

2563 3094 2602 3116 lib.
2626 3093 2654 3121 n,
2666 3099 2716 3121 cap.
2726 3099 2775 3119 vm,

2563 3110 2698 3142 exi-lieren.
2708 3109 2775 3141 Cont.

2563 3147 2679 3169 lovinion.
2697 3146 2738 3168 lib.
2757 3146 2775 3172 1,

2563 3180 2614 3201 cap.
2630 3180 2645 3196 1.
