2918 4088
143 2279 156 2292 ⁶
169 2276 238 2301 Ven.
255 2283 289 2301 ιε.

145 2491 290 2519 'Vm-24.

2 2439 25 2455 ᾳ

4 2475 25 2485 -

332 3252 365 3268 n.
439 3259 483 3274 ,χι
544 3264 555 3272 ,,

295 3279 308 3294 ³
359 3288 364 3299 ‚
418 3273 465 3312 ιχ.
509 3265 575 3302 ἐξ(

967 175 1230 223 QUAESTIO
1258 176 1471 221 LXXXIX,
1501 173 1794 211 ARTICULUS
1822 174 1890 220 IV,
1919 174 1953 210 V

374 267 436 292 ves
463 255 567 292 datas
594 255 783 291 Ecclesiae
809 255 1061 303 disputabitur,
1091 255 1135 291 de
1154 255 1283 303 quibus
1301 253 1437 290 dictum

375 313 444 344 est:
473 322 492 340 «
516 308 780 357 Quaecumque
805 308 985 344 solveritis
1011 319 1123 356 super
1149 313 1302 351 terram,
1332 310 1439 342 erunt

373 361 494 397 soluta
521 365 555 396 et
582 361 620 396 in
649 361 752 397 caelo
775 375 809 397 ».
853 361 900 397 Et
927 367 1062 409 postea
1089 359 1232 396 subdit:
1272 359 1376 395 Nam
1405 363 1439 394 et

374 418 523 449 sanctus
549 413 677 450 David
701 413 747 450 de
773 415 989 450 criminibus
1011 419 1023 433 ⁹
1051 414 1126 462 egit
1153 412 1439 460 poenitentiam.-

377 470 410 501 et
436 471 560 502 tamen
590 467 627 502 in
656 467 799 503 honore
825 478 891 502 suo
921 467 1087 515 perstitit.
1125 466 1173 502 Et
1200 466 1346 501 beatum
1373 464 1438 499 Pe-

375 523 488 564 trum,
517 519 666 567 quando
693 520 948 555 amarissimas
975 519 1151 555 lacrimas
1175 517 1288 563 fudit,
1318 519 1440 565 utique

376 571 582 607 Dominum
616 583 771 621 negasse
792 572 992 620 poenituit:
1029 576 1062 607 et
1093 576 1215 607 tamen
1244 568 1440 618 Apostolus

371 626 590 673 permansit.
629 624 702 660 Sed
728 635 802 660 non
831 624 912 660 ideo
935 623 1104 672 putanda
1133 628 1184 659 est
1209 632 1440 670 supervacua

372 675 654 726 posteriorume
682 677 893 726 diligentia,
923 677 1004 725 qui,
1039 677 1102 712 ubi
1126 675 1237 711 saluti
1263 674 1354 710 nihil
1381 674 1440 710 de-

377 730 603 771 trahebatur,
631 729 827 765 humilitati
851 728 994 777 aliquid
1018 727 1259 764 addiderunt:
1286 727 1440 776 experti,

379 787 418 818 ut
444 782 575 826 credo,
609 782 819 830 aliquorum
841 782 955 829 fictas
976 781 1222 829 poenitentias
1251 791 1323 829 per
1350 778 1441 828 affe-

337 840 341 843 ’
379 839 494 871 ctatas
521 835 706 871 honorum
729 835 912 883 potentias
931 839 956 869 ⁰.

431 888 489 923 AD
517 898 676 923 TERTIUM
708 898 889 923 DICENDUM
917 885 1024 934 quod
1053 885 1147 922 illud
1175 892 1359 921 statutum
1388 884 1443 921 in-

431 1001 456 1031 ν)
475 1000 639 1025 criminibus.
655 1014 675 1019 —
693 1000 840 1034 mortiferis
858 1000 928 1025 addit
945 1000 1027 1026 tertia.

433 1034 456 1070 ξ)
470 1036 665 1067 posteriorum.
676 1050 694 1054 —
708 1036 920 1068 praeteritorum
940 1036 1052 1065 DEFHI.
1064 1036 1246 1068 posteriorum
1260 1036 1398 1061 doctorum
1414 1036 1442 1061 Ρ.

2473 177 2542 214 331

1490 251 1666 299 telligitur
1680 251 1727 287 de
1743 251 1812 288 illis
1827 251 1894 300 qui
1913 252 2109 300 publicam
2128 254 2402 302 poenitentiam
2422 264 2549 304 agunt,

1492 304 1559 353 qui
1586 304 1839 353 postmodum
1868 316 1948 341 non
1975 314 2137 353 possunt
2171 306 2219 342 ad
2247 307 2433 344 maiorem
2461 321 2549 357 pro-

1491 357 1582 394 vehi
1610 357 1784 404 gradum.
1827 357 1931 393 Nam
1964 365 1999 393 et
2027 358 2161 394 Petrus
2195 367 2281 407 post
2309 360 2549 408 negationem

1492 417 1623 459 pastor
1659 409 1794 446 ovium
1833 409 1971 445 Christi
2006 410 2231 447 constitutus
2266 420 2338 458 est,
2377 421 2419 449 ut
2450 422 2550 462 patet

1493 464 1596 499 Ioan.
1631 463 1696 498 ult.
1732 461 1752 483 '¹‘
1794 461 1867 498 Ubi
1910 461 1998 498 dicit
2040 463 2339 512 Chrysostomus
2367 465 2407 486 '⁸³¹‘
2445 467 2550 514 quod
2577 472 2587 480 '
2625 476 2693 492 ²¹⁵¹

2628 503 2674 518 om.
2684 503 2791 527 LXXKVHJ,

1493 517 1623 551 Petrus
1653 520 1733 563 post
1770 516 2005 564 negationem
2039 521 2071 552 et
2102 518 2365 564 poenitentiam
2403 520 2552 555 ostendit
2578 529 2743 576 ‘oanJssvi¹’
2767 529 2791 544 ¹²¹

1492 580 1531 604 se
1558 569 1695 604 hahere
1728 569 1910 604 maiorem
1937 568 2124 615 fiduciam
2157 569 2208 605 aa'
2242 570 2436 606 Christum.
2482 572 2555 613 Qui

1495 622 1592 657 enim
1613 622 1649 656 in
1674 621 1776 656 Cena
1796 632 1870 656 non
1890 620 2047 657 audebat
2065 623 2310 670 interrogare,
2337 623 2403 659 sed
2418 625 2556 660 Ioanni

1495 674 1824 722 interrogationem
1853 675 2044 719 commisit,
2077 675 2162 710 huic
2183 680 2312 723 postea
2341 685 2373 711 et
2394 688 2554 725 praepo-

1494 728 1610 762 situra
1627 726 1798 773 fratrum
1826 726 1963 763 credita
1983 732 2045 773 est,
2074 733 2107 763 et
2129 739 2202 763 non
2222 728 2341 764 solum
2362 741 2435 764 non
2456 741 2554 765 com-

1497 780 1601 815 mittit
1628 778 1735 815 alteri
1762 780 1997 828 interrogare
2025 791 2119 828 quae
2146 780 2196 816 ad
2217 781 2335 829 ipsum
2358 783 2554 830 pertinent,

1495 832 1560 868 sed
1595 831 1639 867 de
1674 831 1815 880 reliquo
1853 834 1928 881 ipse
1957 845 2031 881 pro
2059 834 2205 869 Ioanne
2231 834 2462 883 Magistrum
2501 836 2555 871 in-

1498 890 1675 934 terrogat.

1550 1000 1576 1034 0)
1591 1001 1737 1033 potentias.
1756 1015 1775 1019 -
1789 1008 1920 1033 personas
1939 1001 1967 1031 F,
1984 1009 2098 1033 pompas
2117 1002 2147 1027 bc
2165 1008 2190 1027 et
2209 1010 2299 1035 margo
2319 1003 2336 1027 P
2356 1011 2402 1035 per
2419 1003 2496 1029 alias.

1154 1190 1474 1233 ARTICULUS
1511 1191 1786 1241 QUARTUS

682 1283 839 1314 UTRUM
864 1282 1008 1314 OPERA
1030 1283 1263 1314 VIRTUTUM
1287 1283 1330 1314 IN
1355 1283 1577 1314 CARITATE
1600 1284 1748 1314 FACTA
1772 1284 2057 1316 MORTIFICARI
2080 1285 2259 1317 PosslNT

931 1362 962 1387 lll
982 1362 1066 1391 Sent„
1086 1362 1144 1388 dist.
1163 1370 1245 1393 xxxvi,
1265 1368 1313 1388 art.
1333 1362 1357 1393 5,
1376 1363 1408 1387 ad
1428 1369 1459 1393 1;
1478 1363 1520 1394 lv,
1540 1363 1598 1389 dist.
1617 1371 1667 1393 xw,
1687 1371 1731 1396 qu.
1750 1371 1778 1393 11,
1798 1370 1844 1389 art.
1865 1364 1888 1394 3,
1908 1364 1958 1396 qu·
1979 1372 2008 1394 2;

759 1398 819 1423 dist.
838 1405 888 1429 ιιι,
907 1406 952 1430 qu.
970 1406 988 1429 J,
1007 1403 1054 1423 art.
1075 1405 1098 1429 1,
1118 1398 1168 1430 qu·
1190 1405 1211 1429 1,
1232 1398 1264 1422 ad
1284 1398 1313 1428 35
1332 1399 1391 1423 dist.
1409 1406 1468 1428 xxn,
1488 1406 1532 1431 qu.
1552 1406 1570 1430 ι,
1589 1404 1636 1424 art.
1658 1406 1679 1428 ι,
1699 1400 1729 1423 ad
1750 1398 1782 1430 6;
1800 1400 1844 1424 Aa
1863 1400 1938 1429 Heb.‚
1958 1408 2013 1433 cap.
2033 1408 2066 1431 v1,
2086 1402 2146 1427 lect.
2166 1409 2183 1426 1.

465 1504 471 1515 ι
498 1518 513 1532 a
528 1508 565 1550 ὅ(
592 1497 614 1521 D
641 1497 813 1527 QUARTUM
833 1498 884 1522 stc
900 1498 1135 1523 PROCEDITUR.
1158 1486 1320 1523 Videtur
1338 1487 1446 1535 quod

411 1542 440 1583 ἢ,
530 1538 560 1580 ’ἕο
593 1549 711 1587 opera
738 1538 925 1576 virtutum
954 1539 992 1575 in
1012 1539 1164 1576 caritate
1192 1539 1287 1576 facta
1315 1539 1445 1576 morti-

397 1596 445 1634 Ὺ,
527 1575 559 1634 '‘(1
574 1588 698 1627 ficari
717 1603 798 1627 non
816 1599 989 1641 possunt.
1012 1592 1131 1638 Quod
1152 1592 1258 1628 enim
1277 1604 1358 1629 non
1378 1600 1444 1639 est,

434 1660 447 1675 s
470 1637 505 1669 7'1*
512 1654 524 1670 ν’
548 1636 580 1678 K
593 1642 787 1680 immutari
802 1656 882 1681 non
893 1652 1028 1693 potest.
1041 1645 1118 1682 Sed
1133 1645 1376 1682 mortificatio
1391 1652 1447 1681 est

367 1695 575 1744 -quaedam
602 1695 763 1733 mutatio
783 1697 830 1733 de
850 1697 927 1734 vita
955 1697 994 1733 in
1022 1705 1199 1734 mortem.
1231 1698 1333 1734 Cum
1355 1709 1445 1746 ergo

381 1760 500 1798 opera
513 1747 712 1794 virtutum,
727 1757 934 1798 postquam
949 1751 1045 1787 facta
1060 1758 1159 1797 sunt,
1172 1750 1249 1787 iam
1264 1762 1344 1787 non
1360 1750 1444 1797 sint,

380 1800 534 1838 videtur
557 1801 664 1850 quod
692 1802 850 1839 ulterius
878 1803 1099 1840 mortificari
1119 1815 1199 1840 non
1218 1811 1391 1852 possunt.

436 1865 470 1891 2.
505 1855 746 1900 pluerent-31³..
784 1868 854 1905 per
885 1868 1004 1905 opera
1037 1856 1184 1893 virtutis
1220 1856 1259 1892 in
1294 1856 1445 1893 caritate

381 1906 478 1944 sacta
505 1908 627 1944 homo
656 1916 825 1945 meretur
851 1909 971 1946 vitam
1006 1917 1212 1946 aeternam.
1253 1909 1330 1946 Sed
1358 1909 1446 1946 sub-

380 1961 530 1997 trahere
550 1961 771 1998 mercedem
790 1962 950 1999 merenti
971 1969 1025 1998 est
1044 1962 1235 2008 iniustitia,
1251 1974 1351 2011 quae
1366 1975 1447 1999 non

407 1519 439 1546 κζ’.

429 1549 434 1558 ,

416 1626 419 1638 l

141 2018 355 2074 2.ffi.,⁸ffeffif‘¹¹2;:
382 2013 482 2051 cadit
500 2013 540 2050 in
559 2014 689 2051 Deum
702 2014 733 2051 ³².
754 2015 855 2063 Ergo
871 2027 951 2052 non
966 2022 1090 2064 potest
1109 2027 1191 2052 esse
1206 2015 1314 2064 quod
1329 2027 1447 2064 opera

381 2066 569 2104 virtutum
597 2066 636 2103 in
665 2067 816 2104 caritate
844 2068 941 2105 facta
968 2080 1038 2117 per
1058 2076 1261 2117 peccatum
1281 2080 1446 2117 sequens

383 2119 673 2157 mortificentur.

439 2172 473 2209 3.
504 2174 743 2220 Pammam,
772 2172 906 2210 fortius
935 2185 1015 2210 non
1044 2173 1304 2222 corrumpitur
1332 2187 1354 2211 a
1382 2174 1447 2210 de-

383 2225 519 2264 biliori.
551 2226 628 2263 Sed
656 2237 774 2275 opera
802 2226 963 2264 caritatis
991 2234 1079 2263 sunt
1106 2226 1261 2263 fortiora
1289 2227 1447 2275 quibus-

384 2279 475 2317 libet
501 2278 683 2328 peccatis:
713 2279 819 2328 quia,
850 2288 891 2316 ut
919 2279 1056 2316 dicitur
1074 2281 1251 2318 Proverb.
1274 2293 1297 2316 x
1316 2280 1348 2327 ⁷⁸,
1370 2283 1447 2317 uni-

384 2343 493 2371 versa
527 2332 657 2369 delicta
685 2334 802 2381 operit
836 2334 983 2370 caritas.
1027 2333 1128 2381 Ergo
1157 2333 1309 2370 videtur
1340 2334 1448 2383 quod

386 2397 518 2435 opera⁸
532 2385 571 2422 in
599 2384 750 2422 caritate
778 2386 874 2423 facta
901 2398 971 2435 per
999 2398 1164 2435 sequens
1183 2388 1343 2423 mortale
1362 2399 1447 2436 pec-

386 2446 515 2476 catum
543 2438 764 2475 mortificari
792 2451 871 2476 non
899 2447 1061 2488 possunt
1081 2445 1109 2476 α.

440 2491 514 2528 SED
543 2503 686 2528 CONTRA
711 2503 775 2528 EST
804 2492 911 2540 quod
939 2492 1076 2529 dicitur
1094 2493 1232 2529 Ezech.
1249 2491 1379 2529 xvn1*:
1410 2494 1450 2529 Si

386 2546 558 2582 averterit
589 2556 628 2581 se
655 2546 766 2581 iustus
800 2557 823 2582 a
851 2546 983 2582 iustitia
1010 2557 1098 2591 sua,
1135 2557 1262 2582 omnes
1295 2547 1448 2582 iustitiae

386 2599 463 2634 eius
491 2609 582 2646 quas
599 2598 759 2645 fecerat,
790 2610 864 2634 non
894 2598 1198 2635 recordabuntur.

439 2652 663 2688 Rasponmzo
682 2662 863 2688 DICENDUM
883 2650 990 2699 quod
1009 2662 1068 2687 res
1086 2649 1176 2687 viva
1194 2662 1263 2699 per
1281 2658 1447 2687 mortem

385 2703 510 2752 perdit
546 2703 811 2753 operationem
846 2703 965 2740 vitae:
1004 2703 1107 2740 unde
1144 2715 1214 2752 per
1250 2704 1447 2752 quandam

1499 1486 1787 1524 similitudinem
1828 1486 2008 1524 dicuntur
2048 1500 2107 1524 res
2143 1490 2365 1537 mortificari
2403 1490 2560 1538 quando

1498 1539 1763 1588 impediuntur
1781 1552 1803 1576 a
1822 1540 1979 1589 proprio
2000 1553 2070 1577 suo
2091 1540 2229 1578 effectu
2248 1543 2310 1578 vel
2325 1542 2560 1591 operatione.

1498 1592 1668 1629 Effectus
1696 1600 1826 1629 autem
1855 1605 2017 1641 operum
2039 1593 2303 1630 virtuosorum
2323 1607 2422 1643 quae
2442 1595 2481 1631 in
2501 1607 2562 1632 ca—

1500 1644 1605 1681 ritate
1634 1645 1752 1691 fiunt,
1787 1652 1841 1681 est
1877 1646 2088 1694 perducere
2124 1646 2173 1682 ad
2200 1646 2319 1683 vitam
2354 1655 2560 1684 aeternam.

1500 1698 1619 1744 Quod
1649 1697 1807 1746 quidem
1836 1698 2044 1747 impeditur
2077 1710 2146 1747 per
2173 1708 2375 1748 peccatum
2403 1703 2563 1738 mortale

1500 1762 1677 1799 sequens,
1707 1751 1814 1799 quod
1842 1751 2001 1798 gratiam
2020 1751 2124 1788 tollit.
2155 1753 2203 1788 Et
2231 1753 2447 1790 secundum
2475 1755 2562 1801 hoc,

1500 1815 1620 1853 opera
1652 1803 1691 1840 in
1721 1803 1872 1840 caritate
1899 1804 1996 1841 facta
2032 1804 2212 1842 dicuntur
2240 1805 2461 1843 mortificari
2495 1819 2565 1856 per

1500 1868 1667 1906 sequens
1694 1865 1896 1906 peccatum
1924 1860 2096 1894 mortale.

1554 1911 1611 1946 An
1640 1922 1775 1947 PRIMUM
1810 1923 1908 1947 ERGO
1945 1923 2127 1948 mcENDUM
2156 1912 2284 1961 quod,
2321 1912 2418 1949 sicut
2446 1925 2564 1962 opera

1499 1970 1749 2012 peccatorum
1776 1970 1974 2000 transeunt
2002 1972 2088 2001 actu
2117 1972 2152 2001 et
2180 1973 2337 2002 manent
2365 1974 2484 2013 reatu,
2514 1966 2564 2004 ita

1501 2028 1619 2064 opera
1647 2015 1686 2052 in
1714 2015 1866 2053 caritate
1894 2017 2000 2063 facta,
2021 2025 2229 2066 postquam
2248 2026 2445 2055 transeunt
2464 2027 2562 2066 actu,

1500 2076 1658 2105 manent
1677 2068 1814 2105 merito
1834 2068 1873 2105 in
1892 2069 1964 2106 Dei
1984 2070 2254 2119 acceptatione.
2280 2072 2328 2108 Et
2347 2073 2563 2109 secundum

1501 2122 1576 2158 hoc
1604 2121 1899 2158 mortificantur:
1936 2122 2166 2171 inquantum
2202 2123 2410 2173 impeditur
2441 2126 2563 2162 homo

1501 2186 1550 2210 ne
1578 2181 1837 2223 consequatur
1864 2187 1975 2211 suam
2004 2177 2236 2213 mercedem.

1554 2228 1611 2263 AD
1653 2239 1842 2265 SECUNDUM
1883 2240 2064 2266 DICENDUM
2106 2230 2212 2278 quod
2259 2230 2339 2266 sine
2384 2230 2564 2268 iniustitia

1500 2287 1624 2329 potest
1653 2280 1823 2317 subtrahi
1848 2293 1994 2317 merces
2014 2282 2175 2318 merenti
2203 2283 2360 2331 quando
2380 2283 2460 2332 ipse
2480 2284 2563 2321 red-

1502 2333 1638 2370 diderit
1663 2345 1702 2369 se
1722 2333 1923 2381 indignum
1943 2334 2119 2371 mercede
2139 2347 2208 2384 per
2227 2337 2381 2384 culpam
2401 2349 2563 2385 sequen-

1501 2394 1591 2423 tem.
1621 2387 1725 2423 Nam
1754 2394 1790 2423 et
1819 2399 1863 2423 ea
1891 2399 1991 2436 quae
2017 2388 2139 2424 homo
2158 2387 2236 2425 iam
2256 2389 2412 2438 accepit,
2442 2402 2563 2438 quan-

1501 2440 1631 2488 doque
1661 2438 1756 2476 iuste
1784 2447 1942 2488 propter
1969 2442 2124 2489 culpam
2152 2441 2287 2490 perdit.

1555 2494 1612 2529 AD
1649 2504 1807 2529 TERTIUM
1841 2505 2022 2530 DICENDUM
2057 2494 2163 2542 quod
2201 2507 2280 2531 non
2318 2503 2373 2531 est
2408 2503 2565 2544 propter

1501 2545 1762 2582 fortitudinem
1791 2557 1955 2594 operum
1983 2546 2127 2596 peccati
2155 2548 2261 2596 quod
2285 2547 2565 2586 mortificantur

1502 2611 1621 2647 opera
1654 2598 1761 2648 prius
1796 2598 1835 2635 in
1871 2599 2022 2637 caritate
2058 2600 2174 2637 sacta:
2218 2601 2284 2637 sed
2319 2609 2374 2637 est
2407 2610 2565 2651 propter

1502 2651 1713 2688 libertatem
1740 2652 1958 2700 voluntatis,
1987 2665 2087 2702 quae
2115 2660 2239 2702 potest
2258 2666 2280 2690 a
2299 2653 2404 2690 bono
2425 2654 2464 2691 in
2483 2667 2563 2692 ma-

1502 2705 1583 2741 lum
1612 2704 1774 2741 deflecti.

440 2818 468 2852 α)
488 2818 595 2843 videtur
613 2818 712 2850 quod...
726 2820 850 2849 possunt.
867 2831 887 2835 —-
904 2824 922 2841 a
941 2822 966 2842 et
984 2817 1070 2847 ται-τῖες
1090 2804 1197 2842 vitietur
1212 2818 1309 2850 quod...
1323 2825 1403 2850 posse
1421 2818 1450 2847 F.
1469 2819 1602 2844 videtur...
1619 2826 1697 2850 posse
1716 2819 1802 2843 ceteri.

1172 2981 1492 3023 ARTICULUS
1523 2981 1782 3033 QUINTUS

579 3076 736 3108 UTRUM
762 3075 904 3106 OPERA
929 3074 1232 3106 MORTIFICATA
1255 3075 1336 3105 PER
1359 3074 1599 3106 PECCATUM
1623 3075 1705 3105 PER
1728 3075 2059 3106 POENITENTIAM
2083 3077 2372 3108 REVIVISCANT

487 3156 520 3180 IV
540 3155 623 3185 Sent.,
642 3155 700 3180 dist.
719 3162 768 3185 xlv,
789 3162 832 3187 qu.
851 3162 879 3184 11,
899 3159 945 3179 art.

601 3255 622 3279 ι)
637 3254 798 3284 ουιΝτυΜ
813 3254 865 3279 stc
880 3253 1104 3279 PROCEDITUR
1117 3241 1147 3277 ³¹².
1169 3241 1329 3278 Videtur
1343 3242 1449 3290 quod

522 3302 579 3354 ψ
601 3307 719 3344 opera
738 3294 965 3332 mortificata
980 3307 1049 3344 per
1062 3302 1263 3343 peccatum
1278 3307 1347 3343 per
1360 3307 1449 3343 poe-

549 3352 569 3387 (2
584 3345 588 3349 “
601 3347 798 3385 nitentiam
826 3360 906 3384 non
935 3347 1171 3384 reviviscant.
1209 3347 1313 3384 Sicut
1346 3347 1449 3384 enim

448 3392 530 3425 *²⁶3
558 3392 670 3449 per
696 3400 970 3450 poenitentiam
999 3401 1297 3450 subsequentem
1325 3400 1450 3437 remit-

391 3459 522 3488 tuntur
549 3460 703 3501 peccata
730 3453 940 3502 praeterita,
960 3453 1010 3490 ita
1030 3453 1143 3490 etiam
1162 3465 1231 3503 per
1248 3461 1450 3503 peccatum

967 3154 990 3184 3,
1010 3154 1059 3186 qu*
1080 3154 1108 3183 3;
1129 3154 1189 3178 dist.
1207 3161 1267 3183 xxu,
1286 3162 1332 3186 qu.
1351 3161 1367 3184 ι,
1387 3159 1433 3178 art.
1455 3160 1478 3184 1,
1498 3154 1528 3178 ad
1549 3152 1579 3184 6;
1598 3154 1642 3178 Ad
1665 3154 1761 3183 Thess„
1781 3161 1837 3187 cap.
1855 3162 1892 3185 111,
1913 3155 1970 3179 lect.
1990 3162 2012 3184 1;
2031 3155 2075 3179 Ad
2094 3156 2169 3184 Heb„
2189 3163 2245 3188 cap.
2264 3163 2298 3187 vi,
2318 3157 2374 3181 lect.
2393 3164 2410 3187 1,
2428 3163 2466 3182 tn.

1503 3253 1668 3290 sequens
1683 3241 1962 3279 mortificantur
1980 3255 2097 3291 opera
2116 3243 2221 3292 prius
2236 3243 2275 3280 in
2289 3243 2440 3281 caritate
2455 3245 2560 3282 facta.

1505 3294 1582 3332 Sed
1610 3303 1764 3344 peccata
1791 3294 1946 3332 dimissa
1974 3308 2043 3344 per
2070 3296 2343 3345 poenitentiam
2371 3309 2450 3334 non
2478 3298 2562 3334 red-

1504 3355 1607 3395 eunt,
1637 3356 1679 3384 ut
1707 3360 1822 3397 supra
1840 3348 1860 3370 '¹‘
1888 3347 2031 3385 dictum
2061 3356 2125 3385 est.
2156 3350 2257 3397 Ergo
2286 3349 2437 3387 videtur
2455 3351 2560 3399 quod
2588 3355 2666 3403 :23:¹3
2688 3361 2716 3376 ι’(
2719 3361 2801 3381 ¹¹¹¹¹¹¹

1505 3400 1619 3437 etiarn
1649 3413 1765 3450 opera
1794 3400 2020 3438 mortificata
2048 3414 2118 3451 per
2142 3402 2335 3440 caritatem
2364 3415 2443 3440 non
2468 3403 2560 3440 revi-

1503 3462 1659 3490 Viscant.
