2878 4088
105 493 115 502 ²
131 490 167 512 Cf.
182 496 224 518 qu.
241 494 316 516 xcvn,

105 520 148 539 nrt.
163 524 186 543 4.

112 2211 327 2262 &aaut

112 2269 183 2288 nant
189 2265 215 2288 S.
220 2263 267 2288 Th.
272 2265 325 2287 lect.

117 2922 128 2933 ²
141 2920 199 2943 Loc.
213 2920 253 2943 dt.
267 2926 292 2943 n.
308 2927 326 2943 ι.

119 3185 129 3196 ·
143 3183 211 3206 νει-ι.
226 3188 248 3212 3.

122 3495 131 3505 ·
145 3493 214 3516 Vers-
228 3499 261 3522 53.

814 137 1078 184 QUAESTIO
1108 136 1212 180 XCI,
1240 133 1533 172 ARTICULUS
1561 134 1596 170 V
1615 154 1640 159 —
1661 133 1921 179 QUAESTIO
1959 133 2059 170 XCII

344 218 551 254 daemonum,
569 218 635 258 qui,
653 217 798 257 quamvis
822 217 945 246 ratione
969 216 1082 256 culpae
1097 215 1159 245 sint
1174 213 1287 249 infimi,
1303 219 1411 243 tamen

344 272 382 293 ex
406 261 558 302 dignitate
581 267 713 292 naturae
736 267 810 291 sunt
834 260 975 301 qualibet
998 260 1150 300 qualitate
1178 257 1336 299 corporali
1359 267 1412 288 su-

344 307 495 347 pei-iores.

399 351 460 381 Vel
484 351 657 381 dicendum
681 350 781 390 quod,
804 350 899 380 etiam
923 350 948 379 si
972 348 1011 379 sit
1033 353 1101 378 tota
1122 353 1204 378 terra
1227 345 1411 387 glorificata,

344 395 556 426 nihilominus
585 395 713 435 reprobi
738 395 770 425 in
796 393 933 424 tenebris
957 392 1172 423 exterioribus
1195 396 1305 422 erunt:
1338 390 1413 430 quia

346 440 441 470 etiam
470 440 553 480 ignis
583 439 716 475 infemi‚
741 439 798 479 qui
826 443 984 478 quantum
1008 436 1047 467 ad
1071 435 1192 476 aliquid
1215 436 1260 466 eis
1282 435 1412 470 lucebit,

347 490 505 524 quantum
529 484 568 515 ad
592 483 679 514 aliud
703 484 747 514 eis
770 483 878 513 lucere
901 491 969 512 non
992 482 1110 522 poterit
1125 482 1152 511 ’ἦ

401 529 452 559 An
477 538 626 559 GUARTUM
657 537 817 558 mmmmm
847 525 937 567 quod
968 526 1090 556 claritas
1120 525 1174 555 illa
1204 524 1262 554 erit
1288 524 1322 553 in
1348 523 1414 552 istis

347 574 537 613 corporibus
560 574 643 603 sicut
666 578 713 603 est
735 573 769 602 in
793 571 983 611 corporibus
1011 569 1216 604 caelestibus,
1240 568 1274 598 in
1298 567 1415 607 quibus

347 617 539 648 caliditatem
554 627 623 648 non
639 622 761 647 causat:
787 616 863 656 quia
887 623 1023 654 corpora
1038 615 1097 644 ista
1112 619 1191 643 tunc
1206 611 1414 642 inalterabilia

347 667 450 698 erunt,
475 662 556 692 sicut
579 661 680 692 modo
704 666 778 691 sunt
802 659 958 690 caelestia.

402 706 453 736 An
479 716 619 737 omnum
646 714 807 735 mmmmm
831 702 921 744 quod
943 711 1012 734 non
1034 701 1165 732 tolletur
1193 705 1326 740 propter
1348 707 1416 729 me-

347 751 551 781 liorationem
568 750 802 780 elementorum
818 747 899 779 ordo
915 746 1065 777 universi.
1090 745 1176 782 Quia
1191 745 1287 774 etiam
1304 752 1417 773 omnes

349 795 427 826 aliae
450 800 555 835 partes
577 794 851 824 meliorabuntur:
883 796 915 821 et
937 791 983 820 sic
1005 789 1182 820 remanebit
1211 787 1324 818 eadem
1347 787 1418 817 har-

348 848 468 870 monia.

349 935 448 967 ART.
465 936 504 966 V.
524 944 631 965 urium
653 943 794 964 PLANTAE
817 942 855 963 ιη·
875 941 948 962 aua
970 941 1121 962 ANfflALm
1144 939 1327 960 REMANSURA
1352 939 1419 959 surr

701 988 734 1008 m
757 987 828 1007 rua
852 985 1066 1007 mnovnmna

535 1029 572 1051 De
584 1029 645 1056 1²01„
659 1034 698 1056 qu.
714 1035 736 1055 v,
751 1032 793 1050 art.
810 1033 837 1056 93
854 1026 979 1055 Compend.
992 1026 1083 1053 Theol„
1098 1032 1149 1054 cap.
1164 1031 1231 1047 cm.

350 1113 436 1176 An
453 1112 594 1133 numi-um
614 1112 659 1133 src
679 1111 885 1132 moeson-un.
902 1099 1036 1130 Videtur
1052 1098 1142 1139 quod
1160 1098 1288 1138 plantae
1308 1103 1340 1128 et
1359 1097 1420 1127 alia

414 1147 563 1178 animalia
578 1151 764 1177 remaneant
778 1146 813 1176 in
829 1145 883 1175 illa
897 1145 1117 1175 innovatione.
1135 1143 1312 1173 Elementis
1332 1142 1419 1172 enim

348 1202 417 1223 non
441 1191 536 1222 debet
559 1190 680 1231 aliquid
704 1190 845 1221 subtrahi
869 1188 959 1229 quod
978 1188 1018 1219 ad
1037 1197 1152 1218 eorum
1175 1192 1325 1218 ornatum
1348 1195 1420 1226 per-

348 1238 439 1267 tinet.
456 1235 519 1267 Sed
535 1235 725 1267 animalibus
741 1240 774 1265 et
788 1234 905 1275 plantis
929 1234 1088 1264 elementa
1104 1232 1210 1263 ornari
1226 1231 1377 1262 dicuntur
1391 1231 1418 1260 ἢ

349 1282 444 1321 Ergo
458 1288 526 1311 non
550 1279 734 1311 auferentur
756 1280 791 1309 in
813 1279 867 1309 illa
889 1278 1109 1308 innovatione.

407 1335 436 1356 2.
460 1325 666 1360 Phameam,
698 1325 780 1354 sicut
812 1323 971 1354 elementa
999 1321 1125 1352 homini
1154 1321 1346 1356 servierunt,
1378 1320 1421 1350 ita

350 1370 446 1401 etiam
470 1369 618 1400 animalia
642 1374 673 1399 et
694 1369 823 1409 plantae
846 1373 878 1398 et
901 1376 1037 1407 corpora
1062 1365 1237 1396 mineralia.
1270 1363 1333 1395 Sed
1357 1364 1420 1394 ele-

316 1435 323 1447 ,
349 1419 459 1445 menta
481 1419 614 1455 propter
639 1412 840 1454 praedictum
870 1411 1083 1442 ministerium
1113 1408 1419 1450 glorificabuntur.*.

350 1459 436 1499 Ergo
461 1464 492 1489 et
515 1457 663 1489 animalia
687 1463 718 1488 et
740 1457 868 1497 plantae
896 1461 928 1486 et
951 1465 1087 1496 corpora
1114 1454 1279 1484 mineralia
1301 1452 1420 1493 glorifi-

351 1504 518 1534 cabuntur.

407 1547 437 1578 3.
461 1547 658 1583 PRAnmRaA,
675 1546 862 1577 universum
880 1544 1057 1575 remanebit
1079 1542 1306 1583 imperfectum
1322 1542 1348 1571 si
1365 1541 1420 1571 ali-

351 1591 430 1633 quid
454 1591 544 1632 quod
567 1596 615 1622 est
637 1590 678 1622 de
700 1589 898 1630 perfectione
925 1589 994 1619 eius
1016 1587 1187 1619 auferatur.
1212 1586 1275 1617 Sed
1299 1586 1421 1626 species

351 1636 539 1667 animalium
557 1640 590 1666 et
604 1634 786 1675 plantarum
810 1639 842 1664 et
865 1641 1040 1673 corporum
1063 1631 1267 1662 mineralium
1290 1635 1365 1661 sunt
1381 1629 1420 1660 de

350 1679 550 1721 perfectione
581 1680 731 1710 universi.
765 1678 852 1709 Cum
883 1686 960 1717 ergo
992 1686 1061 1707 non
1094 1676 1208 1706 debeat
1238 1675 1301 1705 dici
1331 1674 1422 1714 quod

351 1724 492 1755 mundus
507 1725 542 1754 in
557 1733 614 1754 sua
636 1723 848 1754 innovatione
870 1720 1078 1762 imperfectus
1101 1725 1272 1755 remaneat,
1296 1719 1422 1749 videtur

351 1768 442 1810 quod
465 1773 613 1809 oporteat
633 1767 738 1799 dicere
757 1767 882 1807 plantas
901 1771 932 1796 et
951 1765 1012 1796 alia
1030 1764 1179 1795 animalia
1201 1773 1376 1794 remanere.

406 1822 438 1852 4.
462 1813 667 1848 Punicam,
692 1811 840 1842 animalia
869 1816 900 1841 et
923 1810 1051 1850 plantae
1080 1810 1199 1840 habent
1227 1808 1421 1839 nobiliorem

351 1857 490 1888 formam
520 1867 619 1898 quam
649 1857 718 1897 ipsa
748 1856 917 1887 elementa.
951 1854 1015 1886 Sed
1037 1853 1179 1884 mundus
1201 1854 1235 1884 in
1258 1853 1312 1883 illa
1334 1851 1422 1882 finali

351 1902 561 1934 innovatione
585 1902 620 1932 in
642 1901 758 1932 melius
781 1900 966 1931 mutabitur.
991 1899 1077 1939 Ergo
1105 1899 1206 1938 magis
1233 1896 1351 1928 debent
1373 1906 1421 1926 re-

351 1956 482 1978 manere
513 1946 662 1977 animalia
692 1951 723 1976 et
753 1945 880 1986 plantae
911 1953 1009 1984 quam
1043 1943 1219 1974 elementa:
1253 1951 1329 1972 cum
1359 1938 1422 1971 sint

351 1990 521 2022 nobiliora.

409 2035 439 2066 5.
462 2035 666 2071 Pmrnnm,
690 2034 923 2065 inconveniens
955 2037 1002 2063 est
1029 2031 1134 2062 dicere
1158 2030 1248 2075 qqod
1271 2030 1422 2060 naturalis

353 2080 512 2121 appetitus
535 2079 712 2110 frustretur.
746 2077 810 2109 Sed
833 2076 1013 2108 secundum
1042 2075 1219 2106 naturalem
1243 2075 1422 2115 appetitum

353 2124 502 2155 animalia
525 2129 557 2154 et
579 2124 707 2164 plantae
730 2127 888 2163 appetunt
916 2130 984 2152 esse
1007 2125 1176 2161 perpetua,
1202 2120 1260 2150 etsi
1283 2128 1351 2149 non
1374 2128 1422 2149 se-

354 2168 499 2199 cundum
514 2167 728 2203 individuum,
745 2167 857 2198 saltem
873 2165 1053 2196 secundum
1071 2165 1232 2205 speciem:
1258 2169 1289 2194 et
1304 2163 1344 2194 ad
1359 2163 1423 2194 hoc

354 2212 519 2244 ordinatur
542 2222 656 2243 eorum
679 2212 842 2253 generatio
862 2211 1026 2246 continua,
1042 2214 1079 2240 ut
1093 2210 1128 2239 in
1145 2209 1171 2239 11
1187 2208 1226 2239 de
1242 2208 1393 2239 Generat.
1406 2209 1423 2224 ⁴*

354 2257 479 2288 dicitur.
512 2257 598 2297 Ergo
629 2257 861 2287 inconveniens
884 2260 931 2286 est
955 2254 1059 2285 dicere
1087 2253 1178 2294 quod
1200 2253 1278 2283 istae
1301 2253 1424 2293 species

354 2301 527 2342 aliquando
552 2300 711 2332 deficiant.

409 2345 472 2377 San
485 2350 637 2382 comma,
662 2346 688 2375 si
718 2345 846 2385 plantae
877 2349 909 2374 et
939 2343 1087 2374 animalia
1117 2342 1345 2378 remanebunt,
1370 2346 1425 2372 aut

354 2390 464 2422 omnia
487 2396 542 2421 aut
565 2389 734 2430 quaedam.
764 2388 798 2420 Si
822 2388 946 2424 omnia,
971 2387 1134 2428 oportebit
1157 2387 1253 2417 etiam
1277 2386 1426 2417 animalia

353 2435 447 2466 bruta
469 2444 552 2475 quae
574 2435 662 2475 prius
678 2433 809 2465 fuerunt
823 2438 962 2469 mortua,
979 2441 1153 2472 resurgere,
1170 2432 1253 2462 sicut
1269 2437 1300 2462 et
1319 2431 1424 2461 homi-

353 2489 411 2510 nes
426 2485 601 2520 resurgent.
621 2478 722 2517 Quod
738 2478 801 2509 dici
815 2487 884 2508 non
899 2482 1023 2518 potest:
1049 2477 1134 2517 quia,
1152 2485 1228 2506 cum
1244 2475 1348 2506 forma
1368 2485 1424 2506 eo-

354 2533 427 2554 rum
442 2524 476 2554 in
490 2524 629 2554 nihilum
645 2523 746 2559 cedat,
762 2532 830 2553 non
846 2527 954 2563 potest
969 2521 1082 2552 eadem
1098 2530 1235 2551 numero
1256 2521 1386 2551 resumi.
1403 2538 1425 2542 —

355 2567 389 2599 Si
412 2573 520 2599 autem
542 2578 611 2598 non
635 2568 754 2603 omnia,
779 2566 835 2598 sed
858 2566 1037 2607 quaedam:
1070 2575 1146 2596 cum
1169 2575 1237 2595 non
1261 2566 1300 2595 sit
1322 2565 1426 2595 maior

355 2613 436 2643 rau'o
460 2611 500 2643 de
522 2621 590 2643 uno
615 2621 713 2652 quam
736 2611 776 2642 de
800 2612 863 2648 alio
892 2611 983 2651 quod
1005 2611 1039 2641 in
1062 2615 1256 2650 perpetuum
1286 2614 1424 2645 maneat,

355 2656 481 2687 videtur
504 2656 594 2697 quod
616 2656 743 2687 nullum
767 2665 882 2687 eorum
904 2656 939 2686 in
961 2660 1156 2696 perpetuum
1178 2654 1331 2684 manebit.
1362 2653 1425 2684 Sed

357 2700 516 2742 quidquid
538 2701 716 2731 remanebit
737 2705 812 2741 post
834 2699 949 2730 mundi
971 2699 1230 2735 innovationem,
1254 2699 1288 2728 in
1311 2707 1421 2738 perpe-

355 2750 450 2776 tuum
466 2745 533 2781 erit,
547 2746 754 2786 generatione
773 2749 804 2775 et
824 2745 1033 2785 corruptione
1053 2748 1205 2774 cessante.
1233 2743 1319 2783 Ergo
1334 2742 1425 2783 plan-

355 2795 407 2820 tae
437 2795 468 2820 et
495 2790 644 2820 animalia
673 2789 803 2830 penitus
831 2793 907 2829 post
935 2787 1051 2819 mundi
1078 2788 1323 2818 innovationem
1355 2796 1424 2818 non

357 2839 460 2865 erunt.

414 2888 443 2909 2.
468 2878 664 2914 Puni-anna,
689 2876 868 2908 secundum
891 2876 1137 2916 Philosophum,
1161 2876 1195 2906 in
1219 2875 1246 2906 11
1266 2876 1305 2906 de
1322 2875 1425 2906 Gene-

357 2928 419 2954 rat.
436 2924 463 2959 ⁹,
479 2923 513 2953 in
530 2922 719 2953 animalibus
735 2927 767 2952 et
781 2921 898 2962 plantis
914 2926 946 2951 et
960 2920 1147 2951 huiusmodi
1166 2920 1425 2960 corruptibilibus

356 2967 474 3008 speciei
497 2967 692 3007 perpetuitas
717 2976 785 2997 non
809 2971 1015 2997 conservatur
1036 2965 1098 2995 nisi
1121 2974 1160 2995 ex
1183 2965 1426 2995 continuatione

355 3017 465 3042 motus
489 3011 641 3042 caelestis.
673 3010 736 3042 Sed
759 3016 837 3041 tunc
865 3015 973 3041 motus
1002 3009 1144 3040 caelestis
1171 3008 1307 3039 deficiet.
1338 3008 1425 3048 Ergo

356 3065 426 3087 non
447 3056 566 3097 poterit
588 3056 783 3096 perpetuitas
806 3056 840 3085 in
863 3055 924 3085 illis
948 3054 1115 3094 speciebus
1139 3053 1329 3083 conservari.

415 3100 445 3131 3.
468 3101 665 3137 Punicana,
691 3105 834 3130 cessante
857 3099 932 3135 fine,
955 3107 1077 3129 cessare
1100 3097 1195 3128 debet
1216 3096 1250 3127 id
1273 3096 1364 3137 quod
1380 3102 1427 3127 est

359 3144 399 3175 ad
413 3143 523 3175 finem.
547 3144 611 3176 Sed
634 3145 782 3176 animalia
798 3149 830 3174 et
844 3144 972 3184 plantae
995 3142 1078 3173 facta
1100 3147 1175 3173 sunt
1197 3141 1237 3172 ad
1256 3141 1427 3172 animalem

358 3189 456 3219 vitam
485 3189 626 3220 hominis
657 3188 915 3220 sustentandam:
950 3187 1038 3218 unde
1066 3186 1181 3217 dicitur
1205 3185 1318 3216 Genes.
1343 3195 1376 3216 1x
1390 3186 1425 3215 *2

359 3232 451 3263 Sicut
473 3233 566 3263 olera
587 3233 726 3264 virentia
749 3233 823 3264 dedi
846 3233 935 3264 vobis
959 3241 1085 3262 omnem
1109 3240 1250 3262 carnem.
1271 3229 1334 3261 Sed
1353 3235 1428 3270 post

1432 620 1456 635 10

1435 839 1457 860 ¹5

1433 1065 1461 1080 20

1435 1287 1458 1307 ²5

1436 1508 1462 1528 30

1437 1729 1460 1750 35

1436 1951 1463 1972 4ο

1438 2173 1461 2193 45

1440 2397 1466 2417 50

1442 2618 1464 2639 55

1439 2839 1466 2859 60

1440 3060 1465 3085 65

2454 142 2528 178 217

1471 211 1605 252 Oportet
1627 210 1836 250 corruptibile
1858 211 1918 240 hoc
1940 211 2073 241 induere
2092 211 2378 251 incorruptionem.
2402 210 2443 240 Et
2458 210 2533 240 ideo

1466 255 1608 287 mundus
1630 255 1694 285 hoc
1717 254 1818 284 modo
1845 255 2049 285 innovabitur
2072 261 2124 292 ut,
2152 256 2273 286 abiecta
2304 255 2394 285 omni
2424 264 2533 284 corru-

1466 302 1589 341 ptione,
1608 304 1767 340 perpetuo
1791 305 1919 328 maneat
1941 300 1974 328 in
1998 300 2115 339 quiete.
2150 300 2243 331 Unde
2267 299 2306 330 ad
2329 299 2415 329 illam
2438 299 2532 329 inno-

1467 346 1630 375 vationem
1657 343 1737 374 nihil
1764 342 1902 373 ordinari
1933 344 2051 383 poterit
2073 345 2133 374 nisi
2157 344 2246 384 quod
2268 344 2363 374 habet
2386 342 2532 373 ordinem

1469 390 1509 420 ad
1530 388 1818 428 incorruptionem.
1849 387 2046 417 Huiusmodi
2074 394 2180 418 autem
2207 394 2281 418 sunt
2304 397 2439 428 corpora
2462 397 2534 418 cae-

1468 435 1567 469 lestia,
1592 433 1750 463 elementa
1773 437 1805 462 et
1827 432 1985 461 homines.
2018 431 2163 471 Corpora
2186 439 2293 463 autem
2317 432 2462 462 caelestia
2485 441 2533 462 se-

1470 477 1614 509 cundum
1644 477 1693 507 sui
1722 481 1869 507 naturam
1903 476 2155 515 incorruptibilia
2185 483 2259 507 sunt
2290 482 2320 506 et
2356 476 2533 506 secundum

1470 528 1576 553 totum
1593 527 1623 552 et
1639 520 1819 552 secundum
1834 525 1939 560 partes
1955 521 1981 550 ἦ
2011 520 2178 550 Elementa
2197 530 2272 550 vero
2289 527 2363 551 sunt
2379 521 2534 560 corrupti-

1470 567 1545 597 bilia
1569 565 1701 606 quidem
1724 565 1904 596 secundum
1930 569 2045 604 partes,
2069 564 2124 594 sed
2147 565 2399 604 incorruptibilia
2422 575 2534 595 secun-

1471 611 1550 642 dum
1572 615 1688 641 totum.
1722 610 1882 640 Homines
1910 618 1988 639 vero
2019 614 2269 648 corrumpuntur
2299 614 2330 638 et
2359 609 2535 639 secundum

1471 660 1578 685 totum
1601 660 1632 685 et
1655 653 1834 684 secundum
1863 658 1987 693 partes:
2020 652 2076 683 sed
2106 653 2169 682 hoc
2198 662 2235 682 ex
2259 658 2347 692 parte
2377 654 2535 687 materiae,

1471 708 1539 729 non
1564 708 1602 728 ex
1625 704 1713 739 parte
1737 697 1870 732 formae,
1888 697 2008 727 scilicet
2032 697 2156 727 animae
2180 697 2350 732 rationalis,
2368 706 2450 736 quae
2466 703 2538 737 post

1473 743 1715 782 corruptionem
1738 742 1878 772 hominis
1902 747 2045 772 remanet
2067 742 2262 781 incorrupta.
2286 741 2445 771 Animalia
2462 751 2538 771 vero

1473 788 1566 817 bruta
1597 792 1628 817 et
1654 787 1782 827 plantae
1813 791 1844 817 et
1866 786 2047 822 mineralia,
2073 791 2104 816 et
2127 787 2237 816 omnia
2267 795 2402 825 corpora
2432 786 2539 821 mixta,

1474 836 1727 871 corrumpuntur
1750 836 1781 861 et
1805 830 1983 861 secundum
2011 835 2118 861 totum
2145 836 2176 861 et
2199 829 2378 860 secundum
2406 834 2539 870 partem,

1474 881 1506 906 et
1529 885 1567 906 ex
1591 881 1680 916 parte
1697 876 1869 911 materiae,
1895 885 1978 915 quae
2008 874 2145 905 formam
2173 875 2305 910 amittit,
2338 879 2369 904 et
2392 883 2430 904 ex
2452 880 2540 914 parte

1474 919 1607 956 formae,
1632 930 1715 960 quae
1739 925 1812 950 actu
1835 930 1903 950 non
1924 925 2042 950 manet.
2067 920 2108 950 Et
2124 920 2168 950 sic
2184 919 2275 950 nullo
2299 917 2399 949 modo
2423 919 2541 949 habent

1475 964 1622 995 ordinem
1645 964 1685 995 ad
1707 965 1994 1005 incorruptionem.
2019 964 2114 995 Unde
2129 965 2162 994 in
2178 964 2231 994 illa
2250 964 2458 994 innovatione
2473 973 2540 993 non

1474 1010 1661 1046 manebunt,
1686 1009 1741 1039 sed
1765 1009 1833 1039 sola
1857 1019 1894 1039 ea
1918 1018 2000 1049 quae
2024 1009 2107 1040 dicta
2129 1014 2213 1039 sunt.

1529 1054 1580 1084 An
1604 1063 1721 1085 PRIMUM
1741 1063 1824 1084 Enoo
1843 1064 2004 1084 mmmmm
2021 1053 2110 1094 quod
2133 1052 2319 1084 huiusmodi
2343 1061 2478 1092 corpora
2494 1051 2540 1082 di-

1475 1103 1592 1128 cuntur
1615 1108 1683 1129 esse
1707 1098 1747 1128 ad
1771 1104 1920 1128 ornatum
1944 1098 2179 1128 elementorum
2201 1098 2394 1137 inquantum
2410 1097 2540 1127 virtutes

1474 1143 1595 1173 activae
1619 1148 1650 1173 et
1672 1143 1815 1183 passivae
1838 1143 2000 1183 generales
2029 1152 2112 1183 quae
2141 1148 2215 1172 sunt
2238 1142 2271 1172 in
2295 1142 2477 1177 elementis,
2502 1141 2541 1172 ad

1474 1187 1627 1227 speciales
1651 1187 1793 1217 actiones
1817 1188 2058 1218 contrahuntur.
2082 1187 2123 1217 Et
2139 1186 2212 1217 ideo
2236 1191 2311 1216 sunt
2334 1185 2373 1216 ad
2392 1191 2540 1216 ornatum

1475 1232 1710 1262 elementorum
1733 1232 1766 1261 in
1790 1237 1873 1262 statu
1897 1232 2031 1262 actionis
2048 1237 2079 1262 et
2094 1231 2260 1272 passionis
2285 1230 2348 1261 Sed
2371 1230 2422 1260 hic
2443 1236 2540 1260 status

1474 1277 1508 1306 in
1525 1276 1690 1306 elementis
1706 1285 1773 1306 non
1789 1277 1974 1306 remanebit.
1994 1276 2089 1307 Unde
2104 1285 2165 1306 nec
2181 1274 2329 1306 animalia
2343 1284 2403 1305 nec
2419 1275 2542 1314 plantas

1474 1330 1638 1351 remanere
1663 1325 1800 1360 oportet.

1530 1365 1581 1395 An
1606 1374 1769 1395 sncrmmm
1785 1375 1944 1395 monimum
1966 1364 2056 1405 quod
2077 1374 2138 1395 nec
2162 1364 2309 1394 animalia
2331 1373 2392 1394 nec
2415 1364 2542 1404 plantae

1475 1419 1536 1440 nec
1552 1409 1612 1439 alia
1627 1418 1763 1449 corpora
1778 1410 1811 1439 in
1827 1409 2037 1440 ministrando
2061 1410 2185 1439 homini
2210 1408 2330 1448 aliquid
2345 1413 2541 1443 meruerunt,

1476 1463 1552 1484 cum
1567 1454 1710 1484 libertate
1727 1454 1844 1484 arbitrii
1861 1459 2005 1484 careant:
2027 1453 2082 1484 sed
2097 1463 2156 1493 pro
2173 1458 2262 1483 tanto
2279 1453 2429 1483 dicuntur
2445 1462 2542 1492 quae-

1476 1498 1550 1528 dam
1574 1507 1710 1539 corpora
1733 1499 1938 1534 remunerari,
1957 1499 2032 1538 quia
2054 1499 2155 1528 homo
2179 1498 2296 1528 meruit
2318 1503 2355 1527 ut
2373 1497 2426 1527 illa
2448 1497 2542 1527 inno—

1475 1548 1625 1573 varentur
1648 1552 1731 1583 quae
1755 1543 1794 1573 ad
1817 1544 2060 1573 innovationem
2084 1542 2230 1572 ordinem
2253 1542 2381 1572 habent.
2413 1542 2543 1572 Plantae

1476 1592 1586 1617 autem
1610 1592 1641 1617 et
1664 1587 1812 1617 animalia
1834 1597 1902 1617 non
1926 1588 2044 1617 habent
2068 1587 2214 1617 ordinem
2238 1586 2277 1616 ad
2300 1586 2542 1616 innovationem

1476 1632 1736 1672 incorruptionis
1772 1631 1867 1662 Unde
1898 1641 1935 1662 ex
1963 1632 2026 1662 hoc
2056 1632 2157 1661 homo
2185 1641 2252 1661 non
2282 1631 2399 1660 meruit
2429 1635 2464 1660 ut
2491 1630 2543 1660 illa

1476 1677 1724 1707 innovarentur:
1750 1677 1826 1716 quia
1840 1676 1948 1706 nullus
1964 1681 2071 1716 potest
2087 1676 2175 1706 alteri
2198 1676 2313 1705 mereri
2328 1675 2389 1705 nisi
2405 1674 2438 1704 id
2454 1675 2544 1704 cuius

1477 1726 1525 1751 est
1548 1730 1664 1760 capax,
1688 1730 1750 1751 nec
1773 1722 1869 1751 etiam
1899 1721 1958 1750 sibi
1988 1721 2058 1760 ipsi.
2091 1720 2202 1755 Unde,
2233 1720 2328 1750 etiam
2352 1719 2426 1749 dato
2455 1719 2544 1758 quod

1477 1765 1625 1796 animalia
1648 1766 1740 1795 bruta
1763 1771 1961 1795 mererentur
1984 1766 2017 1794 in
2041 1765 2217 1795 ministerio
2241 1764 2392 1799 hominis,
2415 1773 2483 1793 non
2499 1768 2544 1793 ta-

1476 1821 1552 1842 men
1576 1816 1681 1842 essent
1702 1810 1896 1841 innovanda.

1532 1856 1584 1886 An
1613 1866 1748 1886 'ram-xum
1779 1864 1940 1886 mesanum
1970 1854 2076 1894 quod,
2109 1855 2191 1884 sicut
2220 1852 2375 1893 perfectio
2405 1853 2545 1882 hominis

1477 1901 1695 1941 multipliciter
1717 1901 1902 1940 assignatur,
1925 1905 1972 1929 est
1992 1899 2078 1929 enim
2102 1898 2256 1938 perfectio
2279 1903 2411 1927 naturae
2434 1897 2545 1927 condi-

1477 1951 1527 1976 tae
1553 1950 1583 1975 et
1604 1950 1735 1975 naturae
1758 1944 1964 1984 glorificatae,
1983 1944 2026 1973 ita
2047 1943 2142 1973 etiam
2165 1941 2320 1983 perfectio
2344 1942 2483 1972 universi
2499 1948 2545 1971 est

1477 1990 1614 2030 duplex:
1639 1999 1704 2020 una
1727 1988 1907 2020 secundum
1930 1994 2047 2018 statum
2070 1988 2166 2018 huius
2189 1986 2425 2022 mutabilitatis;
2450 1986 2545 2016 altera

1477 2034 1657 2065 secundum
1681 2039 1798 2064 statum
1822 2033 1948 2063 futurae
1971 2033 2130 2062 novitatis.
2154 2032 2284 2062 Plantae
2308 2036 2416 2061 autem
2432 2036 2463 2060 et
2479 2031 2545 2060 ani-

1477 2080 1573 2110 malia
1597 2084 1671 2109 sunt
1695 2078 1734 2108 de
1758 2077 1957 2118 perfectione
1985 2077 2054 2107 eius
2081 2076 2262 2107 secundum
2289 2080 2406 2105 statum
2429 2075 2543 2105 istum:

1477 2134 1546 2154 non
1562 2129 1670 2154 autem
1694 2122 1874 2153 secundum
1893 2127 2010 2152 statum
2026 2121 2175 2152 novitatis
2194 2121 2289 2156 illius,
2307 2129 2382 2150 cum
2399 2119 2544 2150 ordinem

1479 2168 1519 2199 ad
1543 2178 1614 2199 eam
1637 2177 1706 2198 non
1728 2168 1876 2198 habeant.

1534 2213 1585 2243 An
1610 2222 1759 2243 QUARTUM
1782 2221 1942 2242 mmmmm
1958 2210 2058 2251 quod,
2076 2211 2222 2250 quamvis
2245 2209 2393 2240 animalia
2409 2214 2440 2239 et
2455 2209 2544 2249 plan-

1478 2263 1529 2288 tae
1553 2262 1711 2298 quantum
1735 2256 1775 2287 ad
1799 2255 1958 2296 quaedam
1988 2255 2048 2285 alia
2079 2255 2141 2285 sint
2169 2254 2328 2284 nobiliora
2356 2263 2454 2293 quam
2477 2254 2545 2294 ipsa

1479 2303 1648 2338 elementa,
1672 2307 1780 2332 tamen
1804 2306 1962 2341 quantum
1986 2299 2026 2330 ad
2045 2299 2192 2330 ordinem
2214 2298 2466 2338 incorruptionis
2483 2298 2545 2328 ele-

1478 2352 1588 2377 menta
1610 2352 1686 2377 sunt
1707 2346 1876 2381 nobiliora,
1900 2351 1937 2375 ut
1960 2354 1998 2375 ex
2021 2344 2112 2375 dictis
2127 2345 2143 2360 ³*
2167 2348 2263 2383 patet.

1534 2392 1585 2422 An
1610 2401 1750 2421 amNTUM
1774 2400 1933 2420 DICENDUM
1957 2389 2047 2429 quod
2070 2389 2220 2419 naturalis
2243 2388 2403 2427 appetitus
2419 2386 2459 2417 ad
2474 2396 2545 2427 per-

1478 2436 1669 2476 petuitatem
1686 2445 1768 2476 quae
1784 2435 1867 2465 inest
1885 2434 2074 2464 animalibus
2091 2438 2122 2463 et
2137 2433 2262 2474 plantis,
2279 2437 2326 2462 est
2341 2431 2546 2472 accipiendus

1479 2480 1660 2511 secundum
1690 2479 1837 2510 ordinem
1861 2479 1901 2510 ad
1928 2484 2055 2509 motum
2087 2477 2184 2513 caeli,
2215 2482 2251 2507 ut
2274 2477 2395 2507 scilicet
2421 2481 2546 2506 tantum

1479 2526 1513 2555 in
1538 2535 1606 2556 esse
1629 2530 1838 2565 permaneant
1869 2529 2026 2564 quantum
2056 2528 2165 2553 motus
2196 2521 2275 2552 caeli
2303 2520 2446 2551 durabit:
2478 2531 2546 2551 non

1481 2571 1568 2600 enim
1590 2574 1698 2610 potest
1722 2569 1882 2609 appetitus
1907 2578 1974 2599 esse
1997 2569 2031 2598 in
2055 2567 2171 2597 effectu
2192 2571 2230 2596 ut
2252 2570 2437 2606 permaneat
2466 2565 2547 2595 ultra

1481 2623 1609 2645 causam
1633 2623 1735 2644 suam.
1767 2614 1808 2644 Et
1829 2613 1904 2643 ideo
1929 2613 1971 2647 si,
1997 2617 2139 2642 cessante
2167 2616 2260 2641 motu
2291 2611 2386 2650 primi
2408 2610 2546 2645 mobilis,

1479 2659 1607 2700 plantae
1624 2665 1655 2689 et
1671 2658 1819 2689 animalia
1837 2667 1905 2688 non
1921 2662 2087 2687 remanent
2110 2655 2289 2686 secundum
2313 2655 2463 2695 speciem,
2480 2664 2546 2684 non

1480 2705 1625 2744 sequitur
1648 2703 1827 2744 appetitum
1850 2702 2029 2732 naturalem
2053 2700 2202 2731 frustrari.

1599 2796 1853 2840 QUAESTIO
1877 2793 2431 2828 NONAGESIMASECUNDA

1731 2850 1775 2874 DE
1794 2849 1930 2874 VISlONE
1949 2848 2087 2873 DIVINAE
2107 2847 2294 2872 ESSENTIAE

1706 2886 1772 2910 PER
1796 2884 2097 2910 COMPARATIONEM
2122 2883 2168 2907 ΑΙ)
2191 2883 2328 2908 BEATOS

1547 2970 1773 2992 ONSEQUENTER
1801 2957 2069 2989 considerandum
2094 2963 2140 2987 est
2164 2957 2204 2987 de
2224 2957 2273 2987 his
2296 2966 2380 2996 quae
2402 2962 2546 2996 spectant

1484 2973 1588 3036 Cad
1611 3006 1722 3035 beatos
1745 3009 1820 3044 post
1842 3003 1999 3034 iudicium
2021 3002 2168 3042 generale
2185 3002 2210 3031 *.
2235 3001 2276 3031 Et
2298 3002 2419 3041 primo,
2441 3001 2481 3031 de
2500 3002 2546 3031 vi-

1481 3052 1572 3081 sione
1603 3058 1717 3080 eorum
1746 3053 1894 3088 respectu
1924 3046 2050 3077 divinae
2080 3046 2251 3082 essentiae,
2275 3046 2308 3075 in
2339 3055 2403 3085 qua
2434 3055 2546 3076 eorum

1481 3093 1645 3126 beatitudo
1668 3093 1884 3134 principaliter
1907 3092 2068 3127 consistit;
2093 3089 2247 3126 secund0,
2272 3089 2311 3120 de
2336 3099 2450 3120 eorum
2474 3091 2547 3120 bea-

1482 3139 1618 3170 titudine
1642 3143 1673 3168 et
1696 3146 1811 3168 eorum
1833 3136 2055 3167 mansionibus
2070 3137 2102 3172 '3
2127 3135 2231 3171 tertio,
2249 3134 2288 3165 de
2307 3134 2408 3165 modo
2431 3143 2498 3174 quo
2514 3144 2547 3165 se

1483 3194 1556 3224 erga
1584 3183 1750 3214 damnatos
1778 3181 1942 3212 habebunt
1957 3181 1989 3217 ἡ
2014 3185 2144 3220 quarto,
2169 3179 2208 3210 de
2236 3179 2365 3210 dotibus
2391 3179 2547 3219 ipsorum,

1483 3238 1567 3269 quae
1589 3228 1623 3258 in
1646 3225 1843 3257 beatitudine
1867 3234 1981 3256 eorum
2005 3225 2210 3255 continentur
2226 3225 2259 3261 ’ς
2284 3224 2409 3263 quinto,
2430 3223 2470 3254 de
2493 3233 2549 3254 au-

359 3277 448 3307 illam
469 3276 712 3308 innovationem
734 3278 878 3308 animalis
894 3278 959 3307 vita
973 3277 1007 3307 in
1022 3276 1156 3307 homine
1171 3284 1239 3305 non
1256 3275 1324 3305 erit.
1341 3275 1427 3314 Ergo
1442 3288 1469 3309 70
1482 3273 1592 3308 reolis,
1618 3272 1735 3312 quibus
1764 3279 1878 3301 eorum
1906 3269 2070 3300 beatitudo
2098 3268 2260 3310 perficitur
2284 3274 2315 3298 et
2338 3267 2506 3299 decoratur
2521 3269 2548 3299 *.

360 3330 422 3352 nec
444 3320 571 3361 plantae
592 3331 654 3352 nec
677 3322 826 3353 animalia
847 3331 1012 3353 remanere
1037 3320 1163 3351 debent.

415 3365 606 3396 stpormno
627 3375 789 3397 mmmm
811 3366 912 3407 quod,
935 3375 1011 3397 cum
1033 3365 1200 3396 innovatio
1223 3363 1337 3394 mundi
1352 3372 1428 3404 pro-

360 3415 432 3450 pter
446 3409 614 3440 hominem
629 3409 694 3446 fiat,
711 3415 840 3450 oportet
862 3410 952 3451 quod
969 3410 1171 3441 innovationi
1193 3408 1334 3439 hominis
1350 3417 1428 3438 con-

362 3453 528 3485 formetur.
552 3453 665 3484 Homo
688 3459 796 3485 autem
818 3456 990 3486 innovatus
1006 3454 1046 3485 de
1062 3459 1145 3485 statu
1164 3453 1380 3494 corruptionis
1395 3453 1429 3483 in

348 3498 639 3538 *incorruptionem
660 3499 791 3529 transiet
814 3504 846 3529 et
867 3504 1042 3540 perpetuae
1065 3499 1198 3540 quietis:
1224 3498 1236 3528 1
1255 3498 1331 3528 Cor.
1349 3498 1428 3533 πῖν’,

504 3559 615 3584 Summa
634 3558 736 3583 Tui-201..
756 3558 788 3584 D.
800 3558 915 3584 Tuomst.
933 3559 967 3584 T.
980 3559 1023 3584 lx.

1444 3510 1467 3530 75

1484 3317 1578 3349 Circa
1599 3317 1741 3357 primum
1765 3319 1962 3355 quaeruntur
1984 3315 2052 3344 tn‘a.

1537 3362 1665 3392 Primo:
1690 3366 1799 3391 utrum
1823 3360 1923 3390 sancti
1945 3358 2100 3389 videbunt
2122 3358 2230 3388 Deum
2248 3367 2306 3397 per
2324 3358 2503 3388 essentiam.

1539 3405 1709 3437 Secundo:
1734 3410 1844 3435 utrum
1865 3403 2021 3434 videbunt
2043 3412 2119 3434 eum
2142 3402 2240 3433 oculo
2264 3402 2432 3442 corporali.

1540 3451 1670 3482 Tertio:
1695 3454 1815 3485 utrum,
1831 3447 1972 3479 videndo
1989 3457 2075 3484 eum,
2092 3446 2220 3477 videant
2238 3447 2348 3477 omnia
2367 3456 2450 3487 quae
2461 3446 2549 3477 Deus

1572 3495 1669 3526 videt.

2356 3551 2405 3577 28*

2563 524 2571 533 ·
2582 522 2618 543 Cf.
2629 521 2639 542 1
2650 521 2719 548 Pan„
2735 527 2777 548 qu.

2562 554 2624 575 val,
2637 551 2678 569 an.
2693 553 2714 570 2.

2574 2357 2583 2367 ²
2597 2355 2622 2377 ln
2638 2360 2744 2382 corpore.

2575 3003 2585 3013 ²
2597 3001 2632 3023 Cf.
2643 3007 2682 3028 qu.
2693 3007 2741 3028 xer,
2751 3001 2787 3022 ln—

2573 3028 2634 3050 trod.

2575 3137 2585 3147 ²
2601 3136 2648 3163 Qu.
2663 3141 2728 3157 11:111.

2575 3181 2586 3192 ²
2601 3180 2647 3208 Qu.
2663 3184 2727 3201 xciv.

2575 3226 2585 3236 ²
2600 3225 2648 3252 Qu.
2663 3229 2716 3245 xcv.

2576 3269 2586 3279 ²
2601 3268 2649 3295 Qu.
2664 3272 2727 3290 xcvi.
