2878 4088
183 610 195 621 ·
201 609 235 631 Cf.
245 609 305 631 Part.
310 609 349 635 111,
356 615 394 636 qu.

183 642 237 663 mxv,
251 639 293 657 art.
310 642 327 658 ι.

183 918 193 928 ·
208 916 274 938 Vers.
288 923 310 943 4.

182 1226 192 1235 '¹
207 1224 267 1246 Part.
286 1224 330 1250 111,
352 1229 392 1251 qu.

180 1257 235 1275 Lxu.
247 1254 287 1272 nrt.
300 1257 318 1277 i,
333 1250 360 1271 ad
373 1257 391 1271 ι.

180 1277 349 1303 'Dist.xxrv‚ca

179 1303 245 1325 Nunc
255 1303 288 1324 ad
294 1309 349 1324 cons

181 1333 202 1351 et
218 1330 289 1351 Tales
305 1331 389 1351 autem.

179 1493 189 1502 '¹
203 1491 235 1512 IV
250 1491 322 1517 Sent„
336 1491 390 1512 dist.

180 1524 202 1543 ι,
226 1523 275 1545 cap.
299 1518 389 1539 Sacra-

177 1546 283 1565 mentum.

178 1577 188 1587 ·
202 1575 269 1597 Vers.
283 1581 305 1602 4.

422 218 473 265 64
1040 217 1302 264 QUAESTIO
1332 215 1486 262 XXXV,
1507 212 1800 250 ARTICULUS
1828 213 1854 259 1,
1875 213 1918 258 ΙΙ,
1939 213 1984 249 III

1596 291 1625 321 3.
1649 291 1852 327 Palinurum,
1883 300 1941 331 per
1972 291 2185 323 characterem
2217 293 2318 324 homo
2351 293 2537 326 adscribitur
2566 296 2606 327 ad

599 323 697 354 ART.
723 323 746 354 I.
777 333 882 354 UTRUM
904 334 935 354 IN
959 332 1160 354 SACRAMENTO
1185 331 1308 352 0R¹³¹N¹⁵
1539 335 1659 374 aliquid
1683 344 1808 365 sacrum
1832 334 1974 366 dandum
2002 336 2052 366 vel
2085 337 2319 377 accipiendum.
2351 337 2414 369 Sed
2437 339 2477 370 ad
2499 349 2606 371 susce-

633 377 836 398 CONFERATUR
860 378 973 398 GRATIA
997 377 1122 398 GRATUM
1146 375 1272 396 FACIENS
1538 380 1686 419 ptionem
1709 384 1982 410 sacramentorum
2011 381 2113 411 homo
2143 381 2336 412 sufficienter
2363 382 2527 414 ordinatur
2548 394 2606 424 per

767 422 800 444 lv
817 422 885 445 Cont-
902 422 981 448 Gent.,
997 427 1046 449 cap·
1062 427 1139 442 '³¹¹¹'-
1540 423 1753 453 characterem
1776 424 2007 463 baptismalem.
2031 425 2240 465 Dispensator
2262 431 2370 457 autem
2392 433 2606 459 sacramento-

488 483 508 503 D
524 483 640 504 paruum
664 483 709 504 src
732 483 936 504 PROCEDITUR.
961 472 1094 503 Videtur
1117 470 1206 510 quod
1229 470 1262 499 in
1286 473 1484 498 sacramento
1507 476 1517 497 5
1539 476 1611 497 rum
1637 477 1706 497 non
1733 468 1936 498 constituitur
1966 468 2081 508 aliquis
2111 469 2170 499 nisi
2201 470 2236 500 in
2266 470 2378 501 ordine
2408 471 2605 503 sacerdotali.

424 483 607 548 Aordinis
643 527 711 548 non
743 517 924 548 conferatur
954 517 1051 556 gratia
1080 520 1204 554 gratum
1235 513 1363 542 faciens.
1401 511 1486 549 Quia
1539 511 1624 551 Ergo
1649 512 1682 542 in
1706 512 1773 542 aliis
1798 511 1963 542 ordinibus
1985 522 2054 543 non
2076 514 2269 553 imprimitur
2292 515 2461 545 character.

423 562 638 592 communiter
661 561 776 592 dicitur
798 561 887 601 quod
910 564 1142 590 sacramentum
1173 556 1291 587 ordinis
1322 554 1486 586 ordinatur
1596 555 1658 586 San
1682 565 1815 592 CONTRA,
1833 566 1931 587 omne
1949 563 2183 588 sacramentum
2198 558 2232 588 in
2248 567 2315 598 quo
2330 568 2399 589 non
2413 559 2607 599 imprimitur

423 611 534 636 contra
550 606 710 637 defectum
726 606 921 646 ignorantiae
937 605 962 634 ἦ
988 602 1049 634 Sed
1065 606 1175 631 contra
1190 600 1402 640 ignorantiam
1417 609 1485 630 non
1540 600 1709 636 character,
1727 606 1774 631 est
1788 601 1939 631 iterabile.
1965 600 2027 631 Sed
2047 602 2155 632 nullus
2179 601 2260 633 ordo
2277 607 2323 632 est
2338 603 2496 634 iterabilis.
2519 604 2605 644 Ergo

423 649 514 681 datur
537 652 635 690 gratia
657 655 781 690 gratum
811 648 945 683 faciens,
970 646 1025 677 sed
1047 646 1145 685 gratia
1170 645 1264 684 gratis
1288 644 1377 674 data:
1410 644 1485 684 quia
1538 644 1572 674 in
1596 645 1742 684 quolibet
1765 645 1877 676 ordine
1899 646 2093 685 imprimitur
2116 647 2285 677 character.

422 695 521 734 gratia
536 700 661 734 gratum
676 694 794 724 faciens
815 693 914 731 magis
937 690 1064 730 respicit
1087 688 1246 719 affectum.
1271 688 1357 728 Ergo
1373 689 1407 719 in
1422 689 1486 719 hoc
1501 701 1526 717 ιο
1596 698 1625 719 2.
1650 690 1852 726 Prummu,
1877 690 2038 720 character
2061 695 2108 720 est
2130 691 2258 732 signum
2284 690 2511 722 distinctivum.
2543 691 2606 722 Sed

423 744 620 769 sacramento
645 738 763 768 ordinis
786 746 853 766 non
876 735 967 765 datur
989 734 1087 773 gratia
1109 738 1235 772 gratum
1258 732 1386 763 faciens.
1539 733 1573 763 in
1589 734 1734 774 quolibet
1757 734 1868 765 ordine
1884 739 1931 765 est
1946 735 2053 775 aliqua
2075 734 2247 766 distinctio.
2271 735 2357 775 Ergo
2376 735 2510 776 quilibet
2525 735 2606 767 ordo

480 793 508 813 2.
525 783 719 817 PRAETEREA,
737 780 816 811 ordo
833 779 1069 810 distinctionem
1085 778 1246 817 importat.
1263 777 1327 808 Sed
1341 777 1486 808 membra
1538 778 1693 818 imprimit
1716 779 1939 809 characterem.

423 827 583 858 Ecclesiae
599 836 667 856 non
682 826 917 864 distinguuntur
932 832 989 862 per
1003 822 1135 862 gratiam
1155 827 1280 861 gratum
1303 821 1484 858 facientem,
1592 823 1782 854 Rasronnno
1806 833 1965 853 mmmmm
1987 823 2077 864 quod
2093 824 2175 854 circa
2190 824 2254 854 hoc
2270 823 2331 855 fuit
2352 824 2467 864 triplex
2483 824 2605 864 opinio.

422 871 478 902 sed
500 870 678 902 secundum
700 870 830 909 gratiam
853 867 946 907 gratis
966 865 1081 902 datam,
1099 865 1138 896 de
1155 875 1219 906 qua
1235 866 1358 903 dicitur,
1376 867 1388 897 1
1407 867 1484 897 Cor.
1539 867 1680 906 Quidam
1711 868 1797 898 enim
1828 867 1975 898 dixerunt
2005 867 2095 908 quod
2118 869 2151 898 in
2175 868 2245 899 solo
2277 868 2389 899 ordine
2419 868 2607 899 sacerdotali

421 916 508 946 x11*:
525 915 708 945 Divisiones
722 913 907 954 gratiarum
923 915 1007 941 sunt.
1031 911 1117 951 Ergo
1132 911 1166 941 in
1183 910 1294 941 ordine
1310 921 1378 942 non
1394 911 1486 942 datur
1500 923 1523 944 ις
1539 912 1699 943 character
1729 913 1932 952 imprimitur.
1961 930 1985 935 -
2015 912 2079 943 Sed
2105 913 2168 943 hoc
2198 922 2266 943 non
2293 918 2341 944 est
2365 922 2489 943 verum.
2521 912 2607 951 Quia

421 960 519 1000 gratia
541 964 665 998 gratum
688 957 816 987 faciens.
1539 962 1646 987 actum
1670 956 1797 987 diaconi
1819 957 1927 987 nullus
1949 962 2057 997 potest
2080 967 2226 988 exercere
2250 958 2335 988 licite
2357 958 2420 988 nisi
2440 956 2605 988 diaconus.

476 1004 505 1034 3.
530 1003 725 1037 Plurimum,
741 1000 829 1031 nulla
846 1009 940 1030 causa
955 1000 1188 1040 praesupponit
1211 998 1362 1030 effectum
1377 1010 1483 1030 suurn.
1538 1001 1579 1031 Et
1601 1002 1645 1031 ita
1667 1006 1754 1041 patet
1777 1000 1867 1042 quod
1890 1001 1985 1032 habet
2007 1001 2148 1042 aliquam
2172 1002 2344 1042 specialem
2364 1007 2557 1043 potestatem
2571 1002 2606 1033 in

420 1047 482 1078 Sed
505 1047 538 1076 in
563 1056 601 1077 eo
626 1046 682 1085 qui
710 1044 831 1075 accedit
854 1043 894 1074 ad
917 1043 1045 1074 ordines
1074 1045 1346 1084 praesupponitur
1374 1045 1483 1084 gratia,
1538 1045 1775 1085 dispensatione
1798 1050 2080 1082 sacramentorum,
2106 1055 2204 1087 quam
2227 1046 2279 1077 alii
2301 1056 2370 1077 non
2392 1047 2520 1077 habent.

418 1101 475 1132 per
499 1100 595 1130 quarn
618 1089 654 1120 fit
676 1088 812 1120 idoneus
835 1088 875 1118 ad
899 1089 1123 1119 executionem
1147 1088 1276 1119 ordinis.
1304 1089 1390 1129 Ergo
1414 1089 1484 1119 talis
1592 1089 1634 1120 Et
1655 1095 1787 1130 propter
1809 1090 1874 1120 hoc
1897 1090 1950 1120 alii
1973 1089 2121 1121 dixerunt
2150 1090 2240 1130 quod
2262 1091 2296 1121 in
2318 1091 2413 1121 sacris
2440 1090 2606 1122 ordinibus

418 1135 515 1175 gratia
538 1144 606 1165 non
629 1133 792 1164 confertur
814 1133 848 1162 in
872 1132 991 1163 ordinis
1015 1133 1197 1163 collatione.
1498 1143 1524 1157 το
1536 1134 1730 1174 imprimitur
1753 1134 1922 1170 character,
1946 1143 2015 1164 non
2038 1140 2146 1165 autem
2168 1135 2203 1165 in
2223 1135 2411 1166 minoribus.
2426 1154 2450 1159 -
2466 1135 2529 1167 Sed
2542 1136 2606 1166 hoc

473 1179 535 1210 San
571 1188 707 1214 CONTRA,
741 1182 936 1208 sacramenta
968 1187 1073 1208 novae
1106 1177 1184 1217 legis
1218 1176 1364 1218 efficiunt
1397 1177 1484 1218 quod
1536 1178 1653 1208 iterum
1676 1178 1755 1208 nihil
1770 1183 1828 1208 est.
1853 1178 1938 1216 Quia
1953 1187 2011 1218 per
2027 1179 2204 1218 quemlibet
2227 1178 2374 1210 ordinem
2397 1180 2512 1220 aliquis
2527 1189 2605 1210 con-

408 1224 565 1265 figurant
579 1224 605 1253 θ’.
630 1222 693 1254 Sed
716 1222 796 1253 ordo
819 1232 876 1262 per
890 1231 1063 1252 numerum
1087 1222 1303 1262 septenarium
1327 1221 1484 1262 significat
1536 1223 1675 1253 stituitur
1698 1231 1793 1263 supra
1807 1222 1936 1263 plebem
1950 1222 1985 1252 in
2001 1222 2110 1263 aliquo
2133 1222 2233 1263 gradu
2255 1224 2420 1264 potestatis
2443 1224 2606 1255 ordinatae

418 1273 540 1308 septem
564 1266 649 1298 dona
672 1267 806 1307 Spiritus
831 1266 947 1303 Sancti,
971 1271 1008 1297 ut
1030 1267 1063 1297 in
1086 1267 1188 1297 littera
1203 1267 1220 1283 θ
1244 1266 1368 1297 dicitur.
1397 1266 1482 1307 Ergo
1537 1266 1577 1298 ad
1600 1272 1874 1298 sacramentorum
1897 1267 2179 1307 dispensationem.

418 1312 503 1343 dona
527 1312 661 1351 Spiritus
684 1311 808 1348 Sancti,
834 1321 916 1351 quae
939 1320 1005 1342 non
1030 1316 1104 1341 sunt
1134 1312 1202 1341 sine
1231 1311 1330 1351 gratia
1358 1317 1484 1351 gratum
1592 1311 1697 1348 Unde,
1722 1321 1798 1342 curn
1821 1312 1981 1342 character
2004 1312 2044 1342 sit
2066 1312 2194 1352 signum
2223 1310 2441 1342 distinctivum
2464 1312 2503 1343 ab
2527 1313 2606 1350 aliis,

417 1356 564 1392 faciente,
588 1357 622 1386 in
646 1355 758 1387 ordine
781 1355 906 1386 dantur.
1118 1386 1120 1388 ,
1498 1363 1522 1384 25
1538 1361 1667 1396 oportet
1697 1355 1787 1396 quod
1817 1356 1852 1386 in
1882 1356 2033 1386 omnibus
2067 1356 2227 1386 character
2257 1356 2467 1396 imprimatur.
2503 1356 2608 1388 Cuius

474 1410 503 1431 2.
528 1401 724 1437 Parim-anax,
749 1400 829 1431 ordo
853 1405 900 1431 est
923 1404 1158 1430 sacramentum
1180 1409 1285 1430 novae
1308 1399 1396 1440 legis.
1421 1399 1484 1431 Sed
1539 1401 1634 1431 etiam
1665 1400 1793 1440 signum
1824 1405 1871 1431 est
1901 1400 1991 1441 quod
2020 1405 2179 1440 perpetuo
2207 1405 2355 1437 manent,
2379 1405 2412 1431 et
2437 1410 2608 1442 nunquam

417 1446 450 1475 in
475 1444 661 1475 definitione
690 1445 760 1475 talis
789 1445 978 1475 sacramenti
1007 1445 1139 1484 ponitur
1162 1449 1198 1475 ut
1225 1453 1324 1475 causa
1353 1445 1485 1486 gratiae
1537 1445 1700 1475 iterantur.
1725 1445 1766 1475 Et
1781 1445 1860 1475 haec
1883 1450 1930 1476 est
1949 1446 2041 1476 tertia
2064 1445 2195 1485 opinio:
2221 1454 2305 1485 quae
2328 1446 2534 1476 communior
2549 1451 2606 1477 est.

417 1490 536 1520 existat
550 1491 576 1520 ὓ.
601 1490 687 1530 Ergo
711 1494 819 1520 causat
841 1489 973 1530 gratiam
996 1489 1030 1519 in
1054 1489 1256 1529 suscipiente.
1593 1489 1644 1519 An
1668 1499 1786 1519 panum
1809 1499 1891 1520 aizoo
1916 1499 2076 1520 mmmmm
2092 1489 2182 1530 quod
2198 1489 2333 1529 quilibet
2348 1489 2429 1520 ordo
2444 1490 2496 1520 vel
2511 1490 2608 1522 habet

472 1534 661 1565 Respommo
685 1543 845 1564 monimum
869 1533 958 1574 quod
973 1533 1036 1564 Dei
1052 1534 1201 1575 perfecta
1224 1538 1301 1564 sunt
1323 1543 1432 1574 opera,
1449 1538 1486 1564 ut
1539 1538 1647 1564 actum
1670 1534 1753 1564 circa
1775 1534 1883 1574 ipsum
1906 1539 2150 1570 sacramentum,
2166 1534 2217 1564 vel
2236 1533 2420 1565 ordinatum
2442 1534 2482 1565 ad
2504 1544 2607 1566 sacra-

418 1577 532 1609 dicitur
554 1579 650 1609 Deut.
674 1588 759 1608 xxxn
774 1579 800 1608 θ’.
829 1578 870 1609 Et
892 1577 966 1609 ideo
995 1578 1190 1618 cuicumque
1221 1577 1313 1608 datur
1341 1579 1486 1618 potentia
1500 1589 1526 1610 30
1538 1583 1723 1608 mentorum
1754 1578 2043 1618 dispensationem:
2080 1579 2162 1609 sicut
2196 1578 2315 1609 ostiarii
2348 1579 2467 1610 habent
2498 1585 2607 1610 actum

418 1623 525 1663 aliqua
548 1623 708 1659 divinitus,
726 1622 840 1653 dantur
857 1633 894 1653 ea
911 1632 969 1663 per
985 1632 1068 1662 quae
1092 1622 1238 1653 executio
1262 1622 1347 1652 illius
1369 1627 1485 1663 poten·
1539 1622 1726 1653 admittendi
1755 1623 1904 1654 homines
1927 1622 1967 1654 ad
1990 1623 2174 1654 divinorum
2204 1628 2478 1654 sacramentorum
2499 1624 2608 1664 inspe-

417 1667 479 1697 tiae
495 1673 602 1708 potest
617 1676 760 1707 congrue
775 1666 854 1697 fieri.
872 1667 913 1697 Et
928 1667 992 1697 hoc
1009 1667 1105 1697 etiam
1119 1667 1153 1697 in
1169 1667 1364 1697 naturalibus
1379 1672 1483 1707 patet:
1539 1667 1698 1703 ctionem,
1724 1671 1755 1697 et
1781 1668 1827 1698 sic
1854 1667 1894 1698 de
1922 1667 1999 1698 aliis.
2031 1668 2073 1698 Et
2095 1667 2170 1699 ideo
2197 1668 2231 1698 in
2255 1668 2406 1699 omnibus
2435 1669 2609 1709 requiritur

418 1712 494 1752 quia
517 1712 706 1742 animalibus
731 1711 844 1742 dantur
867 1711 1011 1741 membra
1034 1711 1151 1751 quibus
1174 1711 1337 1751 potentiae
1360 1711 1485 1742 animae
1538 1711 1708 1751 spiritualis
1731 1717 1881 1751 potestas.
2367 1733 2374 1738 -

417 1761 553 1796 possunt
576 1757 659 1786 exire
682 1757 716 1786 in
740 1761 828 1786 actus
851 1765 938 1792 sum,
954 1755 1015 1785 nisi
1038 1756 1078 1785 sit
1101 1754 1243 1786 defectus
1260 1765 1298 1785 ex
1313 1760 1401 1795 parte
1417 1765 1484 1786 ma·
1593 1756 1644 1785 An
1669 1765 1831 1786 sncunntm
1861 1766 2020 1786 mmmmm
2050 1755 2155 1796 quod,
2179 1762 2481 1797 quantumcumque
2503 1758 2606 1788 homo

417 1801 525 1830 teriae.
550 1800 640 1831 Sicut
663 1805 771 1830 autem
793 1800 891 1840 gratia
913 1804 1038 1839 gratum
1057 1799 1175 1829 faciens
1192 1805 1238 1830 est
1253 1800 1429 1830 necessaria
1446 1799 1485 1830 ad
1500 1809 1522 1830 ις
1538 1799 1578 1830 ad
1600 1800 1750 1830 laicatum
1772 1809 1805 1830 se
1828 1800 2002 1837 transferat,
2022 1810 2149 1841 semper
2171 1806 2280 1831 tamen
2302 1806 2412 1832 manet
2425 1802 2459 1832 in
2475 1811 2514 1832 eo
2532 1802 2607 1833 cha·

417 1845 481 1875 hoc
505 1844 595 1884 quod
618 1845 718 1875 homo
743 1844 838 1884 digne
866 1848 1061 1874 sacramenta
1091 1843 1236 1884 recipiat,
1260 1844 1303 1874 ita
1327 1844 1422 1874 etiam
1445 1843 1485 1874 ad
1537 1849 1647 1874 racter.
1675 1843 1775 1882 Quod
1797 1849 1884 1885 patet
1907 1854 1945 1875 ex
1967 1845 2031 1875 hoc
2054 1844 2158 1884 quod,
2183 1845 2209 1875 si
2233 1845 2272 1875 ad
2295 1845 2479 1876 clericatum
2502 1855 2607 1877 rever-

418 1889 482 1919 hoc
498 1888 588 1929 quod
602 1890 702 1919 homo
722 1888 817 1928 digne
833 1893 1028 1918 sacramenta
1051 1887 1221 1928 dispenset.
1247 1888 1287 1918 Et
1301 1887 1387 1924 ideo,
1403 1889 1485 1919 sicut
1537 1893 1630 1924 tatur,
1654 1898 1722 1919 non
1745 1889 1862 1919 iterum
1886 1888 2032 1919 ordinem
2056 1898 2154 1929 quem
2177 1890 2340 1926 habuerat,
2365 1890 2507 1931 suscipit.

417 1933 452 1963 in
474 1933 644 1973 baptismo,
668 1942 725 1973 per
749 1942 847 1973 quem
870 1931 906 1962 fit
928 1932 1028 1962 homo
1053 1932 1251 1972 susceptivus
1276 1932 1413 1962 aliorum
1436 1942 1484 1963 sa·
1592 1933 1643 1963 An
1667 1943 1802 1963 Tannum
1825 1929 1984 1964 morannum
2007 1934 2090 1964 sicut
2113 1933 2152 1964 ad
2174 1934 2327 1974 primum.

418 1982 672 2013 eramentorum,
698 1976 789 2007 datur
817 1977 915 2016 gratia
945 1981 1070 2016 gratum
1098 1975 1236 2012 faciens;
1259 1976 1303 2006 ita
1325 1976 1359 2006 in
1383 1986 1484 2007 sacra-

417 2027 528 2052 mento
553 2021 683 2058 ordinis,
707 2030 764 2061 per
788 2020 878 2060 quod
900 2021 1001 2050 homo
1026 2019 1190 2050 ordinatur
1213 2019 1252 2050 ad
1276 2020 1412 2051 aliorum
1436 2030 1484 2051 sa·
1497 2032 1524 2051 4⁰

419 2070 656 2096 eramentorum
679 2065 960 2105 dispensationem.

472 2110 523 2140 Ar>
547 2119 663 2140 pamma
694 2119 777 2139 mmo
809 2118 969 2139 mmmmm
1000 2107 1089 2148 quod
1119 2107 1200 2138 ordo
1231 2107 1323 2138 datur
1352 2117 1420 2138 non
1449 2109 1484 2139 in

416 2153 596 2184 remedium
611 2154 706 2184 unius
722 2162 888 2193 personae,
906 2152 961 2183 sed
976 2153 1075 2183 totius
1090 2152 1263 2183 Ecclesiae.
1284 2152 1377 2183 Unde
1394 2152 1484 2193 quod
1602 2164 1622 2184 r>
1658 2163 1793 2184 ‘ram-mm
1828 2164 1873 2184 src
1907 2163 2112 2184 paocnnrrun.
2153 2154 2287 2185 Videtur
2322 2155 2413 2196 quod
2446 2156 2608 2187 character

417 2197 531 2228 dicitur
561 2203 676 2229 contra
706 2197 929 2239 ignorantiam
957 2196 1047 2233 dari,
1070 2206 1139 2227 non
1168 2202 1214 2227 est
1240 2197 1483 2237 intelligendum
1539 2166 1722 2229 Aordinis
1756 2208 1824 2228 non
1857 2203 2098 2238 praesupponat
2130 2198 2344 2230 characterem
2373 2200 2606 2240 baptismalem.

415 2242 459 2272 ita
482 2242 571 2282 quod
593 2252 650 2282 per
673 2242 912 2282 susceptionem
943 2240 1062 2271 ordinis
1089 2241 1226 2281 pellatur
1248 2242 1427 2281 ignorantia
1449 2242 1483 2272 in
1497 2252 1521 2272 ις
1537 2242 1623 2281 Quia
1644 2252 1702 2283 per
1725 2243 1938 2273 characterem
1969 2242 2089 2272 ordinis
2118 2243 2219 2274 homo
2250 2243 2385 2274 efficitur
2407 2244 2608 2285 dispensator

416 2287 627 2326 suscipiente:
659 2286 715 2317 sed
745 2286 819 2326 quia
849 2286 1026 2326 suscipiens
1057 2284 1204 2316 ordinem
1233 2285 1416 2326 praeficitur
1444 2285 1483 2316 ad
1537 2292 1825 2318 sacramentorum:
1853 2296 1910 2327 per
1926 2287 2139 2317 characterem
2162 2288 2384 2328 baptismalem
2407 2289 2608 2329 susceptivus

415 2331 597 2371 pellendam
620 2331 832 2371 ignorantiam
855 2331 889 2360 in
912 2331 1015 2371 plebe.
1537 2331 1725 2362 eorundem.
1757 2331 1819 2362 Sed
1842 2336 1982 2372 potestas
2005 2332 2106 2362 activa
2129 2341 2197 2362 non
2220 2333 2452 2373 praesupponit
2482 2332 2521 2364 de
2549 2343 2608 2365 ne—

470 2376 521 2405 An
552 2385 714 2406 suerranum
744 2384 904 2405 DrcaNDUM
935 2373 1040 2414 quod,
1073 2374 1219 2414 quamvis
1250 2374 1336 2404 dona
1365 2375 1484 2415 gratiae
1537 2376 1681 2406 cessitate
1703 2377 1880 2416 passivam:
1913 2377 1988 2416 quia
2019 2381 2126 2416 potest
2153 2386 2221 2406 esse
2246 2377 2314 2407 sine
2338 2387 2390 2414 ea,
2415 2378 2497 2408 sicut
2518 2382 2607 2418 patet

415 2425 541 2459 gratum
564 2419 707 2450 facientis
731 2420 917 2450 communia
940 2419 1002 2449 sint
1026 2419 1177 2449 omnibus
1199 2419 1351 2449 membris
1371 2419 1483 2450 Eccle-
1536 2421 1570 2451 in
1593 2420 1675 2451 Deo.
1699 2421 1785 2460 Ergo
1810 2421 1970 2451 character
1997 2420 2118 2451 ordinis
2141 2430 2209 2451 non
2232 2422 2464 2462 praesupponit
2487 2422 2527 2453 de
2549 2431 2607 2454 ne-

416 2464 490 2500 siae,
506 2470 613 2494 tamen
635 2464 765 2494 illorum
789 2469 877 2494 actus
901 2463 1063 2493 donorum
1087 2462 1266 2493 secundum
1283 2473 1366 2504 quae
1382 2469 1483 2494 atten-
1498 2472 1523 2493 5⁰
1537 2465 1681 2495 cessitate
1705 2465 1918 2495 characterem
1942 2465 2173 2505 baptismalem.

1742 2004 1841 2034 ART.
1866 2003 1918 2034 111.
1942 2013 2047 2034 unum
2070 2013 2253 2034 cumcun
2276 2014 2400 2035 onnxms

1707 2057 1944 2078 PRAESUPPONAT
1972 2057 2197 2078 eumenum
2223 2058 2436 2079 nar-rismum

1809 2102 1843 2124 lv
1855 2102 1928 2129 sent„
1944 2102 1998 2124 dist.
2012 2108 2054 2130 vn,
2069 2109 2108 2131 qu.
2125 2109 2148 2130 n,
2162 2106 2205 2125 art.
2221 2110 2241 2130 ι,
2256 2103 2301 2131 qu·
2313 2110 2334 2133 3.

417 2508 501 2538 ditur
531 2508 690 2539 distinctio
717 2509 751 2538 in
773 2508 925 2538 membris
955 2507 1117 2538 Ecclesiae
1148 2507 1285 2538 idoneus
1317 2513 1484 2549 susceptor
1594 2518 1622 2539 2.
1647 2509 1849 2545 PRAnTaRnA,
1874 2515 1981 2549 potest
2012 2510 2198 2549 contingere
2226 2509 2316 2550 quod
2339 2510 2452 2550 aliquis
2475 2520 2543 2542 non
2567 2511 2607 2542 sit

418 2553 531 2592 aliquis
555 2562 622 2583 esse
644 2562 711 2583 non
739 2558 845 2592 potest
871 2553 932 2583 nisi
966 2553 1077 2583 caritas
1107 2551 1205 2582 adsit:
1238 2561 1322 2593 quae
1352 2552 1481 2593 quidem
1536 2553 1713 2593 baptizatus
1731 2554 1787 2594 qui
1803 2563 1836 2583 se
1852 2554 2048 2594 baptizatum
2065 2554 2221 2584 existimat
2240 2554 2456 2594 probabiliter.
2481 2555 2514 2586 Si
2529 2564 2605 2596 ergo

417 2597 485 2628 sine
508 2598 605 2637 gratia
627 2602 752 2637 gratum
775 2596 910 2627 faciente
934 2606 1002 2627 esse
1025 2606 1093 2627 non
1117 2601 1233 2637 potest.
1536 2598 1605 2628 talis
1630 2597 1670 2629 ad
1693 2598 1820 2628 ordines
1844 2598 1982 2634 accedat,
1999 2607 2067 2628 non
2084 2603 2300 2639 consequetur
2323 2599 2538 2630 characterem
2553 2609 2606 2630 or-

472 2641 522 2671 An
546 2651 680 2671 ram-rum
711 2651 870 2671 mmmmm
900 2641 990 2681 quod
1013 2640 1053 2671 ad
1075 2640 1227 2671 idoneam
1259 2642 1483 2672 executionem
1537 2641 1629 2679 dinis,
1646 2643 1672 2673 si
1696 2643 1855 2673 character
1878 2642 1998 2673 ordinis
2020 2643 2252 2683 praesupponit
2275 2643 2488 2674 characterem
2503 2644 2605 2684 bapti-

418 2685 568 2716 ordinum
590 2695 658 2716 non
681 2685 797 2716 sufficit
819 2686 944 2716 bonitas
968 2685 1224 2726 qualiscumque,
1241 2685 1297 2716 sed
1312 2686 1483 2726 requiritur
1498 2699 1520 2719 ςς
1536 2686 1679 2717 smalem.
1703 2687 1745 2717 Et
1767 2687 1812 2717 sic
1836 2696 1873 2717 ea
1897 2696 1979 2727 quae
2003 2686 2097 2717 faciet
2111 2687 2163 2717 vel
2186 2687 2220 2718 in
2243 2688 2486 2719 consecratione
2500 2688 2552 2719 vel
2570 2689 2605 2719 in

417 2731 541 2760 bonitas
565 2730 739 2760 excellens:
764 2735 799 2760 ut
822 2730 904 2760 sicut
927 2730 973 2760 illi
992 2731 1048 2771 qui
1065 2729 1212 2761 ordinem
1236 2731 1415 2771 suscipiunt
1430 2740 1483 2761 su-
1536 2731 1756 2767 absolutione,
1780 2731 1859 2761 nihil
1891 2737 1999 2768 erunt,
2029 2737 2060 2762 et
2089 2731 2122 2761 in
2150 2731 2214 2762 hoc
2245 2731 2388 2762 Ecclesia
2417 2731 2603 2774 decipietur.

416 2784 474 2814 per
497 2775 624 2815 plebem
647 2774 884 2805 constituuntur
906 2774 1006 2814 gradu
1029 2774 1158 2811 ordinis,
1183 2775 1227 2805 ita
1250 2780 1281 2805 et
1303 2775 1483 2815 superiores
1536 2775 1636 2813 Quod
1660 2781 1706 2806 est
1728 2776 1968 2806 inconveniens.

417 2819 479 2849 sint
506 2819 621 2849 merito
651 2819 832 2849 sanctitatis
863 2819 905 2849 Et
927 2818 1001 2849 ideo
1031 2819 1243 2859 praeexigitur
1271 2820 1369 2859 gratia
1400 2829 1483 2860 quae
1592 2819 1655 2851 San
1690 2829 1830 2856 CONTRA,
1862 2820 2038 2861 baptismus
2072 2825 2120 2851 est
2145 2820 2247 2850 ianua
2272 2826 2553 2852 sacramentorum
2575 2821 2602 2852 ⁹.

417 2862 592 2894 sufficiebat
621 2862 661 2893 ad
690 2863 753 2893 hoc
784 2862 873 2903 quod
903 2862 998 2903 digne
1029 2868 1302 2894 connumerentur
1331 2864 1365 2894 in
1387 2864 1483 2904 plebe
1535 2864 1632 2904 Ergo,
1650 2874 1725 2895 cum
1750 2864 1831 2895 ordo
1857 2865 1896 2895 sit
1917 2863 2082 2905 quoddam
2105 2870 2350 2902 sacramentum,
2371 2865 2603 2906 praesupponit

418 2906 551 2938 Christi:
577 2907 632 2938 sed
656 2907 818 2938 confertur
833 2908 867 2938 in
882 2908 951 2948 ipsa
974 2908 1178 2948 susceptione
1202 2907 1322 2938 ordinis
1346 2908 1482 2949 amplius
1495 2916 1522 2936 60
1536 2909 1741 2949 baptismum.

417 2952 533 2991 gratiae
555 2961 684 2988 munus,
707 2961 765 2992 per
789 2951 878 2992 quod
902 2951 941 2982 ad
963 2953 1086 2982 maiora
1108 2951 1280 2983 reddantur
1302 2952 1422 2984 idonei.
1589 2953 1779 2984 stpoxmno
1803 2963 1963 2983 mmmmm
1986 2952 2076 2994 quod
2098 2953 2178 2984 nihil
2199 2957 2307 2993 potest
2329 2953 2443 2994 aliquis
2459 2953 2603 2994 accipere

1536 2997 1627 3028 cuius
1650 2997 1844 3038 receptivam
1874 2998 2052 3038 potentiam
2079 3007 2147 3028 non
2169 2997 2274 3028 habet.
2305 2997 2365 3028 Per
2388 2998 2602 3029 characterem

1536 3047 1643 3072 autem
1666 3042 1887 3082 baptismalem
1911 3038 2046 3072 efficitur
2067 3042 2169 3072 homo
2192 3042 2370 3082 receptivus
2393 3041 2531 3072 aliorum
2553 3052 2602 3072 sa-

1536 3091 1783 3117 cramentorum.
1815 3085 1910 3117 Unde
1946 3086 2002 3126 qui
2039 3086 2252 3116 characterem
2282 3086 2503 3126 baptismalem
2533 3095 2602 3117 non

482 3137 502 3156 n
534 3137 694 3157 SECUNDUM
724 3138 769 3158 s1c
800 3138 1005 3159 Pxocamrun.
1035 3128 1170 3159 Videtur
1201 3129 1290 3169 quod
1317 3130 1351 3160 in
1381 3139 1482 3161 sacra·
1495 3139 1519 3165 65
1535 3130 1640 3167 habet,
1657 3130 1783 3161 nullum
1799 3130 1934 3161 alterum
1950 3135 2184 3161 sacramentum
2204 3130 2346 3170 recipere
2360 3135 2476 3170 potest.
2501 3130 2542 3161 Et
2557 3131 2602 3161 sic

419 3141 591 3201 Amento
619 3171 738 3201 ordinis
760 3181 828 3202 non
851 3173 1051 3212 imprimatur
1075 3174 1236 3204 character
1261 3180 1418 3214 quantum
1442 3174 1481 3206 ad
1536 3175 1696 3206 character
1719 3174 1839 3205 ordinis
1866 3173 2088 3215 baptismalem
2117 3173 2330 3204 characterem
2360 3175 2600 3215 praesupponit.

419 3224 530 3245 omnes
554 3214 690 3245 ordines.
720 3215 805 3253 Quia
832 3216 951 3247 ordinis
982 3218 1142 3248 character
1165 3223 1212 3248 est
1235 3218 1393 3258 quaedam
1417 3219 1480 3259 spi·
1590 3219 1641 3249 An
1664 3229 1781 3249 ramum
1804 3228 1887 3249 exeo
1911 3227 2070 3249 mcmtmm
2100 3217 2190 3258 quod
2215 3218 2249 3248 in
2274 3227 2312 3248 eo
2337 3218 2393 3259 qui
2420 3219 2516 3249 habet
2540 3228 2602 3260 po-

418 3259 535 3288 ritualis
557 3264 705 3299 potestas.
730 3259 792 3290 Sed
815 3260 946 3300 quidam
970 3261 1096 3292 ordines
1118 3271 1186 3292 non
1209 3262 1396 3293 ordinantur
1421 3264 1482 3294 nisi
1535 3264 1667 3294 tentiam
1698 3263 1833 3294 activam
1857 3273 1875 3293 a
1897 3272 1947 3299 se,
1971 3262 2115 3303 potentia
2144 3262 2245 3292 activa
2273 3271 2341 3292 non
2370 3264 2602 3303 praesupponit

419 3302 458 3332 ad
481 3302 638 3342 quosdam
661 3309 748 3334 actus
772 3305 963 3344 corporales,
980 3306 1099 3336 scilicet
1124 3306 1242 3337 ostiarii
1258 3307 1309 3337 vel
1330 3307 1480 3349 acolythi.
1534 3308 1702 3348 passivam.
1724 3307 1787 3338 Sed
1801 3307 1835 3337 in
1851 3316 1891 3337 eo
1908 3307 1964 3347 qui
1979 3306 2074 3337 habet
2089 3306 2267 3347 potentiam
2283 3307 2418 3337 activam
2434 3307 2473 3338 ab
2489 3307 2600 3344 altero,

588 3017 687 3048 ART.
713 3017 749 3047 11.
774 3028 878 3048 ornum
901 3028 933 3048 m
957 3028 1159 3048 SACRAMENTO
1184 3028 1308 3050 onnmxs

491 3071 680 3092 mmmmm
706 3072 888 3092 emmer-131³
915 3072 1065 3093 QUANTUM
1088 3073 1129 3093 Au
1154 3072 1255 3093 omnis
1279 3072 1411 3094 oanmns

419 3346 504 3385 Ergo
527 3347 561 3376 in
585 3347 629 3377 eis
652 3356 719 3377 non
741 3348 933 3387 imprimitur
957 3350 1125 3380 character.
1495 3365 1521 3385 70
1534 3352 1746 3392 praeexigitur
1768 3350 1808 3382 ad
1830 3351 2009 3391 potentiam
2032 3350 2167 3381 activam
2188 3351 2333 3391 potentia
2354 3351 2492 3392 passiva,
2517 3361 2600 3392 quae

476 3400 505 3419 2.
529 3390 723 3427 PRAETEREA,
747 3393 852 3422 omnis
875 3394 1034 3424 character
1050 3400 1096 3425 est
1111 3394 1298 3425 indelebilis.
1322 3395 1407 3436 Ergo
1423 3405 1481 3436 per
1534 3396 1676 3436 recipere
1698 3396 1800 3436 possit
1821 3395 2000 3436 potentiam
2023 3395 2168 3425 activam.

421 3433 631 3464 characterem
654 3435 753 3465 homo
778 3437 907 3475 ponitur
930 3438 963 3467 in
986 3438 1040 3468 tali
1063 3444 1145 3469 statu
1166 3449 1183 3469 a
1200 3449 1265 3479 quo
1288 3449 1357 3470 non
1378 3441 1482 3480 possit
1589 3441 1640 3470 An
1664 3449 1825 3471 sncunnmr
1854 3449 2013 3469 mmmmm
2044 3438 2133 3479 quod
2162 3439 2249 3476 talis,
2274 3440 2299 3470 si
2323 3439 2363 3470 ad
2385 3438 2600 3471 sacerdotium

420 3477 576 3508 recedere.
601 3477 662 3508 Sed
685 3479 729 3509 illi
753 3481 810 3518 qui
831 3481 949 3511 habent
972 3482 1096 3522 aliquos
1124 3483 1261 3520 ordines,
1285 3489 1421 3524 possunt
1443 3484 1480 3515 li—
1533 3489 1771 3525 promoveatur,
1794 3493 1863 3514 non
1887 3489 1933 3514 est
1956 3483 2113 3520 sacerdOS,
2137 3493 2198 3514 nec
2222 3483 2381 3515 conficere
2403 3489 2519 3525 potest,
2538 3493 2599 3515 nec

2629 2825 2640 2836 '¹
2659 2822 2695 2846 Cf.
2717 2823 2796 2847 Glou.
2819 2824 2846 2847 in

2630 2849 2846 2879 dinnxmfflm.

2628 2883 2650 2906 3,
2664 2877 2688 2899 in
2702 2876 2755 2900 fine.

2626 3499 2701 3528 'Cap-
2708 3499 2738 3522 St
2785 3503 2842 3548 ’,ἐξ

2789 3542 2798 3554 ³

421 3521 482 3550 cite
505 3520 604 3551 redire
621 3521 659 3551 ad
675 3522 833 3554 laicatum.
858 3524 942 3563 Ergo
966 3535 1034 3556 non
1056 3527 1248 3567 imprimitur
1272 3528 1432 3560 character
1446 3529 1479 3559 in
1533 3529 1698 3559 absolvere
1712 3529 1746 3558 in
1762 3527 1833 3558 foro
1856 3527 2086 3568 poenitentiali.
2111 3527 2205 3559 Unde
2228 3528 2407 3559 secundum
2430 3529 2598 3559 canones·
2626 3531 2677 3554 enp.
2694 3525 2712 3547 ν

2624 3552 2766 3581 Presbytero
2790 3558 2839 3575 m

419 3565 570 3594 omnibus
594 3565 766 3596 ordinibus.
1493 3583 1517 3605 π
1533 3572 1628 3603 debet
1649 3573 1762 3603 iterato
1786 3572 1937 3612 baptizari
1960 3577 1991 3602 et
2015 3571 2162 3603 ordinari.
2187 3572 2228 3603 Et
2251 3573 2277 3603 si
2301 3573 2396 3603 etiam
2418 3573 2452 3603 in
2474 3573 2597 3613 episco-
2625 3579 2750 3608 baptizato.
