2918 4088
556 192 565 207 l

1001 212 1263 259 QUAESTIO
1292 212 1448 259 LXXII,
1477 211 1768 249 ARTICULUS
1797 214 1842 249 III

337 286 460 324 biliter
487 287 526 324 in
554 288 754 326 collatione
784 289 945 338 Spiritus
974 290 1111 327 Sancti.
1146 290 1264 336 Quod
1293 289 1396 326 enim

337 339 499 389 Spiritus
528 341 689 378 Sanctus
717 341 941 379 sensibiliter
968 355 1083 392 super
1108 355 1175 379 eos
1202 341 1397 379 descendit

336 392 383 431 in,
405 392 529 442 specie
566 393 678 441 ignis,
708 395 756 431 ad
794 395 958 432 eandem
995 395 1310 443 significationem
1340 407 1395 431 re-

335 446 453 482 fertur
480 446 528 483 ad
557 458 676 495 quam
704 447 862 484 refertur
889 450 1037 485 oleum:
1067 447 1139 485 nisi
1166 448 1273 496 quod
1302 447 1396 495 ignis

335 498 451 535 habet
478 498 559 535 vim
586 499 762 545 activam,
791 502 922 537 oleum
942 509 1071 537 autem
1090 500 1171 537 vim
1190 500 1394 549 passivam,

335 550 567 599 inquantum
583 560 638 589 est
656 553 814 590 materia
833 561 869 590 et
886 553 1102 590 fomentum
1118 553 1223 600 ignis.
1254 554 1302 590 Et
1321 553 1396 589 hoc

335 603 423 640 satis
450 605 707 653 competebat:
736 618 828 642 nam
856 618 925 655 per
942 607 1148 654 Apostolos
1175 605 1292 654 gratia
1312 605 1395 654 Spi-

335 655 428 693 ritus
464 657 590 694 Sancti
628 665 707 695 erat
744 659 792 695 ad
827 658 920 695 alios
957 658 1176 695 derivanda.
1211 680 1236 684 —
1271 659 1396 707 Super

334 710 540 758 Apostolos
579 710 693 747 etiam
731 711 891 760 Spiritus
929 711 1090 748 Sanctus
1127 711 1322 748 descendit
1356 711 1395 748 in

334 761 458 810 figura
493 762 654 811 linguae.
697 764 816 810 Quod
848 764 896 800 ad
924 763 1028 800 idem
1063 764 1221 800 refertur
1255 763 1395 811 signifi-

335 815 504 852 candum
541 816 648 864 quod
683 816 867 864 significat
903 816 1140 854 balsamum:
1179 816 1251 853 nisi
1288 818 1394 866 quod

333 867 462 916 lingua
487 880 558 917 per
580 868 814 906 locutionem
842 877 897 906 est
925 869 1248 906 communicativa
1276 870 1325 906 ad
1344 871 1395 907 al-

334 927 471 967 terum,
501 921 718 958 balsamum
736 934 830 958 vero
850 934 921 971 per
939 922 1117 969 odorem;
1147 922 1238 971 quia
1257 922 1395 960 scilicet

333 973 507 1022 Apostoli
535 974 780 1023 replebantur
809 974 951 1024 Spiritu
981 975 1120 1012 Sancto
1149 982 1191 1012 ut
1218 975 1310 1013 fidei
1330 976 1394 1013 do-

334 1033 467 1074 ctores,
494 1026 555 1063 alii
573 1039 667 1064 vero
686 1027 819 1064 fideles
838 1035 880 1064 ut
899 1035 1118 1077 operatores
1138 1040 1275 1065 eorum
1295 1041 1394 1078 quae

333 1079 523 1128 pertinent
550 1080 599 1116 ad
627 1080 934 1117 aedificationem
961 1081 1147 1118 fidelium.

388 1131 567 1171 Similiter
594 1132 708 1170 etiam
735 1134 786 1170 ad
812 1133 1099 1183 impositionem
1127 1147 1267 1171 manus
1290 1135 1394 1184 Apo-

333 1185 532 1232 stolorum,
548 1193 584 1222 et
598 1186 712 1223 etiam
727 1187 776 1224 ad
790 1199 928 1224 eorum
947 1187 1271 1236 praedicationem
1285 1187 1316 1233 ³¹²,
1332 1188 1393 1224 de-

333 1238 539 1276 scendebat
557 1238 756 1287 plenitudo
777 1239 938 1288 Spiritus
967 1240 1095 1278 Sancti
1121 1253 1237 1289 super
1262 1240 1394 1278 fideles

194 1297 207 1315 ·
333 1290 406 1328 sub
434 1290 645 1333 visibilibus
673 1291 787 1340 signis
806 1297 829 1340 ⁸,
851 1292 946 1330 sicut
972 1306 994 1330 a
1021 1293 1208 1342 principio
1238 1294 1393 1330 descen-

93 1345 107 1358 ·
119 1342 186 1368 V*-
202 1350 233 1374 ¹⁵·
333 1343 574 1393 deratsuper
591 1346 814 1394 Apostolos:
835 1345 940 1383 unde
954 1347 1088 1383 Petrus
1108 1346 1206 1393 dicit,
1217 1347 1298 1383 Act.
1310 1347 1391 1384 xi*:

337 1395 431 1434 Cum
465 1399 663 1446 coepissem
688 1398 800 1447 loqui,
820 1399 948 1436 cecidit
971 1401 1126 1449 Spiritus
1153 1401 1308 1436 Sanctus
1333 1412 1393 1436 su-

326 1461 400 1498 per
425 1461 497 1495 eos,
516 1452 607 1487 sicut
626 1457 659 1487 et
677 1453 714 1488 in
736 1463 802 1488 nos
821 1453 858 1488 in
885 1453 998 1488 initio.
1029 1453 1076 1489 Et
1101 1452 1188 1489 ideo
1208 1465 1289 1489 non
1315 1461 1394 1499 erat

331 1501 544 1539 necessaria
577 1503 762 1540 sensibilis
799 1504 957 1541 materia
994 1505 1295 1550 sacramentalis,
1325 1506 1392 1543 ubi

331 1554 520 1591 sensibilia
534 1554 640 1603 signa
659 1555 887 1593 miraculose
907 1557 1185 1594 exhibebantur
1197 1557 1390 1595 divinitus.

383 1606 597 1644 Utebantur
630 1615 759 1644 tamen
792 1609 965 1657 Apostoli
1000 1609 1259 1646 communiter
1295 1610 1391 1647 chri-

330 1665 450 1695 smate
478 1658 517 1695 in
546 1659 777 1702 exhibitione
805 1661 1043 1708 sacramenti,
1073 1662 1230 1710 quando
1259 1662 1391 1699 huius-

35 1750 38 1751 7
327 1710 437 1748 modi
455 1710 617 1749 visibilia
630 1712 737 1760 signa
755 1725 836 1749 non
856 1713 1147 1751 exhibebantur.
1168 1714 1267 1751 Dicit
1287 1715 1391 1752 enim

35 1762 279 1814 1..'‚²¹‘¹¹'“'¹⁹‘⁰·
327 1762 549 1813 Dionysius,
570 1777 604 1801 1v
622 1776 705 1815 cap.
721 1766 821 1802 Eccl.
838 1767 947 1803 IIier.
964 1766 1001 1803 *ε
1024 1769 1089 1804 Est
1107 1768 1289 1816 quaedam
1303 1781 1390 1817 per-

42 1813 50 1819 *
321 1815 459 1864 fectiva
485 1819 662 1867 operatio,
684 1831 795 1867 quam
815 1819 924 1856 duces
943 1821 1069 1866 nostri,
1090 1820 1185 1857 idest
1203 1821 1389 1870 Apostoli,

326 1869 533 1910 chrzsmatzls
560 1871 716 1908 hostiam
745 1873 949 1909 nominant.

94 1188 107 1200 ¹
125 1187 176 1210 Aet.
197 1193 248 1216 etp.
268 1193 292 1215 x,

93 1219 155 1237 von.
168 1220 208 1242 4⁴·

2437 227 2507 263 127

1503 290 1560 326 AD
1589 302 1778 327 SECUNDUM
1805 302 1986 328 met-:NDUM
2015 292 2121 340 quod
2154 292 2364 342 baptismus
2397 295 2508 332 datur

1450 344 1498 380 ad
1528 342 1762 391 spiritualem
1790 342 1908 379 vitam
1937 343 2155 392 simpliciter
2174 347 2504 394 consequendam:

1450 403 1486 433 et
1513 395 1600 432 ideo
1629 395 1811 444 competit
1831 395 1881 431 illi
1901 404 2138 433 sacramento
2158 398 2315 435 materia
2334 399 2504 448 simplex.

1450 448 1528 486 Sed
1565 449 1640 484 hoc
1677 456 1959 484 sacramentum
1997 449 2108 485 datur
2145 450 2192 486 ad
2230 451 2506 499 plenitudinem

1449 501 1763 550 consequendam
1793 500 1953 549 Spiritus
1982 502 2127 548 Sancti,
2164 502 2272 539 cuius
2301 512 2354 540 est
2382 505 2506 541 multi-

1448 553 1581 591 formis
1609 553 1799 602 operatio,
1833 554 2048 590 secundum
2077 554 2169 591 illud
2197 557 2282 604 Sap.
2306 568 2350 592 vu
2371 556 2407 593 *ε
2443 560 2507 595 Est

1448 613 1570 644 autem
1598 609 1636 643 in
1665 607 1728 643 illa
1756 608 1909 655 Spiritus
1937 608 2101 652 Sanctus,
2131 610 2271 654 unicus,
2298 610 2508 658 multiplex.-

1450 668 1485 697 et
1513 662 1526 696 I
1550 661 1636 696 Cor.
1657 671 1702 696 ΧΗ
1721 658 1741 680 *
1768 658 1923 696 dicitur:
1953 660 2160 697 Divisiones
2182 663 2393 710 gratiarum
2412 669 2505 709 sunt,

1449 714 1545 750 idem
1573 719 1695 749 autem
1724 714 1888 761 Spiritus.
1920 713 1967 748 Et
1994 712 2082 749 ideo
2101 713 2374 751 convenienter
2392 715 2507 753 huius

1449 765 1675 803 sacramenti
1703 772 1758 801 est
1785 764 1943 802 materia
1970 765 2194 814 composita.

1503 820 1559 855 AD
1596 830 1755 855 TERTIUM
1789 829 1969 855 DJCENDUM
2007 818 2114 867 quod
2149 819 2397 868 proprietates
2434 821 2507 858 olei

1449 871 1591 921 quibus
1619 870 1852 919 significatur
1871 870 2031 919 Spiritus
2052 872 2224 918 Sanctus,
2255 872 2375 920 magis
2402 873 2507 910 inve-

1449 924 1607 962 niuntur
1634 923 1674 960 in
1701 925 1787 960 oleo
1816 923 2006 961 olivarum
2043 936 2162 973 quam
2190 924 2228 961 in
2257 937 2507 975 quocumque

1449 978 1522 1015 alio
1551 979 1649 1014 oleo.
1679 977 1790 1014 Unde
1819 984 1855 1013 et
1883 976 1964 1026 ipsa
1988 977 2100 1022 oliva,
2129 989 2283 1026 semper
2309 978 2507 1016 frondibus

1448 1031 1586 1077 virens,
1615 1029 1784 1067 virorem
1813 1037 1849 1066 et
1876 1029 2177 1067 misericordiam
2200 1031 2361 1080 Spiritus
2381 1032 2505 1070 Sancti

1449 1083 1643 1132 significat.

1501 1138 1588 1174 Hoc
1620 1136 1735 1173 etiam
1770 1137 1901 1173 oleum
1937 1136 2091 1185 proprie
2123 1136 2258 1174 dicitur
2290 1139 2436 1184 oleum,
2471 1146 2507 1175 et

1449 1190 1615 1226 maxime
1643 1189 1806 1226 habetur
1833 1189 1871 1226 in
1891 1201 1965 1225 usu
1993 1189 2060 1226 ubi
2088 1189 2219 1227 haberi
2247 1198 2380 1239 potest.
2411 1192 2505 1238 Qui-

1448 1242 1537 1279 libet
1571 1250 1702 1279 autem
1739 1242 1834 1279 alius
1868 1242 1995 1290 liquor
2030 1254 2076 1279 ex
2113 1242 2357 1280 similitudine
2390 1244 2506 1281 huius

1448 1297 1580 1332 oleum
1607 1294 1843 1332 nominatur:
1874 1306 1946 1331 nec
1969 1302 2024 1331 est
2042 1294 2082 1331 in
2101 1308 2175 1332 usu
2195 1296 2405 1343 communi,
2435 1297 2506 1334 nisi

1433 1348 1486 1387 ‚in
1514 1350 1829 1398 supplementum
1856 1348 1960 1397 apud
1988 1360 2055 1384 eos
2083 1348 2224 1397 quibus
2252 1349 2356 1386 deest
2375 1351 2505 1387 oleum

1447 1401 1649 1438 olivarum.
1693 1402 1741 1438 Et
1768 1401 1855 1438 ideo
1884 1402 1959 1437 hoc
1987 1402 2117 1438 oleum
2146 1403 2272 1438 solum
2301 1402 2507 1440 assumitur

1446 1454 1485 1491 in
1513 1467 1630 1491 usum
1653 1453 1769 1490 huius
1789 1461 1824 1490 et
1843 1454 2090 1503 quorundam
2109 1453 2272 1491 aliorum
2292 1467 2505 1492 sacramen-

1446 1514 1587 1544 torum.

1499 1560 1556 1596 Ao
1583 1571 1754 1602 QUARTUM
1782 1571 1962 1596 chENDUM
1991 1560 2097 1608 quod
2125 1560 2338 1609 baptismus
2366 1568 2421 1597 est
2448 1573 2504 1598 sa-

1446 1620 1686 1648 cramentum
1723 1611 1919 1648 absolutae
1951 1612 2197 1649 necessitatis:
2237 1620 2273 1649 et
2299 1613 2386 1650 ideo
2424 1613 2505 1650 eius

1446 1664 1604 1701 materia
1618 1664 1730 1700 debet
1744 1663 1888 1713 ubique
1903 1663 2076 1701 inveniri.
2094 1665 2241 1702 Sufficit
2255 1673 2384 1702 autem
2399 1667 2505 1714 quod

1445 1716 1604 1753 materia
1638 1717 1754 1753 huius
1782 1717 2026 1762 sacramenti,
2056 1718 2163 1766 quod
2190 1730 2270 1755 non
2299 1726 2354 1755 est
2380 1726 2504 1756 tantae

1444 1769 1686 1816 necessitatis,
1716 1769 1834 1819 possit
1862 1770 1910 1806 de
1937 1769 2034 1807 facili
2062 1770 2111 1807 ad
2139 1771 2271 1807 omnia
2289 1772 2373 1808 loca
2391 1779 2505 1809 terra-

1445 1834 1534 1859 rum
1562 1822 1709 1859 deferri.

378 2003 400 2037 ε)
419 2003 564 2029 visibilibus
587 2005 681 2037 signis.
699 2019 719 2023 —
743 2005 764 2029 E
788 2010 814 2030 et
837 2005 910 2030 tertia
934 2011 1035 2038 praeter
1057 2007 1095 2037 H;
1121 2006 1269 2039 infidelibus
1295 2008 1394 2042 linguis
1418 2009 1538 2041 ACDpss,
1558 2009 1722 2035 sensibilibus
1741 2010 1841 2043 linguis
1863 2010 1912 2041 sB,
1932 2010 2075 2035 visibilibus
2096 2010 2196 2043 linguis
2222 2011 2261 2035 ed.
2280 2018 2312 2041 a,
2331 2011 2505 2037 invisibilibus

324 2038 410 2073 signis
428 2039 456 2071 F,
468 2039 596 2073 fidelibus
614 2040 699 2074 signis
718 2041 751 2065 H.

999 2120 1336 2154 Commentaria.
1359 2122 1612 2155 cardinalis
1634 2123 1835 2156 Caietani

356 2209 377 2230 N
401 2199 538 2229 articulis
561 2200 666 2239 primo
691 2205 722 2230 et
738 2199 880 2230 secundo
898 2202 1093 2241 quaestionis
1121 2203 1388 2242 septuagesimae-

329 2210 517 2274 Isecundae
540 2243 667 2274 adverte
689 2254 803 2280 unum,
828 2244 949 2275 scilicet
972 2245 1062 2285 quod
1081 2246 1225 2282 chrisma,
1250 2247 1313 2277 hoc
1331 2252 1386 2283 est,

291 2284 294 2287 ’
326 2288 544 2328 compositum
568 2297 606 2318 ex
629 2288 702 2318 oleo
727 2293 758 2319 et
780 2288 939 2325 balsamo,
963 2299 1031 2320 non
1054 2290 1096 2320 ita
1120 2296 1166 2320 est
1189 2291 1318 2321 materia
1341 2300 1388 2321 sa-

326 2332 480 2362 cramenti
508 2331 760 2363 confirmationis
788 2333 870 2363 sicut
893 2342 976 2373 aqua
1000 2339 1047 2364 est
1069 2335 1199 2365 materia
1222 2335 1387 2375 baptismi:

327 2376 483 2416 quoniam
505 2376 574 2406 sine
596 2376 738 2407 balsamo
763 2376 964 2408 confirmatio
980 2377 1092 2408 tradita
1106 2379 1199 2415 valet,
1223 2379 1290 2409 sine
1306 2388 1389 2419 aqua

325 2425 434 2450 autem
457 2420 633 2460 bapu'smus
651 2430 719 2451 non
737 2421 830 2451 valet.
855 2421 896 2451 Et
919 2421 958 2451 de
974 2422 1038 2452 hoc
1058 2428 1141 2453 extat
1155 2428 1259 2453 textus
1276 2423 1387 2459 clarus,

325 2463 432 2500 Extra,
448 2464 488 2494 de
502 2464 720 2495 Suc-ramentis
735 2475 800 2495 non
818 2465 1019 2502 reiterandis,
1037 2476 1105 2507 cap.
1119 2467 1318 2498 Pastoralis:
1333 2468 1389 2498 ubi

327 2508 490 2547 ‘quaeritur
512 2509 538 2538 si
561 2508 812 2540 confirmationis
835 2516 1068 2541 sacramentum
1090 2511 1124 2541 in
1146 2513 1185 2541 eo
1210 2511 1322 2542 debeat
1340 2521 1388 2542 re-

325 2552 430 2582 iterari
453 2553 510 2592 qui
527 2562 585 2592 per
608 2562 748 2584 errorem
771 2553 831 2584 fuit
846 2563 914 2584 non
937 2555 1115 2591 chrismate,
1135 2555 1191 2586 sed
1215 2556 1289 2586 oleo
1311 2555 1388 2586 deli-

324 2596 422 2632 nitus,
435 2601 467 2626 et
485 2596 697 2636 respondetur
716 2597 806 2637 quod
828 2607 892 2628 non
913 2603 960 2628 est
979 2599 1103 2640 aliquid
1122 2599 1313 2636 iterandum,
1333 2600 1390 2631 sed

325 2645 419 2671 caute
433 2640 644 2681 supplendum
660 2641 748 2682 quod
767 2642 896 2672 incaute
908 2642 1029 2684 fuerat
1041 2644 1317 2683 praetermissum.
1341 2645 1389 2674 Ex

325 2684 388 2715 hoc
409 2684 495 2715 enim
511 2690 642 2725 apparet
657 2691 890 2716 sacramentum
906 2686 1168 2724 confirmationis,
1189 2688 1296 2728 quoad
1315 2689 1389 2719 sub-

1442 2203 1606 2239 stantialia,
1623 2202 1720 2234 fuisse
1737 2203 1934 2243 completum
1954 2204 2020 2234 sine
2037 2203 2194 2234 balsamo:
2219 2203 2329 2235 fuisset
2344 2204 2503 2245 siquidem

1443 2247 1586 2287 alioquin
1609 2247 1822 2278 reiterandum
1846 2248 1913 2278 sine
1936 2248 2076 2278 balsamo
2101 2248 2262 2278 collatum.
2295 2248 2388 2279 Unde
2411 2249 2502 2279 intel-

1442 2291 1568 2331 ligimus
1591 2292 1727 2322 mixtum
1751 2301 1788 2322 ex
1812 2291 1885 2322 oleo
1917 2297 1948 2322 et
1970 2292 2125 2328 balsamo,
2150 2291 2239 2332 quod
2267 2293 2401 2323 chrisma
2424 2303 2501 2324 con-

1442 2336 1604 2365 suevimus
1627 2345 1756 2371 vocare,
1781 2345 1848 2366 esse
1872 2336 2048 2375 regularem
2071 2337 2235 2366 materiam
2251 2336 2501 2368 confirmationis

1442 2379 1482 2409 de
1504 2381 1692 2410 necessitate
1715 2380 1886 2420 praecepti,
1907 2386 1938 2410 et
1960 2390 2027 2410 non
2048 2379 2087 2410 de
2102 2381 2287 2411 necessitate
2303 2382 2500 2412 sacramenti.

1497 2424 1538 2453 Et
1553 2423 1679 2454 videtur
1701 2425 1765 2454 hoc
1781 2425 1819 2454 ab
1842 2424 1984 2454 Ecclesia
1999 2424 2194 2464 procedente
2209 2430 2354 2465 tempore
2377 2426 2501 2456 institu-

1442 2473 1523 2498 tum.
1548 2468 1584 2498 In
1606 2469 1767 2508 primitiva
1790 2467 1949 2508 siquidem
1972 2468 2115 2498 Ecclesia
2136 2478 2204 2499 non
2219 2468 2344 2499 videtur
2362 2470 2501 2500 multum

1443 2511 1592 2542 credibile
1616 2513 1836 2552 pauperrimos
1860 2513 2030 2552 episcopos
2053 2513 2200 2543 habuisse
2223 2513 2409 2549 balsamum,
2434 2523 2499 2554 quo

1443 2555 1525 2586 forte
1545 2557 1640 2586 etiam
1656 2556 1752 2587 hodie
1767 2557 1861 2587 multi
1877 2562 1992 2587 carent.
2016 2556 2149 2587 Accedit
2164 2557 2203 2588 ad
2219 2557 2297 2587 haec
2313 2557 2402 2597 quod
2418 2558 2501 2588 chri-

1441 2601 1552 2631 smatis
1566 2610 1697 2636 nomen,
1715 2600 1814 2641 quod,
1834 2600 2012 2631 secundum
2027 2601 2219 2642 Dionysium
2235 2603 2262 2637 ἦ
2275 2602 2424 2642 Apostoli
2442 2603 2501 2632 im-

1442 2650 1620 2684 posuerunt
1642 2645 1717 2675 huic
1740 2650 1947 2680 sacramento,
1971 2654 2039 2675 non
2058 2645 2213 2685 significat
2235 2645 2422 2682 balsamum,
2446 2646 2501 2677 sed

1443 2689 1642 2725 unctionem,
1667 2690 1719 2719 cui
1743 2689 1852 2720 oleum
1876 2688 2000 2720 sufficit.

1130 2840 1448 2884 ARTICULUS
1476 2842 1705 2884 TERTIUS

364 3192 367 3201 ι
410 3190 417 3212 ;
536 3183 558 3208 D
582 3182 741 3208 TERTIUM
763 3182 814 3207 sm
838 3182 1074 3208 paocssnrrua.
1103 3171 1263 3208 Videtur
1281 3172 1388 3221 quod

398 3234 429 3263 ⁷.
537 3236 617 3261 non
646 3223 691 3260 sit
718 3223 766 3260 de
786 3223 1006 3261 necessitate
1027 3223 1143 3261 huius
1163 3225 1389 3262 sacramenti

472 3342 477 3354 *
537 3329 598 3367 ius
625 3330 864 3377 sacramenti,
893 3329 1005 3367 fuerit
1032 3330 1139 3379 prius
1158 3342 1227 3380 per
1245 3330 1387 3380 episco-

326 3391 423 3429 pum
451 3390 728 3420 consecratum.
772 3383 992 3433 Baptismus
1021 3383 1141 3431 enim,
1171 3383 1209 3420 in
1238 3395 1318 3433 quo
1345 3383 1389 3420 fit

674 2934 831 2966 UTRUM
855 2934 921 2965 SIT
945 2935 1003 2965 DE
1026 2934 1324 2967 NECESSITATE
1346 2936 1478 2967 HUIUS
1501 2936 1781 2968 SACRAMENTI
1804 2937 1927 2975 QUOD
1953 2937 2155 2974 CHRISMA,

430 2978 554 3018 QUOD
578 2978 659 3010 EST
683 2979 882 3009 MATERIA
904 2979 1036 3011 HUIUS
1059 2979 1350 3016 SACRAMENTI,
1374 2980 1533 3011 FUERIT
1555 2980 1678 3011 PRIUS
1701 2981 1783 3012 PER
1806 2981 2049 3013 EPISCOPUM
2073 2981 2400 3014 CONSECRATUM

568 3057 601 3082 lV
621 3057 703 3087 Sent„
724 3057 782 3082 dist.
800 3064 828 3087 11,
848 3064 891 3089 qu.
910 3064 928 3088 1,
947 3062 992 3082 art.
1014 3064 1037 3089 ι,
1057 3057 1107 3090 qu*
1127 3058 1251 3117 ²⁷Dad13³
1271 3058 1329 3083 dist.
1347 3066 1391 3087 vu.
1411 3066 1456 3091 qu.
1474 3066 1491 3090 1,
1511 3064 1557 3084 art.
1578 3058 1671 3118 2,dqu⁸
1691 3059 1720 3090 3;
1740 3059 1798 3085 dist.
1816 3067 1885 3091 xxm,
1905 3067 1949 3092 qu.
1967 3067 1984 3089 1,
2003 3065 2050 3085 art.
2071 3059 2094 3091 3,
2114 3060 2163 3093 qu⁸
2184 3067 2207 3091 2,
2229 3059 2258 3091 35

1178 3100 1191 3118 e
1234 3093 1303 3123 erit„
1322 3101 1367 3126 qu.
1385 3101 1460 3123 xxvn.
1479 3099 1525 3119 art.
1544 3102 1569 3125 4,
1588 3102 1602 3119 a
1641 3101 1682 3119 10.

1442 3173 1556 3221 plena
1583 3172 1756 3209 remissio
1785 3180 2042 3222 peccatorum,
2071 3185 2152 3210 non
2180 3181 2235 3210 est
2262 3173 2421 3211 minoris
2449 3175 2498 3211 ef-

1441 3225 1596 3262 ficaciae
1615 3237 1735 3274 quam
1754 3226 1830 3263 hoc
1848 3233 2142 3263 sacramentum.
2173 3227 2260 3273 Sed,
2280 3227 2365 3264 licet
2383 3239 2498 3276 quae-

1442 3278 1534 3315 dam
1570 3277 1815 3316 sanctificatio
1857 3278 2082 3316 adhibeatur
2121 3291 2244 3328 aquae
2285 3279 2499 3329 baptismali

1442 3339 1528 3368 ante
1557 3331 1808 3380 baptismum,
1844 3344 1925 3369 non
1952 3339 2082 3369 tamen
2113 3339 2169 3368 est
2204 3333 2251 3370 de
2279 3332 2498 3370 necessitate

1442 3384 1685 3422 sacramenti:
1716 3384 1806 3434 quia
1825 3384 1864 3421 in
1883 3384 2040 3422 articulo
2059 3385 2287 3423 necessitatis
2306 3385 2498 3435 praeteriri

3 3469 7 3577 ξ
378 3510 406 3545 α)
424 3512 504 3544 quod.
521 3526 541 3532 -
559 3513 664 3544 PlsFG;
692 3514 764 3546 quod
789 3514 933 3541 chrisma...
961 3515 1125 3540 sacramenti
1146 3523 1200 3540 om.
1220 3515 1296 3548 EpF3
1323 3522 1390 3548 quae
1409 3515 1495 3541 ceteri.

2533 564 2543 573 ¹
2558 562 2623 584 Vera.
2637 569 2671 584 22.

2534 668 2544 677 ¹
2561 667 2624 689 Vers.
2639 675 2661 694 4.

2528 2608 2602 2657 ἐὲἰά.
2609 2615 2669 2637 resp.
2679 2609 2706 2631 ad
2719 2617 2738 2636 t,
