2918 4088
69 2076 150 2101 «Δεῖ.
163 2082 185 2107 3,
197 2082 219 2105 5.

4 2350 7 2359 ⁸
66 2323 284 2372 ¹“Quasnam-1.

54 3138 86 3166 1·
103 3136 152 3165 Qu.
170 3143 229 3166 un,
243 3142 285 3160 nrt.

68 3169 96 3191 ,1,
109 3169 129 3192 ⁵.
143 3186 168 3200 <-

994 188 1258 236 QUAESTIO
1286 187 1421 235 LXIII,
1452 186 1742 225 ARTICULUS
1769 189 1819 225 VI

315 266 483 298 sacerdotii
507 266 624 297 Christi
647 268 766 298 aeterni
791 269 825 298 in
849 269 917 299 eius
940 267 1087 299 fidelibus
1110 266 1289 299 secundum
1313 267 1380 297 ani-

315 319 388 341 mae
409 315 534 351 partem
555 311 842 352 incorruptibilem.
877 313 963 352 Ergo
988 313 1148 343 character
1169 310 1380 342 indelebiliter

314 360 424 384 manet
445 355 479 385 in
503 355 618 386 anima.

370 397 474 429 Maior
492 404 523 428 et
537 400 700 439 probatur,
718 405 749 430 et
765 399 949 431 declaratur.
973 400 1129 430 Probatur
1145 398 1287 439 quidem,
1304 398 1380 437 quia

314 441 529 473 sacerdotium
545 442 664 473 Christi
680 449 726 473 est
742 449 924 475 aeternum:
946 449 982 474 ut
996 448 1084 484 patet
1099 443 1285 473 auctoritate
1298 441 1379 472 Scri-

314 490 437 526 pturae.
459 504 483 509 -—
505 486 690 517 Declaratur
704 497 792 524 vero,
813 498 851 518 ex
868 497 908 518 eo
924 487 1015 528 quod
1029 496 1078 517 res
1093 487 1285 517 inanimatae
1302 494 1379 515 con-

313 535 454 560 secratae
477 540 495 561 a
517 531 668 561 ministris
686 531 855 563 sacerdot-ii
870 531 998 567 Christi,
1013 531 1150 561 retinent
1166 530 1379 560 consecratio-

314 583 391 604 nem
414 574 556 614 quandiu
580 581 670 605 sunt:
696 581 732 606 ut
753 581 841 616 patet
863 576 896 605 in
920 575 1070 610 ecclesiis,
1088 574 1248 610 calicibus,
1265 579 1325 604 etc.

371 618 478 649 Minor
500 628 587 655 vero,
612 619 720 659 quoad
742 620 879 660 primam
901 624 1035 659 partem,
1052 617 1228 648 declaratur
1244 627 1282 648 ex
1298 617 1379 647 duo-

314 661 385 692 bus.
408 662 528 699 Primo‚
546 673 584 693 ex
599 663 896 704 proportionalitate
913 662 1030 693 Christi
1053 661 1232 692 secundum
1250 661 1379 701 plenam

314 706 483 737 sacerdotii
504 711 706 747 potestatem,
732 711 763 737 et
784 706 929 737 fidelium
946 707 1014 737 eius
1037 705 1215 736 secundum
1239 706 1379 745 aliquam

313 755 505 790 potestatem
519 755 667 791 respectu
682 755 953 781 sacramentorum
965 756 997 781 et
1009 750 1123 786 cultus,
1137 755 1196 780 etc.
1216 749 1377 785 Secundo,

314 803 352 824 ex
375 795 440 825 hoc
463 794 554 835 quod
576 794 704 825 Christo
727 803 796 825 non
812 795 964 825 convenit
985 795 1102 825 habere
1118 795 1340 824 characterem.
1357 811 1380 815 —

314 838 432 876 Quoad
447 837 621 869 secundam
637 843 745 868 autem
759 843 893 878 partem,
913 838 1033 869 scilicet
1047 838 1181 874 aeterni,
1197 847 1265 868 non
1281 847 1378 877 opor-

313 887 358 912 tet
381 882 470 912 aliter
490 882 629 922 probari.
652 900 676 904 —
705 882 823 920 Quoad
849 883 974 913 tertiam
997 892 1084 918 vero,
1100 883 1253 922 probatur
1276 891 1314 911 ex
1338 891 1377 912 eo

314 925 404 966 quod
434 926 540 956 anima
570 931 617 956 est
639 926 820 957 subiectum
844 927 1031 957 characteris
1054 925 1233 957 secundum
1256 925 1378 956 intelle-

313 975 413 1000 ctum.

369 1013 421 1044 111.
445 1012 584 1044 Adverte
607 1014 659 1044 hic
683 1014 773 1054 quod
791 1015 825 1045 in
840 1016 958 1046 minori
980 1015 1204 1056 propositione
1227 1014 1378 1055 apposui-

311 1066 385 1088 mus
408 1057 441 1098 ly
463 1058 605 1093 aeterni,
630 1064 799 1099 propterea
823 1060 899 1099 quia
922 1060 1081 1090 character
1103 1059 1199 1090 habet
1221 1059 1379 1089 rationem

312 1101 359 1132 vis
374 1102 632 1132 instrumentalis
653 1102 788 1134 Constat
804 1104 890 1134 enim
906 1103 1006 1144 quod,
1018 1104 1079 1134 nisi
1094 1103 1270 1144 principale
1282 1112 1378 1143 agens
1388 1114 1401 1123 ν

312 1145 353 1176 sit
375 1150 551 1182 aeternum,
574 1146 773 1187 impossibile
797 1153 843 1178 est
865 1157 988 1188 ponere
1010 1147 1286 1179 instrumentalem
1310 1147 1378 1178 eius

312 1189 463 1220 virtutem
486 1195 685 1232 perpetuam.

367 1233 506 1266 Adverte
529 1234 672 1266 secundo
695 1235 729 1277 ly
752 1246 788 1267 re
810 1241 1000 1267 consecrata
1023 1241 1182 1268 manente.
1213 1235 1378 1274 Quoniam

312 1277 388 1309 inde
415 1284 547 1320 apparet
575 1280 743 1319 responsio
774 1279 814 1311 ad
841 1279 986 1317 Scotum,
1010 1281 1044 1311 in
1067 1281 1110 1311 IV
1126 1281 1223 1316 Sent„
1248 1279 1318 1310 dist.
1335 1289 1376 1314 vr.

312 1331 368 1363 qu.
386 1332 416 1363 9,
435 1323 642 1355 obiicientem
665 1333 704 1354 ex
722 1323 949 1355 indelebilitate
965 1325 1150 1356 characteris
1173 1325 1377 1365 negationem

2444 189 2492 238 39

1434 266 1556 296 virtutis
1579 267 1824 306 supernaturalis
1847 268 1881 298 in
1897 269 2114 299 sacramentis:
2139 269 2214 308 quia
2229 269 2326 299 virtus
2342 269 2394 299 illa
2409 278 2492 299 nun-

1435 318 1532 348 quam
1555 315 1663 349 posset
1687 312 1858 351 corrumpi,
1883 311 1998 342 eodem
2018 311 2117 342 modo
2134 321 2200 352 quo
2218 313 2428 343 characterem
2443 313 2492 342 in-

1434 352 1603 383 delebilem
1627 354 1769 384 Thomas
1792 356 1893 394 ponit.
1917 373 1940 377 -
1962 355 2206 395 Respondemus
2222 355 2380 396 siquidem
2403 356 2492 396 quod

1433 397 1531 426 virtus
1554 397 1588 427 in
1604 399 1806 428 sacramentis
1823 399 1958 428 existens
1977 404 2085 429 manet
2101 399 2244 439 quandiu
2259 405 2492 430 sacramentum

1433 446 1551 477 manet,
1574 441 1657 471 sicut
1679 447 1711 471 et
1733 442 1892 473 character
1908 442 1999 473 durat
2022 442 2164 482 quandiu
2180 443 2284 473 anima
2300 443 2400 473 durat.
2424 443 2491 473 Du-

1433 489 1521 514 rante
1544 485 1702 524 siquidem
1725 491 1933 522 sacramento,
1957 486 2048 516 durat
2072 492 2103 517 et
2125 487 2223 517 virtus
2245 487 2307 516 illa.
2336 487 2377 516 Et
2400 488 2491 523 sicut,

1433 528 1459 558 si
1483 534 1617 559 cessaret
1640 538 1708 560 esse
1731 530 1846 566 anima,
1871 530 2027 560 desineret
2043 535 2073 560 et
2089 531 2156 561 eius
2172 531 2340 566 character,
2357 531 2408 566 ita,
2425 540 2492 561 ces-

1433 578 1521 602 sante
1544 579 1752 610 sacrament0‚
1776 579 1875 604 cessat
1897 575 1995 604 virtus
2018 574 2051 604 in
2074 574 2140 604 illo.
2173 574 2214 604 Et
2237 575 2391 614 quoniam
2415 583 2492 604 con-

1432 621 1492 646 stat
1514 622 1710 647 sacramenta
1733 618 1843 648 omnia
1865 618 2034 658 paululum
2057 618 2186 654 durare,
2209 623 2322 658 utpote
2346 617 2493 648 habentia

1433 660 1528 690 verba
1549 670 1610 700 pro
1633 660 1761 697 formis,
1788 661 1862 692 ideo
1886 662 2003 692 mirum
2026 671 2093 692 non
2117 667 2163 692 est
2185 662 2210 691 si
2233 662 2408 702 spirituales
2431 662 2492 692 vir-

1433 709 1516 734 tutes
1540 713 1653 735 eorum
1677 705 1787 735 crebro
1812 715 1880 736 esse
1903 705 2062 736 desinunt.

1488 748 1540 778 1V.
1566 748 1601 778 In
1623 750 1833 788 responsione
1857 749 1896 779 ad
1918 750 2073 790 primum,
2097 748 2223 780 adverte
2246 750 2402 779 rationem
2425 749 2492 779 Au-

1433 792 1530 822 ctoris
1545 802 1584 822 ex
1598 792 1803 833 philosophia
1817 803 1885 824 non
1901 794 2007 824 solum
2022 794 2186 834 principia,
2203 793 2258 824 sed
2273 794 2492 824 testimonium

1433 835 1472 866 ad
1494 845 1625 867 sensum
1647 837 1772 867 habere.
1807 836 1962 868 Videmus
1985 838 2072 868 enim
2094 843 2220 868 motum
2243 837 2410 867 caelestem
2434 837 2492 867 du-

1432 880 1589 910 rationem
1613 890 1651 910 ex
1673 886 1762 921 parte
1784 886 1892 911 motus
1915 882 2028 912 sortiri.
2067 881 2228 922 Tantique
2250 880 2286 911 fit
2308 881 2493 911 huiusmodi

1432 933 1556 960 rerum,
1582 933 1718 964 quarum
1749 934 1816 955 esse
1847 926 1990 956 consistit
2019 926 2052 955 in
2080 924 2166 961 fieri,
2196 924 2320 955 duratio
2344 934 2382 955 ex
2404 931 2491 965 parte

1433 968 1563 1008 agentis,
1576 973 1613 998 ut
1627 974 1779 1009 negantes
1791 970 1971 1000 conservari
1986 974 2206 1009 permanentes
2222 978 2270 999 res
2286 977 2384 999 manu
2396 968 2492 999 Crea-

1432 1013 1520 1048 toris‚
1532 1012 1711 1043 concedant
1726 1013 1911 1044 huiusmodi
1926 1023 1975 1044 res
1987 1012 2187 1054 imperfectas
2202 1022 2297 1053 posse
2313 1014 2493 1052 perpetuari

1432 1056 1471 1086 ab
1495 1062 1608 1096 agente
1631 1062 1800 1097 perpetue,
1821 1063 1856 1088 ut
1879 1058 2046 1094 Averroes,
2066 1058 2100 1088 in
2122 1057 2180 1087 XlI
2203 1057 2385 1097 Metaphys.
2403 1058 2429 1092 ὕ,
2445 1063 2491 1087 te-

1432 1105 1540 1130 statur.
1652 1107 1654 1110 ’

1487 1144 1528 1174 Et
1550 1144 1648 1175 habes
1671 1146 1705 1176 in
1727 1146 1787 1176 hac
1803 1146 1906 1176 littera
1928 1145 2022 1176 aliam
2037 1146 2195 1176 rationem
2213 1144 2381 1176 radicalem
2397 1145 2491 1175 huius

1431 1187 1625 1219 differentiae
1641 1189 1722 1220 inter
1737 1189 1874 1222 formam
1889 1190 2059 1220 habentem
2075 1199 2142 1220 esse
2159 1189 2367 1229 completum,
2381 1194 2412 1219 et
2427 1188 2491 1219 for-

1431 1242 1518 1262 mam
1542 1241 1624 1272 quae
1648 1239 1695 1263 est
1716 1234 1763 1264 vis
1785 1233 2050 1264 instrumentalis:
2076 1234 2151 1274 quia
2173 1233 2293 1263 scilicet
2315 1232 2377 1268 illa,
2401 1233 2492 1272 quasi

1431 1276 1493 1306 fixa
1515 1277 1549 1306 in
1572 1277 1727 1314 subiecto,
1751 1278 1894 1318 sequitur
1918 1277 2136 1308 conditionem
2155 1277 2304 1312 subiecti;
2327 1277 2386 1306 ista
2404 1286 2491 1312 vero,

1432 1321 1523 1361 quasi
1546 1319 1691 1351 defluxus
1707 1321 1839 1362 quidam
1854 1323 1984 1362 agentis,
2000 1321 2084 1352 illius
2100 1321 2243 1361 sequitur
2262 1319 2490 1351 conditionem.

1127 1472 1446 1515 ARTICULUS
1476 1471 1686 1514 SEXTUS

570 1565 728 1597 UTRUM
750 1565 833 1596 PER
857 1565 999 1596 OMNIA
1022 1565 1321 1597 SACRAMENTA
1343 1566 1494 1596 NOVAE
1517 1566 1643 1597 LEGls
1665 1565 1942 1596 IMPRIMATUR
1969 1563 2238 1596 CHARACTER

596 1642 630 1667 IV
649 1643 733 1674 Sent„
752 1643 812 1668 dist.
830 1650 865 1675 ιν,
884 1651 929 1676 qu.
948 1650 966 1674 ι,
986 1648 1032 1669 art.
1052 1651 1078 1675 4.
1097 1642 1155 1676 quis
1171 1651 1194 1673 2.
1215 1643 1243 1674 35
1262 1644 1322 1670 dist.
1340 1651 1385 1676 vu,
1404 1652 1449 1677 qu.
1466 1653 1494 1674 n.
1513 1650 1559 1670 art.
1580 1652 1603 1675 1,
1617 1645 1667 1678 qu⁸
1688 1652 1717 1676 i;
1737 1645 1796 1670 dist.
1813 1652 1884 1674 xxm,
1903 1652 1946 1676 qu.
1965 1651 1983 1673 1,
2003 1650 2050 1669 art.
2069 1651 2093 1675 2,
2113 1645 2162 1677 qu*
2183 1644 2212 1675 3;

1035 1679 1076 1704 De
1095 1679 1196 1704 Eccles.
1215 1679 1354 1710 Sacram.;
1371 1680 1416 1705 Ad
1434 1680 1510 1710 Heb„
1529 1688 1584 1713 cap.
1602 1688 1636 1709 xi.
1655 1681 1714 1705 lect.
1731 1688 1776 1706 vu.

404 1778 407 1787 ι
454 1789 463 1796 s
490 1788 492 1792 ⁴
526 1770 549 1795 n
577 1769 720 1795 serrum
744 1769 796 1795 SIC
820 1770 1056 1796 PROCEDITUR.
1085 1758 1246 1796 Videtur
1273 1759 1380 1808 quod
1435 1768 1568 1797 contra
1596 1767 1817 1809 peccatum,
1846 1772 1916 1809 per
1943 1761 2020 1798 hoc
2047 1761 2154 1810 quod
2181 1761 2340 1809 gratiam
2368 1762 2494 1799 eonfe-

381 1811 389 1840 Σ
436 1789 500 1852 [3
526 1823 597 1860 per
625 1810 757 1848 omnia
785 1819 1024 1848 sacramenta
1042 1823 1168 1848 novae
1196 1811 1287 1860 legis
1310 1811 1380 1849 im-

337 1894 345 1907 ,
381 1912 383 1914 ι
429 1912 439 1918 ⁷.
464 1850 495 1905 '6
510 1862 717 1913 primatur
753 1864 958 1901 character.
998 1865 1072 1902 Per
1109 1864 1242 1902 omnia
1277 1864 1381 1902 enim

324 1930 332 1939 ¹
450 1934 456 1941 ν
484 1910 766 1954 sacramenta
784 1929 910 1954 novae
930 1917 1021 1966 legis
1039 1917 1083 1954 fit
1110 1917 1246 1967 aliquis
1266 1917 1381 1967 parti-

312 1980 403 2020 ceps
422 1969 624 2007 sacerdotii
644 1963 795 2007 Christi)
821 1970 897 2008 Sed
917 1971 1112 2008 character
1130 1978 1380 2008 sacramenta-

269 2039 274 2044 ·
311 2021 356 2060 lis
370 2021 466 2060 nihil
480 2029 536 2060 est
554 2023 658 2060 aliud
673 2035 793 2072 quam
807 2023 1044 2073 participatio
1059 2023 1259 2061 sacerdotii
1274 2023 1381 2061 Chri·

313 2074 370 2124 sti,
386 2083 429 2113 ut
448 2075 595 2113 dictum
611 2084 666 2113 est
683 2076 715 2113 ²¹⁸.
745 2077 848 2125 Ergo
867 2076 1021 2114 videtur
1039 2077 1147 2126 quod
1165 2089 1235 2126 per
1249 2076 1381 2114 omnia

312 2137 551 2167 sacramenta
578 2141 703 2167 novae
732 2129 823 2178 legis
850 2128 1094 2179 imprimatur
1120 2130 1325 2167 character.

367 2193 402 2219 2.
425 2183 665 2230 PRAETEREA,
695 2182 892 2220 character
919 2195 959 2220 se
988 2183 1104 2220 habet
1131 2183 1180 2220 ad
1208 2182 1379 2220 animam

312 2234 354 2272 in
381 2247 460 2285 qua
487 2242 554 2283 est,
584 2235 681 2272 sicut
708 2235 944 2273 consecratio
970 2236 1019 2273 ad
1039 2248 1098 2272 res
1126 2243 1377 2273 consecratas.

313 2288 391 2326 Sed
418 2300 489 2338 per
515 2288 715 2338 quodlibet
741 2296 1027 2326 sacramentum
1045 2301 1172 2326 novae
1191 2288 1281 2337 legis
1309 2289 1378 2326 ho-

312 2353 380 2378 mo
408 2341 542 2390 recipit
559 2341 717 2389 gratiam
739 2341 1052 2389 sanctificantem,
1073 2350 1116 2379 ut
1141 2354 1258 2391 supra
1275 2341 1296 2363 '¹‘
1323 2341 1378 2378 di-

312 2401 419 2432 ctum
447 2402 513 2431 est.
548 2395 650 2443 Ergo
678 2394 831 2431 videtur
858 2394 965 2444 quod
992 2406 1062 2444 per
1089 2395 1287 2444 quodlibet
1321 2407 1378 2432 sa-

313 2455 556 2484 cramentum
574 2459 700 2484 novae
729 2447 819 2495 legis
847 2447 1091 2497 imprimatur
1118 2449 1324 2485 character.

368 2499 403 2536 3.
433 2501 675 2547 PRAETEREA,
705 2501 900 2538 character
927 2508 982 2537 est
1010 2513 1070 2537 res
1098 2508 1134 2537 et
1162 2513 1378 2539 sacramen—

312 2560 408 2589 tum.
439 2553 516 2590 Sed
535 2553 575 2590 in
601 2552 772 2602 quolibet
791 2561 1030 2591 sacramento
1050 2566 1176 2591 novae
1204 2553 1295 2602 legis
1322 2562 1379 2591 est

313 2605 458 2654 aliquid
477 2606 585 2655 quod
613 2613 669 2642 est
696 2618 756 2643 res
783 2613 945 2653 tantum,
966 2614 1002 2643 et
1030 2606 1174 2656 aliquid
1193 2606 1302 2656 quod
1323 2615 1379 2644 est

313 2666 599 2695 sacramentum
626 2666 788 2706 tantum,
809 2667 845 2696 et
872 2659 1016 2709 aliquid
1044 2660 1152 2709 quod
1180 2668 1236 2697 est
1263 2672 1323 2697 res
1342 2667 1379 2697 et

313 2719 610 2748 sacramentum.
640 2712 742 2759 Ergo
769 2723 840 2760 per
866 2712 1065 2761 quodlibet
1093 2720 1378 2750 sacramentum

312 2772 439 2801 novae
467 2764 558 2812 legis
586 2763 819 2813 imprimitur
846 2766 1051 2802 character.

368 2817 442 2855 Si-:D
475 2829 620 2854 CONTRA
656 2829 722 2854 EST
754 2818 861 2866 quod
899 2825 1136 2855 sacramenta
1168 2818 1207 2855 in
1236 2819 1377 2868 quibus

312 2869 547 2920 imprimitur
574 2870 784 2916 character,
814 2882 901 2907 non
923 2870 1164 2918 reiterantur,
1194 2883 1241 2908 eo
1270 2872 1377 2920 quod

313 2924 509 2960 character
535 2930 591 2960 est
618 2922 840 2970 indelebilis,
869 2930 911 2959 ut
943 2923 1089 2960 dictum
1117 2931 1172 2960 est
1190 2923 1220 2960 *.
1251 2924 1378 2970 Quae-

313 2976 406 3013 dam
433 2983 565 3013 autem
593 2983 831 3012 sacramenta
849 2976 1048 3013 iterantur:
1078 2976 1174 3013 sicut
1201 2983 1303 3025 patet
1328 2977 1376 3013 de

313 3028 549 3078 poenitentia
577 3036 613 3065 et
640 3028 898 3065 matrimonio.
930 3030 1031 3077 Ergo
1060 3041 1140 3066 non
1169 3029 1300 3066 omnia
1320 3042 1376 3066 sa-

313 3089 510 3119 eramenta
537 3081 766 3131 imprimunt
794 3082 1064 3119 characterem.

367 3135 592 3172 Rssponmzo
606 3146 788 3172 DICENDUM
807 3135 926 3184 quod,
947 3135 1044 3171 sicut
1062 3147 1179 3184 supra
1191 3134 1212 3156 *
1230 3134 1376 3172 dictum

314 3194 380 3234 est,
405 3195 644 3225 sacramenta
671 3199 797 3225 novae
826 3187 916 3236 legis
944 3188 992 3225 ad
1021 3188 1101 3225 duo
1130 3187 1375 3225 ordinantur:

315 3239 454 3278 scilicet
481 3240 521 3277 in
549 3240 766 3278 remedium
803 3240 964 3290 peccati,
995 3248 1030 3277 et
1058 3241 1107 3278 ad
1141 3242 1285 3278 cultum
1322 3240 1377 3278 di-

313 3292 462 3330 vinum.
501 3294 569 3330 Est
603 3301 733 3330 autem
770 3293 952 3331 omnibus
990 3294 1235 3331 sacramentis
1272 3306 1378 3331 com-

314 3357 435 3383 mune
463 3347 571 3396 quod
597 3358 668 3395 per
686 3358 732 3383 ea
751 3346 952 3384 exhibetur
979 3346 1136 3395 aliquod
1162 3346 1379 3384 remedium

367 3469 384 3486 α
415 3461 441 3486 in
460 3461 556 3495 seipso.
573 3475 593 3480 -
611 3462 638 3486 in
655 3469 684 3487 se
703 3462 789 3494 ipsum
809 3462 874 3487 PGI.

367 3460 395 3532 βξ
407 3504 460 3529 per
473 3498 552 3529 quod.
564 3512 583 3516 -
596 3504 649 3530 per
662 3504 739 3530 quem
753 3497 796 3527 Gl,
804 3504 857 3530 per
875 3497 924 3523 hoc
941 3497 1014 3530 quod
1027 3497 1090 3526 Hbc,
1104 3497 1167 3530 quia
1182 3503 1234 3529 per
1249 3498 1334 3529 ipsum
1349 3497 1378 3523 P.

1435 1821 1534 1850 runt.
1569 1814 1662 1850 Non
1690 1820 1820 1850 autem
1848 1813 1979 1850 omnia
2007 1822 2243 1851 sacramenta
2271 1814 2496 1852 ordinantur

1435 1865 1576 1903 directe
1604 1866 1653 1903 ad
1682 1865 1859 1903 divinum
1886 1867 2053 1903 cultum:
2084 1866 2179 1903 sicut
2206 1875 2308 1916 patet
2336 1868 2383 1904 de
2402 1879 2494 1917 poe·

1435 1918 1612 1965 nitentia,
1641 1930 1711 1968 per
1747 1931 1867 1968 quam
1903 1919 2024 1956 homo
2060 1919 2240 1957 liberatur
2266 1933 2289 1957 a
2315 1928 2493 1970 peccato,

1435 1984 1516 2009 non
1543 1979 1674 2009 autem
1692 1983 1762 2021 per
1786 1972 1863 2009 hoc
1890 1979 2173 2009 sacramentum
2201 1972 2402 2010 exhibetur
2428 1974 2495 2010 ho-

1435 2024 1531 2062 mini
1559 2024 1702 2074 aliquid
1730 2025 1778 2062 de
1797 2037 1902 2062 novo
1922 2024 2114 2074 pertinens
2142 2025 2191 2062 ad
2212 2025 2389 2063 divinum
2417 2027 2494 2063 eul-

1434 2085 1530 2125 tum,
1560 2078 1627 2114 sed
1655 2076 1861 2114 restituitur
1887 2077 1927 2114 in
1955 2085 2095 2115 statum
2122 2077 2337 2127 pristinum.

1487 2130 1654 2167 Pertinet
1682 2138 1812 2168 autem
1839 2130 1997 2179 aliquod
2025 2138 2308 2168 sacramentum
2331 2131 2379 2168 ad
2399 2131 2493 2168 divi-

1434 2195 1531 2220 num
1559 2185 1703 2221 cultum
1734 2182 1944 2232 tripliciter:
1975 2195 2055 2220 uno
2084 2183 2216 2231 modo,
2236 2196 2306 2233 per
2328 2184 2492 2221 modum

1434 2235 1552 2285 ipsius
1581 2235 1756 2282 actionis;
1787 2235 1861 2273 alio
1880 2236 2012 2282 modo,
2039 2248 2109 2285 per
2136 2236 2300 2273 modum
2328 2237 2491 2285 agentis;

1433 2289 1542 2326 tertio
1562 2290 1694 2335 modo,
1715 2301 1784 2338 per
1802 2289 1967 2326 modum
1986 2289 2211 2338 recipientis.
2237 2290 2311 2326 Per
2328 2290 2493 2326 modum

1434 2342 1593 2391 quidem
1621 2342 1740 2391 ipsius
1768 2341 1925 2378 actionis
1953 2341 2114 2391 pertinet
2141 2342 2190 2379 ad
2217 2342 2394 2379 divinum
2415 2344 2492 2379 cul-

1432 2403 1517 2432 tum
1536 2394 1786 2441 Eucharistia,
1806 2394 1846 2431 in
1865 2407 1943 2443 qua
1961 2394 2217 2444 principaliter
2243 2394 2396 2432 divinus
2415 2397 2492 2432 cul-

1432 2456 1493 2485 tus
1513 2447 1692 2495 consistit,
1713 2447 1944 2496 inquantum
1963 2455 2019 2484 est
2037 2447 2227 2484 Ecclesiae
2251 2447 2491 2485 sacrificium.

1433 2502 1481 2538 Et
1507 2513 1578 2550 per
1605 2502 1681 2538 hoc
1708 2500 1812 2537 idem
1844 2508 2128 2537 sacramentum
2155 2512 2235 2537 non
2263 2500 2494 2550 imprimitur

1432 2553 1583 2591 homini
1618 2554 1832 2590 character:
1871 2553 1962 2602 quia
1997 2565 2068 2602 per
2100 2554 2175 2590 hoc
2210 2561 2492 2591 sacramentum

1432 2619 1514 2644 non
1549 2606 1749 2644 ordinatur
1779 2607 1900 2643 homo
1938 2606 1987 2643 ad
2019 2605 2162 2655 aliquid
2199 2605 2302 2643 aliud
2336 2606 2492 2643 ulterius

1432 2660 1627 2709 agendum
1654 2661 1717 2696 vel
1744 2658 2007 2708 recipiendum
2040 2658 2079 2695 in
2112 2659 2371 2706 sacramentis,
2401 2671 2492 2696 curn

1431 2713 1559 2763 potius
1579 2712 1625 2749 sit
1632 2714 1728 2761 finis
1746 2718 1780 2748 et
1798 2714 2065 2749 consummatio
2094 2714 2261 2748 omnium
2279 2724 2491 2749 sacramen-

1431 2772 1566 2812 torum,
1600 2773 1642 2802 ut
1669 2765 1878 2814 Dionysius
1911 2764 2011 2811 dicit,
2041 2777 2073 2801 111
2101 2776 2182 2814 cap.
2212 2765 2350 2801 Eccles.
2380 2766 2489 2801 Ηίεν.

1433 2818 1613 2856 Continet
1631 2826 1759 2855 tamen
1780 2817 1819 2854 in
1838 2817 1964 2867 seipso
1985 2823 2002 2839 ‘²
2026 2817 2233 2863 Christum,
2253 2817 2293 2853 in
2312 2829 2391 2866 quo
2411 2829 2490 2854 non

1432 2879 1487 2909 est
1514 2872 1719 2917 character,
1749 2870 1816 2907 sed
1843 2877 1922 2907 tota
1949 2869 2147 2907 sacerdotii
2173 2869 2382 2918 plenitudo.

1486 2924 1562 2961 Sed
1590 2924 1639 2960 ad
1667 2931 1820 2971 agentes
1848 2923 1887 2959 in
1916 2922 2160 2959 sacramentis
2187 2922 2348 2971 pertinet
2371 2934 2490 2959 sacra·

1431 2984 1609 3013 mentum
1637 2975 1799 3012 ordinis:
1829 2975 1919 3024 quia
1938 2987 2007 3024 per
2025 2975 2101 3011 hoc
2124 2982 2406 3011 sacramentum
2425 2975 2489 3011 de-

1430 3036 1614 3078 putantur
1641 3028 1819 3065 homines
1847 3028 1896 3064 ad
1923 3034 2159 3064 sacramenta
2186 3026 2266 3064 aliis
2292 3027 2487 3064 tradenda.

1433 3082 1509 3119 Sed
1537 3081 1586 3118 ad
1614 3080 1837 3130 recipientes
1868 3079 2030 3130 pertinet
2061 3087 2343 3116 sacramentum
2371 3080 2489 3130 bapti-

1431 3133 1515 3181 smi,
1544 3146 1614 3183 per
1641 3132 1782 3183 quodss
1810 3133 1931 3170 homo
1969 3132 2103 3182 accipit
2136 3140 2361 3181 potestatem
2398 3132 2490 3169 reci·

1430 3187 1560 3236 piendi
1598 3186 1670 3223 alia
1706 3185 1897 3223 Ecclesiae
1934 3193 2191 3222 sacramenta:
2230 3185 2334 3222 unde
2370 3185 2488 3234 bapti-

1431 3252 1538 3276 smus
1557 3239 1694 3276 dicitur
1707 3251 1788 3275 esse
1803 3241 1917 3276 ianua
1934 3244 2254 3276 sacramentorum
2268 3243 2295 3274 Υ.
2312 3238 2373 3274 Ad
2387 3238 2491 3275 idem

1432 3292 1547 3330 etiam
1584 3292 1783 3329 ordinatur
1818 3291 2113 3340 quodammodo
2150 3290 2413 3328 confirmatio:
2449 3296 2508 3328 ut·

1485 3461 1512 3496 γ)
1531 3463 1768 3486 sacramentorum.
1786 3474 1805 3478 -
1822 3460 1939 3485 omnium
1958 3463 2185 3485 sacramentorum
2205 3460 2246 3485 Pc.

2518 1059 2529 1069 '¹
2536 1058 2602 1081 Text.
2612 1059 2678 1081 Com.
2686 1064 2730 1080 ιιι.

2518 3332 2528 3341 “’
2549 3330 2584 3352 Cf.
2609 3336 2647 3357 qu.
2671 3336 2727 3355 ων,

1432 3345 1526 3382 infra
1544 3345 1564 3366 ’¹‘
1592 3357 1662 3382 suo
1699 3346 1784 3381 loco
1818 3344 1975 3381 dicetur.
2012 3345 2060 3380 Et
2086 3343 2174 3380 ideo
2203 3355 2272 3393 per
2299 3344 2394 3380 haec
2421 3343 2490 3381 tria
2517 3361 2558 3378 an.
2574 3363 2593 3385 ³-
