2878 4088
459 203 479 227 11

455 281 524 318 per
543 266 717 314 editores,
734 274 770 303 et
789 266 828 303 in
849 263 1030 317 operibus
1051 268 1088 305 S.
1102 268 1282 304 Thomae
1298 265 1371 303 alio
1393 272 1428 302 et
1447 264 1521 302 alio

457 321 576 358 modo
611 328 887 358 usuvenerunt.
925 344 971 348 —
1013 322 1173 370 Propter
1208 320 1373 356 eandem
1410 318 1521 355 ratio-

457 386 560 420 nem,
582 373 632 409 ob
659 385 775 410 usum
798 374 876 411 iam
900 374 1114 423 antiquum,
1135 384 1412 410 conservamus
1436 371 1521 408 titu-

457 429 539 464 lum
580 440 599 459 «
630 426 955 476 Supplementum
983 427 1135 464 Tertiae
1169 425 1288 462 Partis
1312 441 1330 459 »
1369 432 1438 461 etc.
1479 426 1521 460 In

455 478 662 529 principiO,
701 479 797 516 idest
834 479 873 516 in
914 480 1045 517 codice
1087 479 1293 523 Brixiensi,
1324 477 1518 514 scribitur:

459 549 476 566 «
501 531 691 581 Incipiunt
721 532 933 570 additiones
962 534 1009 570 de
1031 532 1257 570 contritione
1279 544 1319 577 »ς
1352 546 1369 564 α
1393 530 1520 580 Expli-

455 586 560 623 ciunt
588 585 737 622 rubrice
759 586 1001 623 additionum
1025 598 1065 631 »ς
1101 598 1146 622 ex
1167 597 1245 634 quo
1270 591 1371 633 patet
1402 600 1420 617 <x
1443 583 1520 620 Ad-

455 639 616 676 ditiones
634 653 652 672 »
680 638 719 675 in
739 647 866 676 mente
887 647 923 676 et
942 639 981 676 in
1001 639 1096 676 libro
1118 637 1387 687 Compilatoris
1406 637 1520 673 fuisse

455 692 565 742 quasi
605 707 623 725 «
645 692 851 741 Appendix
872 708 905 729 ».
951 692 990 729 Si
1023 692 1177 729 titulum
1205 692 1296 728 dare
1324 690 1518 737 voluisset,

454 745 661 794 scripsisset
680 744 812 794 utique
835 761 853 778 α
872 745 1060 794 Incipiunt
1074 744 1287 782 additiones
1302 743 1415 780 tercie
1434 755 1519 793 par-

454 799 499 835 tis
524 809 676 835 summe
705 798 825 835 fratris
852 799 985 834 thome
1013 798 1061 834 de
1090 798 1234 847 aquino
1263 796 1407 834 ordinis
1435 808 1519 845 pre-

454 852 680 897 dicatorum,
697 858 733 887 et
751 851 877 900 prima
889 851 1031 888 additio
1052 851 1100 887 de
1120 850 1345 887 contritione
1361 865 1393 886 ».
1417 849 1519 886 Cum

454 916 543 952 ergo
564 904 772 952 antiquitus
791 905 966 951 vulgatae
986 904 1054 940 sed
1074 904 1201 940 nudae
1226 903 1382 940 dictioni
1406 918 1424 936 «
1442 903 1518 939 Ad-

454 957 615 994 ditiones
639 972 656 990 x·
687 956 784 993 tituli
802 956 950 993 indoles
975 956 1137 1002 deficiat,
1158 968 1206 992 eo
1233 956 1410 992 libentius
1433 955 1519 991 titu-

453 1011 534 1046 lum
563 1009 746 1046 omnibus
775 1009 999 1046 familiarem
1028 1009 1269 1057 adoptamus.

505 1063 566 1098 Ne
595 1061 657 1097 cui
691 1069 825 1110 postea
860 1061 974 1097 nimis
1001 1073 1122 1109 parva
1150 1068 1186 1097 et
1214 1060 1312 1097 levia
1346 1059 1519 1096 conside-

453 1126 535 1151 rare
564 1113 777 1160 videamur,
799 1113 876 1150 iarn
896 1114 959 1150 hic
987 1114 1034 1150 ab
1063 1113 1170 1150 initio
1195 1113 1384 1149 rationem
1403 1112 1519 1149 huius

452 1167 678 1204 indicamus.
708 1166 924 1215 Antiquitas
953 1178 1098 1202 nomen
1119 1165 1390 1214 Compilatoris
1420 1165 1519 1213 Sup-

451 1219 634 1270 plementi
653 1227 762 1265 tacet,
782 1227 884 1256 aetas
903 1231 997 1256 vero
1023 1219 1151 1256 iunior
1178 1218 1344 1268 ideoque
1372 1218 1519 1255 veritati

451 1273 683 1310 attestandae
703 1272 832 1309 minus
852 1273 1004 1316 idonea,
1025 1284 1171 1309 nomen
1198 1272 1352 1309 aliunde
1380 1279 1519 1308 notum

451 1326 551 1364 Petri
580 1326 627 1363 de
656 1326 837 1363 Alvernia
864 1325 1030 1375 protulit.
1061 1325 1185 1363 Nobis
1211 1333 1341 1362 autem
1369 1324 1521 1362 videtur

453 1381 778 1429 Supplementum
806 1379 936 1429 ipsum
971 1391 1071 1428 quae
1101 1380 1178 1416 huc
1213 1386 1385 1427 spectant
1411 1390 1520 1427 prae-

451 1434 553 1470 bere.
599 1433 838 1482 Compilator
875 1432 979 1470 enim
1007 1444 1088 1469 non
1117 1434 1198 1470 sola
1230 1431 1520 1481 transcriptione

452 1499 499 1524 ex
519 1486 810 1523 Commentario
839 1493 1041 1522 contentus
1060 1485 1140 1532 fuit,
1162 1485 1228 1523 sed
1257 1485 1373 1522 etiam
1402 1497 1518 1534 quae-

454 1541 544 1577 dam
573 1551 620 1576 ex
647 1539 804 1589 proprio
834 1539 987 1588 ingenio
1017 1539 1234 1585 contribuit,
1255 1539 1352 1575 dum
1381 1538 1522 1575 scilicet

452 1592 629 1630 materias
648 1593 687 1630 in
708 1592 998 1630 Commentario
1019 1592 1238 1641 disputatas,
1260 1600 1303 1629 ut
1330 1605 1352 1629 a
1380 1591 1520 1628 Distin-

453 1646 644 1684 ctionibus
672 1646 883 1684 Lombardi
913 1658 993 1683 non
1021 1647 1298 1695 dependerent,
1327 1657 1431 1682 nova
1464 1658 1520 1682 ra-

454 1700 557 1737 tione
577 1699 765 1748 disposuit
793 1712 1022 1749 novumque
1050 1700 1208 1748 insuper
1236 1699 1413 1736 ordinem
1442 1698 1521 1735 suis

454 1753 673 1803 analysibus
702 1753 895 1802 expressit,
918 1754 1014 1790 sicut
1032 1753 1071 1790 in
1092 1753 1256 1790 Summa
1275 1752 1429 1789 ultimas
1449 1752 1520 1788 dis-

454 1807 699 1856 putationum
738 1807 914 1844 materias
951 1819 996 1843 ex
1040 1806 1199 1843 materia
1233 1806 1343 1843 latius
1380 1805 1522 1855 patenti

453 1868 640 1909 perpetua
668 1860 812 1910 analysi
841 1860 959 1909 logice
989 1859 1128 1896 deduci
1153 1859 1310 1896 viderat.
1348 1860 1390 1895 In
1418 1858 1522 1895 hisce

455 1913 696 1962 Compilator
732 1913 870 1951 mentis
899 1913 1080 1950 virtutem
1118 1921 1154 1950 et
1186 1924 1352 1949 acumen
1381 1911 1521 1961 aperit;

597 2028 614 2065 §
643 2035 669 2057 ι.
694 2027 752 2057 DE
776 2027 959 2057 DIVERSA
985 2026 1028 2056 IN
1052 2025 1372 2057 SUPPLEMENTO

468 2071 526 2100 ET
551 2071 877 2101 COMMENTARIO
908 2071 1135 2101 MATERIAE
1165 2068 1504 2100 DISTRIBUTIONE

513 2167 538 2188 1.
562 2177 584 2180 —
599 2158 707 2189 Videri
729 2164 838 2198 posset
862 2158 1064 2199 Compilator
1089 2158 1257 2188 Summam
1281 2157 1517 2197 Theologicam

452 2203 670 2243 completurus
706 2203 773 2233 eius
808 2203 937 2243 Prologi
971 2203 1165 2233 meminisse.
1210 2202 1256 2232 Ibi
1291 2202 1322 2232 S.
1355 2202 1515 2232 Thomas:

455 2261 468 2274 α
489 2247 780 2284 Consideravimus,
805 2248 919 2288 inquit,
939 2248 1035 2278 huius
1060 2247 1223 2278 doctn‘nae
1246 2247 1387 2277 novitios
1411 2248 1444 2277 in
1468 2247 1516 2277 his

453 2302 535 2332 quae
559 2302 577 2322 a
593 2293 721 2323 diversis
742 2293 857 2332 scripta
880 2298 954 2323 sunt
978 2292 1155 2333 plurimum
1178 2291 1343 2332 impediri:
1368 2292 1515 2331 partim...

452 2338 547 2367 etiam
571 2338 646 2377 quia
670 2347 706 2368 ea
731 2346 814 2377 quae
838 2344 912 2367 sunt
934 2338 1111 2367 necessaria
1134 2337 1249 2367 talibus
1273 2336 1313 2366 ad
1337 2336 1516 2373 sciendum,

452 2391 519 2412 non
543 2381 709 2412 traduntur
733 2382 779 2422 (in
803 2382 863 2412 illis
888 2382 1024 2422 scriptis)
1050 2382 1230 2413 secundum
1253 2381 1400 2411 ordinem
1424 2381 1517 2411 disci-

452 2427 568 2466 plinae,
585 2426 641 2456 sed
665 2426 843 2457 secundum
868 2426 958 2467 quod
980 2427 1161 2467 requirebat
1179 2427 1335 2457 librorum
1359 2426 1516 2465 expositio

453 2471 503 2500 vel
534 2470 713 2502 secundum
743 2471 831 2511 quod
855 2481 888 2501 se
918 2472 1089 2512 praebebat
1119 2472 1246 2502 occasio
1280 2470 1471 2510 disputandi.
1500 2483 1514 2497 »

454 2514 656 2555 Compilator
679 2521 787 2546 autern
815 2516 977 2546 Articulos
1011 2516 1244 2547 Commentarii
1267 2525 1285 2545 a
1308 2515 1439 2555 sequela
1461 2514 1517 2544 Di-

453 2560 662 2590 stinctionum
687 2561 825 2600 Magistri
846 2561 950 2597 solvit,
968 2566 999 2591 et
1021 2561 1055 2590 in
1079 2562 1123 2592 eis
1146 2559 1417 2600 recomponendis
1439 2559 1517 2589 libe-

453 2613 521 2633 ram
545 2604 696 2635 Summae
720 2605 911 2635 methodum
933 2605 1074 2636 imitatus
1099 2611 1154 2636 est.
1189 2604 1288 2643 Quod
1311 2605 1338 2634 si
1361 2604 1400 2635 de
1424 2613 1518 2634 causa

453 2647 541 2678 finali
563 2649 658 2679 huius
673 2659 741 2680 non
766 2650 960 2689 cogitaverit,
978 2659 1015 2680 ex
1039 2650 1226 2681 habitudine
1249 2655 1356 2680 tamen
1381 2649 1518 2689 Supple-

453 2693 553 2722 menti
583 2693 761 2724 luculenter
784 2699 915 2734 apparet
939 2704 1014 2724 eum
1043 2696 1152 2725 omnia
1181 2695 1226 2725 sic
1250 2694 1458 2734 disposuisse,
1482 2699 1519 2724 ut

454 2738 619 2768 materiam
648 2738 864 2779 theologicam
895 2749 912 2769 e
944 2738 1186 2770 Commentario
1215 2739 1430 2779 conquisitam
1461 2738 1517 2768 illo

454 2782 602 2812 absoluto
627 2782 738 2813 ordine
761 2784 915 2823 prosequi
938 2783 1113 2820 videretur,
1139 2794 1206 2824 quo
1231 2784 1383 2814 Summae
1407 2787 1518 2813 auctor

455 2826 532 2856 dum
565 2827 684 2858 viveret
715 2833 905 2867 prosecutus
933 2827 1053 2859 fuisset.
1090 2829 1164 2859 Hoc
1194 2828 1359 2859 nonnullis
1388 2828 1517 2857 mutatis

455 2871 579 2901 omissis
603 2871 716 2902 additis
739 2872 863 2903 efficere
887 2879 1021 2904 conatus
1046 2879 1101 2903 est.

511 2925 539 2945 2.
553 2935 575 2938 —
587 2916 638 2946 Ad
655 2917 773 2947 omissa
789 2917 878 2957 quod
893 2918 1014 2954 attinet,
1032 2917 1266 2948 Commentarii
1277 2917 1419 2957 partibus
1435 2926 1518 2957 quae

454 2960 580 2990 Divisio
601 2962 720 2992 Textus
744 2967 775 2991 et
789 2962 960 3002 Expositio
981 2963 1101 2993 Textus
1120 2963 1170 2993 vel
1188 2963 1415 2994 Dubitationes
1430 2963 1518 2993 circa

458 3005 593 3034 Textum
607 3006 762 3047 Magistri
778 3016 795 3036 a
811 3006 974 3037 modernis
986 3013 1117 3038 vocatae
1134 3013 1218 3043 sunt,
1230 3008 1264 3038 in
1284 3008 1518 3048 Supplemento

454 3048 545 3079 locus
576 3059 643 3079 non
677 3055 757 3086 erat,
783 3056 896 3091 utpote
920 3061 1003 3091 quae
1025 3052 1256 3083 indivisibiliter
1278 3052 1318 3083 ad
1341 3052 1518 3083 Sententia-

455 3102 526 3122 rum
550 3095 785 3133 expositionem
815 3096 1002 3135 pertineant.
1039 3097 1105 3126 Has
1129 3106 1204 3136 ergo
1227 3098 1393 3137 portiones
1417 3096 1518 3127 Com-

455 3137 570 3176 pilator
592 3140 761 3178 praeteriit.
778 3158 800 3161 —
825 3139 1030 3171 Omittendae
1054 3141 1127 3171 dein
1151 3140 1280 3172 fuerunt
1312 3142 1462 3172 maten'ae
1484 3142 1518 3171 in

457 3181 589 3212 Summa
611 3183 675 3213 iam
697 3189 914 3223 pertractatae.
939 3185 975 3215 In
998 3186 1062 3215 hoc
1085 3191 1193 3216 tamen
1215 3186 1312 3216 nimis
1337 3196 1435 3227 quam
1461 3195 1517 3226 pa-

456 3235 527 3255 rum
558 3226 631 3256 dare
661 3228 791 3264 maluit,
816 3234 851 3258 ut
878 3234 965 3269 patet
989 3239 1027 3260 ex
1051 3239 1105 3269 qu.
1130 3240 1231 3260 Lxm.
1257 3236 1312 3261 art.
1341 3239 1368 3267 1,
1403 3231 1519 3261 Utrum

458 3269 575 3300 Christi
597 3273 785 3302 resurrectio
816 3273 855 3303 sit
878 3283 972 3303 causa
1004 3280 1132 3304 nostrae
1161 3275 1418 3311 resurrectionis;
1441 3276 1519 3306 item

458 3323 495 3343 ex
512 3323 565 3353 qu.
583 3324 655 3351 xcn,
672 3315 721 3345 De
739 3316 871 3346 Visione
889 3317 1013 3348 divinae
1038 3319 1201 3354 essentiae,
1219 3319 1274 3349 ubi
1299 3329 1316 3349 e
1340 3319 1518 3350 Commen-

458 3358 536 3387 tario
562 3358 631 3388 dist.
648 3368 728 3389 nrx.
747 3369 800 3399 qu.
817 3370 849 3391 11.
867 3361 1017 3400 primum,
1035 3362 1213 3392 secundum
1230 3368 1261 3393 et
1277 3364 1427 3402 quintum
1447 3364 1520 3394 arti-

459 3401 568 3431 culum
592 3402 825 3443 Supplemento
849 3405 944 3435 inseri
966 3405 1061 3436 licere
1084 3407 1217 3445 putavit.
1240 3426 1263 3430 -
1286 3407 1520 3445 Quaestionem

459 3445 498 3475 de
514 3446 700 3486 Purgatorio
717 3448 750 3478 in
766 3448 999 3488 Supplemento
1023 3450 1201 3487 desiderari,
1218 3452 1393 3482 memoriae
1413 3451 1520 3491 lapsus

459 3489 570 3520 fecisse
592 3490 717 3521 videtur
741 3491 795 3531 (cf.
811 3502 843 3522 n.
861 3502 891 3532 7.
908 3493 989 3532 fin.).
1005 3511 1028 3515 —
1050 3494 1126 3524 Non
1146 3496 1325 3526 necessario
1348 3505 1409 3526 nec
1431 3495 1521 3526 inad-

411 3544 418 3546 -
458 3539 615 3564 vertenter
639 3545 806 3575 suppressa
829 3542 903 3567 sunt
925 3537 1123 3577 Argumenta
1147 3539 1270 3579 aliquot
1292 3540 1388 3579 partis
1412 3539 1521 3570 adver-

458 3579 557 3609 sariae
579 3581 823 3619 responsionem
854 3580 994 3612 doctoris
1022 3582 1259 3622 praecedentia,
1284 3593 1359 3614 cum
1387 3583 1522 3614 solutio-

1577 276 1624 301 ex
1651 263 1711 300 his
1738 271 1925 313 tanquam
1953 264 2110 303 internis
2138 266 2285 304 indiciis
2313 281 2497 317 quaerere
2526 269 2641 307 debe-

1576 329 1665 354 mus
1693 316 1913 363 veritatem,
1943 329 2063 366 quam
2101 327 2256 356 externa
2289 321 2524 359 documenta
2561 335 2641 359 non

1576 369 1809 406 sufficienter
1836 370 2087 407 manifestant.
2128 372 2251 409 Nobis
2279 374 2438 422 quidem
2467 387 2512 412 ea
2539 388 2640 424 quae

1578 423 1855 460 Commentarii
1882 424 2065 461 thesauro
2094 437 2141 461 ex
2169 425 2295 464 alieno
2322 428 2474 475 peculio
2502 429 2640 465 contri-

1575 476 1668 513 buta
1696 484 1794 523 sunt,
1815 488 1895 513 non
1923 475 2104 514 videntur
2132 490 2269 515 sonare
2297 490 2443 517 nomen
2471 489 2551 518 tam
2571 482 2640 518 ho-

1575 538 1757 567 noratum
1784 529 1954 578 Magistri
1983 530 2095 567 Petri.
2126 531 2184 568 De
2214 543 2260 568 eo
2289 533 2463 570 conferas
2490 535 2644 571 Echard

1575 584 1779 632 Scriptores
1811 583 1958 620 Ordinis
1985 584 2292 622 Praedicatorum
2321 586 2367 622 T.
2389 587 2414 622 Ι.
2435 598 2520 635 pag.
2549 587 2639 635 489,

1574 635 1672 672 inter
1700 651 1718 669 «
1736 636 1829 672 falso
1849 636 1987 673 nostris
2007 636 2190 686 ascriptos
2208 653 2242 683 »,
2263 645 2300 674 et
2318 650 2427 687 pagg.
2451 650 2520 686 291
2546 651 2640 688 seq.‚

1575 689 1642 726 ubi
1662 690 1710 726 de
1738 697 1893 726 auctore
1924 690 2202 739 Supplementi.
2233 691 2317 728 Nos
2345 691 2384 728 in
2404 692 2641 729 Praefatione

1574 743 1659 779 Vol.
1681 744 1737 779 111.
1759 754 1843 791 pag.
1864 755 1933 779 xm.
1955 755 2001 780 ex
2023 743 2312 781 Commentario
2333 745 2434 781 Petri
2462 744 2501 781 in
2521 746 2577 782 ΙΙΙ.
2598 745 2640 782 li-

1574 795 1691 832 brum
1728 796 1787 832 De
1826 796 1943 833 Caelo
1978 796 2078 833 duos
2116 798 2222 834 locos
2251 797 2544 847 descripsimus,
2573 798 2642 847 qui

1574 849 1706 898 quoad
1744 850 1884 898 stylum
1923 857 1958 886 et
1994 849 2192 898 ingenium
2233 862 2325 888 cum
2371 851 2642 900 Compilatoris

1574 914 1691 950 opere
1720 902 1859 939 utiliter
1885 903 2048 939 conferri
2075 911 2243 953 possent.

1626 955 1675 992 Ut
1709 955 1831 1003 spatio
1860 967 2117 1004 parceremus,
2139 957 2329 994 variantes
2357 969 2438 994 non
2466 957 2539 994 sub
2567 956 2640 993 sin-

1572 1007 1669 1055 gulis
1688 1007 1853 1045 articulis
1881 1009 2113 1056 notavimus,
2135 1010 2202 1047 sed
2227 1022 2306 1047 una
2333 1010 2517 1048 continua
2545 1009 2640 1047 serie

1573 1068 1661 1109 post
1675 1061 1967 1098 Praefationem.
1985 1062 2154 1108 Quando
2174 1062 2360 1100 studentis
2378 1064 2532 1100 interest
2546 1063 2641 1100 scire

1574 1125 1623 1149 an
1652 1112 1788 1161 aliquis
1825 1115 1934 1150 locus
1969 1114 2159 1152 variantes
2192 1116 2350 1162 habeat,
2380 1124 2539 1166 quaerat
2571 1129 2642 1166 per

1574 1172 1684 1202 notas
1714 1165 1874 1213 paginae
1902 1167 2107 1204 columnae
2137 1175 2173 1204 et
2200 1168 2334 1205 lineae.

1629 1218 1742 1264 Quae
1775 1218 1875 1256 circa
1912 1219 2238 1268 Supplementum
2277 1228 2313 1257 et
2348 1229 2518 1258 nostram
2556 1222 2640 1259 eius

1575 1270 1842 1308 recensionem
1870 1271 2033 1309 dicenda
2061 1281 2160 1321 sunt,
2181 1273 2285 1311 hisce
2303 1274 2553 1324 paragraphis
2576 1274 2642 1311 ab·

1575 1326 1794 1362 solvemus:

1635 1382 1668 1414 1²¹
1696 1378 1755 1415 De
1783 1377 1935 1415 diversa
1971 1378 2012 1415 in
2047 1379 2328 1429 Supplemento
2361 1387 2398 1417 et
2430 1380 2641 1418 Commen-

1707 1431 1804 1468 tario
1832 1431 2014 1469 materiae
2043 1432 2319 1470 distributione.

1631 1487 1668 1521 2²²
1696 1485 1755 1521 De
1783 1484 2003 1534 analysibus
2033 1486 2314 1535 Compilatoris.

1630 1538 1668 1574 3³
1695 1538 1754 1575 De
1787 1537 2030 1576 citationibus
2058 1547 2182 1576 textus
2210 1539 2381 1588 Magistri
2409 1539 2449 1576 in
2476 1540 2641 1590 Supple-

1708 1599 1852 1628 mento.

1627 1647 1668 1692 4⁸
1695 1645 1754 1681 De
1783 1645 2050 1694 Supplementi
2074 1645 2344 1695 manuscriptis
2372 1658 2417 1683 ac
2443 1645 2642 1696 speciatim

1708 1698 1756 1734 de
1785 1698 1976 1735 Vaticanis
2012 1706 2049 1736 et
2082 1699 2269 1736 Brixiensi
2309 1700 2436 1749 deque
2473 1699 2640 1737 editione

1710 1763 1893 1800 pnncnpe.

1635 1805 1670 1840 5²
1698 1805 1756 1841 De
1785 1811 1889 1841 textu
1917 1804 2137 1842 authentico
2167 1805 2445 1855 Supplementi.

1631 1858 1670 1894 6ι
1697 1858 1756 1895 De
1785 1857 2018 1895 recensionis
2046 1866 2199 1895 nostrae
2227 1858 2394 1895 criteriis.

1631 1914 1671 1958 7¹
1699 1911 1797 1958 Quis
1825 1911 1936 1947 fuerit
1960 1911 2228 1960 Supplementi
2256 1911 2497 1960 compilator.

1571 2024 1666 2054 nibus
1689 2024 1885 2053 successivis.
1910 2023 1984 2053 Hoc
2008 2023 2122 2054 accidit
2145 2024 2178 2054 in
2202 2033 2257 2064 qu.
2274 2033 2294 2053 1.
2317 2023 2551 2064 Supplementi.
2575 2024 2640 2055 Lo-

1572 2077 1629 2098 cus
1663 2067 1897 2098 Commentarii
1925 2067 2143 2107 respondem,
2175 2067 2245 2098 dist.
2273 2077 2347 2098 xvu.
2379 2077 2434 2109 qu.
2466 2079 2499 2099 11.
2525 2074 2582 2100 art.
2610 2077 2637 2106 ι,

1571 2112 1668 2142 habet
1694 2113 1728 2142 in
1744 2110 1812 2152 qu¹⁸
1836 2120 1862 2142 1.
1880 2117 1955 2142 octo
1976 2117 2172 2152 argumenta,
2190 2112 2392 2153 Compilator
2406 2114 2441 2144 in
2459 2123 2519 2144 suo
2535 2118 2591 2144 art.
2612 2121 2640 2145 1.

1572 2157 1736 2197 exscripsit
1751 2158 1818 2193 tria,
1836 2156 2024 2193 secundum,
2038 2162 2163 2187 sextum
2179 2163 2210 2188 et
2226 2162 2394 2194 octavum;
2414 2155 2482 2198 qu¹³
2497 2167 2528 2188 2.
2544 2158 2641 2189 habet

1572 2207 1721 2241 quatuor,
1735 2207 1790 2232 art.
1806 2210 1834 2231 2.
1847 2202 1989 2242 primum
2005 2207 2036 2232 et
2051 2203 2198 2238 tertium;
2221 2199 2290 2242 qu¹¹¹
2305 2201 2335 2232 3.
2348 2202 2444 2232 habet
2458 2202 2526 2239 tn‘a,
2539 2207 2595 2233 art.
2609 2201 2640 2234 3.

1571 2246 1713 2286 primum
1737 2251 1768 2276 et
1791 2245 1980 2276 secundum.
2005 2245 2096 2284 Qu¹²⁶
2120 2256 2149 2276 2.
2168 2245 2197 2276 3.
2217 2247 2336 2276 habent
2359 2246 2425 2277 duo
2454 2252 2641 2287 argumenta

1572 2291 1635 2321 Sed
1659 2290 1791 2326 Contra,
1808 2296 1877 2321 artt.
1896 2300 1925 2320 2.
1944 2290 1973 2321 3.
1992 2291 2060 2321 sola
2075 2291 2192 2331 priora.
2216 2290 2294 2321 Post
2309 2299 2363 2331 qu.
2380 2301 2401 2321 1.
2417 2291 2531 2322 nullibi
2548 2301 2641 2332 argu-

1571 2341 1756 2366 mentorum
1780 2334 2029 2365 diminutionem
2058 2335 2257 2371 invenimus,
2282 2344 2366 2376 quae
2392 2345 2461 2366 non
2491 2335 2641 2376 explicari

1573 2385 1682 2420 posset
1707 2389 1766 2420 per
1788 2389 1928 2410 errorem
1950 2380 2211 2420 transcriptionis
2242 2379 2430 2410 Notandum
2457 2380 2526 2417 hic,
2550 2380 2642 2421 quod

1574 2422 1641 2464 qu¹¹
1664 2432 1690 2454 1.
1714 2434 1783 2454 non
1806 2424 1901 2454 habet
1924 2430 2150 2464 argumentum
2179 2423 2243 2455 Sed
2273 2423 2411 2462 Contra;
2437 2424 2641 2465 Compilator

1571 2474 1628 2499 art.
1650 2476 1675 2499 1.
1693 2469 1836 2509 supplet:
1865 2482 1879 2495 «
1899 2468 1963 2499 Sed
1979 2474 2089 2499 contra
2105 2474 2152 2499 est
2167 2469 2236 2509 ipsa
2254 2468 2399 2499 definitio
2418 2479 2450 2506 ›;
2475 2468 2591 2500 deinde
2607 2479 2641 2501 se

1572 2514 1610 2543 ab
1627 2512 1864 2553 augmentando
1882 2513 2035 2544 continet.
2061 2513 2243 2544 Consilium
2260 2523 2336 2553 ergo
2352 2519 2539 2554 argumenta
2556 2522 2640 2545 rese-

1572 2557 1664 2588 candi
1681 2563 1712 2588 et
1728 2557 1899 2598 supplendi
1914 2558 2019 2588 statim
2042 2559 2145 2598 prima
2161 2558 2350 2598 quaestione
2365 2558 2481 2598 scripta
2500 2564 2641 2590 mutasse

1570 2602 1704 2632 videtur.
1729 2603 1800 2633 Alia
1823 2603 1982 2642 propositi
2003 2603 2157 2638 mutatio,
2178 2606 2217 2633 n⁰
2243 2603 2292 2634 16.
2308 2602 2487 2639 indicanda,
2503 2604 2642 2644 pertinet

1572 2646 1611 2677 ad
1627 2647 1793 2677 citationes
1810 2646 2052 2678 Commentarii.

1628 2691 1657 2721 3.
1678 2710 1701 2713 —
1725 2691 1808 2722 Inter
1839 2692 2034 2722 mutationes
2064 2697 2167 2722 textus
2199 2691 2433 2723 Commentarii
2461 2691 2515 2722 ina
2542 2701 2640 2733 quam

1571 2736 1677 2775 primo
1701 2736 1776 2766 loco
1806 2735 2093 2772 considerabimus,
2117 2746 2247 2776 prorsus
2270 2737 2411 2767 innocua
2435 2741 2482 2766 est
2505 2741 2536 2766 et
2558 2745 2639 2776 pure

1571 2780 1758 2817 materialis3
1791 2789 1859 2810 non
1883 2780 2163 2812 Commentarium
2194 2790 2258 2821 qua
2284 2781 2400 2817 talem,
2424 2789 2486 2811 nec
2517 2785 2640 2811 textum

1572 2824 1604 2855 S.
1622 2825 1769 2855 Thomae
1793 2835 1811 2854 a
1833 2830 1922 2864 parte
1939 2825 2115 2862 doctrinali,
2133 2825 2189 2856 sed
2211 2826 2320 2866 potius
2337 2825 2559 2866 disputationis
2574 2824 2639 2855 for-

1572 2879 1659 2899 mam
1692 2869 1879 2900 exteriorem
1904 2875 2035 2910 spectat.
2071 2870 2259 2901 Mutationis
2283 2879 2379 2900 causa
2400 2869 2516 2910 procul
2537 2868 2638 2900 dubio

1572 2913 1642 2950 fuit,
1659 2914 1749 2953 quod
1777 2913 1911 2944 Summa
1941 2924 2009 2944 non
2031 2915 2123 2945 novit
2145 2914 2378 2946 Commentarii
2403 2913 2639 2950 Quaestiuncu-

1573 2959 1631 2994 las,
1649 2958 1715 2988 sive
1738 2959 1946 2990 articulorum
1968 2959 2230 2996 subdivisionem,
2247 2969 2311 3000 qua
2326 2964 2381 2989 aut
2403 2967 2517 2988 eorum
2538 2963 2639 2988 mate-

1571 3003 1617 3033 ria
1641 3002 1859 3033 consideratur
1882 3013 1939 3044 per
1961 3009 2075 3044 partes,
2093 3009 2147 3034 aut
2169 3004 2256 3034 iuxta
2278 3003 2488 3044 principalem
2507 3002 2639 3033 materia

1573 3046 1674 3077 affinis
1697 3053 1856 3078 tractatur.
1892 3048 2062 3079 Eiusmodi
2089 3048 2212 3079 articuli
2234 3048 2268 3078 in
2296 3047 2539 3078 Commentario
2569 3056 2638 3077 non

1573 3101 1700 3132 semper
1714 3097 1918 3132 usurpantur,
1934 3092 1990 3123 sed
2006 3093 2128 3123 crebro.
2152 3092 2287 3122 Factura
2303 3100 2416 3122 eorum
2434 3091 2555 3131 patebit
2569 3096 2638 3122 tan-

1574 3145 1672 3176 quam
1688 3145 1706 3166 e
1721 3137 1897 3177 specimine
1913 3146 1951 3167 ex
1966 3138 2071 3177 primo
2090 3136 2223 3167 articulo
2241 3145 2296 3176 qu.
2309 3145 2341 3166 11.
2355 3135 2426 3166 dist.
2439 3145 2512 3166 xvn.
2530 3135 2638 3177 (Prae-

1573 3181 1729 3211 mittimus
1753 3181 1896 3222 analysin
1912 3182 2062 3212 materiae
2083 3181 2182 3211 totius
2197 3180 2403 3218 Quaestionis
2420 3185 2451 3210 et
2474 3190 2533 3220 pro
2549 3185 2639 3211 textu

1574 3225 1708 3255 citamus
1723 3225 1796 3256 loca
1811 3225 2093 3266 correspondentia
2112 3224 2352 3265 Supplementi;
2375 3225 2539 3256 Articulus
2558 3225 2639 3256 inci-

1574 3269 1622 3310 pit
1643 3279 1701 3309 pet
1723 3269 1774 3300 Ad
1790 3267 1959 3311 primum.)

1631 3401 1646 3416 ι
1663 3389 1775 3418 Deinde
1795 3388 1943 3427 quaeritur
1963 3390 1999 3418 de
2019 3389 2202 3418 contritione.
2225 3391 2262 3418 Et
2282 3390 2358 3419 circa
2379 3392 2436 3420 hoc
2459 3397 2639 3428 quaeruntur

1575 3429 1714 3466 quinque.
1735 3429 1845 3464 Primo,
1860 3428 1930 3465 quid
1955 3428 1999 3457 sit.
2023 3430 2167 3466 Secundo,
2183 3431 2218 3458 de
2234 3440 2293 3467 quo
2315 3440 2378 3459 esse
2399 3432 2512 3460 debeat.
2527 3431 2637 3466 Tertio,

1575 3475 1684 3536 qganta
1705 3477 1768 3514 esse
1791 3469 1903 3497 debeat.
1933 3470 2062 3504 Quarto,
2087 3470 2123 3498 de
2148 3470 2301 3499 duratione
2325 3470 2424 3508 ipsius.
2455 3471 2574 3507 Quinto,
2600 3471 2637 3499 de

1576 3517 1591 3536 e
1615 3515 1679 3536 ectu
1700 3517 1770 3536 eius.

1629 3549 1674 3576 Ad
1693 3548 1821 3585 primum
1843 3547 1885 3576 sic
1903 3549 2083 3586 proceditur.
2104 3549 2225 3578 Videtur
2249 3551 2329 3587 quod
2353 3550 2489 3579 contritio
2516 3559 2578 3579 non
2601 3550 2638 3578 sit

1575 3587 1660 3616 dolor
1673 3597 1727 3624 pro
1749 3587 1872 3624 peccatis
1886 3595 2051 3625 assumptus
2066 3598 2132 3617 cum
2147 3590 2299 3627 proposito
2314 3590 2471 3619 confitendi
2485 3597 2513 3619 et
2527 3590 2638 3619 satisfa-
