2878 4088
147 327 359 357 ·S.Bern.dePrae-

147 364 205 389 cept.
211 363 235 382 et
239 361 358 388 Dispens„

148 394 196 416 cap.
214 394 236 414 n,
251 394 273 409 n.
289 393 309 415 5.

145 507 158 518 ¹¹
174 505 238 527 Vers.
256 512 289 527 ιι.

151 1310 163 1320 '
179 1308 234 1330 Can.
249 1307 363 1335 Quoniam

153 1336 246 1361 multos,
253 1340 315 1355 caus.
324 1333 362 1359 XI,

154 1368 192 1389 qu.
208 1367 239 1382 ui.

154 1491 163 1500 ·
172 1489 204 1511 Ca
223 1488 298 1509 Jnter
305 1486 363 1513 alia,

155 1515 184 1537 de
217 1515 301 1536 entent.
317 1513 364 1534 Ex-

154 1547 233 1563 comm.

154 1570 175 1580 ··
189 1568 282 1589 ualens.
300 1566 362 1587 Sum.

155 1601 177 1622 p.
192 1594 231 1620 lv,
243 1599 281 1621 qu.
297 1598 362 1617 xxm,

155 1627 185 1643 m.
197 1628 215 1647 ι,
230 1624 273 1650 art3
288 1619 310 1645 6,
321 1620 330 1644 ,ξ
342 1625 361 1640 ι.

154 1650 164 1659 ·
175 1647 254 1669 Gloss.
268 1652 291 1667 ιη
313 1651 363 1667 can.

156 1673 270 1702 Quoniam
306 1672 364 1692 mul-

154 1703 204 1727 los,
221 1699 259 1721 ubi
275 1704 350 1726 supra.

155 1745 165 1755 '
180 1744 235 1766 Can.
251 1743 289 1764 cit.

156 1921 165 1930 ·
180 1919 239 1941 lbid.

158 2283 168 2293 ·
182 2281 278 2303 Aristot.
292 2281 366 2303 Ethic.

158 2308 196 2330 lib.
203 2308 231 2332 11.
239 2314 264 2329 ca
283 2314 311 2333 .1,
320 2314 367 2334 n.4.

158 2346 170 2351 -
181 2333 256 2357 S.Th.
276 2339 339 2356 ecta.

157 2410 168 2420 ·
183 2409 207 2431 In
224 2414 327 2436 corpore.

384 207 433 253 46

443 295 471 316 2.
496 286 692 320 Paaernmm,
709 283 795 324 quod
818 288 865 314 est
887 283 1065 314 institutum
1083 292 1148 323 pro
1173 282 1317 317 caritate,
1337 285 1452 312 contra

387 330 554 360 caritatem
572 339 636 359 non
653 329 771 359 militat
785 329 811 358 θ’.
836 327 899 359 Sed
915 337 952 358 ex
969 333 1140 367 praecepto
1157 326 1290 357 caritatis
1306 331 1453 356 tenemur

387 375 524 405 inimicis
548 373 726 409 subvenire,
743 372 833 413 quod
856 373 924 402 sine
947 372 1054 411 aliqua
1074 371 1368 402 communicatione
1384 368 1452 399 fieri

388 428 455 449 non
478 424 593 459 potest.
617 418 703 457 Ergo
720 417 794 448 licet
817 416 911 447 alicui
931 416 1209 446 excommunicato
1225 415 1258 444 in
1282 413 1453 453 corporali-

388 464 448 493 bus
473 462 722 493 communicare.

445 507 507 538 San
532 516 655 537 cox'rRA
670 516 725 537 nsr
742 505 830 546 quod
847 505 961 535 dicitur
980 504 992 534 1
1011 504 1087 534 Cor.
1104 513 1124 532 v
1140 504 1172 532 ἢ
1201 502 1281 532 Cum
1298 500 1454 532 eiusmodi

391 561 448 582 nec
471 551 574 582 cibum
597 560 733 582 sumere.

443 596 634 626 RnspoNnno
664 604 824 625 DICENDUM
855 592 944 633 quod
975 592 1091 632 duplex
1121 596 1168 621 est
1196 590 1454 620 excommunica-

388 641 445 671 tio.
474 640 546 671 Una
569 645 616 670 est
638 640 753 674 minor,
777 647 860 678 quae
883 642 1005 677 separat
1028 641 1151 666 tantum
1175 644 1192 664 a
1214 634 1455 674 participatione

389 689 671 720 sacramentorum,
689 682 744 713 sed
762 692 829 713 non
853 692 870 712 a
894 681 1124 712 communione
1140 678 1293 709 fidelium.
1318 679 1359 709 Et
1381 678 1455 708 ideo

390 729 444 759 tali
475 729 754 759 excommunicato
778 727 851 757 licet
875 725 1130 760 communicare,
1155 723 1211 754 sed
1238 732 1306 753 non
1330 723 1403 753 licet
1427 723 1456 752 ei

391 778 585 804 sacramenta
609 771 764 803 conferre.

446 817 518 848 Alia
541 822 587 847 est
610 817 712 846 maior
728 813 1033 846 excommunicatio:
1060 818 1090 843 et
1113 813 1191 842 haec
1211 817 1333 851 separat
1351 811 1455 841 homi-

390 871 466 892 nem
491 872 508 891 a
532 860 734 891 sacramentis
757 859 918 889 Ecclesiae
943 863 973 887 et
996 867 1014 887 a
1037 856 1268 887 communione
1301 855 1454 886 fidelium.

392 906 433 936 Et
454 905 529 936 ideo
553 905 606 935 tali
631 903 909 935 excommunicato
934 901 1172 931 communicare
1194 909 1262 930 non
1285 900 1368 930 licet.
1394 899 1456 930 Sed

392 950 467 989 quia
490 949 631 979 Ecclesia
648 946 1015 978 excommunicationem
1039 944 1078 975 ad
1093 944 1262 980 medelam,
1280 949 1311 974 et
1334 954 1400 974 non
1417 943 1456 974 ad

391 994 554 1024 interitum
569 992 701 1027 inducit,
719 991 919 1030 excipiuntur
935 989 973 1019 ab
998 990 1056 1018 hac
1079 988 1281 1027 generalitate
1298 987 1455 1027 quaedam

390 1039 423 1067 in
452 1037 568 1076 quibus
595 1035 834 1066 communicare
864 1033 953 1068 licet,
978 1033 1097 1062 scilicet
1119 1032 1152 1061 in
1176 1032 1224 1061 his
1248 1041 1330 1071 quae
1361 1032 1456 1071 perti-

391 1086 468 1111 nent
491 1080 530 1110 ad
553 1080 697 1110 salutem.
723 1078 807 1115 Quia
823 1078 856 1106 in
872 1077 986 1106 talibus
1005 1077 1106 1106 homo
1130 1075 1215 1104 licite
1232 1084 1307 1105 cum
1327 1084 1455 1105 excom-

391 1125 554 1155 municato
578 1123 669 1162 loqui
692 1127 811 1162 potest:
837 1126 868 1150 et
892 1121 987 1150 etiam
1010 1119 1070 1149 alia
1092 1119 1188 1148 verba
1208 1119 1403 1154 interserere,
1420 1124 1456 1148 ut

391 1168 512 1199 facilius
536 1167 643 1197 salutis
667 1166 762 1195 verba
781 1174 818 1194 ex
842 1163 1052 1194 familiaritate
1075 1163 1276 1202 recipiantur.

445 1212 656 1251 Excipiuntur
672 1210 766 1240 etiam
790 1207 948 1248 quaedam
964 1215 1129 1247 personae,
1147 1205 1186 1236 ad
1210 1215 1288 1246 quas
1312 1206 1455 1246 speciali-

390 1263 436 1287 ter
459 1256 595 1297 pertinet
618 1254 758 1294 provisio
783 1251 1068 1283 excommunicati:
1093 1255 1129 1280 ut
1152 1260 1248 1285 uxor,
1264 1250 1370 1291 filius,
1387 1259 1454 1280 ser-

391 1311 448 1332 vus
472 1300 611 1331 rusticus
634 1303 665 1329 et
685 1297 828 1328 serviens
843 1297 870 1326 ἦ
895 1295 958 1326 Sed
985 1296 1048 1325 hoc
1078 1293 1321 1334 intelligendum
1345 1299 1392 1324 est
1415 1293 1454 1324 de

391 1345 462 1375 filiis
492 1354 559 1374 non
587 1342 809 1382 emancipatis:
841 1340 915 1370 alias
939 1344 1087 1370 tenentur
1110 1339 1208 1368 vitare
1238 1343 1370 1378 patrem.
1406 1338 1454 1368 De

391 1390 458 1420 aliis
489 1394 595 1419 autem
623 1386 807 1426 intelligitur
840 1384 929 1424 quod
952 1384 1026 1414 licet
1054 1383 1334 1413 excommunicato
1366 1392 1455 1412 corn-

391 1434 553 1464 municare
575 1432 601 1462 si
628 1437 701 1461 ante
725 1429 1094 1460 excommunicationem
1118 1437 1151 1457 se
1175 1428 1204 1457 ei
1227 1426 1453 1457 subdiderunt:

391 1488 458 1508 non
482 1482 588 1507 autem
604 1476 629 1506 si
646 1480 719 1515 post
734 1476 760 1504 ἢ
777 1492 800 1496 -
815 1472 957 1511 Quidam
972 1473 1007 1489 ἣ
1023 1477 1130 1502 autem
1146 1471 1328 1511 intelligunt
1344 1481 1361 1501 e
1377 1481 1455 1501 con-

390 1531 491 1557 verso,
510 1521 627 1551 scilicet
644 1518 733 1559 quod
756 1518 936 1558 superiores
951 1521 1087 1557 possunt
1109 1516 1194 1546 licite
1216 1516 1455 1546 communicare

390 1566 600 1596 inferioribus.
624 1564 688 1594 Alii
702 1564 719 1580 ὓ
742 1572 818 1593 vero
836 1561 1067 1592 contradicunt.
1093 1560 1155 1591 Sed
1178 1560 1218 1590 ad
1236 1561 1342 1590 minus
1358 1561 1391 1590 in
1407 1561 1456 1590 his

391 1610 628 1641 communicare
653 1608 696 1638 eis
713 1607 829 1638 debent
851 1607 884 1636 in
901 1606 1019 1646 quibus
1042 1610 1116 1635 sunt
1135 1605 1179 1635 eis
1196 1605 1343 1645 obligati:
1370 1605 1455 1645 quia,

391 1656 471 1685 sicut
493 1653 656 1684 inferiores
680 1651 860 1691 obligantur
884 1650 923 1681 ad
947 1650 1141 1690 obsequium
1169 1650 1390 1689 superiorum,
1414 1650 1456 1680 ita

391 1699 569 1740 superiores
593 1697 633 1728 ad
654 1696 888 1736 providentiam
912 1694 1111 1725 inferiorum.

447 1743 528 1774 Sunt
544 1742 639 1772 etiam
655 1740 786 1781 quidam
803 1749 894 1770 casus
914 1740 1038 1779 excepti
1054 1740 1087 1768 ⁴²:
1113 1739 1195 1769 sicut
1214 1738 1344 1779 quando
1361 1738 1456 1780 igno-

392 1793 486 1818 ratur
509 1785 819 1821 excommunicatio;
851 1789 881 1814 et
905 1783 1036 1824 quando
1060 1783 1159 1823 aliqui
1186 1789 1260 1814 sunt
1286 1784 1457 1824 peregrini

392 1838 423 1863 et
445 1832 584 1863 viatores
604 1831 635 1860 in
660 1835 749 1860 terra
765 1828 1129 1864 excommunicatorum,
1146 1828 1203 1868 qui
1219 1828 1303 1858 licite
1322 1834 1457 1869 possunt

392 1878 430 1907 ab
455 1877 498 1907 eis
521 1885 634 1910 emere,
651 1874 701 1904 vel
718 1874 813 1904 etiam
837 1873 982 1914 accipere
1005 1873 1254 1913 eleemosynam.
1285 1873 1326 1903 Et
1349 1873 1458 1903 simili-

391 1927 438 1951 ter
455 1922 548 1951 etiam
564 1921 589 1950 si
605 1919 718 1959 aliquis
730 1917 834 1948 videat
850 1918 1166 1948 excommunicatum
1181 1917 1213 1947 in
1230 1918 1416 1948 necessitate
1426 1919 1456 1948 *z

393 1966 468 2006 quia
490 1971 566 1995 tunc
590 1974 627 1994 ex
651 1968 823 2004 praecepto
847 1963 982 1993 caritatis
1005 1967 1131 1992 tenetur
1154 1962 1183 1992 ei
1205 1962 1383 2002 providere.

447 2010 487 2040 Et
510 2010 567 2039 ista
589 2009 652 2038 hoc
674 2017 768 2038 versu
792 2007 1012 2037 continentur:
1042 2006 1142 2042 Utile,
1167 2006 1230 2042 lex,
1254 2006 1383 2042 humile,
1407 2016 1459 2037 res

394 2055 557 2096 ignorata,
584 2059 729 2083 necesse:
751 2057 787 2082 ut
811 2051 889 2082 utile
912 2050 1063 2082 referatur
1087 2050 1127 2081 ad
1148 2051 1243 2081 verba
1266 2051 1385 2087 salutis,
1406 2051 1460 2082 lex

393 2098 431 2129 ad
454 2098 704 2133 matrimonium,
727 2096 847 2127 humile
870 2095 910 2126 ad
933 2096 1176 2126 subiectionem.
1202 2094 1316 2126 Cetera
1339 2101 1458 2136 patent.

447 2144 497 2173 An
521 2152 637 2172 pannum
661 2150 743 2171 aneo
760 2150 920 2170 monimum
944 2139 1035 2180 quod
1057 2139 1236 2180 corporalia
1251 2139 1291 2170 ad
1313 2140 1459 2180 spiritua-

393 2188 434 2218 lia
457 2187 650 2217 ordinantur.
679 2185 720 2216 Et
743 2185 816 2215 ideo
841 2190 981 2225 potestas
1005 2194 1088 2224 quae
1111 2194 1145 2215 se
1169 2183 1309 2215 extendit
1333 2184 1372 2215 ad
1395 2185 1459 2225 spi-

393 2232 524 2267 ritualia,
542 2231 637 2262 etiam
654 2230 693 2260 ad
717 2229 895 2270 corporalia
914 2239 947 2260 se
972 2228 1141 2260 extendere
1157 2234 1279 2269 potest:
1305 2229 1387 2260 sicut
1404 2239 1460 2260 ars

393 2286 475 2317 quae
498 2281 544 2306 est
565 2275 604 2306 de
616 2275 699 2316 fine,
717 2275 854 2314 imperat
875 2273 914 2304 de
936 2274 985 2304 his
1008 2283 1091 2314 quae
1113 2278 1189 2304 sunt
1211 2273 1255 2304 ad
1266 2274 1372 2315 finem
1388 2275 1414 2304 ⁴².

448 2321 498 2350 An
523 2329 684 2350 SECUNDUM
713 2328 872 2348 mmmmm
897 2317 986 2359 quod
1016 2319 1050 2348 in
1073 2318 1129 2348 illo
1153 2328 1229 2348 casu
1252 2319 1285 2348 in
1313 2328 1380 2358 quo
1404 2318 1460 2348 ali-

395 2365 465 2405 quis
490 2375 527 2395 ex
543 2369 713 2404 praecepto
734 2363 869 2393 caritatis
885 2363 1124 2393 communicare
1141 2368 1277 2398 tenetur,
1294 2372 1361 2393 non
1385 2372 1459 2403 pro-

394 2410 518 2440 hibetur
542 2408 741 2444 communio,
758 2413 794 2438 ut
817 2417 855 2438 ex
879 2407 968 2438 dictis
985 2408 1001 2423 ⁴*
1025 2412 1120 2447 patet.

518 2497 671 2528 ART.11.
697 2507 800 2527 urium
824 2505 1021 2526 PARTICIPANS
1052 2505 1316 2526 EXCOMMUNICATO

753 2551 798 2571 sn
822 2550 1100 2571 nxconnumcarus

461 2640 480 2659 n
505 2640 665 2660 SECUNDUM
689 2639 734 2659 src
757 2639 961 2659 puocamrun.
994 2628 1128 2659 Videtur
1155 2627 1245 2668 quod
1268 2629 1460 2669 participans

400 2644 738 2704 Aexcommunicato
768 2683 836 2704 non
864 2674 903 2703 sit
930 2673 1236 2703 excommunicatus.
1270 2673 1345 2703 Plus
1374 2674 1460 2704 enim

397 2724 556 2758 separatus
580 2724 625 2748 est
648 2719 686 2748 ab
710 2718 853 2748 Ecclesia
876 2718 1001 2758 gentilis
1026 2727 1124 2757 quam
1151 2718 1458 2748 excommunicatus.

397 2762 459 2793 Sed
482 2763 533 2793 ille
557 2763 612 2802 qui
636 2763 801 2802 participat
819 2762 929 2802 gentili
953 2768 1007 2792 aut
1031 2761 1160 2798 Iudaeo,
1177 2771 1244 2792 non
1261 2768 1307 2792 est
1331 2771 1460 2793 excom-

397 2808 585 2837 municatus.
609 2807 694 2846 Ergo
710 2817 770 2837 nec
793 2807 846 2837 ille
863 2807 919 2847 qui
942 2807 1109 2847 participat
1125 2806 1306 2837 Christiano
1331 2816 1460 2837 excom-

398 2857 570 2881 mumcato.

454 2905 482 2925 2.
507 2896 701 2930 PRAETEREA,
726 2896 751 2925 si
766 2895 819 2925 ille
843 2896 898 2936 qui
922 2896 1088 2936 participat
1111 2896 1391 2926 excommunicato
1415 2901 1461 2926 est

399 2941 701 2975 excommunicatu5‚
726 2939 837 2970 eadem
860 2941 982 2970 ratione
1004 2940 1060 2979 qui
1078 2940 1245 2980 participat
1260 2940 1460 2980 participanti

399 2984 456 3014 erit
479 2985 788 3014 excommunicatus:
815 2990 845 3014 et
869 2985 912 3015 sic
935 2985 969 3014 in
993 2983 1154 3014 infinitum
1174 2983 1337 3024 procedet.
1362 2984 1461 3022 Quod

399 3027 522 3058 videtur
545 3028 726 3058 absurdum.
751 3029 836 3068 Ergo
861 3038 927 3058 non
952 3034 998 3059 est
1022 3029 1319 3070 excommunicatus
1336 3029 1392 3069 qui
1409 3038 1461 3059 ex·

400 3073 638 3102 communicato
662 3073 837 3112 participat.

454 3115 515 3146 San
541 3126 662 3146 CONTRA
686 3127 739 3146 asr
763 3116 852 3156 quod
876 3118 1172 3147 excommunicatus
1192 3123 1238 3148 est
1260 3118 1385 3158 positus
1409 3127 1461 3148 ex-

400 3165 446 3189 tra
469 3161 742 3190 communionem.
774 3161 859 3200 Ergo
884 3162 939 3200 qui
964 3162 991 3191 ei
1016 3162 1248 3197 communicat,
1273 3171 1290 3191 a
1315 3171 1461 3192 commu-

400 3204 497 3233 nione
521 3204 680 3234 Ecclesiae
703 3204 831 3235 recedit.
866 3205 906 3235 Et
929 3206 973 3235 sic
996 3205 1120 3236 videtur
1150 3206 1240 3246 quod
1263 3206 1302 3236 sit
1332 3215 1461 3237 excom-

401 3254 590 3278 mumcatuS.

455 3291 642 3322 Respo-*nno
666 3302 824 3322 mcnxnum
858 3293 946 3332 quod
979 3295 1269 3324 excommunicatio
1300 3300 1406 3334 potest
1429 3295 1461 3324 in

402 3335 541 3374 aliquem
565 3335 636 3366 ferri
660 3335 836 3375 dupliciter.
860 3337 926 3367 Aut
950 3338 992 3367 ita
1015 3337 1105 3377 quod
1120 3339 1188 3378 ipse
1211 3338 1250 3368 sit
1274 3348 1462 3369 excommu-

402 3379 524 3408 nicatus
548 3389 622 3409 cum
646 3380 794 3409 omnibus
818 3381 847 3410 ei
870 3381 1139 3420 participantibus.
1164 3382 1204 3412 Et
1227 3388 1304 3412 tunc
1324 3392 1392 3413 non
1416 3389 1462 3413 est

403 3421 536 3452 dubium
553 3423 641 3462 quod
657 3424 854 3462 quicumque
870 3425 1035 3464 participat
1051 3426 1089 3461 ei,
1104 3431 1150 3455 est
1166 3427 1462 3457 excommunicatus

403 3466 515 3496 maiori
532 3467 872 3497 excommunicatione.
889 3486 911 3489 —
929 3468 995 3498 Aut
1011 3475 1057 3499 est
1076 3471 1371 3501 excommunicatus
1387 3471 1461 3501 sim-

403 3509 534 3549 pliciter.
559 3510 599 3540 Et
614 3516 690 3540 tunc
715 3516 768 3540 aut
784 3511 949 3550 participat
972 3512 1084 3552 aliquis
1107 3513 1141 3543 in
1161 3514 1302 3550 crimine,
1320 3515 1349 3544 ei
1372 3524 1461 3554 prae-

1476 467 1485 486 5

1472 687 1496 702 10

1472 909 1494 929 15

1471 1132 1496 1145 ²⁰

1470 1351 1493 1371 ²5

1472 1572 1497 1591 30

1473 1794 1495 1815 25

1473 2020 1500 2040 ⁴⁰

1474 2241 1497 2262 45

1476 2463 1501 2484 50

1476 2689 1498 2710 55

1475 2905 1502 2925 60

1475 3127 1499 3152 ⁶5

1477 3353 1503 3373 7⁰

1038 202 1301 250 QUAESTIO
1331 202 1461 248 XXIII,
1483 199 1777 237 ARTICULUS
1806 200 1846 244 ΙΙ,
1874 199 1919 235 111

1510 279 1806 311 excommunicatus
1825 278 1939 308 maiori
1963 278 2298 308 excommunicatione
2314 279 2340 308 *.
2365 278 2431 309 Aut
2446 279 2479 308 in
2496 278 2573 314 aliis,

1509 325 1590 355 sicut
1613 325 1646 353 in
1662 324 1760 353 verbo
1777 323 1827 353 vel
1843 323 1876 352 in
1901 322 2014 352 osculo
2030 322 2081 352 vel
2104 322 2137 351 in
2156 331 2267 352 mensa
2283 323 2314 352 ⁴‘:
2340 328 2371 353 et
2390 323 2436 353 sic
2460 328 2506 353 est
2522 332 2574 353 ex-

1509 368 1766 399 communicatus
1790 367 1907 396 minori
1930 366 2274 397 excommunicatione.

1564 413 1614 442 An
1639 421 1755 441 paruum
1778 421 1861 441 naso
1885 420 2045 440 monimum
2061 409 2151 449 quod
2166 410 2308 441 Ecclesia
2323 420 2391 441 non
2414 411 2457 441 ita
2472 411 2576 441 inten-

1510 456 1554 486 dit
1578 457 1735 495 corrigere
1758 454 1903 485 infideles
1926 455 2007 485 sicut
2030 453 2157 490 fideles,
2184 463 2324 494 quorum
2348 464 2423 485 cura
2445 455 2505 485 sibi
2527 455 2576 485 in—

1510 501 1642 531 cumbit.
1667 500 1707 530 Et
1730 499 1804 529 ideo
1821 509 1887 529 non
1904 505 1989 529 arcet
2008 508 2026 528 a
2042 500 2274 529 communione
2290 497 2478 535 infidelium,
2495 500 2577 529 sicut

1510 555 1527 575 a
1551 545 1783 575 communione
1807 543 1951 574 fidelium
1974 543 2104 573 illorum
2128 552 2211 582 quos
2235 544 2502 579 excommunicat,
2524 553 2576 573 su-

1510 599 1567 629 per
1591 599 1673 629 quos
1696 589 1791 619 habet
1815 588 1955 628 aliquam
1977 592 2179 627 potestatem.

1565 634 1615 663 An
1640 643 1802 663 SECUNDUM
1833 642 1993 662 mesanum
2027 631 2116 671 quod
2150 632 2430 662 excommunicato
2460 632 2578 661 minori

1511 678 1845 708 excommunicatione
1865 676 1938 707 licet
1954 677 2204 707 communicare.
2228 676 2270 706 Et
2292 676 2337 706 sic
2357 676 2578 706 excommuni-

1511 723 1594 752 catio
1618 732 1690 757 non,
1709 722 1818 752 transit
1841 722 1874 751 in
1898 721 2022 751 tertiam
2046 723 2217 761 personam
2232 721 2259 750 ’ἢ

1600 792 1699 823 ART.
1717 792 1767 822 111.
1792 801 1896 822 urium
1919 801 2119 821 PARTICIPARE
2139 800 2201 820 cum
2225 799 2488 820 nxcommumcmo

1533 847 1564 867 IN
1589 847 1711 867 CASIBUS
1735 846 1798 866 NON
1823 846 1982 866 conasms
2013 845 2129 872 samaa
2153 845 2199 865 sn·
2226 844 2388 865 PECCATUM
2411 844 2556 864 mom-Ata

1867 891 1951 919 Quodl.
1968 890 2007 917 211,
2022 897 2061 918 qu.
2076 896 2127 917 vm,
2143 894 2186 912 art.
2202 896 2221 912 ι.

1575 954 1595 973 D
1629 953 1763 973 Tannum
1796 953 1841 973 src
1871 952 2075 973 paocnmrun.
2108 941 2241 972 Videtur
2271 941 2361 982 quod
2391 942 2579 981 participare

1513 957 1651 1018 Acum
1675 987 1954 1017 excommunicato
1980 987 2013 1016 in
2033 987 2156 1017 casibus
2179 996 2246 1016 non
2267 987 2426 1017 concessis
2454 995 2580 1027 semper

1511 1033 1550 1062 sit
1573 1037 1742 1072 peccatum
1765 1031 1909 1061 mortale.
1934 1031 2019 1068 Quia
2043 1030 2206 1061 decretalis
2233 1030 2390 1070 quaedam
2406 1031 2423 1047 ἢ*
2446 1040 2579 1070 respon-

1511 1075 1564 1106 det
1588 1075 1677 1115 quod
1695 1080 1826 1115 propter
1841 1080 1964 1105 metum
1987 1076 2099 1105 mortis
2115 1085 2182 1105 non
2207 1074 2301 1105 debet
2320 1075 2433 1115 aliquis
2450 1084 2579 1105 excom-

1510 1120 1675 1149 municato
1700 1119 1958 1155 communicare,
1985 1119 2061 1158 quia
2090 1119 2204 1159 aliquis
2233 1119 2327 1149 debet
2356 1120 2444 1159 prius
2474 1120 2580 1150 subire

1510 1168 1649 1193 mortem
1673 1171 1771 1202 quam
1793 1162 1968 1192 mortaliter
1990 1168 2112 1202 peccet.
2138 1163 2201 1193 Sed
2223 1163 2302 1193 haec
2324 1164 2404 1194 ratio
2427 1164 2515 1194 nulla
2531 1174 2579 1195 es-

1511 1211 1558 1236 set
1587 1207 1647 1236 nisi
1671 1206 1859 1246 participare
1883 1207 2164 1236 excommunicato
2194 1212 2274 1236 esset
2301 1212 2471 1246 peccatum
2493 1218 2581 1239 mor-

1510 1250 1582 1280 tale.
1608 1250 1704 1290 Ergo,
1722 1255 1782 1279 etc.

1567 1304 1596 1324 2.
1621 1294 1824 1329 Paaaramm,
1848 1293 1951 1324 facere
1979 1299 2090 1324 contra
2112 1299 2320 1334 praeceptum
2346 1294 2508 1325 Ecclesiae
2535 1301 2582 1326 est

1509 1343 1680 1379 peccatum
1702 1338 1846 1368 mortale.
1871 1337 1934 1368 Sed
1954 1337 2097 1368 Ecclesia
2119 1338 2273 1378 praecipit
2289 1338 2379 1378 quod
2395 1348 2582 1370 excommu-

1509 1383 1616 1413 nicato
1639 1382 1746 1413 nullus
1771 1382 1998 1412 communicet.
2027 1382 2113 1422 Ergo
2143 1383 2331 1423 participare
2359 1384 2581 1414 excommuni-

1511 1433 1583 1458 cato
1608 1433 1654 1457 est
1677 1432 1846 1467 peccatum
1869 1426 2013 1457 mortale.

1567 1471 1596 1502 3.
1621 1471 1817 1506 Pmnraam,
1834 1471 1942 1501 nullus
1966 1477 2090 1501 arcetur
2106 1481 2124 1501 a
2138 1472 2348 1512 perceptione
2364 1472 2582 1502 Eucharistiae

1511 1526 1570 1557 pro
1586 1521 1721 1556 peccato
1737 1515 1862 1546 veniali.
1887 1515 1950 1546 Sed
1965 1515 2018 1546 ille
2039 1516 2095 1555 qui
2111 1516 2278 1556 participat
2301 1516 2581 1547 excommunicato

1510 1561 1544 1591 in
1568 1561 1692 1591 casibus
1715 1570 1783 1590 non
1815 1560 1974 1590 concessis
2003 1566 2126 1590 arcetur
2149 1570 2167 1590 a
2190 1561 2399 1600 perceptione
2428 1561 2582 1592 Euchari-

1511 1606 1603 1635 stiae:
1634 1605 1710 1645 quia
1731 1605 1863 1635 incurrit
1892 1605 2052 1635 minorem
2082 1605 2461 1636 excommunicationem.
2496 1605 2582 1646 Ergo

1510 1650 1703 1690 participans
1727 1649 2007 1680 excommunicato
2031 1649 2065 1679 in
2089 1650 2214 1679 casibus
2232 1659 2300 1680 non
2324 1650 2484 1680 concessis
2507 1659 2582 1690 pec-

1512 1699 1561 1724 cat
1584 1694 1769 1724 mortaliter.

1566 1747 1597 1777 4.
1622 1739 1822 1774 PRAETEREA,
1846 1738 1953 1769 nullus
1979 1737 2074 1768 debet
2097 1738 2369 1769 excommunicari
2392 1738 2506 1769 maiori
2529 1748 2583 1769 ex-

1512 1783 1807 1813 communicatione
1830 1783 1891 1813 nisi
1913 1792 1972 1822 pro
1997 1787 2130 1823 peccato
2146 1783 2282 1813 mortali.
2307 1782 2370 1813 Sed
2393 1783 2518 1823 aliquis,
2533 1793 2583 1824 se-

1513 1827 1656 1858 cundum
1679 1828 1749 1858 iura
1764 1828 1791 1864 *,
1808 1832 1914 1867 potest
1934 1827 2206 1857 excommunicari
2223 1827 2338 1858 maiori
2361 1828 2583 1858 excommuni-

1514 1872 1640 1902 catione
1655 1877 1787 1912 propter
1801 1872 1865 1902 hoc
1882 1871 1971 1912 quod
1994 1872 2274 1902 excommunicato
2294 1872 2472 1912 participat.
2496 1872 2582 1913 Ergo

1514 1917 1794 1946 excommunicato
1819 1916 2006 1956 participare
2031 1921 2078 1946 est
2099 1921 2270 1956 peccatum
2292 1916 2437 1946 mortale.

1569 1960 1632 1991 San
1657 1970 1790 1997 CONTRA,
1812 1970 1830 1991 a
1853 1966 1986 2000 peccato
2009 1960 2137 1991 mortali
2159 1960 2267 1991 nullus
2289 1965 2396 2001 potest
2419 1960 2583 1991 absolvere

1513 2005 1575 2035 nisi
1598 2014 1694 2045 super
1718 2014 1793 2036 eum
1816 2005 1930 2035 habeat
1953 2004 2216 2035 iurisdictionem.
2247 2004 2311 2036 Sed
2339 2010 2447 2045 potest
2478 2005 2583 2036 absol-

1514 2058 1588 2080 vere
1611 2060 1629 2079 a
1652 2050 1895 2090 participatione
1920 2059 1996 2079 cum
2019 2049 2304 2080 excommunicatis
2324 2049 2458 2090 quilibet
2481 2059 2583 2081 sacer-

1515 2094 1583 2125 dos.
1608 2094 1694 2134 Ergo
1718 2103 1786 2124 non
1810 2099 1856 2124 est
1879 2099 2049 2134 peccatum
2071 2094 2216 2124 mortale.

1571 2148 1600 2168 2.
1624 2139 1820 2174 Pinarum,
1830 2147 1896 2179 pro
1914 2148 2066 2169 mensura
2078 2139 2206 2178 peccati
2225 2137 2315 2169 debet
2336 2147 2404 2169 esse
2413 2138 2583 2179 poeniten-

1515 2185 1579 2215 tiae
1602 2182 1716 2214 modus
1737 2183 1764 2213 ’ἢ
1789 2182 1852 2214 Sed
1875 2192 1934 2223 pro
1967 2183 2209 2223 participatione
2241 2183 2583 2214 excommunicationis

1514 2227 1694 2260 secundum
1706 2237 1917 2258 communem
1929 2226 2197 2258 consuetudinem
2209 2237 2276 2258 non
2288 2228 2466 2268 imponitur
2476 2237 2583 2268 poena

1515 2273 1620 2304 debita
1635 2272 1762 2302 mortali
1785 2277 1929 2312 peccato,
1946 2271 2002 2302 sed
2017 2272 2117 2312 magis
2133 2271 2239 2303 debita
2255 2272 2380 2303 veniali.
2405 2272 2491 2312 Ergo
2514 2281 2583 2303 non

1515 2324 1562 2348 est
1585 2322 1754 2357 peccatum
1778 2316 1922 2346 mortale.
2241 2348 2246 2349 ⁷

1569 2362 1759 2392 Raspoxnsso
1784 2370 1943 2391 nrcaxntm
1967 2360 2057 2400 quod
2080 2360 2210 2400 quidam
2234 2360 2345 2391 dicunt
2360 2360 2461 2401 quod,
2481 2370 2583 2401 quan-

1515 2406 1701 2446 documque
1724 2405 1838 2445 aliquis
1860 2405 2027 2445 participat
2043 2406 2323 2436 excommunicato
2347 2405 2398 2435 vel
2417 2406 2515 2436 verbo
2531 2405 2583 2436 vel

1515 2459 1726 2492 quocumque
1743 2449 1902 2480 dictorum
1918 2450 1935 2466 ¹*
1958 2449 2132 2480 modorum
2152 2449 2331 2480 secundum
2347 2459 2431 2489 quos
2447 2450 2476 2480 ei
2492 2459 2582 2480 com-

1514 2496 1678 2526 municare
1701 2504 1769 2524 non
1793 2494 1876 2530 licet,
1894 2499 2005 2534 peccat
2027 2494 2218 2530 mortaliter,
2242 2494 2302 2524 nisi
2325 2494 2358 2524 in
2383 2493 2506 2524 casibus
2530 2504 2583 2525 ex-

1516 2540 1616 2580 ceptis
1640 2549 1657 2569 a
1680 2540 1748 2569 iure
1764 2540 1790 2568 *.
1807 2557 1830 2560 —
1853 2538 1916 2569 Sed
1939 2538 2015 2579 quia
2030 2539 2094 2569 hoc
2117 2537 2242 2569 videtur
2264 2537 2356 2569 valde
2371 2548 2476 2578 grave,
2494 2538 2584 2579 quod

1515 2584 1615 2615 homo
1639 2593 1698 2624 pro
1723 2592 1790 2613 uno
1814 2583 1912 2613 verbo
1931 2582 2003 2619 levi,
2021 2592 2087 2623 quo
2112 2582 2427 2613 excommunicatum
2448 2583 2584 2624 alloqui-

1515 2635 1575 2664 tur,
1589 2628 1763 2659 mortaliter
1778 2633 1907 2668 peccet;
1929 2633 1960 2658 et
1975 2627 2084 2658 multis
2101 2627 2416 2658 excommunicantes
2430 2627 2584 2668 laqueum

1515 2673 1729 2704 damnationis
1761 2672 1945 2708 iniicerent,
1970 2671 2059 2712 quod
2082 2672 2115 2702 in
2140 2681 2195 2703 eos
2225 2677 2479 2712 retorqueretur:
2499 2671 2583 2710 ‘ideo

1515 2718 1583 2748 aliis
1606 2716 1803 2757 probabilius
1826 2715 1950 2746 videtur
1974 2716 2064 2756 quod
2086 2726 2154 2747 non
2177 2726 2304 2757 semper
2326 2722 2438 2756 peccat
2465 2722 2584 2748 morta-

1515 2762 1595 2798 liter,
1613 2761 1668 2792 sed
1692 2761 1798 2792 solum
1822 2760 1952 2801 quando
1976 2761 2009 2791 in
2033 2761 2165 2792 crimine
2193 2761 2253 2791 sibi
2276 2761 2453 2802 participat,
2477 2761 2528 2794 vel
2550 2761 2584 2792 in

1516 2806 1640 2842 divinis,
1657 2806 1707 2836 vel
1731 2806 1763 2836 in
1788 2811 2012 2845 contemptum
2035 2805 2197 2836 Ecclesiae
2214 2806 2240 2835 *.
2582 2802 2586 2805 ’

1571 2851 1622 2881 An
1645 2860 1763 2880 ramex
1786 2859 1869 2880 nano
1893 2859 2053 2879 nrcnnntm
2072 2849 2162 2890 quod
2186 2849 2349 2880 decretalis
2365 2850 2418 2880 illa
2441 2849 2584 2890 loquitur

1516 2895 1556 2926 de
1579 2895 1822 2935 participatione
1845 2895 1878 2924 in
1902 2893 2026 2924 divinis.

1570 2940 1630 2970 Vel
1654 2938 1827 2969 dicendum
1851 2938 1941 2979 quod
1964 2938 2074 2968 similis
2104 2938 2183 2969 ratio
2208 2944 2255 2969 est
2278 2938 2317 2969 de
2340 2944 2474 2979 peccato
2497 2947 2583 2968 mor-

1515 2984 1570 3014 tali
1594 2989 1625 3014 et
1649 2983 1688 3014 de
1712 2983 1827 3014 veniali
1851 2988 2008 3023 quantum
2033 2982 2072 3013 ad
2096 2983 2159 3013 hoc
2182 2982 2286 3023 quod,
2310 2983 2392 3013 sicut
2413 2987 2584 3023 peccatum

1516 3028 1651 3059 mortale
1674 3037 1741 3058 non
1765 3033 1871 3068 potest
1894 3027 1977 3058 bene
2000 3026 2087 3063 fieri,
2113 3028 2155 3058 ita
2178 3036 2238 3057 nec
2261 3027 2394 3058 veniale.
2430 3027 2471 3057 Et
2497 3026 2582 3062 ideo,

1516 3073 1598 3103 sicut
1628 3073 1728 3102 homo
1760 3071 1854 3103 debet
1877 3072 1964 3112 prius
1994 3072 2148 3102 sustinere
2179 3076 2318 3102 mortem
2351 3080 2449 3111 quam
2471 3076 2599 3111 peccet·

1516 3117 1702 3151 mortaliter,
1718 3117 1761 3147 ita
1777 3117 1871 3147 etiam
1889 3125 1987 3156 quam
2006 3121 2118 3156 peccet
2133 3115 2310 3146 venialiter:
2335 3115 2391 3146 illo
2411 3115 2512 3146 modo
2529 3114 2590 3146 de--

1517 3162 1574 3192 biti
1598 3171 1665 3201 quo
1690 3160 1784 3192 debet
1807 3160 1941 3191 venialia
1964 3161 2072 3191 vitare.

1572 3206 1623 3236 An
1647 3215 1809 3236 sacuxntm
1832 3214 1992 3235 mcnxmm
2016 3203 2106 3245 quod
2127 3209 2335 3245 praeceptum
2352 3203 2514 3234 Ecclesiae
2537 3204 2584 3235 di-

1517 3255 1602 3280 recte
1622 3250 1750 3290 respicit
1773 3249 1955 3290 spiritualia,
1973 3254 2004 3279 et
2023 3258 2061 3279 ex
2077 3249 2289 3288 consequenti
2309 3248 2468 3288 legitimos
2485 3254 2583 3280 actus.

1517 3294 1558 3324 Et
1582 3293 1655 3325 ideo
1680 3294 1736 3334 qui
1760 3293 1979 3324 communicat
2002 3293 2046 3323 eis
2065 3293 2098 3323 in
2122 3291 2245 3329 divinis,
2262 3291 2337 3323 facit
2361 3298 2471 3323 contra
2493 3302 2584 3333 prae-

1517 3344 1658 3378 ceptum,
1677 3344 1707 3368 et
1730 3337 1905 3368 mortaliter
1927 3342 2056 3377 peccat:
2082 3337 2139 3377 qui
2162 3342 2269 3368 autem
2293 3338 2460 3378 participat
2483 3338 2528 3368 eis
2550 3338 2584 3368 in

1518 3383 1595 3418 aliis,
1612 3382 1687 3413 facit
1710 3387 1833 3422 praeter
1854 3386 2072 3421 praeceptum,
2089 3386 2120 3411 et
2142 3381 2305 3412 venialiter
2328 3387 2449 3422 peccat.

1571 3427 1624 3457 An
1647 3436 1781 3457 'rani-nm
1804 3435 1963 3456 mcnxmm
1996 3424 2086 3466 quod
2118 3425 2231 3466 aliquis
2255 3426 2350 3456 etiam
2379 3427 2448 3457 sine
2478 3426 2585 3466 aliqua

1518 3471 1613 3511 culpa
1646 3470 1841 3511 quandoque
1865 3470 1904 3500 ab
1928 3469 2125 3500 Eucharistia
2155 3475 2308 3507 arctatur,
2333 3471 2415 3501 sicut
2441 3476 2528 3512 patet
2549 3470 2584 3501 in

1517 3515 1678 3555 suspensis
1701 3514 1752 3545 vel
1767 3513 1960 3544 interdictis:
1986 3514 2061 3554 quia
2076 3514 2154 3544 tales
2173 3524 2298 3555 poenae
2316 3514 2512 3556 quandoque
2529 3514 2584 3546 ali-

403 3553 508 3584 bendo
533 3554 712 3590 consilium,
730 3554 881 3584 auxilium
906 3561 959 3585 aut
983 3555 1140 3586 favorem:
1167 3563 1197 3587 et
1216 3558 1260 3588 sic
1283 3558 1398 3588 iterum
1416 3565 1461 3589 est
1476 3573 1499 3595 75
1517 3560 1569 3590 cui
1593 3568 1652 3599 pro
1677 3558 1771 3599 culpa
1795 3558 1932 3594 alterius,
1949 3568 2031 3598 quae
2055 3558 2088 3588 in
2112 3559 2156 3589 eis
2180 3559 2321 3600 punitur,
2339 3558 2527 3590 inferuntur.

2602 283 2612 293 ·
2619 277 2814 309 (ΣιήΡν-αεεὶριιε,

2602 314 2653 336 sqq.
2663 325 2669 334 ,
2685 313 2748 329 caus.
2767 307 2811 331 xl.

2603 340 2693 383 subilli.
2715 359 2816 382 Excom-

2602 388 2742 414 municatos,
2757 387 2816 408 ibid.

2606 694 2616 703 ·
2631 691 2688 713 Can.
2723 691 2817 713 uoniam

2605 718 2715 745 muleoae‚1
2733 717 2763 739 id.

2607 1088 2674 1108 tunae
2688 1089 2732 1108 ete.

2609 1836 2620 1846 ·
2626 1833 2682 1856 Can.
2685 1833 2827 1862 Praecipue,

2609 1866 2759 1915 ambraus.
2778 1860 2809 1882 xl
2816 1876 2825 1888 ,

2611 2188 2622 2199 ‘
2632 2186 2667 2210 Cf.
2682 2186 2753 2217 Deae.
2771 2191 2826 2215 etp.

2609 2219 2664 2241 xxv,
2674 2219 2733 2236 ven.
2748 2218 2770 2235 υ.

2611 2456 2679 2478 'Ar-t.
2695 2455 2802 2484 praeced.
2831 2467 2833 2469 ·

2611 2539 2826 2622 ξιξῒῇἧέτπῖἲῖ

2612 2803 2822 2828 *enudans-ua.

2611 2830 2827 2860 p.lv‚qu.xnu,m.

2610 2857 2830 2916 kuffiffv'ffl,

2611 2910 2664 2933 dist.
2671 2916 2735 2939 ινιιι,
2741 2914 2825 2935 man.
