2918 4088
66 503 77 514 ·
89 501 157 523 νει-ε.
171 507 195 527 4.

66 557 77 568 ·
91 555 156 578 vers.
171 561 192 583 3.

69 1713 80 1724 ·
94 1711 161 1734 Vers-
173 1718 198 1739 4.

3 2652 24 2694 11?
71 2659 83 2670 ·
96 2657 132 2680 Cf.
146 2663 210 2680 num.
225 2663 260 2679 111.

1 2702 14 2706 ‘⁷
26 2711 29 2715 τ
70 2703 82 2716 ’
96 2702 132 2725 ef.
146 2708 210 2724 num.
226 2708 256 2724 iv.

1014 213 1276 260 QUAEsr1o
1304 212 1439 260 Lxm,
1468 211 1759 250 ARTICULUS
1786 213 1832 250 111

307 300 450 330 ractere
487 291 742 340 insigniuntur
769 291 879 341 quasi
907 293 956 329 ad
985 291 1159 329 militiam
1188 289 1368 340 deputati.

305 346 440 382 Homo
468 352 599 382 autem
634 343 757 381 fidelis
793 345 841 382 ad
875 345 954 382 duo
988 345 1204 394 deputatur.
1238 342 1370 380 Primo

306 397 485 447 quidem,
515 405 551 434 et
578 397 852 446 principaliter,
882 397 930 435 ad
965 396 1185 434 fruitionem
1216 395 1368 444 gloriae.

306 451 355 487 Et
382 450 431 487 ad
459 451 536 487 hoc
567 449 823 498 insigniuntur
841 455 856 478 Υ
885 449 1080 497 signaculo
1117 448 1274 497 gratiae:
1314 459 1370 483 se-

307 503 482 540 cundum
501 502 594 539 illud
613 503 752 540 Ezech.
774 515 808 539 1x
827 502 862 539 *z
883 504 1002 552 Signa
1029 503 1116 538 thau
1135 513 1247 550 super
1259 501 1371 548 fron-

306 562 357 592 tes
375 557 544 593 virorum
562 557 790 605 gementium
810 561 843 592 et
861 555 1081 598 dolentium;
1100 561 1136 590 et
1149 555 1266 603 Apoc.
1278 552 1368 590 vn’¹‘:

306 609 434 646 Nolite
452 620 588 645 nocere
605 614 728 646 terrae
745 614 779 644 et
796 609 897 644 mari
914 619 1032 656 neque
1054 608 1261 652 arboribus,
1283 618 1371 655 quo-

307 662 471 711 adusque
496 663 687 711 signemus
719 672 845 698 servos
871 661 946 696 Dei
980 660 1098 697 nostri
1123 661 1160 696 in
1179 659 1372 707 frontibus

307 726 449 751 eorum.

342 767 544 804 Secundo
572 773 702 803 autem
734 765 942 814 deputatur
977 764 1142 813 quisque
1169 763 1294 801 fidelis
1322 763 1372 801 ad

307 819 572 868 recipiendum
599 819 662 855 vel
688 818 918 855 tradendum
949 817 1029 854 aliis
1057 829 1103 854 ea
1130 829 1230 866 quae
1258 816 1371 866 perti-

307 879 400 908 nent
418 872 467 909 ad
486 872 634 908 cultum
652 870 736 907 Dei.
762 871 811 907 Et
829 870 878 907 ad
898 871 974 907 hoc
992 869 1147 919 proprie
1167 870 1372 919 deputatur

308 925 503 962 character
530 923 823 961 sacramentalis.
852 923 978 960 Totus
997 930 1127 960 autem
1151 922 1244 960 ritus
1265 922 1371 959 Chri-

307 975 450 1014 stianae
482 976 673 1025 religionis
704 976 900 1013 derivatur
926 988 949 1013 a
977 975 1189 1013 sacerdotio
1219 974 1370 1012 Christi.

306 1030 356 1066 Et
383 1029 471 1066 ideo
504 1029 750 1067 manifestum
787 1037 843 1065 est
879 1029 987 1078 quod
1020 1030 1214 1066 character
1251 1040 1372 1065 sacra-

307 1081 482 1119 mentalis
517 1081 729 1132 specialiter
760 1089 815 1118 est
843 1083 1038 1119 character
1072 1081 1233 1127 Christi,
1263 1081 1372 1118 cuius

308 1134 521 1172 sacerdotio
541 1135 832 1184 configurantur
851 1134 985 1172 fideles
1006 1134 1222 1171 secundum
1251 1146 1372 1171 sacra-

307 1189 493 1225 mentales
512 1188 759 1235 characteres,
788 1187 856 1237 qui
883 1187 978 1224 nihil
1005 1187 1109 1224 aliud
1137 1195 1226 1224 sunt
1254 1199 1373 1236 quarn

308 1241 502 1290 quaedam
516 1240 823 1290 participationes
839 1239 1039 1278 sacerdotii
1059 1239 1209 1287 Christi,
1225 1239 1273 1276 ab
1288 1239 1373 1289 ipso

310 1292 462 1331 Christo
491 1293 695 1331 derivatae.

364 1347 421 1383 AD
450 1359 585 1383 PRIMUM
613 1358 712 1384 ERGO
740 1358 922 1384 mCENDUM
950 1345 1058 1395 quod
1086 1346 1293 1394 Apostolus
1321 1344 1374 1382 ibi

309 1397 550 1448 loquitursde
570 1399 873 1447 configuratione
892 1397 905 1420 δ
926 1398 1142 1435 secundum
1162 1410 1281 1447 quam
1309 1398 1373 1435 ali-

310 1451 397 1501 quis
415 1452 622 1501 deputatur
648 1452 698 1489 ad
725 1452 893 1489 futuram
913 1450 1089 1500 gloriam,
1110 1462 1210 1499 quae
1237 1450 1282 1487 fit
1304 1463 1375 1500 per

308 1503 479 1552 gratiam.
501 1505 613 1551 Quae
634 1504 791 1553 Spiritui
809 1505 949 1542 Sancto
969 1503 1194 1549 attribuitur,
1210 1503 1385 1551 inquan-v

308 1564 394 1594 tum
422 1569 469 1593 ex
487 1569 620 1593 amore
638 1556 811 1606 procedit
830 1557 938 1605 quod
965 1556 1072 1592 Deus
1096 1555 1208 1592 nobis
1230 1555 1373 1604 aliquid

257 1623 259 1625 ·
307 1608 421 1656 gratis
448 1608 637 1656 largiatur,
665 1609 773 1657 quod
801 1609 850 1645 ad
878 1607 1066 1644 rationem
1093 1606 1233 1655 gratiae
1261 1607 1374 1656 perti-

308 1668 391 1698 net:
422 1660 583 1710 Spiritus
611 1668 742 1698 autem
772 1661 934 1698 Sanctus
963 1671 1074 1696 amor
1102 1667 1167 1696 est.
1197 1660 1310 1696 Unde
1339 1667 1376 1696 et

307 1714 322 1750 I
342 1713 392 1750 ad
414 1714 501 1750 Cor.
522 1725 568 1750 xn
587 1713 608 1735 ²⁸
635 1713 790 1750 dicitur:
819 1714 1029 1751 Divisiones
1046 1713 1259 1762 gratiarum
1277 1718 1373 1758 sunt,

307 1765 405 1802 idem
433 1772 556 1803 autem
585 1767 752 1815 Spiritus.

360 1819 418 1855 AD
447 1831 637 1856 SECUNDUM
673 1830 856 1856 111οΕΝοοΜ
884 1818 992 1867 quod
1030 1818 1225 1855 character
1253 1829 1374 1855 sacra-

360 1953 388 1987 γ)
407 1952 601 1986 insigniuntur.
618 1965 638 1970 —
656 1951 802 1985 insignitur
821 1951 879 1976 FsD
899 1955 924 1975 et
942 1950 1076 1980 editiones,
1089 1950 1208 1975 homines
1227 1950 1376 1983 insigniun-

308 1993 354 2014 tur
361 1989 625 2084 δῗῦὲοηξςιιναΐίοηε.
643 2037 662 2041 -
679 2022 892 2056 configuratione
911 2021 953 2047 uel
969 2021 1172 2054 consignatione
1189 2021 1219 2050 F,
1235 2020 1376 2054 consigna—

308 2059 381 2085 tione
425 2060 448 2084 H
466 2066 489 2085 c.

2432 216 2478 252 35

1425 290 1600 328 mentalis
1629 298 1683 327 est
1711 302 1770 327 res
1798 299 1972 340 respectu
2009 293 2233 330 sacramenti
2268 294 2479 332 exterioris:

1425 351 1461 380 et
1489 350 1544 380 est
1572 350 1854 380 sacramentum
1883 352 2056 393 respectu
2084 345 2206 382 ultimi
2234 347 2400 383 effectus.
2434 349 2482 384 Et

1425 395 1513 433 ideo
1542 395 1742 445 dupliciter
1768 403 1893 444 potest
1920 396 2062 445 aliquid
2091 398 2296 434 characteri
2319 399 2481 436 attribui.

1424 449 1513 486 Uno
1541 448 1673 495 modo,
1703 448 1919 485 secundum
1948 449 2135 487 rationem
2164 451 2398 488 sacramenti.
2435 453 2482 488 Et

1425 502 1501 538 hoc
1528 501 1648 538 modo
1677 508 1732 538 est
1751 500 1903 548 signum
1931 501 2126 539 invisibilis
2145 503 2295 550 gratiae,
2317 515 2415 552 quae
2444 504 2482 540 in

1425 561 1663 591 sacramento
1696 553 1899 590 confertur.
1929 576 1954 580 —
1983 553 2068 591 Alio
2102 555 2239 602 modo,
2269 556 2484 593 secundum

1425 606 1650 643 characteris
1679 605 1867 643 rationem
1886 611 1910 643 ί.
1940 607 1988 643 Et
2016 607 2092 644 hoc
2118 608 2238 644 modo
2258 608 2410 656 signum
2429 616 2484 646 est

1425 658 1749 707 configurativum
1777 658 1889 696 alicui
1911 658 2120 708 principali,
2150 661 2254 709 apud
2282 673 2400 710 quem
2428 673 2483 698 re-

1425 711 1521 748 sidet
1549 711 1751 749 auctoritas
1779 711 1861 748 eius
1884 712 1933 748 ad
1961 712 2068 760 quod
2096 712 2232 762 aliquis
2260 713 2481 762 deputatur:

1425 764 1522 801 sicut
1553 764 1702 810 milites,
1732 763 1799 813 qui
1831 764 2065 813 deputantur
2096 765 2145 801 ad
2176 777 2366 814 pugnam,
2396 766 2484 803 insi-

1425 817 1608 866 gniuntur
1635 816 1743 865 signo
1767 816 1887 864 ducis,
1907 829 1987 866 quo
2011 818 2305 866 quodammodo
2334 818 2368 855 ei
2395 830 2485 855 con-

1425 870 1650 918 figurantur.
1681 870 1729 906 Et
1755 870 1831 906 hoc
1858 870 1979 906 modo
2008 869 2059 907 illi
2088 870 2154 919 qui
2183 871 2414 920 deputantur
2437 871 2483 908 ad

1426 924 1573 959 cultum
1602 921 1881 970 Christianum,
1910 922 2019 959 cuius
2054 931 2187 960 auctor
2218 930 2273 960 est
2301 923 2485 971 Christus,

1426 976 1685 1012 characterem
1705 975 1895 1024 accipiunt
1914 987 1992 1024 quo
2014 975 2166 1012 Christo
2186 975 2484 1024 configurantur.

1425 1028 1538 1066 Unde
1566 1027 1721 1077 proprie
1750 1035 1805 1064 est
1832 1028 2027 1065 character
2055 1028 2205 1065 Christi.

1479 1082 1537 1118 AD
1571 1093 1729 1118 TERTIUM
1763 1092 1945 1118 mcENDUM
1973 1081 2080 1130 quod
2116 1082 2330 1118 charactere
2358 1081 2487 1118 distin-

1426 1134 1554 1182 guitur
1590 1133 1726 1182 aliquis
1746 1133 1758 1157 ¹
1786 1133 1834 1170 ab
1863 1133 1936 1170 alio
1970 1146 2040 1183 per
2076 1134 2404 1183 comparationem
2438 1134 2486 1171 ad

1427 1186 1596 1236 aliquem
1623 1186 1744 1223 finem
1770 1185 1810 1222 in
1829 1198 1948 1235 quem
1977 1186 2175 1224 ordinatur
2202 1187 2269 1236 qui
2296 1188 2486 1224 characte-

1427 1251 1510 1276 rem
1529 1239 1678 1288 accipit:
1709 1238 1805 1275 sicut
1824 1239 1970 1276 dictum
1990 1247 2044 1276 est
2062 1239 2082 1261 '¹‘
2105 1240 2153 1276 de
2173 1240 2388 1276 charactere
2415 1240 2486 1276 mi-

1426 1292 1533 1340 litari,
1555 1304 1634 1341 quo
1654 1291 1693 1328 in
1713 1291 1847 1328 ordine
1866 1292 1915 1328 ad
1929 1303 2101 1340 pugnam
2120 1292 2360 1340 distinguitur
2378 1292 2486 1329 miles

1426 1344 1522 1393 regis
1551 1357 1574 1381 a
1601 1344 1718 1381 milite
1746 1344 1876 1381 hostis.
1906 1345 1954 1381 Et
1982 1344 2150 1381 similiter
2173 1346 2366 1382 character
2392 1345 2486 1382 fide-

1426 1398 1523 1435 lium
1547 1405 1602 1434 est
1621 1409 1700 1446 quo
1720 1396 2003 1445 distinguuntur
2021 1397 2154 1434 fideles
2174 1404 2191 1425 η
2213 1397 2351 1434 Christi
2370 1410 2393 1434 a
2412 1410 2487 1434 ser-

1426 1450 1485 1487 vis
1513 1450 1666 1496 diaboli,
1686 1451 1749 1486 vel
1775 1449 1815 1486 in
1835 1449 1969 1486 ordine
1989 1450 2038 1486 ad
2056 1450 2175 1487 vitam
2200 1458 2406 1495 aeternam,
2426 1452 2488 1487 vel

1427 1502 1467 1539 in
1495 1502 1630 1539 ordine
1659 1502 1707 1538 ad
1736 1503 1883 1538 cultum
1910 1503 2118 1550 praesentis
2146 1502 2349 1540 Ecclesiae.
2380 1503 2487 1549 Quo-

1428 1566 1515 1591 rum
1544 1554 1717 1602 primum
1736 1554 1779 1590 fit
1797 1566 1867 1602 per
1894 1555 2088 1591 caritatem
2116 1563 2152 1591 et
2170 1555 2339 1603 gratiam,
2360 1563 2402 1592 ut
2420 1555 2487 1592 ob-

1429 1606 1540 1643 iectio
1568 1605 1760 1654 procedit:
1790 1607 2006 1643 secundum
2035 1615 2165 1643 autem
2192 1607 2235 1644 fit
2262 1619 2331 1656 per
2358 1609 2488 1644 chara-

1429 1666 1571 1696 cterem
1591 1660 1917 1695 sacramentalem.
1951 1659 2063 1696 Unde
2083 1667 2119 1695 et
2137 1661 2331 1697 character
2357 1662 2490 1697 bestiae

1428 1710 1582 1759 intelligi
1610 1717 1744 1760 potest,
1771 1723 1841 1759 per
1868 1711 2102 1760 oppositum,
2122 1713 2184 1748 vel
2203 1712 2391 1749 obstinata
2409 1725 2489 1749 ma-

1429 1764 1517 1811 litia,
1538 1775 1616 1813 qua
1635 1763 1752 1812 aliqui
1772 1764 2005 1812 deputantur
2023 1765 2072 1801 ad
2090 1777 2259 1813 poenam
2279 1773 2487 1811 aeternam3

1428 1818 1491 1854 vel
1518 1815 1703 1866 professio
1731 1815 1844 1853 illiciti
1872 1818 2006 1854 cultus.

1483 1948 1506 1982 ε)
1524 1949 1674 1974 charateris
1693 1949 1836 1974 rationem.
1852 1963 1872 1967 -
1884 1949 2028 1981 propriam
2046 1950 2209 1975 characteris
2228 1951 2358 1976 rationem
2374 1952 2414 1984 EI,
2425 1961 2490 1984 pro-

1426 1985 1519 2017 priam
1537 1985 1670 2010 rationem
1688 1985 1853 2010 characteris
1873 1990 1957 2009 cetera
1975 1985 2058 2010 tertia.

1481 2020 1507 2054 ζ)
1527 2020 1632 2052 aliquis.
1649 2034 1669 2039 -
1686 2020 1774 2045 Tertia
1791 2024 1892 2052 praeter
1910 2020 1932 2051 1;
1951 2020 2062 2052 aliquid.

1482 2055 1509 2090 η)
1529 2055 1734 2088 distinguuntur
1745 2055 1852 2088 fideles.
1863 2069 1881 2073 —
1890 2055 1948 2079 FsB
1960 2060 1986 2081 et
1999 2056 2086 2086 tertia;
2106 2056 2283 2090 distinguitur
2289 2057 2360 2090 fides
2374 2057 2490 2090 ACDpB,

1429 2091 1608 2124 distinguitur
1617 2091 1715 2123 fideles
1734 2091 1764 2121 E,
1777 2091 1962 2123 *distinguitur
1980 2091 2055 2116 miles
2074 2091 2114 2116 ed.
2133 2099 2159 2117 a.

985 2172 1320 2206 Commenta-ia
1343 2172 1594 2205 Cardinalis
1615 2172 1817 2205 Caietam

370 2267 477 2288 x'rULUs
501 2257 541 2288 de
558 2256 686 2288 Christo
710 2256 854 2296 loquitur
876 2261 912 2286 ut
937 2260 983 2285 est
997 2255 1142 2285 Verbum
1160 2255 1373 2290 incarnatum,

311 2269 406 2333 Tut
429 2301 632 2341 distinguitur
654 2310 672 2330 a
694 2300 786 2330 Patre
810 2305 841 2330 et
864 2299 983 2339 Spiritu
1009 2298 1126 2329 Sancto
1151 2308 1187 2328 ac
1212 2299 1281 2338 ipsa
1304 2298 1375 2328 Tri-

308 2347 417 2377 nitate.
442 2346 583 2376 Denotat
606 2350 714 2375 autem
737 2344 889 2383 obliquus
905 2353 997 2374 casus
1016 2343 1237 2373 auctoritatem
1254 2343 1288 2372 in
1303 2343 1375 2382 ipso

310 2390 449 2422 Christo.
480 2389 526 2420 Ita
549 2388 639 2429 quod
661 2398 773 2419 sensus
796 2393 859 2418 est:
883 2388 935 2418 An
959 2388 1119 2417 character
1142 2386 1376 2416 sacramentalis

309 2435 350 2465 sit
379 2435 539 2465 character
569 2433 697 2464 Christo
725 2438 761 2463 ut
786 2432 923 2472 principi
951 2430 1155 2471 configurans
1184 2440 1242 2460 seu
1271 2431 1376 2460 consi-

310 2488 410 2518 gnans
426 2471 640 2508 characterem
662 2478 770 2517 ipsum
789 2476 1012 2516 suscipientes:
1038 2476 1120 2505 sicut
1137 2475 1296 2505 character
1310 2475 1376 2505 Ro-

309 2531 424 2553 manus
457 2522 623 2561 consignat
645 2521 761 2551 milites
791 2520 934 2556 Caesari,
960 2525 990 2550 et
1014 2519 1154 2550 Gallicus
1186 2519 1252 2558 regi
1279 2518 1376 2549 Fran-

311 2575 435 2603 corum,
452 2571 511 2596 etc.

367 2610 403 2640 In
427 2618 561 2650 corpore
584 2609 643 2638 tria
665 2614 757 2639 sunt:
789 2609 905 2648 primo,
930 2607 1133 2647 distinguitur
1157 2607 1316 2637 character
1339 2605 1377 2636 fi-

312 2654 433 2685 delium
455 2654 489 2683 in
513 2653 579 2684 duo
602 2662 737 2692 genera;
761 2651 920 2688 secundo,
944 2651 1156 2692 respondetur
1179 2651 1324 2691 quaesito
1340 2651 1376 2687 *3

310 2699 415 2734 tertio,
439 2698 572 2738 ponitur
594 2706 698 2727 unum
721 2696 926 2727 corollarium
941 2697 968 2726 ᾖ.

368 2742 405 2772 11.
430 2741 548 2779 Quoad
570 2741 728 2780 primum,
761 2740 964 2779 distinguitur
994 2740 1154 2770 character
1177 2738 1322 2769 fidelium
1343 2739 1377 2769 in

313 2786 528 2816 characterem
551 2784 590 2815 ad
614 2784 783 2815 caelestem
797 2783 1037 2819 beatitudinem,
1055 2789 1086 2813 et
1101 2783 1315 2813 characterem
1338 2782 1378 2813 ad

311 2830 476 2860 militantis
499 2829 660 2860 Ecclesiae
685 2828 818 2858 cultum.
842 2827 897 2857 Ille
918 2832 964 2857 est
980 2828 1099 2863 caritas,
1116 2836 1173 2857 seu
1188 2827 1301 2867 gratia:
1326 2827 1378 2857 hic

313 2879 360 2905 est
383 2874 627 2909 sacramentalis,
651 2872 691 2903 de
715 2881 781 2912 quo
806 2877 853 2902 est
876 2880 991 2901 sermo.
1020 2870 1219 2901 Communio
1242 2871 1378 2900 istorum

314 2927 352 2949 ex
375 2917 543 2949 communi
566 2917 689 2947 ratione
713 2915 899 2946 characteris
923 2914 1108 2945 declaratur.
1133 2914 1303 2944 Diversitas
1322 2924 1378 2944 au-

313 2967 380 2993 tem
403 2972 442 2992 ex
461 2961 638 2992 diversitate
654 2959 769 2990 finium
785 2969 821 2990 ac
837 2965 968 2989 actuum
983 2958 1202 2988 manifestatur
1216 2958 1250 2988 in
1265 2958 1376 2988 littera.

313 3006 502 3037 Praelibavit
525 3010 633 3035 autem
648 3005 772 3035 Auctor
788 3003 1024 3034 distinctionem
1040 3003 1122 3032 hanc
1137 3007 1174 3032 ut
1193 3001 1275 3032 clara
1289 3001 1380 3032 fieret

315 3050 460 3081 doctrina
483 3059 588 3080 sacrae
612 3048 792 3089 Scripturae
816 3057 899 3088 quae
921 3048 955 3077 in
978 3046 1172 3086 argumentis
1195 3045 1377 3076 discutitur:

315 3100 347 3126 et
368 3104 410 3125 ne
433 3094 594 3125 novitium
617 3093 806 3132 ambiguum
828 3092 1021 3131 relinqueret
1045 3096 1099 3120 aut
1122 3099 1323 3130 suspensum.

370 3137 421 3168 111.
439 3137 558 3176 Quoad
573 3136 761 3173 secundum,
779 3135 945 3167 conclusio
961 3135 1146 3175 responsiva
1158 3134 1302 3174 quaesito
1320 3138 1379 3163 est:

318 3182 496 3213 Character
518 3181 765 3213 sacramentalis
791 3185 838 3211 est
860 3180 1029 3210 character
1054 3179 1184 3209 Christi.
1215 3178 1379 3208 Probatur.

1431 2253 1602 2284 Character
1625 2253 1857 2284 sacramentalis
1881 2258 1927 2282 est
1950 2252 1989 2283 ad
2008 2253 2228 2293 recipiendum
2251 2259 2282 2284 et
2298 2253 2438 2285 dandum
2455 2265 2491 2285 ea

1432 2307 1514 2337 quae
1538 2303 1612 2328 sunt
1635 2297 1740 2327 cultus
1764 2296 1943 2327 Christiani.
1967 2297 2052 2336 Ergo
2078 2302 2124 2327 est
2142 2298 2318 2337 specialiter
2333 2299 2491 2329 character

1432 2341 1559 2372 Christi.
1583 2359 1606 2363 —
1627 2342 1783 2371 Probatur
1806 2341 2045 2380 consequentia.
2080 2341 2166 2379 Quia
2188 2347 2274 2372 totus
2297 2343 2374 2372 ritus
2397 2342 2490 2372 Chri-

1431 2387 1550 2416 stianae
1573 2385 1734 2425 religionis
1757 2385 1915 2415 derivatur
1938 2394 1956 2414 a
1975 2384 2092 2415 Christi
2112 2385 2298 2422 sacerdotio,
2323 2387 2375 2416 cui
2391 2386 2492 2416 confi-

1431 2435 1584 2470 gurantur
1607 2428 1726 2459 fideles.

1486 2474 1572 2504 Nota
1593 2474 1646 2503 hic
1665 2482 1763 2513 quam
1785 2472 1926 2503 formalis
1949 2473 1988 2503 sit
2011 2472 2154 2503 doctrina
2172 2474 2331 2509 Auctoris,
2348 2473 2435 2509 dum,
2452 2473 2492 2504 de

1433 2518 1522 2549 cultu
1546 2517 1742 2548 Christianae
1765 2517 1926 2557 religionis
1953 2522 2102 2553 tractans,
2130 2518 2164 2547 in
2187 2517 2350 2548 Christum
2378 2523 2491 2558 caput,

1432 2572 1499 2592 non
1516 2561 1693 2592 secundum
1710 2570 1948 2601 quamcumque
1964 2561 2047 2591 illius
2063 2561 2292 2597 conditionem,
2309 2561 2364 2591 sed
2379 2571 2493 2592 secun—

1433 2606 1511 2636 dum
1534 2605 1763 2641 sacerdotium,
1787 2605 1910 2635 reducit
1936 2605 2147 2635 characterem
2175 2605 2344 2635 Christiani
2378 2606 2491 2635 cultus.

1433 2650 1611 2681 Sacerdotis
1639 2650 1726 2680 enim
1750 2654 1796 2679 est
1818 2649 2013 2689 principatus
2043 2650 2199 2689 cuiusque
2222 2649 2400 2689 religionis,
2427 2655 2493 2679 tarn

1432 2704 1525 2724 verae
1549 2703 1646 2734 quam
1669 2693 1774 2723 falsae.

1489 2738 1541 2768 IV.
1565 2737 1684 2776 Quoad
1698 2738 1836 2773 tertium,
1854 2737 2057 2767 corollarium
2073 2742 2133 2767 est:
2158 2737 2369 2767 Characteres
2383 2747 2493 2767 sacra-

1433 2782 1588 2812 mentales
1610 2786 1686 2812 sunt
1701 2781 1970 2821 participationes
1993 2781 2150 2821 quaedam
2172 2781 2345 2811 sacerdotii
2363 2781 2491 2811 Christi.

1433 2826 1482 2856 Ex
1506 2835 1545 2856 eo
1570 2826 1655 2856 enim
1684 2825 1773 2865 quod
1797 2825 1956 2855 character
1979 2825 2212 2855 sacramentalis
2235 2830 2282 2855 est
2305 2825 2422 2855 Christi
2444 2834 2492 2854 sa-

1434 2870 1570 2901 cerdotis
1587 2870 1755 2905 character,
1781 2878 1982 2909 consequens
1999 2874 2045 2898 est
2060 2874 2096 2898 ut
2111 2869 2150 2898 sit
2166 2868 2322 2907 quaedam
2337 2868 2493 2898 diminuta

1433 2914 1568 2944 imitatio
1593 2913 1736 2943 ordinata
1765 2912 1805 2943 ad
1828 2918 1916 2942 actus
1939 2918 2115 2952 spectantes
2142 2912 2181 2942 ad
2205 2912 2321 2942 Christi
2347 2911 2492 2942 sacerdo-

1433 2958 1533 2987 tium:
1557 2957 1646 2997 quod
1666 2963 1712 2987 est
1727 2966 1794 2986 esse
1810 2956 2086 2996 participan'onem
2101 2955 2266 2986 sacerdotii
2282 2955 2407 2986 Christi.
2432 2955 2492 2985 Ba-

1433 3001 1572 3041 ptismali
1603 3000 1762 3040 siquidem
1793 3000 1970 3030 charactere
2001 3009 2019 3029 a
2046 2999 2163 3030 Christi
2189 2999 2366 3029 sacerdotio
2397 2999 2493 3029 habet

1433 3045 1534 3075 homo
1558 3043 1731 3074 formaliter
1754 3049 1785 3074 et
1808 3053 1876 3073 esse
1899 3043 2079 3073 membrum
2103 3043 2298 3073 Christianae
2320 3043 2492 3083 religionis,

1435 3094 1466 3119 et
1489 3098 1556 3119 esse
1581 3097 1731 3128 capacem
1753 3087 1950 3127 reliquorum
1972 3093 2241 3118 sacramentorum
2265 3097 2283 3117 a
2306 3086 2423 3117 Christi
2445 3096 2493 3116 sa-

1435 3132 1577 3163 cerdotio
1594 3132 1817 3163 derivatorum.
1834 3131 1875 3161 Et
1890 3131 1992 3162 simile
2007 3131 2287 3171 proportionaliter
2299 3136 2345 3161 est
2361 3130 2400 3161 de
2416 3131 2493 3160 alio—

1434 3186 1506 3207 rum
1530 3181 1800 3207 sacramentorum
1824 3175 2063 3206 characteribus.

2513 1243 2523 1251 ·
2536 1242 2586 1262 Art.
2604 1248 2622 1263 ι.
