2918 4088
190 761 246 783 ·Cf

184 1879 200 1898 4

185 2378 194 2388 ·
206 2376 242 2404 Op
265 2376 313 2404 Imp

184 2392 260 2424 Matt'h
265 2419 270 2425 .
277 2419 286 2430 ,

184 2429 258 2451 XLIII
264 2446 269 2451 .

245 777 251 783 .
266 767 305 788 qu.
322 768 350 783 Lx

189 788 277 810 loti-od.

353 768 402 790 χιιι,

185 1847 194 1856 ·
203 1845 250 1873 Ωιι
257 1851 348 1871 ιιινιιι,
355 1849 396 1867 art.

329 2377 382 2404 tsi

315 2383 328 2398 e
355 2392 360 2398 .
381 2383 396 2398 n

315 2403 395 2425 homil.

298 2438 309 2445 —
336 2430 396 2451 lnter

185 2456 247 2484 Opp.
260 2456 342 2484 Chrys.

436 146 510 183 260

1100 147 1363 194 QUAESTIO
1392 148 1584 195 LXXXII,
1614 148 1907 188 ARTICULUS
1936 151 1950 188 Ι

845 339 1255 415 QUAESTIO
1294 338 2202 395 OCTOGESIMASECUNDA

990 477 1074 517 DE
1107 476 1395 517 MINISTRO
1431 476 1617 518 HUIUS
1652 477 2048 518 SACRAMENTI

1246 601 1280 625 IN
1307 600 1429 625 DECEM
1457 601 1658 626 ARTICULOS
1686 601 1799 626 DIVISA

537 713 642 738 EtNDE
671 700 995 738 considerandum
1025 708 1079 737 est
1098 700 1146 737 de
1174 699 1348 736 ministro
1378 699 1493 736 huius

436 704 763 812 Dsacramenti
782 760 812 796 ¹⁸.

430 821 477 861 Et
505 820 604 858 circa
631 821 707 857 hoc
734 828 974 868 quaeruntur
1001 820 1148 859 decem.

482 877 633 914 Primo:
673 884 805 915 utrum
838 889 1060 916 consecrare
1096 878 1171 915 hoc
1209 885 1492 917 sacramentum
1533 915 1537 917 .

535 934 580 970 sit
607 933 810 982 proprium
839 933 1055 970 sacerdotis.

482 991 684 1039 Secundo:
714 998 845 1027 utrum
872 992 1001 1039 plures
1021 991 1236 1028 sacerdotes
1265 991 1379 1030 simul
1403 1004 1491 1041 pos-

534 1054 617 1084 sent
645 1047 810 1084 eandem
837 1046 1004 1085 hostiam
1033 1059 1268 1086 consecrare.

480 1104 631 1143 Tertio:
670 1112 802 1143 utrum
840 1104 1072 1153 dispensatio
1109 1104 1226 1142 huius
1265 1105 1492 1143 sacramenti

532 1161 718 1210 pertineat
745 1162 793 1198 ad
822 1162 950 1198 solum
978 1162 1227 1198 sacerdotem.

480 1219 644 1266 Quarto:
682 1226 813 1255 utrum
846 1218 954 1256 liceat
986 1219 1172 1256 sacerdoti
1205 1220 1441 1257 consecranti
1469 1232 1491 1258 a

532 1276 811 1313 communione
840 1275 1038 1313 abstinere.

1601 695 1769 742 Quinto:
1799 703 1931 733 utrum
1959 695 2067 732 liceat
2094 695 2282 733 sacerdoti
2311 696 2473 735 omnino
2501 708 2524 735 a
2551 707 2611 736 ce-

1654 748 1862 786 lebratione
1891 748 2080 786 abstinere
2100 754 2128 785 ⁴².
2736 755 2752 772 α

1601 803 1736 839 Sexto:
1773 809 1906 839 utrum
1933 802 2112 839 sacerdos
2139 809 2317 851 peccator
2343 801 2464 851 possit
2490 801 2610 841 confi-

1653 867 1738 892 cere
1767 856 1843 892 hoc
1871 863 2166 893 sacramentum.

1601 908 1795 957 Septimo:
1825 915 1955 945 utrum
1985 908 2101 946 missa
2129 907 2219 945 mali
2247 907 2453 946 sacerdotis
2481 908 2610 945 minus

1652 962 1777 998 valeat
1804 973 1922 1010 quarn
1952 961 2056 998 boni.

1601 1014 1770 1051 Octavo:
1806 1021 1938 1050 utrum
1966 1013 2162 1061 haeretici,
2193 1014 2421 1052 schismatici
2447 1015 2510 1051 vel
2547 1026 2609 1051 ex-

1653 1066 1928 1103 communicati
1964 1066 2111 1117 possint
2148 1067 2339 1104 conficere
2376 1068 2452 1104 hoc
2488 1079 2609 1104 sacra·

1653 1126 1841 1157 mentum.

1599 1172 1739 1208 Nono:
1769 1178 1901 1208 utrum
1930 1171 2134 1219 degradati.

1598 1223 1779 1260 Decimo:
1810 1231 1942 1261 utrum
1968 1232 2128 1273 peccent
2155 1237 2177 1261 a
2204 1224 2342 1263 talibus
2365 1225 2609 1262 communio-

1652 1289 1744 1313 nem
1773 1276 2008 1326 recipientes.

1236 1405 1555 1450 ARTICULUS
1588 1404 1794 1449 PRIMUS
2202 1463 2212 1469 ·

741 1506 898 1538 UTRUM
924 1505 1234 1537 CONSECRA'rto
1259 1506 1391 1538 Hums
1416 1506 1699 1538 SACRAMENTI
1722 1506 1906 1540 PROPRIE
1930 1506 1998 1538 SIT
2021 1506 2293 1540 SACERDo'rls

1041 1594 1133 1626 Supra,
1153 1601 1198 1626 qu.
1217 1602 1294 1625 uvu,
1314 1599 1360 1620 art.
1381 1601 1412 1625 2;
1430 1595 1465 1619 lv
1484 1595 1567 1622 Sent..
1587 1595 1646 1620 dist.
1664 1602 1717 1626 xm,
1737 1599 1784 1621 art.
1805 1601 1828 1626 1,
1848 1594 1899 1627 qu*
1919 1600 1943 1624 ι.
1963 1602 1988 1621 2.

449 1698 468 1749 Ι),

462 1706 516 1743 ,⁸:55
543 1709 591 1737 μς-
634 1696 657 1720 D
687 1695 822 1720 PmMUM
850 1695 902 1720 sm
932 1695 1167 1722 PROCEDITUR.
1193 1683 1353 1723 Videtur
1383 1684 1490 1733 quod

455 1730 551 1794 §323ss
561 1737 613 1787 ξ’ἷ·
636 1736 872 1775 consecratio
901 1736 1017 1773 huius
1046 1736 1273 1774 sacramenti
1301 1749 1381 1774 non
1400 1749 1488 1786 pro-

440 1770 561 1841 spissa*
581 1788 716 1838 (prie
756 1788 802 1827 sit
836 1788 1053 1827 sacerdotis.
1097 1788 1254 1828 Dictum
1291 1797 1346 1828 est
1384 1789 1486 1828 enim

440 1835 455 1848 ”
479 1818 576 1878 κζ’ἒῧῗ)
591 1835 753 1891 &supra
775 1841 795 1863 '³‘
823 1842 930 1890 quod
965 1843 1041 1879 hoc
1075 1850 1359 1880 sacramentum
1397 1855 1488 1880 con-

423 1903 592 1932 secratur
618 1894 756 1932 virtute
779 1895 992 1933 verborum
1020 1907 1120 1943 quae
1149 1903 1238 1932 sunt
1265 1895 1390 1933 forma
1417 1896 1488 1933 hu—

422 1948 482 1985 ius
501 1947 738 1987 sacramenti.
770 1948 846 1985 Sed
865 1947 927 1987 illa
945 1947 1064 1986 verba
1091 1959 1172 1986 non
1191 1955 1390 1986 mutantur
1409 1948 1488 1988 sive

422 2001 597 2041 dicantur
615 2014 638 2038 a
657 2001 852 2039 sacerdote
872 2001 951 2038 sive
971 2013 994 2039 a
1008 2012 1260 2050 quocumque
1280 2002 1365 2039 alio.
1386 2002 1488 2050 Ergo

422 2054 574 2094 videtur
592 2055 699 2103 quod
727 2066 808 2094 non
826 2055 930 2093 solus
959 2054 1148 2100 sacerdos,
1170 2055 1237 2093 sed
1262 2054 1377 2094 etiam
1405 2054 1488 2104 qui—

422 2107 512 2147 libet
539 2107 635 2147 alius
662 2107 781 2157 possit
809 2108 885 2145 hoc
913 2115 1198 2146 sacramentum
1225 2119 1460 2148 consecrare.

478 2172 511 2198 2.
533 2162 764 2208 PRAETEREA,
785 2160 963 2200 sacerdos
993 2161 1068 2198 hoc
1094 2157 1378 2201 sacramentum
1398 2173 1488 2201 con-

422 2213 501 2254 ficit
528 2213 568 2251 in
595 2225 762 2262 persona
790 2213 940 2252 Christi.
979 2213 1056 2253 Sed
1090 2213 1209 2252 laicus
1246 2222 1399 2254 sanctus
1433 2222 1489 2253 est

422 2266 553 2306 unitus
573 2266 726 2305 Christo
753 2279 823 2316 per
850 2266 1056 2306 caritatem.
1086 2267 1188 2316 Ergo
1208 2267 1360 2307 videtur
1380 2268 1488 2317 quod

423 2319 538 2359 etiam
565 2320 684 2359 laicus
711 2320 831 2369 possit
857 2321 935 2358 hoc
966 2328 1251 2359 sacramentum
1284 2320 1486 2360 conficere.

422 2373 534 2410 Unde
554 2381 590 2409 et
610 2373 910 2423 Chrysostomus
931 2372 1029 2420 dicit,
1049 2385 1160 2422 super
1177 2375 1312 2412 Matth.
1329 2374 1360 2422 ⁹¹²,
1381 2374 1489 2423 quod

423 2428 543 2463 omnis
569 2432 716 2463 sanctus
743 2433 794 2463 est
820 2427 1004 2464 sacerdos.

478 2478 511 2515 3.
548 2479 786 2526 PRAETEREA,
825 2479 922 2516 sieut
955 2479 1168 2529 baptismus
1206 2479 1406 2518 ordinatur
1439 2481 1486 2517 ad

422 2531 630 2568 hominum
658 2533 839 2579 salutem,
870 2532 920 2569 ita
949 2540 985 2569 et
1013 2534 1090 2571 hoc
1117 2541 1417 2580 sacramentum,
1447 2541 1489 2570 ut

378 2594 396 2611 ¹³
423 2597 469 2621 ex
497 2597 614 2634 supra
631 2585 652 2606 ’¹‘
679 2585 787 2622 dictis
814 2593 927 2634 patet.
966 2586 1043 2623 Sed
1072 2585 1187 2623 etiam
1219 2586 1336 2623 laicus
1364 2594 1489 2635 potest

422 2637 624 2686 baptizare,
654 2646 696 2674 ut
724 2650 840 2687 supra
859 2638 879 2660 '¹‘
906 2638 1082 2676 habitum
1106 2646 1172 2676 est.
1203 2640 1304 2687 Ergo
1324 2651 1404 2676 non
1433 2648 1488 2677 est

420 2690 623 2740 proprium
651 2690 857 2728 sacerdotis
885 2691 1076 2729 conficere
1095 2693 1171 2729 hoc
1190 2700 1485 2729 sacramentum.

475 2756 510 2792 4.
541 2745 780 2792 PRAETEREA,
810 2745 886 2781 hoc
913 2753 1198 2782 sacramentum
1225 2745 1422 2798 perficitur
1448 2745 1487 2782 in

422 2797 708 2836 consecratione
737 2796 929 2837 materiae.
967 2798 1044 2837 Sed
1072 2798 1163 2838 alias
1190 2798 1368 2837 materias
1396 2811 1487 2837 con-

421 2861 587 2898 secrare,
624 2849 762 2889 scilicet
799 2850 966 2891 chrisma
1003 2859 1039 2888 et
1072 2853 1204 2891 oleum
1241 2859 1417 2892 sanctum
1451 2860 1487 2892 et

421 2904 553 2941 oleum
590 2903 853 2951 benedictum,
888 2903 1051 2953 pertinet
1088 2905 1137 2942 ad
1174 2906 1303 2942 solum
1340 2905 1486 2955 episco-

420 2968 537 3005 pum:
568 2968 735 3006 quarum
764 2964 894 2994 tamen
922 2957 1158 2995 consecratio
1186 2970 1267 2995 non
1287 2966 1342 2995 est
1359 2966 1485 2995 tantae

420 3008 608 3056 dignitatis
644 3009 740 3046 sicut
767 3010 1002 3047 consecratio
1039 3010 1310 3058 Eucharistiae,
1340 3011 1379 3048 in
1408 3023 1486 3060 qua

421 3069 476 3098 est
503 3070 604 3099 totus
634 3062 817 3099 Christus.
858 3064 959 3110 Ergo
993 3075 1074 3100 non
1107 3071 1162 3101 est
1196 3064 1399 3114 proprium
1427 3077 1484 3102 sa-

422 3115 600 3162 cerdotis,
638 3116 704 3152 sed
740 3116 856 3152 solius
885 3116 1066 3165 episcopi,
1097 3118 1172 3154 hoc
1201 3125 1484 3154 sacramentum

421 3167 623 3204 conficere.

476 3220 549 3256 SED
574 3232 717 3257 CONTRA
737 3233 802 3258 Esr
821 3222 929 3271 quod
948 3222 1115 3260 Isidorus
1134 3222 1234 3268 dicit,
1255 3222 1294 3259 in
1314 3222 1484 3271 quadam

475 3351 502 3386 α)
524 3352 649 3383 Quinto...
668 3352 809 3377 abstinere.
826 3366 845 3371 —
863 3352 970 3377 DecImo
995 3353 1061 3382 loco,
1079 3358 1108 3377 ut
1127 3353 1151 3377 in
1170 3353 1298 3382 Articulis,
1318 3353 1391 3385 ponit
1413 3353 1486 3378 tertia

422 3387 527 3412 mutatis
551 3387 724 3418 ordinalibus;
750 3388 801 3412 Hlb
820 3393 906 3412 tamen
930 3388 955 3412 in
981 3388 1065 3412 Indice
1089 3393 1117 3412 ut
1140 3388 1230 3420 quinto
1255 3388 1313 3412 loco
1338 3388 1484 3420 quaesitum

1543 1682 1715 1732 Epistola
1742 1683 1772 1730 *,
1803 1691 1839 1720 et
1867 1684 2030 1720 habetur
2048 1683 2087 1720 in
2107 1683 2288 1731 Decretis,
2317 1684 2401 1726 dist.
2421 1685 2530 1724 XXV
2548 1684 2606 1729 *ᾗ
2635 1690 2659 1727 1.

1542 1737 1606 1775 Ad
1624 1738 1888 1786 presbyterum
1910 1739 2070 1787 pertinet
2096 1743 2372 1776 sacramentum
2390 1739 2559 1787 corporis
2577 1744 2611 1775 et

1542 1791 1738 1839 sanguinis
1763 1791 1921 1829 Domini
1946 1792 1983 1827 in
2012 1790 2125 1829 altari
2141 1791 2214 1828 Dei
2239 1792 2434 1839 conficere.
2599 1817 2601 1821 ,

1596 1843 1822 1881 RESPONDEO
1841 1854 2023 1881 DICENDUM
2042 1843 2161 1892 quod,
2182 1842 2279 1881 sicut
2297 1843 2442 1892 supra*
2463 1843 2610 1890 dictura
2635 1851 2718 1901 {in'
2739 1857 2835 1879 axv-u,

1543 1902 1610 1941 est,
1639 1896 1716 1933 hoc
1743 1903 2027 1935 sacramentum
2053 1902 2180 1935 tantae
2199 1903 2255 1934 est
2281 1895 2470 1944 dignitatis
2502 1897 2610 1946 quad
2706 1894 2714 1906 '
2727 1885 2751 1906 ⁴⁵

1543 1960 1625 1988 non
1653 1947 1856 1987 conficitur
1882 1948 1955 1988 nisi
1982 1948 2021 1989 in
2048 1960 2215 1998 persona
2243 1948 2395 1989 Christi.
2423 1948 2609 1996 Quicum-

1543 2013 1620 2050 que
1640 2009 1770 2040 autem
1785 2001 1929 2050 aliquid
1944 2001 2018 2050 agit
2035 2001 2075 2041 in
2094 2013 2261 2051 persona
2279 2001 2444 2054 alterius,
2459 2010 2610 2052 oportet

1543 2055 1620 2094 hoc
1637 2054 1721 2093 fieri
1739 2066 1810 2103 per
1835 2062 2063 2104 potestatem
2087 2054 2136 2094 ab
2155 2054 2219 2094 illo
2239 2064 2474 2101 concessam,
2505 2055 2610 2096 Sicut

1543 2114 1674 2147 autem
1707 2107 1899 2157 baptizato
1935 2107 2159 2148 conceditur
2195 2120 2218 2148 a
2252 2108 2407 2150 Christo
2442 2116 2609 2161 potestas

1543 2160 1723 2199 sumendi
1759 2161 1835 2200 hoc
1869 2168 2173 2207 sacramentum,
2202 2161 2253 2201 ita
2281 2161 2488 2208 sacerdoti,
2517 2172 2609 2205 cum

1542 2213 1761 2261 ordinatur,
1790 2214 1985 2253 confertur
2015 2221 2182 2264 potestas
2216 2215 2293 2254 hoc
2323 2222 2608 2256 sacramentum

1542 2267 1793 2308 consecrandi
1825 2267 1865 2307 in
1898 2279 2065 2317 persona
2097 2267 2253 2308 Christi:
2291 2279 2362 2317 per
2391 2269 2468 2308 hoc
2502 2268 2608 2309 enim

1541 2320 1700 2369 ponitur
1736 2320 1776 2358 in
1809 2320 1931 2368 gradu
1966 2332 2105 2360 eorum
2141 2319 2283 2370 quibus
2314 2319 2462 2360 dictum
2497 2329 2554 2361 est
2582 2334 2609 2365 a

1541 2373 1726 2419 Domino,
1742 2375 1831 2411 Hoc
1845 2374 1959 2420 facite
1972 2375 2009 2410 in
2030 2386 2153 2410 meam
2173 2375 2565 2411 commemorationem
2575 2374 2606 2411 *.
2635 2377 2848 2432 ζαῑξΰ;ξξν·“ῑψ

1542 2427 1591 2464 Et
1617 2426 1705 2464 ideo
1735 2426 1944 2464 dicendum
1972 2434 2028 2463 est
2046 2426 2154 2477 quod
2181 2426 2384 2476 proprium
2412 2434 2467 2466 est
2486 2436 2608 2465 sacer-

1542 2479 1680 2516 dotum
1708 2478 1898 2517 conficere
1927 2479 2003 2516 hoc
2030 2487 2326 2517 sacramentum.

1595 2533 1652 2569 AD
1682 2545 1817 2570 PRIMUM
1845 2544 1943 2570 ERGO
1976 2545 2157 2570 mcENDUM
2195 2533 2302 2582 quod
2330 2531 2450 2570 virtus
2485 2545 2607 2571 sacra-

1541 2585 1717 2623 mentalis
1751 2585 1792 2622 in
1827 2585 2002 2635 pluribus
2035 2585 2224 2633 consistit,
2262 2593 2298 2622 et
2334 2597 2415 2623 non
2451 2585 2492 2622 in
2525 2597 2606 2624 uno

1541 2646 1706 2676 tantum:
1738 2638 1834 2675 sicut
1861 2638 1981 2675 virtus
2000 2638 2179 2688 baptismi
2205 2638 2374 2676 consistit
2401 2646 2437 2676 et
2464 2638 2504 2676 in
2522 2650 2606 2676 ver-

1541 2691 1599 2728 bis
1619 2690 1634 2721 β
1661 2699 1698 2728 et
1716 2691 1755 2728 in
1775 2704 1886 2741 aqua.
1917 2692 2029 2729 Unde
2048 2699 2085 2728 et
2104 2691 2225 2729 virtus
2244 2691 2503 2730 consecrativa
2525 2702 2606 2731 non
2732 2693 2747 2727 β

1541 2745 1668 2782 solum
1697 2744 1867 2782 consistit
1893 2744 1933 2781 in
1961 2744 2052 2796 ipsis
2079 2744 2219 2792 verbis,
2248 2745 2316 2783 sed
2344 2744 2459 2782 etiam
2477 2744 2517 2781 in
2534 2755 2605 2796 po-

1540 2805 1671 2836 testate
1691 2797 1878 2837 sacerdoti
1902 2798 2038 2837 tradita
2056 2797 2096 2837 in
2115 2810 2186 2837 sua
2203 2796 2490 2838 consecratione
2513 2797 2605 2837 vel?
2730 2801 2748 2828 7

1541 2850 1793 2898 ordinatione,
1813 2863 1905 2891 curn
1933 2850 1968 2890 ei
1996 2850 2134 2889 dicitur
2161 2851 2210 2889 ab
2238 2849 2437 2902 episcopo:
2466 2850 2605 2900 Accipe

1534 2910 1752 2954 potestatem
1786 2903 1971 2953 offerendi
2003 2905 2231 2952 sacrificium
2262 2905 2300 2941 in
2326 2903 2494 2940 Ecclesia
2527 2909 2604 2941 tam

1533 2970 1608 3007 pro
1636 2959 1728 2995 vivis
1756 2969 1867 3007 quam
1891 2969 1966 3007 pro
2002 2959 2166 2994 mortuis.
2205 2957 2309 2994 Nam
2336 2963 2374 2992 et
2398 2955 2519 2993 virtus
2547 2955 2603 2994 in-

1541 3010 1796 3048 strumentalis
1829 3010 1868 3047 in
1902 3009 2077 3059 pluribus
2117 3008 2377 3046 instrumentis
2414 3008 2601 3057 consistit,

1539 3076 1609 3113 per
1636 3076 1736 3113 quae
1765 3063 1839 3111 agit
1864 3062 2073 3112 principale
2102 3074 2227 3110 agens.

1593 3118 1650 3153 AD
1670 3128 1859 3153 SECUNDUM
1882 3127 2063 3152 DICENDUM
2091 3114 2199 3163 quod
2225 3113 2343 3152 laicus
2371 3113 2492 3151 iustus
2520 3114 2603 3152 uni-

1538 3177 1600 3209 tus
1628 3177 1683 3206 est
1703 3168 1855 3206 Christo
1874 3167 2019 3205 unione
2048 3166 2230 3217 spirituali
2251 3179 2320 3216 per
2346 3166 2465 3204 fidem
2486 3175 2523 3204 et
2541 3180 2601 3205 ca·
2636 3203 2640 3207 .

1539 3221 1700 3268 ritatem,
1729 3233 1809 3258 non
1837 3228 1967 3258 autem
1994 3232 2064 3270 per
2091 3221 2405 3257 sacramentalem
2438 3228 2601 3270 potesta-

1594 3351 1619 3385 β)
1638 3355 1664 3376 et
1683 3352 1710 3376 in
1729 3351 1823 3376 verbi‘s.
1840 3365 1859 3369 -
1877 3351 1903 3375 in
1923 3350 2009 3375 verbis
2027 3350 2066 3382 Fl,
2086 3350 2112 3375 t'n
2132 3351 2197 3382 ipsis
2215 3351 2301 3376 verbis
2320 3356 2406 3376 cetera
2423 3352 2506 3377 tertia.

1592 3386 1619 3421 γ)
1638 3387 1836 3412 consecratione
1855 3387 1902 3411 vel.
1916 3400 1935 3405 -
1948 3386 2009 3411 Om.
2022 3386 2039 3415 1,
2054 3386 2253 3411 consecratione
2270 3390 2296 3411 et
2315 3391 2399 3411 cetera
2416 3388 2499 3412 tertia.
2510 3401 2530 3406 -
2541 3394 2600 3412 cum

421 3428 556 3447 recensent
579 3421 668 3456 (Index
686 3423 694 3447 1
714 3431 765 3447 non
783 3428 822 3448 est
841 3423 866 3447 in
885 3431 963 3447 manu
988 3423 1120 3455 scriptoris
1143 3422 1249 3457 textus).
1275 3423 1325 3447 Pro
1343 3423 1483 3452 abstinere,
1538 3423 1563 3447 ei
1581 3422 1680 3447 dicitur
1699 3422 1823 3446 editiones
1843 3426 1868 3446 et
1885 3428 1917 3452 a;
1936 3428 1995 3446 cum
2014 3421 2115 3447 dicitur
2133 3422 2160 3453 F,
2181 3422 2281 3447 dicitur
2306 3422 2376 3447 enim
2400 3422 2537 3448 sacerdoti
2554 3422 2601 3454 sG,

421 3465 524 3483 cessare
543 3459 568 3482 in
586 3458 707 3483 omnibus
726 3458 854 3483 lndicibus
874 3463 974 3491 praeter
993 3458 1024 3483 G.

1537 3465 1590 3483 om.
1609 3458 1627 3486 1.
1645 3465 1704 3482 cum
1723 3457 1793 3482 enim
1812 3456 1912 3482 dicitur
1931 3456 2016 3482 ceteri.
