2918 4088
179 767 190 777 ·
205 766 271 787 Vers.
286 772 308 794 9.

180 869 190 880 ‘
205 868 271 890 Vers.
286 874 306 895 2,
322 875 340 897 3.

177 1560 187 1569 ·
200 1558 268 1580 Vers.
283 1566 309 1585 ¹4
323 1565 374 1586 sqq.

177 1587 198 1596 ‘⁸
214 1585 310 1606 Primus.
352 1585 387 1607 ef

178 1617 226 1633 can.
239 1611 389 1638 Οιηηεεβάε-

178 1639 211 1659 les
227 1638 386 1686 deg'Consecr.

178 1665 230 1686 dist.

179 2261 189 2271 ⁸
202 2261 252 2281 Art.
266 2267 296 2286 ιι,
309 2265 356 2287 arg.
370 2266 387 2281 ι.

423 155 492 191 136

418 240 581 270 mentum
619 246 752 271 manus
780 235 1039 284 impositioizis,
1070 233 1177 282 quod
1212 233 1260 270 ab
1296 232 1478 282 episcopo

418 286 599 323 tradatur.

471 341 695 376 RESPONDEO
728 351 909 378 DICENDUM
944 339 1050 388 quod
1088 338 1126 375 in
1159 338 1330 387 quolibet
1362 349 1478 386 opere

418 392 552 429 ultima
587 393 869 430 consummatio
905 404 1108 451 supremae
1145 391 1213 428 arti
1250 399 1315 428 aut
1350 389 1479 426 virtuti

419 453 652 482 reservatur:
692 445 787 482 sicut
823 445 1061 504 praeparatio
1098 443 1277 481 materiae
1318 442 1480 491 pertinet

419 498 468 535 ad
483 498 677 535 inferiores
692 498 864 545 artifices,
882 498 1057 547 superior
1072 505 1200 534 autem
1220 496 1283 532 dat
1301 496 1478 541 formam,

420 563 624 600 supremus
643 559 774 588 autern
794 559 848 588 est
876 552 924 588 ad
953 562 1070 599 quern
1099 549 1259 597 pertinet
1287 559 1391 592 usus,
1412 546 1478 594 qui

420 612 475 641 est
497 604 585 641 finis
604 604 908 649 artificiatorum3
938 612 974 640 et
993 602 1150 651 epistola
1169 612 1268 648 quae
1288 612 1311 636 a
1329 599 1478 635 notario

1073 155 1336 201 QUAESTIO
1365 155 1520 200 LXXII,
1550 154 1842 192 ARTICULUS
1871 155 1936 191 XII

1588 234 1644 269 AD
1674 245 1808 270 PRIMUM
1827 244 1925 269 ano
1945 244 2126 269 DtCENDUM
2145 232 2251 280 quod
2279 233 2385 280 Papa
2405 231 2444 268 in
2464 233 2593 269 Eccle-

1535 284 1590 321 sia
1617 285 1732 321 habet
1750 284 2029 334 plenitudinem
2047 285 2252 332 potestatis,
2274 297 2319 321 ex
2339 284 2443 333 qua<
2469 292 2594 334 potest

1535 338 1727 385 quaedam
1756 349 1855 386 quae
1885 344 1972 373 sunt
2000 336 2245 384 superiorum
2265 337 2458 383 ordinum,
2488 350 2593 375 com-

1535 389 1682 426 mittere
1710 389 1951 426 inferioribus
1980 388 2233 437 quibusdam:
2268 389 2364 426 sicut
2399 391 2593 440 presbyte-

1535 441 1585 477 ris
1601 448 1618 469 η
1634 442 1807 478 concedit
1827 442 1998 478 conferre
2013 441 2182 478 minores
2202 441 2367 489 ordines,
2383 444 2488 491 quod
2508 455 2593 492 per-

1534 494 1626 530 tinet
1645 495 1693 531 ad
1712 501 1938 543 potestatem
1958 493 2227 542 episcopalem.
2253 495 2301 531 Et
2319 507 2366 532 ex
2384 496 2457 532 hac
2474 496 2594 544 pleni-

1535 546 1666 583 tudine
1686 546 1880 595 potestatis
1904 546 2089 582 concessit
2111 547 2245 583 beatus
2265 547 2471 595 Gregorius
2490 549 2596 597 Papa

1535 599 1643 647 quod
1671 599 1860 647 simplices
1889 599 2104 635 sacerdotes
2132 599 2347 636 conferrent
2373 600 2449 636 hoc
2476 613 2596 638 sacra-

385 667 388 670 ’
419 657 612 703 scribitur,
649 670 671 694 a
706 657 866 694 domino
893 655 906 678 ὅ
944 655 1120 703 signatur.
1164 652 1312 688 Fideles
1349 659 1479 688 autem
1506 652 1509 702 l
1534 659 1722 698 mentum,
1752 651 1926 700 quandiu
1955 652 2180 688 scandalum
2207 653 2412 690 tolleretur.

421 710 559 747 Christi
580 718 669 747 sunt
697 710 896 758 quoddam
924 708 1101 744 divinum
1121 717 1232 753 opuS,
1263 704 1479 740 secundum

419 763 511 800 illud
539 765 552 799 I
577 765 662 799 Cor.
684 775 716 799 111
735 762 765 809 ²¹⁶,
797 763 868 798 Dei
894 761 1099 807 aedificatio
1128 759 1229 794 estis.-
1257 764 1345 793 sunt
1364 756 1479 792 etiam

419 815 527 865 quasi
556 815 747 864 quaedam
776 814 925 863 epistola
954 813 1088 861 Spiritu
1117 811 1191 846 Dei
1206 811 1353 858 scripta,
1383 809 1479 845 sicut

419 868 556 905 dicitur
573 870 603 905 II
627 870 713 904 Cor.
735 879 767 903 111
786 867 816 902 ³⁶.
846 867 931 902 Hoc
951 872 1080 901 autem
1099 861 1401 899 confirmationis
1421 874 1478 898 sa-

419 929 658 958 cramentum
688 928 742 956 est
770 918 878 967 quasi
898 917 1031 954 ultima
1050 915 1334 952 consummatio
1357 927 1478 952 sacra-

418 973 536 1010 menti
563 972 761 1022 baptismi:
791 971 841 1007 ita
861 970 1009 1006 scilicet
1026 969 1134 1017 quod
1152 980 1222 1017 per
1241 968 1478 1017 baptismum

418 1026 638 1063 aedificatur
665 1026 786 1061 homo
814 1024 853 1060 in
882 1023 1046 1059 domum
1066 1021 1312 1070 spiritualem,
1333 1029 1369 1058 et
1388 1033 1478 1058 con-

417 1078 592 1115 scribitur
619 1077 727 1126 quasi
755 1076 947 1124 quaedam
976 1074 1177 1124 spiritualis
1206 1074 1381 1123 epistola;
1412 1074 1479 1110 sed

415 1143 485 1180 per
518 1137 800 1167 sacramentum
835 1127 1158 1173 confirmationis,
1192 1127 1303 1175 quasi
1337 1127 1479 1163 domus

417 1183 623 1229 aedificata,
653 1181 850 1218 dedicatur
877 1181 916 1218 in
935 1182 1126 1230 templum
1150 1157 1311 1229 Spiritus
1332 1179 1477 1225 Sancti3

417 1244 453 1273 et
480 1236 589 1285 quasi
608 1235 766 1284 epistola
785 1233 1009 1283 conscripta,
1030 1233 1199 1282 signatur
1217 1233 1324 1292 signo
1344 1232 1477 1269 crucis.

417 1290 465 1326 Et
493 1289 579 1325 ideo
614 1288 764 1325 collatio
793 1287 909 1324 huius
939 1286 1163 1324 sacramenti
1199 1285 1387 1335 episcopis
1423 1298 1479 1322 re-

417 1350 604 1388 servatur,
634 1341 701 1389 qui
729 1340 902 1377 obtinent
930 1351 1124 1377 summam
1145 1344 1157 1360 ⁵
1185 1347 1413 1388 potestatem
1441 1339 1480 1375 in

418 1395 604 1431 Ecclesia:
642 1395 738 1431 sicut
766 1393 806 1430 in
833 1393 1027 1443 primitiva
1055 1392 1224 1429 Ecclesia
1260 1404 1329 1441 per
1356 1392 1480 1441 impo-

417 1447 592 1484 sitionem
614 1460 754 1484 manus
772 1448 1061 1496 Apostolorum,
1083 1458 1254 1494 quorum
1274 1445 1399 1482 vicem
1418 1457 1480 1493 ge-

416 1509 504 1537 runt
532 1501 713 1550 episcopi,
742 1499 941 1550 plenitudo
971 1499 1132 1548 Spiritus
1153 1498 1281 1535 Sancti
1305 1499 1478 1546 dabatur,

415 1562 457 1590 ut
471 1554 634 1591 habetur
647 1556 728 1591 Act.
746 1553 845 1590 Vl11*.
868 1553 979 1590 Unde
1000 1553 1178 1590 Urbanus
1198 1553 1303 1601 Papa
1317 1552 1357 1573 *²¹⁶
1371 1551 1477 1589 dicit:

419 1607 555 1644 Omnes
576 1608 706 1654 fideles
734 1619 805 1656 per
832 1619 967 1643 manus
994 1607 1263 1655 impositionem
1292 1607 1478 1655 episcopo—

415 1673 499 1697 rum
534 1662 709 1710 Spiritum
738 1662 913 1697 Sanctum
943 1664 1027 1709 post
1055 1660 1276 1708 baptismum
1310 1661 1480 1708 accipere

415 1713 554 1759 debent,
584 1720 622 1750 ut
643 1715 750 1763 pleni
779 1714 980 1750 Christiani
1007 1714 1254 1749 inveniantur.

467 1845 492 1878 δ’)
510 1853 526 1869 α
546 1845 661 1870 domino.
679 1859 698 1863 —
718 1852 793 1877 papa
818 1845 915 1869 addunt
941 1845 1013 1875 PFb;
1041 1845 1049 1868 1
1069 1844 1146 1869 habet
1165 1852 1182 1868 a
1202 1852 1259 1876 sup.
1280 1852 1361 1876 marg.
1382 1850 1406 1868 et
1426 1844 1479 1868 dno
1506 1845 1509 1900 Ι

415 1890 445 1906 su
495 1889 544 1906 ras.

449 1890 489 1949 Ρε)
508 1924 646 1942 summam.
665 1931 684 1935 —
702 1916 758 1940 FsB
777 1923 794 1940 a
813 1922 838 1940 et
856 1916 944 1945 tertia;
966 1922 1051 1941 suam.

466 1952 492 1985 ζ)
512 1960 548 1976 ex
567 1959 627 1984 qua.
646 1966 664 1970 —
683 1952 784 1981 Tertia;
804 1959 842 1976 ex
860 1959 920 1983 quo.

467 1992 493 2019 η)
508 1988 683 2021 presbyteris.
701 2002 720 2006 —
739 1987 895 2019 quibusdam
909 1987 1079 2020 presbyteris
1098 1987 1146 2011 IsG
1166 1992 1191 2011 et
1209 1986 1344 2011 editiones.

1588 705 1645 740 AD
1674 716 1862 741 SECUNDUM
1886 716 2067 741 mci-:NDUM
2091 705 2197 753 quod
2227 713 2511 742 sacramentum
2530 706 2595 742 ba-

1534 756 1663 805 ptismi
1707 764 1762 793 est
1799 756 1991 794 efficacius
2033 770 2151 807 quam
2191 758 2267 795 hoc
2312 766 2596 795 sacramentum

1535 817 1725 858 quantum
1754 810 1802 847 ad
1830 811 2087 847 remotionem
2115 810 2223 847 mali:
2254 823 2301 847 eo
2321 811 2428 860 quod
2448 819 2503 848 est
2522 811 2597 861 spi-

1526 862 1677 908 ‚ritualis
1704 863 1896 911 generatio
1916 861 1940 910 θ,
1970 876 2069 912 quae
2093 871 2148 900 est
2166 863 2327 901 mutatio
2347 864 2395 901 de
2414 876 2495 901 non
2515 877 2598 902 esse

1535 915 1574 951 in
1602 928 1695 952 esse.
1735 917 1822 953 Hoc
1849 923 1979 954 autem
2007 925 2291 954 sacramentum
2320 925 2375 954 est
2403 917 2597 955 efficacius

1535 969 1584 1005 ad
1617 969 1903 1018 proficiendum
1937 969 1976 1006 in
2011 970 2138 1007 bono:
2178 970 2268 1019 quia
2305 978 2360 1007 est
2396 971 2598 1020 quoddam

1535 1021 1727 1070 spirituale
1755 1030 2007 1071 augmentum
2035 1023 2186 1061 deesse
2205 1023 2427 1072 imperfecto
2446 1025 2495 1061 ad
2515 1037 2597 1061 esse

1534 1075 1756 1134 perfectum.
1801 1077 1848 1112 Et
1875 1075 1963 1112 ideo
2002 1076 2077 1113 hoc
2114 1084 2397 1113 sacramentum
2435 1077 2598 1125 digniori

1534 1136 1708 1165 mlmstro
1737 1136 1998 1165 committitur.

1588 1182 1645 1218 An
1663 1193 1822 1219 TERTmM
1841 1193 2023 1219 mel-:unum
2043 1182 2162 1230 quod,
2179 1182 2275 1219 sicut
2293 1182 2479 1219 Rabanus
2497 1182 2598 1230 dicit,

1535 1233 1575 1269 in
1602 1233 1698 1270 libro
1727 1235 1772 1270 de
1798 1236 1953 1271 Institut.
1985 1234 2116 1271 Cleric.
2138 1234 2172 1280 ²¹³,
2201 1236 2373 1284 signatur
2400 1237 2600 1284 baptizatus

1533 1288 1731 1323 chrismate
1757 1288 1795 1323 in
1814 1288 2022 1324 summitate
2040 1289 2169 1337 capitis
2182 1299 2255 1337 per
2272 1288 2512 1334 sacerdotem,
2526 1301 2600 1338 per

1527 1341 1741 1389 pontificem
1760 1352 1850 1377 vero
1879 1342 1915 1377 in
1926 1340 2070 1388 fronte,
2091 1346 2129 1377 ut
2146 1342 2271 1390 priori
2288 1343 2460 1378 unctione
2481 1343 2598 1391 signi-

1521 1394 1662 1441 ficetur
1695 1406 1807 1443 super
1833 1395 1951 1442 ipsum
1986 1395 2140 1443 Spiritus
2173 1395 2301 1431 Sancti
2333 1394 2518 1432 descensio
2549 1395 2600 1432 ad

1531 1447 1793 1484 habitationem
1813 1447 1894 1483 Deo
1913 1447 2206 1484 consecrandam
2226 1453 2251 1484 ‘z
2273 1449 2310 1484 in
2329 1448 2491 1484 secunda
2511 1460 2598 1497 quo-

1532 1511 1602 1548 que
1629 1506 1667 1536 ut
1695 1500 1855 1536 eiusdem
1884 1500 2039 1549 Spiritus
2057 1501 2185 1537 Sancti
2208 1501 2432 1548 septiformis
2458 1503 2596 1551 gratia,

1531 1565 1616 1589 cum
1637 1555 1741 1589 omni
1751 1553 1980 1601 plenitudine
2003 1555 2202 1590 sanctitatis
2221 1559 2254 1590 et
2271 1555 2444 1591 scientiae
2468 1560 2502 1591 et
2525 1556 2597 1592 vir-

1531 1608 1624 1652 tutis,
1639 1608 1767 1643 venire
1785 1608 1822 1642 in
1842 1607 2030 1643 hominem
2050 1607 2267 1643 declaretur.
2287 1607 2382 1657 Non
2401 1619 2492 1667 ergo
2510 1619 2596 1656 pro-

1530 1666 1615 1708 pter
1651 1659 1865 1707 digniorem
1902 1667 2068 1708 partem,
2108 1659 2175 1696 sed
2211 1654 2368 1709 propter
2404 1660 2597 1709 potiorem

1532 1712 1732 1758 effectum,
1762 1713 1858 1749 haec
1885 1712 2016 1749 unctio
2035 1719 2051 1734 ²
2079 1712 2270 1762 episcopis
2298 1721 2524 1750 reservatur.

1587 1844 1612 1878 θ)
1631 1846 1780 1878 generatio.
1798 1860 1817 1863 —
1835 1845 2005 1878 regeneratio
2023 1845 2100 1869 BFG.

1589 1882 1607 1915 ι)
1627 1882 1844 1906 consecrandam.
1862 1895 1882 1899 -
1901 1881 1963 1914 PpG
1983 1886 2008 1905 et
2026 1888 2056 1911 ας
2075 1880 2274 1913 conserendam.

1588 1917 1614 1951 κ)
1634 1917 1699 1942 haec
1724 1917 1823 1942 unctio.
1839 1930 1859 1935 -
1878 1917 1922 1941 DE
1943 1922 1967 1941 et
1986 1916 2073 1946 tei-tim
2098 1916 2140 1941 hic
2164 1915 2312 1940 necessario
2331 1915 2360 1945 F,
2379 1916 2428 1940 hoc
2452 1915 2601 1941 necessario

1534 1954 1620 1979 ceteri.

1089 2075 1424 2107 Commentaria
1448 2073 1700 2106 Cardjnalis
1722 2071 1924 2103 Caietam

444 2178 464 2197 N
487 2167 624 2197 articulis
653 2172 776 2201 octavo,
801 2175 901 2202 nono,
926 2165 1052 2196 decimo
1078 2171 1108 2195 et
1129 2165 1313 2200 undecimo,
1338 2170 1477 2194 tantum-

417 2179 543 2242 Imodo
575 2212 713 2242 occurrit
745 2210 783 2241 de
810 2211 956 2240 ministro
985 2209 1255 2245 confirmationis,
1288 2209 1330 2239 ob
1358 2208 1479 2239 factum

416 2256 562 2296 Gregorii
578 2257 604 2291 ff,
628 2261 739 2285 notare
763 2254 857 2294 quodv
877 2255 1047 2295 episcopus
1071 2260 1117 2284 est
1132 2254 1315 2294 regulariter
1330 2253 1479 2293 proprius

416 2301 558 2330 minister
581 2299 849 2330 confirmationis:
879 2304 909 2328 et
932 2299 994 2328 hoc
1019 2298 1127 2328 omnia
1151 2297 1216 2328 fere
1239 2299 1308 2328 iura
1332 2297 1478 2327 clamant.

417 2344 479 2375 Sed
502 2344 583 2374 ultra
606 2345 687 2379 hoc,
720 2343 877 2373 credimus
909 2343 1003 2372 etiam
1027 2343 1217 2383 episcopum
1247 2342 1290 2372 ita
1314 2351 1381 2371 esse
1405 2350 1479 2381 pro-

416 2389 523 2428 prium
545 2388 726 2417 ministrum
749 2388 844 2417 huius
860 2387 1047 2417 sacramenti
1072 2386 1170 2426 quod,
1188 2386 1213 2416 si
1228 2395 1285 2426 per
1300 2385 1479 2425 simplicem

418 2431 615 2462 sacerdotem
645 2431 752 2467 detur,
782 2431 905 2461 irritum
933 2437 978 2461 est
1009 2436 1040 2460 et
1066 2431 1177 2461 inane:
1204 2435 1234 2460 et
1260 2430 1324 2460 hoc
1354 2435 1480 2459 tenetur

418 2477 604 2507 auctoritate
634 2475 819 2506 Melchiadis
843 2475 961 2515 Papae,
986 2475 1019 2504 in
1043 2484 1111 2515 cap.
1132 2475 1183 2504 De
1205 2474 1270 2509 his,
1296 2479 1327 2504 et
1350 2473 1479 2503 Eusebii

417 2521 532 2560 Papae,
555 2520 590 2550 in
613 2530 682 2560 cap.
700 2520 830 2554 Manus,
854 2519 894 2549 de
916 2519 1078 2555 Consecr„
1103 2518 1172 2549 dist.
1190 2519 1228 2549 V.
1254 2518 1295 2548 Et
1318 2527 1392 2548 cum
1415 2517 1479 2548 hoc

418 2564 575 2595 credimus
606 2564 701 2594 etiam
732 2573 770 2594 ex
789 2563 976 2604 Apostolica
1007 2563 1242 2603 dispensatione
1272 2572 1329 2602 per
1359 2561 1480 2601 simpli-

418 2618 489 2639 cem
505 2607 702 2638 sacerdotem
722 2607 787 2638 dari
802 2617 897 2648 posse
913 2608 976 2638 hoc
992 2613 1241 2637 sacramentum:
1261 2608 1298 2637 'et
1313 2607 1376 2636 hoc
1391 2611 1480 2636 tene-

418 2662 489 2683 mus
513 2653 699 2682 auctoritate
722 2653 805 2682 beati
821 2651 977 2692 Gregorii,
993 2652 1027 2681 in
1044 2661 1112 2691 cap.
1129 2651 1287 2687 Pervenit,
1304 2650 1393 2681 XCV
1409 2649 1479 2680 dist.

418 2697 463 2727 Ita
487 2696 576 2736 quod
605 2697 668 2726 hoc
697 2702 744 2726 est
772 2696 915 2726 mirabile
946 2697 1028 2726 circa
1057 2696 1237 2726 ministrum
1260 2695 1355 2725 huius
1379 2703 1479 2724 sacra-1

417 2742 527 2776 menti,
552 2741 641 2780 quod
669 2741 839 2780 episcopus
871 2746 917 2770 est
940 2741 982 2770 ita
1013 2741 1155 2770 minister
1185 2740 1333 2780 proprius
1364 2738 1480 2769 confir-

417 2785 566 2815 mationis
591 2784 679 2825 quod
702 2794 720 2814 a
742 2785 981 2825 non-episcopo
1010 2783 1091 2814 facta
1117 2784 1205 2814 nulla
1229 2789 1293 2814 est:
1319 2788 1350 2813 et
1372 2788 1480 2813 tamen

418 2839 455 2859 ex
486 2829 721 2869 dispensatione
751 2829 939 2869 Apostolica
967 2829 1223 2868 non—episcopus
1255 2833 1361 2868 potest
1393 2827 1479 2857 illam

417 2872 572 2904 conferre.

1589 2162 1626 2192 II.
1651 2162 1692 2192 Et
1715 2161 1789 2191 licet
1811 2160 1904 2190 multi
1927 2159 2027 2190 multa
2050 2159 2083 2189 in
2107 2159 2170 2189 hoc
2194 2158 2383 2199 scripserint,
2408 2158 2468 2188 soli
2490 2163 2598 2188 tamen

1533 2207 1578 2237 illi
1607 2215 1719 2237 verum
1750 2205 1943 2244 scripserunt
1972 2204 2028 2244 qui
2055 2203 2229 2234 noluerunt
2259 2212 2372 2243 sapere
2397 2202 2476 2243 plus
2501 2211 2598 2243 quam

1534 2255 1661 2292 oportet
1675 2251 1706 2280 *2
1730 2250 1764 2280 in
1779 2250 1845 2280 istis
1866 2249 1952 2279 enim
1973 2248 2163 2279 Sanctorum
2184 2247 2352 2278 auctoritas
2371 2245 2598 2287 praeponenda

1534 2301 1581 2325 est
1595 2295 1720 2325 rationi.
1745 2293 1838 2324 Unde
1855 2293 1950 2323 etiam
1966 2292 2102 2332 legimus
2113 2292 2147 2322 in
2163 2290 2313 2321 Concilio
2336 2289 2506 2321 universali
2521 2290 2597 2321 Flo-

1533 2340 1662 2375 rentiae,
1676 2339 1734 2369 sub
1751 2338 1898 2377 Eugenio
1915 2336 1967 2371 IV,
1991 2341 2166 2376 utrumque
2182 2335 2330 2366 Armenis
2346 2335 2527 2365 authentice
2544 2344 2598 2365 ex·

1534 2384 1686 2424 positum,
1703 2391 1778 2413 cum
1795 2382 1834 2412 de
1849 2382 1913 2412 hoc
1929 2385 2127 2411 sacramento
2144 2379 2274 2410 fuerunt
2289 2379 2443 2415 instructi,
2459 2384 2496 2409 ut
2511 2383 2599 2419 patet

1534 2429 1567 2457 in
1590 2428 1700 2458 litteris
1722 2426 1859 2466 Eugenii
1875 2427 1901 2455 ἢ
1926 2424 2020 2456 Unde
2044 2430 2075 2455 et
2090 2424 2214 2454 Auctor
2228 2424 2385 2454 rationem
2401 2429 2535 2454 conatus
2552 2428 2599 2455 est
2625 2425 2636 2436 ‘

1534 2471 1664 2502 reddere
1684 2481 1722 2501 ex
1738 2470 1912 2501 differentia
1927 2470 2009 2499 inter
2024 2469 2144 2508 Papam
2164 2474 2194 2498 et
2210 2468 2288 2498 alios
2304 2468 2474 2508 episcopos
2490 2466 2599 2508 quoad

1535 2515 1742 2546 eminentiam
1764 2514 1944 2565 potestatis:
1970 2514 2045 2554 quia
2067 2513 2153 2552 Papa
2176 2513 2209 2542 in
2226 2511 2461 2552 plenitudinem
2477 2521 2598 2542 assum-

1534 2565 1608 2600 ptus
1632 2565 1678 2590 est
1700 2559 1874 2600 potestatis,
1899 2558 2013 2598 reliqui
2033 2563 2139 2587 autem
2164 2557 2211 2586 in
2220 2561 2343 2596 partem
2366 2555 2597 2586 sollicitudinis.

1535 2605 1571 2635 ln
1595 2604 1677 2634 dicta
1701 2609 1808 2634 autem
1833 2602 1964 2643 Synodo
1995 2601 2083 2632 nulla
2109 2600 2250 2631 redditur
2271 2601 2351 2631 ratio
2384 2600 2445 2630 nisi
2471 2599 2598 2640 dispen-

1535 2649 1614 2679 satio
1630 2648 1838 2688 Apostolicae
1854 2646 1943 2677 Sedis
1960 2656 1997 2676 ex
2013 2645 2159 2676 rationali
2175 2650 2206 2675 et
2221 2650 2354 2684 urgente
2371 2654 2474 2676 causa
2499 2643 2599 2683 Quod

1534 2693 1608 2723 ideo
1633 2692 1765 2722 dixerim
1795 2697 1831 2722 ut
1854 2691 1934 2721 ratio
1959 2691 1996 2720 ab
2020 2690 2163 2720 Auctore
2186 2689 2308 2720 reddita
2330 2699 2399 2720 non
2421 2689 2510 2729 parvi
2531 2688 2597 2725 fiat,

1535 2737 1591 2768 sed
1607 2747 1682 2767 cum
1697 2736 1902 2766 veneratione
1918 2735 2117 2775 suscipiatur,
2141 2740 2295 2774 tanquam
2314 2733 2459 2774 amplexa
2474 2743 2493 2764 a
2507 2742 2598 2763 sacro

1536 2781 1696 2817 Concilio,
1721 2781 1910 2810 attn'buente
1934 2780 1997 2810 hoc
2021 2778 2251 2819 dispensafioni
2265 2777 2471 2818 Apostolicae
2490 2775 2596 2807 Sedis:

1535 2831 1659 2856 constat
1682 2825 1768 2855 enim
1792 2824 1973 2864 dispensare
1997 2823 2030 2854 in
2053 2822 2239 2854 huiusmodi
2271 2822 2310 2853 ad
2332 2822 2504 2852 maximam
2526 2829 2598 2862 spe-

1534 2876 1618 2900 ctare
1641 2874 1842 2909 potestatem.

1137 3042 1457 3086 ARTICULUS
1488 3040 1874 3084 DUODECIMUS

927 3136 1083 3167 UTRUM
1107 3135 1235 3167 rurus
1259 3134 1390 3166 nulus
1414 3133 1695 3166 SACRAMENTI
1720 3133 1786 3164 SIT
1811 3130 2088 3163 CONVENtnNs

1281 3215 1314 3240 IV
1334 3215 1416 3244 Seni„
1435 3215 1494 3239 dist.
1512 3221 1556 3244 v11,
1574 3214 1670 3246 Expos.
1688 3214 1735 3239 litt.

503 3317 602 3397 42<
629 3311 651 3336 D
683 3310 920 3336 DUODEC1MUM
952 3309 1004 3334 sm
1040 3308 1275 3333 paoenorrua.
1317 3294 1479 3332 Videtur

571 3351 738 3401 dquod
774 3350 867 3387 ritus
905 3349 1020 3386 huius
1056 3343 1282 3386 sacramenti
1318 3359 1399 3384 non
1434 3347 1479 3384 sit

576 3402 876 3445 (conveniens.
907 3403 1198 3439 Sacramentum
1229 3400 1333 3437 enim
1361 3399 1478 3449 bapti-

474 3433 518 3485 ἕ
547 3448 703 3494 &smi
732 3464 787 3493 est
814 3455 969 3493 maioris
997 3453 1227 3491 necessitatis
1256 3465 1375 3503 quam
1403 3453 1479 3490 hoc

1532 3302 1827 3341 sacramentum,
1857 3301 1899 3330 ut
1926 3304 2043 3342 supra
2060 3291 2081 3313 ’¹'
2108 3291 2254 3328 dictum
2274 3299 2340 3328 est.
2372 3291 2448 3329 Sed
2476 3291 2596 3342 bapti-

1532 3359 1618 3384 smo
1647 3347 1880 3396 deputantur
1911 3352 2012 3382 certa
2043 3351 2240 3394 tempora,
2277 3344 2416 3382 scilicet
2448 3345 2597 3383 Pascha

1532 3407 1568 3436 et
1596 3401 1830 3436 Pentecoste.
1874 3399 1976 3446 Ergo
2005 3396 2119 3434 etiam
2148 3397 2239 3434 huic
2267 3405 2506 3435 sacramento
2535 3397 2597 3435 ali-

1532 3453 1638 3502 quod
1667 3459 1815 3489 certum
1842 3459 1995 3501 tempus
2023 3450 2137 3487 debet
2163 3450 2333 3500 praefigi

2626 1240 2638 1256 ¹²
2644 1243 2719 1272 Lib.1,
2726 1249 2776 1272 etp.
2783 1249 2840 1267 xxx.

2623 2249 2635 2260 ·
2648 2247 2686 2270 Aa
2698 2247 2772 2274 Rom„
2788 2253 2843 2276 esp.

2623 2280 2666 2302 ιιι,
2680 2280 2741 2297 ven.
2754 2281 2775 2303 3·

2625 3293 2786 3320 'Arum-du
2796 3299 2837 3321 qu.

2624 3327 2677 3349 uv,
2690 3323 2732 3343 m.
2746 3326 2767 3349 3,
2781 3326 2806 3347 4.

2916 3733 2918 3738 .
2906 3387 2918 3708 ,4.-μιωι--Δι-.Λ-
2916 3336 2918 3345 ..
