2918 4088
942 221 1205 269 QUAESTIO
1233 220 1373 267 LXIV,
1405 219 1694 269 ARTICULUS
1722 220 1771 256 VI

275 310 307 335 et
328 303 545 344 praesumptio
575 301 719 333 audentis
748 300 877 342 indigne
900 301 1041 341 recipere
1063 304 1257 330 sacramenta
1287 308 1335 328 sa-

275 348 391 388 crilega
413 352 469 377 est.

330 391 383 422 IV.
408 390 501 421 Circa
523 396 692 430 utramque
713 389 965 425 conclusionem,
982 387 1108 419 adverte
1124 386 1288 426 diligenter
1304 390 1335 415 et

275 440 368 466 caute
388 434 589 465 conditiones
603 435 638 464 in
653 434 697 464 eis
713 434 873 474 appositas
888 433 922 463 in
937 433 1048 463 littera.
1072 431 1218 468 Quarum
1232 430 1335 469 prima

276 485 322 510 est
334 479 424 519 quod
437 479 618 509 ministrans
630 478 775 508 exhibeat
790 487 823 507 se
841 477 1022 507 ministrum
1033 475 1094 505 Dei
1110 480 1141 504 et
1156 474 1333 509 Ecclesiae3

275 522 416 554 secunda
439 528 485 553 est
508 522 598 562 quod
620 522 775 552 ministret
797 526 1043 555 sacramentum;
1067 518 1158 549 tertia
1176 522 1223 547 est
1246 516 1335 557 quod

274 567 337 598 tale
358 572 528 608 peccatum
552 572 598 597 est
619 566 754 596 mortale
777 574 844 595 non
867 563 1123 604 quomodolibet,
1146 561 1202 592 sed
1221 571 1259 591 ex
1274 570 1334 590 suo

275 621 400 652 genere.
426 611 531 641 Docet
554 611 639 641 enim
661 619 720 650 per
733 610 812 640 haec
830 609 953 639 Auctor
974 607 1093 647 requiri
1108 605 1148 636 ad
1163 606 1227 636 hoc
1246 604 1335 645 quod

231 673 233 676 ·
275 655 461 686 huiusmodi
483 660 652 695 peccatum
675 655 715 684 sit
735 652 884 688 mortale,
907 651 992 682 duo:
1023 651 1145 691 primo,
1170 649 1260 689 quod
1283 658 1335 679 ex-

40 1625 250 1654 uri-nouum.

38 1651 250 1727 gagg-sa:

41 2460 53 2471 '¹
71 2459 159 2487 Opune.
181 2457 254 2481 Caiet-

0 2484 254 2539 bfflfflfflffi

0 2549 2 2551 ·
43 2538 104 2566 1562.

0 3361 20 3509 :··2=x.-'a›.2³m5.}÷
0 3292 14 3345 ”ar-⁵
0 3245 6 3252 ·

275 700 383 731 hibeat
405 709 438 730 se
461 699 659 734 ministrum;
688 696 842 732 secunde,
867 695 956 735 quod
978 695 1041 725 tale
1063 694 1275 724 ministerium
1297 693 1336 723 sit

276 744 359 774 actio
383 742 626 774 sacramentalis.
654 741 699 771 Ita
722 739 821 781 quod,
844 740 871 769 si
893 739 1028 770 alterum
1049 738 1167 768 horum
1190 737 1334 773 defuerit,

275 797 344 818 non
372 788 470 818 habes
499 787 575 817 hinc
603 785 738 816 mortale
766 788 936 824 peccatum
959 784 998 817 in
1020 782 1201 813 ministeriis
1230 781 1334 811 sacris.

276 832 381 862 Docet
402 840 510 862 rursus
532 829 639 870 quod,
663 830 689 859 si
712 828 819 868 aliqua
847 827 1075 858 administratio
1105 826 1292 856 sacramenti
1319 835 1336 855 a

275 876 362 906 malo
385 875 530 905 ministro
547 873 713 904 exercitata
734 870 1012 912 imperfectionem
1028 876 1116 901 actus
1132 870 1335 910 compatitur,

275 929 344 950 non
356 920 415 950 erit
427 923 597 959 peccatum
608 916 759 947 mortale:
778 917 852 946 licet
866 915 943 946 mali
957 915 1092 945 ministri
1108 913 1336 945 administratio

276 962 509 994 sacramentalis
530 961 646 991 habeat
669 970 706 990 ex
729 969 789 990 suo
812 969 928 1000 genere
952 964 1121 1000 peccatum
1140 958 1285 989 mortale.

331 1006 469 1037 Adverte
492 1004 634 1036 secundo
658 1003 764 1045 quod,
788 1003 911 1034 duabus
935 1003 1140 1034 existentibus
1162 1003 1337 1034 rationibus

275 1051 399 1092 peccati
419 1051 454 1080 in
476 1048 663 1080 huiusmodi
683 1049 870 1084 ministerio,
889 1047 1009 1078 scilicet
1028 1057 1066 1077 ex
1080 1052 1169 1087 parte
1185 1047 1337 1078 difformi-

275 1095 347 1126 tatis
370 1094 506 1125 ministri
532 1093 573 1124 ad
595 1093 718 1128 Deum,
750 1093 841 1123 cuius
872 1097 918 1122 est
946 1092 1106 1127 minister,
1131 1097 1163 1122 et
1189 1101 1226 1122 ex
1249 1097 1337 1132 parte

276 1138 556 1170 contaminationis
577 1142 849 1167 sacramentorum
869 1145 952 1176 quae
973 1135 1247 1172 administrantur;
1270 1136 1338 1167 Au-

275 1189 346 1214 ctor
367 1184 401 1213 in
424 1183 488 1213 hoc
504 1190 639 1222 corpore
654 1181 778 1211 articuli
801 1190 839 1211 ex
862 1181 964 1221 prima
978 1181 1100 1210 ratione
1115 1180 1260 1220 probavit
1278 1181 1338 1211 mi-

275 1228 442 1258 nisterium
464 1226 541 1256 mali
563 1225 698 1256 ministri
721 1234 790 1255 esse
812 1230 997 1264 peccatum;
1023 1234 1060 1254 ex
1075 1224 1215 1255 secunda
1230 1230 1338 1256 autem

276 1272 400 1302 ratione
422 1271 570 1311 probavit
591 1269 671 1300 illud
686 1278 754 1300 esse
772 1274 942 1310 peccatum
957 1268 1101 1299 mortale.
1126 1268 1264 1299 Tantam
1282 1279 1338 1299 au-

275 1321 343 1346 tem
366 1314 575 1346 differentiam
589 1314 671 1344 inter
685 1314 742 1344 has
756 1314 894 1343 rationes
909 1313 1080 1343 insinuavit
1095 1313 1184 1353 quod
1199 1313 1339 1344 secunda

277 1369 356 1390 usus
377 1364 425 1390 est
446 1359 480 1389 in
497 1358 708 1398 responsione
724 1356 763 1388 ad
783 1358 925 1397 primum
944 1362 981 1387 ut
997 1366 1091 1387 causa
1106 1358 1251 1397 propria:
1276 1359 1338 1398 pri-

277 1408 495 1437 mmffltern
516 1403 675 1432 rationem
696 1411 764 1434 non
787 1402 866 1432 tanti
887 1400 973 1431 fecit.
1005 1401 1054 1431 De
1076 1406 1212 1441 utraque
1231 1407 1339 1432 autem

277 1447 422 1479 diffusior
448 1447 507 1477 erit
528 1455 651 1482 sermo,
680 1451 711 1476 et
740 1446 906 1476 ambarum
936 1444 1093 1475 efficaciae
1124 1446 1224 1485 magis
1250 1451 1339 1486 pate-

278 1493 368 1522 bunt.

322 1536 362 1566 V.
386 1535 422 1566 In
444 1535 654 1575 responsione
676 1533 716 1564 ad
738 1535 893 1574 primum,
918 1532 1044 1563 adverte
1067 1538 1099 1563 et
1120 1534 1250 1573 percipe
1272 1534 1339 1564 Au-

279 1585 402 1610 ctorem
417 1579 464 1609 uti
478 1578 587 1618 reg-ula
602 1578 655 1608 illa
670 1578 929 1612 Posterioristica,
946 1576 981 1606 Si
993 1577 1170 1617 affirmatio
1183 1582 1230 1607 est
1241 1587 1339 1608 causa

278 1623 518 1665 affirmationis,
544 1622 675 1662 negatio
699 1626 746 1651 est
764 1630 863 1651 causa
878 1620 1062 1661 negationis
1077 1621 1103 1656 θ,
1128 1620 1206 1650 dum
1223 1630 1260 1651 ex
1276 1622 1339 1651 hoc

279 1666 369 1707 quod
391 1671 586 1696 sacramenta
608 1670 682 1695 sunt
697 1674 795 1704 opera
810 1665 1057 1694 consecrationis
1073 1663 1275 1700 sanctificata,
1291 1665 1339 1695 in-

278 1710 339 1742 fert
360 1711 394 1740 in
412 1710 557 1740 mInistro
581 1709 740 1749 praeexigi
762 1709 960 1738 sanctitatem
983 1708 1136 1744 iustitiae;
1162 1713 1193 1738 et
1215 1718 1253 1739 ex
1276 1709 1339 1739 hoc

278 1753 368 1795 quod
391 1763 490 1794 opera
510 1753 644 1783 caritatis
666 1762 735 1782 non
750 1757 825 1783 sunt
846 1751 952 1791 aliqua
969 1753 1209 1783 consecratione
1225 1753 1339 1783 sancti-

277 1798 387 1833 ficata,
414 1797 509 1827 infert
536 1797 570 1827 in
593 1797 654 1826 Dei
681 1797 825 1826 ministro
857 1801 1003 1835 respectu
1027 1806 1141 1826 eorum
1166 1806 1234 1827 non
1258 1797 1340 1837 exigi

277 1842 476 1873 sanctitatem
491 1841 637 1871 iustitiae.
662 1840 829 1870 Manifeste
846 1841 932 1870 enim
948 1850 986 1870 ex
1001 1841 1064 1871 hoc
1079 1840 1235 1880 significat
1257 1841 1339 1871 hanc

278 1895 347 1917 esse
375 1885 538 1926 propriam
567 1894 695 1915 causam
724 1885 865 1914 mortalis
888 1885 1011 1924 peccati
1033 1885 1084 1915 vel
1107 1895 1174 1915 non
1197 1885 1339 1915 mortalis

301 1930 402 1963 eccati
430 1930 464 1960 in
487 1929 811 1959 administrationibus
833 1929 946 1959 sacris:
978 1930 1132 1969 quoniam
1155 1929 1263 1969 regula
1286 1929 1340 1959 illa

277 1984 312 2006 m
327 1974 402 2005 solis
417 1973 554 2014 propriis
570 1973 672 2003 causis
686 1978 783 2003 tenet.
804 1972 849 2003 Ita
865 1972 963 2013 quod,
981 1983 1056 2003 cum
1073 1974 1216 2014 quaestio
1233 1974 1340 2013 aliqua

278 2018 319 2053 de
340 2023 474 2061 peccato
501 2017 627 2048 mortali
659 2017 692 2047 in
721 2017 960 2058 operationibus
991 2018 1086 2048 sacris
1116 2018 1271 2058 contingit
1302 2028 1340 2048 ex

277 2067 367 2104 parte
388 2061 526 2092 malitiae
548 2061 693 2097 ministri,
716 2060 909 2091 intuendum
933 2067 980 2092 est
1002 2071 1043 2092 an
1065 2061 1119 2092 illa
1137 2063 1281 2102 operatio
1301 2062 1340 2092 ad

279 2115 377 2148 quam
401 2106 472 2146 quis
494 2106 598 2136 malus
621 2106 748 2135 exhibet
770 2115 804 2135 se
826 2106 1016 2142 ministrum,
1042 2107 1080 2136 sit
1103 2106 1209 2146 aliqua
1227 2116 1340 2136 conse-

279 2151 421 2182 cratione
450 2149 661 2185 sanctificata,
693 2150 802 2190 quales
832 2155 906 2180 sunt
928 2159 1041 2180 omnes
1064 2156 1152 2181 actus
1179 2158 1340 2181 sacrorum

279 2194 442 2227 ordinum:
467 2204 508 2225 an
530 2203 599 2225 non
615 2194 654 2224 sit
677 2199 870 2224 consecrata.
894 2194 936 2224 Et
951 2195 977 2225 si
992 2200 1039 2225 est
1055 2194 1094 2225 de
1109 2204 1246 2225 numero
1263 2204 1340 2225 con-

279 2244 489 2274 secratarum,
519 2237 721 2269 concluditur
747 2239 822 2269 hinc
845 2239 979 2269 mortale
1002 2244 1172 2279 peccatum
1198 2239 1231 2269 in
1254 2239 1340 2269 malo

278 2284 434 2314 ministro.
458 2282 500 2313 Et
522 2283 548 2312 si
570 2292 639 2312 non
663 2287 709 2312 est
732 2282 771 2312 de
793 2292 930 2313 numero
955 2288 1221 2318 consecratarum,
1247 2292 1341 2314 excu-

279 2333 365 2358 satur
387 2328 462 2357 hinc
484 2327 628 2357 minister
650 2327 752 2357 malus
776 2337 794 2356 a
817 2327 943 2357 mortali
958 2333 1101 2367 peccato.
1127 2327 1168 2357 Et
1191 2332 1237 2358 est
1260 2337 1342 2358 sern-

278 2380 337 2413 per
359 2380 464 2402 sermo
488 2370 528 2401 de
550 2371 695 2401 ministro
714 2370 800 2401 malo
824 2371 943 2401 malitia
965 2371 1087 2411 peccati
1103 2371 1244 2401 mortalis
1260 2372 1293 2401 in
1309 2381 1342 2402 se

280 2416 450 2448 existentis.
893 2429 895 2431 ·

336 2460 430 2491 Hanc
453 2458 631 2494 doctrinam
661 2459 737 2500 quia
764 2458 877 2490 diffuse
900 2460 1035 2499 'tractavi
1065 2461 1099 2490 in
1124 2459 1301 2497 Quolibetis
1315 2461 1342 2495 ἥ,

280 2513 334 2535 ne·
346 2503 458 2535 eadem
480 2508 672 2544 repetantur,
696 2503 796 2535 modo
820 2509 1014 2544 pertranseo,
1031 2514 1134 2534 unum
1149 2509 1274 2534 tantum
1290 2503 1343 2534 ad-

281 2547 408 2580 iiciens:
434 2547 524 2588 quod
545 2546 670 2577 videtur
692 2548 772 2578 mihi
794 2547 894 2578 modo
919 2553 1026 2578 actum
1048 2547 1252 2588 praedicandi
1276 2558 1342 2578 esse

282 2591 325 2622 de
341 2601 477 2622 numero
500 2596 631 2622 actuum
646 2597 915 2628 consecratorum,
933 2593 1009 2632 quia
1025 2598 1071 2622 est
1087 2598 1174 2623 actus
1191 2592 1230 2623 ad
1246 2602 1344 2633 quem

281 2636 426 2666 minister
448 2641 667 2672 consecratur;
691 2645 766 2666 nam
790 2636 857 2666 eius
873 2637 1017 2667 minister
1032 2646 1070 2666 ex
1086 2636 1194 2667 officio
1215 2642 1261 2667 est
1277 2637 1343 2676 epi-

282 2689 401 2720 scopus
423 2680 539 2720 primo,
564 2684 596 2710 et
617 2679 805 2711 secundario
829 2680 986 2711 sacerdos.
1020 2681 1088 2711 Nec
1111 2681 1215 2711 obstat
1237 2686 1344 2711 actum

282 2725 380 2759 istum
410 2733 448 2754 ex
469 2723 668 2754 institutione
698 2724 859 2755 Ecclesiae
889 2725 1130 2764 appropriatum
1160 2734 1227 2756 esse
1255 2734 1343 2756 sacro

284 2767 401 2799 ordini:
427 2768 582 2808 quoniam
597 2768 753 2798 institutio
776 2768 937 2799 Ecclesiae
951 2769 1003 2799 vel
1019 2768 1124 2799 divina
1140 2769 1180 2799 ad
1199 2769 1344 2800 differen-

282 2812 360 2843 tiam
391 2812 521 2852 originis
548 2817 685 2852 spectat,
718 2817 749 2841 et
775 2821 843 2842 non
873 2811 912 2842 ad
935 2811 1144 2843 differentiam
1167 2812 1343 2844 formalem.

283 2855 454 2887 Extrahere
477 2855 636 2895 siquidem
658 2856 824 2886 hominem
847 2856 886 2885 ab
909 2855 1041 2886 ecclesia
1066 2857 1265 2896 sacrilegium
1281 2856 1344 2887 for—

283 2900 407 2930 maliter
430 2905 486 2936 est,
510 2900 585 2930 licet
608 2909 646 2930 ex
668 2900 867 2930 institutione
889 2899 1050 2930 Ecclesiae
1078 2905 1166 2930 actus
1190 2901 1248 2931 iste
1271 2901 1345 2931 sub-

284 2949 398 2976 stratus
420 2945 460 2975 sit
483 2944 656 2983 sacrilegio.
684 2944 726 2974 Et
749 2943 891 2974 similiter
914 2943 1082 2974 comedere
1105 2944 1204 2974 semel
1227 2945 1260 2974 in
1284 2944 1344 2980 die,

283 2993 321 3020 ut
343 2987 379 3019 fit
401 2989 435 3019 in
458 2987 708 3029 quadragesima,
732 2988 920 3018 abstinentia
935 2987 1109 3018 formaliter
1125 2993 1181 3023 est,
1199 2989 1344 3028 quamvis

285 3042 323 3063 ex
345 3032 507 3063 Ecclesiae
531 3037 648 3062 statuto
680 3032 738 3062 sub
763 3033 968 3062 abstinentiae
995 3033 1101 3072 specie
1131 3033 1274 3072 positum
1296 3033 1344 3062 sit.

285 3077 327 3108 Et
349 3077 491 3107 similiter
514 3077 548 3106 in
570 3077 754 3117 proposito,
780 3076 853 3106 licet
882 3075 1074 3116 praedicatio
1099 3086 1137 3106 ex
1160 3076 1345 3106 auctoritate

285 3120 447 3152 Ecclesiae
470 3120 552 3151 facta
575 3121 614 3150 sit
637 3125 725 3150 actus
747 3119 875 3155 ordinis,
896 3121 954 3150 sub
970 3121 1076 3160 specie
1092 3125 1199 3151 tamen
1215 3125 1346 3150 actuum

286 3164 406 3195 ordinis
421 3163 596 3195 formaliter
611 3163 902 3204 comprehenditur.
926 3164 974 3194 Ac
990 3173 1047 3204 per
1062 3165 1135 3198 hoc,
1152 3164 1234 3194 inter
1250 3173 1347 3203 opera

286 3214 471 3240 consecrata
501 3208 718 3249 computanda
741 3213 804 3244 est,
834 3209 870 3238 ea
892 3209 1031 3244 ratione,
1063 3209 1138 3248 quia
1168 3207 1207 3238 ad
1233 3209 1345 3248 ipsam,

285 3253 368 3284 sicut
390 3257 422 3284 et
444 3252 484 3284 ad
506 3253 586 3284 alios
609 3258 698 3284 actus
721 3252 855 3289 ordinis,
888 3253 1065 3283 consecrari
1095 3257 1223 3292 oportet
1252 3252 1346 3283 mini-

286 3302 396 3327 strum.
420 3297 462 3328 Et
484 3302 668 3338 propterea,
692 3296 871 3327 secundum
896 3296 1074 3327 doctrinam
1097 3297 1172 3328 hinc
1195 3297 1345 3332 habitam,

286 3341 429 3371 minister
450 3341 554 3371 malus
575 3341 760 3382 praedicans
783 3341 956 3371 mortaliter
979 3346 1100 3380 peccat,
1124 3341 1206 3371 sicut
1229 3341 1285 3381 qui
1299 3340 1347 3371 in-

287 3384 382 3425 digne
405 3384 601 3415 administrat
624 3385 702 3415 alios
726 3390 814 3415 actus
837 3394 1001 3415 sacrorum
1025 3384 1184 3414 ordinum.

341 3429 394 3459 VI.
419 3429 455 3459 In
478 3429 687 3469 responsione
718 3429 758 3459 ad
781 3428 975 3465 secundum,
1005 3428 1131 3459 adverte
1161 3427 1250 3468 quod
1280 3438 1347 3459 non

286 3472 430 3512 loquitur
452 3473 554 3503 littera
585 3473 623 3503 de
646 3472 818 3503 inducente
841 3472 1009 3514 indignum
1032 3473 1212 3503 ministrum
1239 3472 1279 3502 ad
1301 3482 1348 3502 sa-

288 3517 441 3547 cramenti
463 3517 705 3548 exhibitionem:
730 3516 785 3547 sed
808 3516 848 3547 de
870 3517 1044 3557 accipiente
1061 3522 1294 3547 sacramentum
1310 3517 1348 3548 ab

285 3559 418 3600 indigno
441 3561 596 3592 ministro.
636 3560 735 3599 Quod
758 3561 831 3591 ideo
856 3561 997 3597 dixerim,
1023 3562 1097 3601 quia
1121 3561 1180 3591 alia
1203 3561 1347 3600 quaestio

429 3622 538 3647 Smuun
556 3622 657 3647 Tamon-
677 3623 709 3647 D.
727 3622 842 3648 Tamus:
861 3623 893 3647 T.
912 3623 954 3647 IX.

2391 235 2441 272 49

1390 302 1445 333 est,
1470 307 1510 327 an
1533 297 1626 326 liceat
1649 297 1791 336 accipere
1815 302 2046 327 sacramentum
2069 299 2108 328 ab
2131 299 2262 338 indigno
2281 301 2442 331 ministro:

1389 346 1420 371 et
1443 341 1502 370 alia
1519 341 1662 380 quaestio
1679 346 1735 376 est,
1752 350 1792 370 an
1807 341 1900 370 liceat
1914 341 2065 371 inducere
2084 342 2123 372 ad
2140 342 2443 375 administrationem

1389 385 1576 414 sacramenti
1598 385 1779 414 ministrum
1801 384 1978 424 indignum.
2012 385 2117 415 Prima
2140 388 2283 425 quaestio
2307 388 2358 418 hic
2381 389 2444 418 sol-

1388 429 1488 458 vitur:
1514 427 1553 458 de
1576 427 1716 458 secunda
1738 428 1816 458 nihil
1839 428 1962 458 dicitur.
1987 428 2049 459 Sed
2072 429 2162 459 facile
2178 430 2258 460 solvi
2277 437 2382 470 potest
2397 442 2444 462 se-

1389 472 1503 508 cunda,
1529 471 1665 502 dicendo
1690 471 1789 511 quod,
1813 472 1887 502 licet
1909 481 2077 512 nunquam
2100 473 2193 503 liceat
2214 474 2364 505 inducere
2386 477 2445 506 ho-

1388 517 1510 546 minem
1533 515 1573 546 ad
1595 515 1805 556 peccandum,
1829 517 1876 546 uti
1898 521 2005 546 tamen
2028 517 2101 547 licet
2123 518 2290 557 iniquitate
2309 519 2445 550 alterius.

1389 560 1430 590 Et
1452 565 1621 600 propterea
1650 561 1684 590 in
1707 559 1834 590 duobus
1857 561 1980 590 casibus
2011 560 2085 590 licet
2106 561 2257 591 inducere
2279 562 2446 602 indignum

1388 605 1569 634 ministrum
1592 603 1632 634 ad
1655 604 1882 634 exhibitionem
1905 605 2101 634 sacramenti.
2125 605 2248 635 Primus
2265 611 2320 642 est,
2344 608 2370 636 si
2387 608 2447 637 mi-

1389 649 1485 679 nister
1507 653 1632 678 tenetur
1647 647 1687 678 ad
1702 648 1887 678 huiusmodi
1903 649 2144 679 exhibitionem:
2170 650 2245 688 quia
2260 659 2356 680 nemo
2373 660 2447 690 pec-

1390 698 1440 723 cat
1463 692 1602 733 petendo
1626 698 1734 722 actum
1757 693 1816 722 sibi
1839 691 1982 722 debitum
2011 702 2029 722 a
2052 702 2111 723 suo
2136 693 2286 724 debitore.
2326 695 2367 724 Et
2388 695 2447 725 hac

1389 738 1512 767 ratione
1536 742 1725 767 excusantur
1748 737 1804 776 qui
1827 746 1845 766 a
1867 746 1926 766 suo
1952 742 2061 767 curato
2084 742 2213 767 tenente
2235 739 2448 769 concubinam

1390 786 1586 811 sacramenta
1614 786 1737 820 petunt.
1761 798 1784 802 —
1807 780 1973 811 Secundus
2003 786 2049 811 est
2079 781 2228 811 articulus
2255 783 2448 813 necessitatis

1392 835 1429 856 ex
1452 830 1540 865 parte
1563 826 1709 865 petentis,
1730 833 1804 854 cum
1820 824 2029 864 dispositione
2044 826 2291 865 praeparationis
2308 835 2345 856 ex
2360 832 2448 866 parte

1391 870 1540 900 ministri:
1564 870 1628 899 hoc
1651 874 1708 904 est,
1732 868 1821 908 quod
1843 869 1984 899 minister
2008 870 2046 899 sit
2069 874 2194 909 paratus
2210 870 2384 900 ministrare
2402 881 2448 900 sa-

1392 918 1604 949 cramentum,
1628 918 1660 943 et
1681 913 1782 943 homo
1802 918 1892 952 egeat
1906 913 1971 943 illo.
2003 913 2124 943 Eadem
2147 914 2304 953 siquidem
2327 915 2449 945 ratione

1392 967 1456 998 qua
1477 958 1600 988 licitum
1624 962 1670 987 est
1693 957 1846 997 indigenti
1869 962 1976 997 petere
1999 962 2150 988 mutuum
2173 958 2211 987 ab
2235 959 2389 994 usurario,
2413 959 2449 989 li-

1392 1003 1492 1032 citum
1507 1011 1640 1042 quoque
1659 1006 1706 1031 est
1720 1001 1874 1041 indigenti
1891 1007 1997 1041 petere
2013 1007 2246 1032 sacramentum
2265 1003 2302 1032 ab
2318 1002 2449 1043 indigno

1391 1052 1501 1087 parato
1526 1046 1565 1076 ad
1587 1045 1841 1076 ministrandum.

1430 1087 1513 1121 'V11.
1539 1091 1574 1120 In
1599 1089 1710 1120 eadem
1733 1090 1959 1130 responsione,
1991 1090 2074 1120 circa
2103 1091 2324 1131 acceptionem
2350 1100 2450 1121 sacra-

1391 1135 1492 1165 menti
1515 1144 1533 1164 a
1555 1135 1699 1164 ministro
1724 1135 2012 1170 excommunicato,
2030 1139 2100 1169 etc.‚
2124 1139 2200 1165 nota
2222 1135 2337 1174 primo,
2361 1135 2450 1175 quod

1392 1180 1471 1210 haec
1494 1178 1638 1209 doctrina
1661 1178 1854 1218 intelligitur,
1879 1183 2020 1208 cessante
2043 1183 2181 1208 extrema
2195 1180 2380 1209 necessitate
2395 1180 2450 1209 ba-

1392 1224 1510 1263 ptismi.
1534 1223 1661 1263 Excipit
1677 1223 1762 1253 enim
1778 1223 1846 1262 ipse
1861 1222 1993 1258 Auctor,
2010 1223 2043 1252 in
2060 1222 2102 1252 IV
2118 1222 2215 1258 Sent„
2233 1223 2301 1253 dist.
2317 1233 2338 1254 v
2353 1224 2380 1259 ⁴⁸¹,
2400 1233 2450 1254 ca-

1393 1277 1465 1298 sum
1487 1267 1690 1302 necessitatis,
1711 1276 1777 1306 quo
1801 1267 1920 1297 scilicet
1937 1271 2047 1307 posset
2069 1267 2140 1307 quis
2155 1277 2175 1297 a
2191 1268 2312 1298 Iudaeo
2330 1268 2380 1298 vel
2388 1277 2450 1308 pa—

1392 1321 1481 1354 gano
1504 1312 1693 1352 baptismum
1717 1311 1867 1351 recipere.

1449 1356 1609 1392 Secundo,
1622 1355 1711 1395 quod
1726 1355 1832 1391 hodie,
1851 1364 1888 1385 ex
1903 1354 2028 1385 indulto
2045 1354 2183 1385 Concilii
2200 1355 2450 1386 Constantiensis

1393 1401 1451 1431 sub
1476 1401 1613 1430 Martino
1632 1400 1676 1435 V,
1708 1399 1830 1430 licitum
1854 1404 1900 1429 est
1930 1400 1968 1429 ab
1993 1400 2275 1430 excommunicatis
2301 1400 2450 1430 ministris

1393 1445 1534 1485 recipere
1556 1448 1767 1479 sacramenta,
1791 1444 1851 1473 nisi
1873 1444 1907 1473 in
1931 1442 2058 1473 duobus
2081 1443 2220 1473 casibus:
2251 1444 2315 1474 hoc
2338 1449 2400 1480 est,
2425 1445 2450 1474 si

1393 1489 1584 1520 nominatim
1604 1487 1806 1518 denuntiatus
1824 1487 1919 1517 fuerit
1940 1488 2233 1517 excommunicatus
2249 1493 2303 1518 aut
2319 1497 2451 1528 suspen-

1393 1543 1456 1568 sus,
1474 1538 1550 1568 etc.;
1582 1532 1632 1562 vel
1655 1533 1681 1561 si
1703 1537 1834 1571 propter
1859 1532 2065 1561 iniectionem
2094 1541 2208 1562 manus
2229 1532 2388 1562 violentae
2417 1533 2450 1562 in

1394 1577 1545 1606 clericum
1574 1576 1700 1606 notorie
1725 1576 1899 1605 constiterit
1927 1575 1961 1604 in
1985 1577 2350 1606 excommunicationem
2372 1577 2450 1607 inci-

1394 1619 1490 1656 disse;
1514 1625 1550 1650 ut
1572 1619 1666 1649 refert
1689 1619 1848 1648 Dominus
1871 1619 2072 1654 Antoninus,
2097 1620 2353 1660 archiepiscopus
2376 1621 2451 1650 Flo-

1393 1664 1545 1699 rentinus,
1566 1664 1599 1694 in
1622 1672 1698 1693 suae
1721 1662 1872 1693 Summae
1895 1668 1982 1702 parte
2006 1663 2106 1698 tertia,
2130 1664 2176 1693 tit.
2193 1674 2275 1700 xxm,
2300 1674 2368 1704 cap.
2382 1666 2448 1694 nst.
2478 1662 2690 1714 ξ’ξῖῐ-ΧΧΜΞΡΛΙ,

1445 1707 1528 1738 VIII.
1553 1707 1588 1737 In
1609 1707 1817 1746 responsione
1833 1706 1872 1736 ad
1888 1707 2026 1742 tertium,
2048 1707 2130 1737 circa
2144 1707 2232 1742 illud,
2256 1708 2295 1737 In
2311 1709 2449 1739 articulo
2478 1708 2481 1712 '
2516 1705 2522 1711 ⁴

1394 1757 1498 1782 tamen
1524 1751 1719 1782 necessitatis
1743 1760 1806 1781 non
1825 1755 1977 1791 peccaret
1999 1751 2199 1791 baptizando,
2217 1757 2291 1787 etc.‚
2317 1752 2450 1783 dubium

1393 1797 1498 1836 primo
1522 1796 1669 1831 occurrit,
1693 1800 1823 1835 propter
1845 1795 1956 1825 relatas
1979 1804 1998 1824 a
2013 1794 2166 1825 Durando
2185 1796 2322 1826 rationes
2339 1796 2377 1827 ad
2393 1807 2450 1836 op-

1393 1841 1546 1881 positum,
1569 1841 1603 1870 in
1626 1840 1668 1870 IV
1685 1839 1781 1874 Sent„
1806 1839 1875 1869 dist.
1893 1849 1922 1875 v,
1947 1844 2002 1869 art.
2021 1848 2050 1868 2.
2082 1839 2122 1869 Et
2145 1840 2247 1879 prima
2270 1846 2316 1870 est
2343 1847 2452 1871 contra

1394 1885 1632 1915 excusationem
1656 1893 1693 1914 ex
1717 1883 1849 1914 articulo
1866 1883 2067 1913 necessitatis.
2092 1883 2176 1921 Quia
2193 1893 2282 1913 casus
2302 1886 2453 1915 evitabilis

1393 1929 1464 1960 solo
1489 1929 1661 1959 voluntatis
1685 1928 1831 1967 propriae
1855 1928 1982 1958 arbitrio
2008 1937 2076 1957 non
2099 1929 2263 1958 constituit
2286 1930 2453 1960 articulum

1393 1973 1597 2004 necessitatis
1621 1971 1684 2003 Sed
1703 1973 1747 2002 sic
1771 1977 1817 2002 est
1840 1973 1873 2002 in
1896 1973 2080 2011 proposito:
2107 1973 2181 2011 quia
2196 1972 2344 2012 indignus
2360 1974 2453 2004 mini-

1394 2024 1455 2048 ster
1470 2022 1576 2058 potest
1591 2017 1695 2047 statim
1711 2016 1843 2052 conteri,
1860 2016 1885 2046 si
1901 2016 1978 2052 vult,
1996 2022 2026 2047 et
2048 2017 2178 2047 transire
2194 2016 2232 2047 de
2247 2017 2333 2048 malo
2348 2018 2382 2048 in
2396 2019 2454 2048 bo-

1393 2072 1482 2093 num.
1499 2062 1547 2092 Ac
1563 2071 1620 2101 per
1634 2062 1707 2096 hoc,
1723 2070 1791 2090 non
1808 2065 1854 2091 est
1872 2070 1962 2090 casus
1977 2061 2168 2091 necessitans
2184 2062 2363 2092 ministrum
2379 2071 2454 2092 cum

1393 2106 1579 2146 indignitate
1602 2105 1641 2135 ad
1664 2104 1899 2145 baptizandum.
1923 2123 1946 2126 —
1975 2104 2121 2135 Secunda
2143 2115 2219 2135 vero
2242 2107 2321 2136 ratio
2346 2111 2455 2136 contra

1395 2150 1634 2181 excusationem
1665 2159 1703 2179 ex
1725 2158 1862 2189 persona
1884 2150 2101 2179 non-ministri
2131 2149 2240 2180 tendit.
2276 2150 2361 2187 Quia
2384 2151 2455 2189 qui-

1396 2204 1536 2234 cumque
1560 2194 1707 2233 baptizat,
1730 2194 1796 2223 sive
1812 2193 1918 2224 vetula
1936 2194 2001 2223 sive
2017 2203 2168 2233 paganus,
2186 2194 2323 2234 baptizat
2341 2199 2377 2224 ut
2395 2195 2455 2224 mi—

1395 2240 1492 2270 nister
1514 2237 1697 2278 principalis
1720 2238 1851 2277 agentis,
1876 2237 1931 2277 qui
1956 2243 2002 2267 est
2025 2237 2185 2268 Christus:
2215 2243 2261 2268 est
2284 2238 2370 2268 enim
2393 2239 2453 2268 mi—

1395 2284 1491 2313 nister
1515 2281 1554 2312 de
1577 2282 1761 2312 necessitate
1785 2282 1971 2312 sacramenti
1994 2282 2159 2321 baptismi,
2189 2283 2269 2312 sicut
2299 2287 2330 2312 et
2353 2281 2455 2312 forma

1397 2333 1428 2357 et
1450 2326 1589 2357 materia.
1614 2326 1743 2356 Falsum
1762 2331 1808 2356 est
1831 2335 1906 2366 ergo
1932 2325 2020 2365 quod
2043 2326 2205 2366 baptizans
2221 2327 2254 2356 in
2269 2326 2455 2356 necessitate

1396 2381 1464 2401 non
1487 2371 1632 2401 exhibeat
1655 2379 1687 2400 se
1715 2370 1895 2400 ministrum
1919 2369 2089 2400 Ecclesiae.
2124 2370 2172 2400 Ac
2195 2379 2252 2410 per
2281 2370 2360 2406 hoc,
2387 2380 2455 2400 non

1396 2415 1470 2446 inde
1494 2420 1661 2445 excusatur
1683 2415 1709 2444 si
1731 2413 1879 2454 indignus
1902 2414 2048 2453 baptizat.

1452 2459 1596 2489 Dubium
1626 2458 1768 2488 secundo
1793 2464 1839 2488 est
1857 2459 1883 2494 ἦ
1909 2467 1948 2487 an
1971 2458 2094 2488 Auctor
2124 2458 2157 2487 in
2184 2458 2286 2488 littera
2315 2457 2457 2489 intendat
2484 2463 2494 2472 “
2509 2461 2544 2483 Cf·
2560 2466 2623 2482 num.
2638 2467 2661 2482 x.

1399 2513 1547 2534 excusare
1570 2502 1767 2534 sacerdotem
1790 2502 1958 2543 indignum
1980 2503 2014 2533 in
2030 2502 2162 2532 articulo
2186 2503 2379 2532 necessitatis
2402 2503 2456 2532 ba-

1397 2549 1580 2588 ptizantem,
1604 2552 1670 2577 tam
1693 2547 1719 2576 si
1742 2547 1879 2586 baptizet
1903 2556 1978 2576 cum
2001 2546 2200 2576 solemnitate
2224 2556 2321 2586 quam
2345 2547 2370 2576 si
2390 2547 2457 2576 sine

1398 2592 1612 2622 solemnitate:
1637 2591 1687 2621 vel
1710 2590 1852 2620 intendat
1870 2591 1976 2620 solum
1993 2599 2140 2620 excusare
2157 2591 2369 2630 baptizantem
2390 2591 2458 2620 sine

1398 2636 1608 2666 solemnitate.
1632 2635 1674 2665 Et
1697 2640 1743 2665 est
1765 2635 1843 2665 ratio
1868 2634 1966 2670 dubii,
1987 2635 2061 2674 quia
2079 2635 2113 2664 in
2129 2634 2230 2664 littera
2245 2635 2304 2664 hac
2320 2634 2406 2664 nulla
2421 2634 2457 2664 fit

1398 2680 1520 2710 mentio
1545 2679 1584 2710 de
1607 2679 1824 2709 solemnitate:
1854 2684 1885 2709 et
1912 2683 2146 2718 consequenter
2171 2678 2294 2708 videtur
2317 2679 2458 2709 excusari

1398 2730 1537 2764 utroque
1560 2723 1660 2754 modo
1684 2723 1856 2763 baptizans,
1881 2722 2059 2754 dummodo
2083 2723 2221 2762 baptizet
2242 2728 2279 2753 ut
2293 2723 2459 2754 subveniat

1399 2769 1619 2799 necessitatem
1648 2767 1780 2808 patienti
1809 2768 1843 2797 in
1867 2777 1942 2798 casu
1969 2768 2002 2797 in
2032 2776 2097 2806 quo
2126 2767 2225 2797 laicus
2254 2772 2380 2807 posset;
2413 2767 2458 2796 sic

1400 2813 1486 2844 enim
1509 2813 1543 2842 in
1565 2812 1666 2842 littera
1690 2811 1813 2841 dicitur.
1837 2830 1860 2833 —
1883 2811 1918 2842 In
1942 2811 2128 2851 oppositum
2158 2816 2265 2841 autem
2293 2816 2339 2841 est
2370 2810 2458 2851 quod

1399 2857 1438 2887 ab
1461 2857 1602 2887 Auctore
1627 2855 1740 2886 dicitur
1763 2855 1796 2885 in
1819 2855 1862 2885 IV
1883 2855 1968 2885 Sent.
1986 2856 2012 2891 ff,
2038 2854 2077 2884 de
2100 2855 2278 2896 baptizante
2309 2864 2384 2885 cum
2407 2864 2457 2884 so-
2486 2855 2601 2903 'rPssJ‘v'
2610 2861 2654 2894 flu·
2671 2860 2696 2880 ¹¹,

1399 2900 1571 2930 lemnitate.
2486 2889 2498 2903 ³
2522 2898 2527 2904 “
2557 2888 2609 2909 '‘³''
2637 2888 2660 2908 ⁴⁴

1454 2945 1597 2974 Dubium
1620 2944 1713 2973 tertio
1737 2943 1875 2972 occurrit
1893 2944 1924 2978 *‚
1949 2952 2016 2982 quo
2044 2947 2138 2982 pacto
2169 2947 2275 2982 potest
2297 2947 2376 2972 stare
2400 2941 2458 2972 do·
2486 2944 2495 2953 '
2511 2942 2547 2964 Cf·
2565 2947 2628 2963 num.
2643 2946 2676 2962 ¹¹·

1400 2989 1500 3019 ctrina
1522 2988 1600 3018 haec
1624 2997 1699 3017 cum
1722 2987 1867 3026 superius
1883 2987 1899 3003 ⁴*
1923 2985 2022 3022 dictis,
2040 2986 2177 3016 scilicet:
2203 2986 2390 3016 Ministratio
2410 2996 2458 3016 sa-
2487 2989 2496 2998 ·
2511 2987 2536 3008 1¹¹
2553 2992 2618 3013 corp.
2635 2989 2676 3007 ³¹¹·

1401 3032 1553 3062 cramenti
1577 3036 1623 3060 est
1647 3040 1684 3061 ex
1707 3040 1766 3060 suo
1790 3039 1906 3070 genere
1929 3035 2097 3069 peccatum
2112 3030 2256 3066 mortale,
2276 3031 2302 3060 si
2316 3031 2459 3060 minister

1400 3077 1439 3115 sit
1461 3075 1620 3115 indignus.
1645 3074 1728 3104 Nam
1751 3075 1776 3104 si
1796 3074 1840 3104 sic
1857 3079 1912 3109 est,
1936 3074 2001 3104 sive
2016 3074 2195 3104 ministrans
2210 3073 2289 3104 illud
2304 3074 2459 3105 ministret

1401 3129 1439 3150 ex
1455 3118 1572 3154 officio,
1597 3119 1661 3148 sive
1678 3127 1716 3148 ex
1732 3127 1806 3148 casu
1821 3118 2024 3153 necessitatis,
2042 3118 2107 3148 sive
2124 3118 2234 3157 quavis
2250 3118 2309 3148 alia
2325 3118 2456 3154 ratione,

1401 3173 1526 3204 semper
1548 3163 1691 3203 sequitur
1721 3161 1810 3202 quod
1833 3167 1940 3192 actum
1967 3167 2091 3191 exercet
2121 3162 2177 3201 qui
2200 3171 2237 3192 ex
2261 3171 2320 3192 suo
2343 3171 2458 3202 genere

1401 3213 1448 3238 est
1470 3212 1639 3247 peccatum
1657 3206 1801 3242 mortale,
1817 3211 1894 3246 puta
1910 3206 2126 3236 contaminare
2141 3211 2335 3236 sacramenta
2359 3215 2459 3245 quan-

1400 3257 1470 3283 tum
1494 3261 1532 3281 ex
1554 3252 1625 3291 ipso
1650 3255 1705 3280 est.
1731 3249 1865 3281 Constat
1881 3250 1967 3280 enim
1986 3249 2075 3290 quod
2090 3250 2124 3280 in
2140 3250 2250 3281 ceteris
2266 3250 2387 3281 actibus
2403 3251 2459 3290 qui

1401 3295 1440 3326 de
1456 3305 1515 3326 suo
1535 3304 1650 3335 genere
1663 3299 1736 3324 sunt
1751 3299 1881 3334 peccata
1891 3294 2045 3330 mortalia,
2058 3294 2173 3324 variata
2185 3293 2327 3325 conditio
2340 3294 2459 3334 agentis

1400 3350 1468 3371 non
1492 3345 1620 3371 excusat
1635 3349 1654 3369 a
1668 3338 1807 3368 mortali:
1833 3343 1868 3368 ut
1882 3343 1969 3379 patet
1985 3337 2024 3370 de
2040 3337 2205 3373 adulterio,
2222 3337 2317 3374 furto,
2336 3343 2366 3368 et
2381 3338 2458 3368 aliis.

1401 3384 1467 3414 Aut
1489 3384 1584 3424 igitur
1609 3384 1673 3413 hoc
1700 3391 1767 3412 non
1791 3387 1837 3412 est
1859 3382 1992 3412 mortale
2021 3391 2058 3412 ex
2081 3392 2212 3422 genere:
2244 3387 2298 3412 aut
2327 3382 2459 3421 quilibet

1401 3427 1531 3468 indigne
1554 3427 1733 3458 ministrans
1757 3432 1868 3466 peccat
1890 3426 2073 3456 mortaliter.

1457 3472 1509 3502 IX.
1522 3471 1574 3502 Ad
1590 3471 1780 3501 evidentiam
1796 3471 1922 3506 horum,
1940 3469 2105 3500 sciendum
2121 3475 2167 3500 est
2183 3469 2272 3510 quod
2287 3470 2459 3509 praesentis

1403 3516 1564 3546 doctrinae
1586 3525 1696 3546 sensus
1714 3520 1774 3545 est:
1800 3515 1835 3544 In
1851 3514 1983 3544 articulo
1999 3514 2191 3544 necessitatis
2208 3523 2273 3553 quo
2289 3513 2370 3543 laico
2386 3513 2459 3543 licet

1404 3561 1578 3600 baptizare,
1603 3560 1628 3590 si
1658 3558 1804 3589 sacerdos
1831 3559 1984 3598 baptizet,
2016 3558 2128 3597 procul
2152 3557 2249 3587 dubio
2281 3558 2347 3587 sine
2377 3557 2458 3587 sole-

2478 1222 2487 1231 ·
2503 1220 2549 1247 Qu.
2565 1226 2590 1248 ιι,
2610 1224 2651 1242 art.
2666 1226 2688 1247 2,

2478 1248 2522 1274 qu*
2535 1253 2554 1275 5-

2302 3625 2316 3650 7
