2918 4088
61 1043 74 1056 ⁶
82 1042 131 1072 Qu.
140 1048 222 1070 uvm,
232 1046 274 1065 m.

60 1075 87 1098 ις
96 1075 136 1099 qn.
141 1075 222 1097 unu,
231 1073 275 1092 ιη.

975 165 1239 211 QUAESTIO
1267 166 1426 211 LXXX,
1456 166 1747 204 ARTICULUS
1775 169 1805 204 11

302 243 406 280 tione
434 242 628 289 materiae,
657 250 694 279 et
720 242 809 279 ideo
837 248 998 291 uterque
1026 255 1120 280 usus
1153 251 1208 280 est
1235 254 1366 280 conse-

302 307 427 345 quens
457 296 534 332 hoc
562 303 858 332 sacramentum.
896 296 939 331 ln
967 295 1158 343 baptismo
1190 303 1320 332 autem
1339 293 1365 340 ὅ,

302 356 338 385 01
365 347 446 385 81115
474 347 722 385 sacramentis
749 348 1010 384 characterem
1044 347 1365 406 imprimentibus,

301 400 353 438 1111
380 401 449 450 qui
466 400 658 450 accipiunt
675 407 971 445 sacramentum,
991 399 1179 448 recipiunt
1197 399 1365 448 aliquem

301 453 538 503 spiritualem
565 454 758 500 effectum,
780 452 921 490 scilicet
948 452 1229 489 characterem:
1257 451 1366 500 quod

301 518 384 544 non
409 506 546 544 accidit
578 506 619 543 in
646 507 723 544 hoc
739 512 1008 545 sacramento.
1047 505 1095 541 Et
1122 504 1210 541 ideo
1245 504 1366 552 magis

300 558 340 596 in
369 560 444 596 hoc
477 566 721 597 sacramento¹
753 557 995 607 distinguitur
1025 568 1118 594 usus
1151 567 1366 594 sacramen-

300 612 383 649 talis
411 625 434 650 a
463 611 647 661 spirituali
675 623 795 661 quam
822 611 862 648 in
890 610 1094 659 baptismo.

354 667 412 702 An
431 677 621 703 SECUNDUM
636 677 818 702 01011111)οΜ
833 664 940 713 quod
955 662 1238 700 sacramentalis
1258 674 1366 699 man-

301 717 456 756 ducatio
484 730 585 768 quae
612 716 788 767 pertingit
816 717 864 754 ad
893 715 1141 765 spiritualem,
1162 727 1243 752 non
1271 715 1366 752 divi-

301 771 405 808 ditur
435 779 568 808 contra
605 770 859 820 spiritualem,
889 769 956 806 sed
991 768 1198 806 includitur
1231 768 1279 805 ab
1308 780 1364 805 ea.

302 825 379 862 Sed
417 823 479 861 illa
506 823 787 861 sacramentalis
815 822 1063 860 manducatio
1100 829 1232 858 contra
1260 821 1366 870 spiri-

301 876 477 914 ritualem
505 876 688 913 dividitur
714 888 814 925 quae
843 875 1024 912 effectum
1052 886 1132 912 non
1164 874 1366 923 consequi-

300 937 378 966 tur:
417 929 514 966 sicut
547 929 813 978 imperfectum
846 928 953 977 quod
991 940 1071 965 non
1108 927 1284 977 pertingit
1318 927 1367 964 ad

300 982 575 1032 perfectionem
603 980 754 1031 speciei,
775 980 958 1019 dividitur
984 988 1116 1019 contra
1143 981 1365 1031 perfectum.

354 1037 412 1072 An
439 1047 598 1072 TERTmM
630 1047 812 1072 1110οΝ1)οΜ
845 1035 971 1084 quod,
1001 1034 1097 1071 sicut
1125 1046 1242 1083 supra
1262 1033 1283 1055 ’¹‘
1315 1033 1367 1070 di-

301 1095 408 1125 ctum
445 1096 520 1134 est,
550 1088 707 1126 effectus
736 1088 962 1125 sacramenti
999 1095 1124 1138 potest
1160 1087 1208 1124 ab
1237 1087 1366 1136 aliquo

300 1141 458 1192 percipi,
479 1141 509 1178 si
536 1149 823 1179 sacramentum
841 1141 1030 1179 habeatur
1047 1141 1087 1178 in
1106 1148 1211 1184 vot0,
1231 1151 1367 1190 quarn—

2403 182 2478 220 229

1419 242 1478 280 vis
1497 255 1578 280 non
1596 244 1812 281 habeatur
1841 245 1880 282 in
1899 258 1951 283 re.
1977 248 2024 283 Et
2043 247 2142 294 ideo,
2163 249 2258 285 sicut
2277 249 2394 298 aliqui
2413 250 2478 287 ba-

1419 295 1609 344 ptizantur
1635 296 1825 344 baptismo
1853 298 2035 340 flaminis,
2064 308 2220 349 propter
2246 301 2479 339 desiderium

1420 348 1610 407 baptismi,
1631 356 1839 397 antequam
1866 350 2104 398 baptizentur
2128 352 2317 401 baptismo
2337 366 2476 403 aquae;

1420 400 1470 437 ita
1497 400 1613 437 etiam
1640 401 1757 449 aliqui
1785 402 2020 439 manducant
2047 403 2286 452 spiritualiter
2320 407 2397 443 hoc
2423 419 2478 444 sa-

1421 461 1660 489 cramentum
1707 461 1915 512 antequam
1955 457 2273 494 sacramentaliter
2311 467 2476 496 sumant.

1422 506 1499 543 Sed
1518 506 1593 542 hoc
1620 505 1802 554 contingit
1820 506 2028 555 dupliciter.
2058 509 2145 545 Uno
2174 510 2305 556 modo,
2325 519 2479 559 propter

1421 557 1654 595 desiderium
1673 558 1880 595 sumendi
1871 571 1999 608 ipsum
2018 569 2320 598 sacramentum:
2351 570 2387 598 et
2404 564 2480 600 hoc

1420 611 1541 648 modo
1569 610 1749 648 dicuntur
1775 611 1955 660 baptizari
1983 620 2019 649 et
2047 613 2279 650 manducare
2308 614 2479 663 spiritua·

1421 663 1503 700 liter
1521 671 1557 700 et
1575 676 1655 700 non
1675 664 2004 712 sacramentaliter,
2024 664 2075 702 illi
2096 665 2162 714 qui
2182 666 2395 703 desiderant
2419 680 2480 704 su-

1421 728 1526 753 mere
1553 717 1648 753 haec
1671 725 1907 754 sacramenta
1930 717 2008 754 iarn
2027 717 2204 755 instituta.
2233 718 2318 755 Alio
2346 720 2479 766 modo,

1421 777 1578 818 propter
1596 769 1778 817 figuram:
1808 770 1904 807 sicut
1923 770 2010 807 dicit
2029 772 2247 820 ApostolUS,
2272 773 2286 808 I
2305 773 2391 808 Cor.
2412 785 2435 809 x
2448 772 2479 818 ²⁸,
2508 780 2518 790 ·

1422 822 1529 871 quod
1556 822 1703 871 antiqui
1731 823 1860 859 Patres
1888 825 2060 872 baptizati
2084 830 2167 860 sunt
2195 826 2231 860 in
2261 826 2356 861 nube
2383 831 2415 861 et
2443 827 2480 861 in

1422 877 1538 922 mari,
1564 882 1602 911 et
1628 875 1735 924 quod
1757 876 1984 925 spiritualem
2013 889 2134 913 escam
2165 877 2482 914 manducaverunt

1422 934 1455 965 et
1472 929 1700 978 spiritualem
1713 934 1844 978 potum
1864 930 2042 966 biberunt.
2058 951 2084 956 —
2099 931 2182 966 Nec
2199 937 2329 967 tamen
2347 930 2482 967 frustra

1422 980 1625 1018 adhibetur
1643 981 1923 1019 sacramentalis
1942 981 2203 1020 manducatio:
2224 981 2315 1032 quia
2333 983 2482 1032 plenius

1422 1034 1568 1071 inducit
1596 1034 1823 1072 sacramenti
1850 1035 2030 1072 effectum
2057 1035 2139 1085 ipsa
2167 1036 2391 1073 sacramenti
2420 1049 2481 1073 su-

1422 1086 1566 1136 sceptio
1603 1099 1723 1136 quarn
1751 1089 1878 1125 solum
1913 1088 2166 1136 desiderium,
2196 1088 2291 1126 sicut
2328 1101 2443 1138 supra
2461 1089 2482 1111 *
2508 1094 2518 1105 ·

1421 1140 1520 1177 01108
1547 1140 1783 1190 baptismum
1810 1140 1957 1178 dictum
1985 1149 2050 1178 est.

1472 1253 1494 1287 ε)
1513 1254 1670 1280 habeatur...
1683 1255 1822 1281 habeatur.
1833 1268 1852 1273 ·-
1863 1254 1985 1280 habeat...
1998 1254 2113 1287 accipiat
2125 1255 2153 1285 P.
2166 1255 2322 1281 habeatur...
2334 1255 2483 1288 accipiatur

352 1253 378 1289 ὃ)
397 1258 497 1281 autem.
515 1268 534 1274 —
550 1255 632 1280 etiam
651 1255 679 1279 P.

1389 1259 1394 1325 Ι
1419 1296 1504 1315 cetera
1523 1290 1603 1315 tertia.
1621 1304 1640 1309 —
1659 1290 1709 1314 Pro
1727 1290 1819 1323 aliqui,
1838 1290 1943 1322 antiqui
1961 1290 2019 1315 GH.

1068 1419 1389 1462 ARTICULUS
1419 1419 1720 1462 SECUNDUS

299 1513 460 1546 UTRUM
477 1513 632 1546 SOLIUS
647 1513 833 1545 HOMINIS
849 1513 917 1545 SIT
933 1513 1028 1544 HOC
1044 1512 1381 1544 SACRAMENTUM
1392 1496 1575 1544 *SUMERE
1595 1513 1932 1550 SPIRITUALITER,
1949 1514 2034 1545 VEL
2050 1514 2190 1545 ETIAM
2207 1513 2483 1545 ANGELORUM

1123 1590 1158 1615 lV
1177 1590 1262 1620 Sent„
1282 1590 1341 1616 dist.
1359 1597 1394 1621 xx,
1414 1596 1460 1615 art.
1481 1597 1504 1622 2,
1525 1590 1574 1623 qu⁸
1593 1598 1618 1622 4,
1640 1590 1663 1615 5.

267 1853 274 1860 .
320 1826 456 1868 asu-ai.

351 1687 399 1715 -2
422 1700 473 1719 -.‹
497 1684 536 1709 1)
555 1683 746 1709 SECUNDUM
764 1682 816 1708 510
831 1681 1068 1708 raccant-rua.
1084 1669 1246 1707 Videtur
1261 1669 1369 1718 quod

312 1752 314 1754 -
330 1705 419 1774 Εἲς,
433 1716 493 1786 ’ἓῆ
513 1737 596 1762 11οη
623 1723 742 1761 5011115
769 1723 940 1761 11011111115
968 1723 1015 1760 511
1042 1723 1118 1761 1100
1155 1734 1369 1760 sacramen-

323 1764 481 1824 ,.ἠζρὲι,
461 1784 599 1819 (.tum
627 1789 781 1814 sumere
801 1775 1052 1827 spiritualiter,
1072 1776 1140 1813 sed
1168 1775 1283 1812 etiarn
1302 1787 1368 1812 an-

472 1824 502 1865 Κ
519 1831 701 1875 ,.010111111
723 1829 827 1877 Quia
845 1842 963 1879 super
981 1829 1074 1867 illud
1093 1828 1276 1875 Psalmi*‚
1295 1830 1368 1866 Pa-

299 1897 387 1924 nem
410 1885 637 1934 angelorum
660 1883 900 1921 manducavit
917 1884 1042 1929 homo,
1062 1881 1151 1920 dicit
1178 1857 1315 1919 Glos⁷sa
1328 1881 1366 1918 *ε

299 1929 400 1986 idest,
420 1949 556 1987 corpus
578 1938 724 1983 Christi,
745 1937 808 1986 qui
833 1942 884 1973 est
902 1948 989 1974 vere
1011 1937 1113 1974 cibus
1131 1935 1367 1985 angelorum.

300 1991 380 2030 Sed
411 1991 488 2028 1100
520 2002 601 2028 11011
629 1997 727 2028 05501
761 1989 792 2026 51
826 1988 949 2037 angeli
981 1988 1221 2038 spiritualiter
1259 1987 1368 2025 Chri-

299 2051 404 2091 stum
430 2056 512 2082 non
539 2043 829 2081 manducarent.
858 2043 960 2090 Ergo
980 2041 1103 2091 angeli
1128 2040 1368 2091 spiritualiter

301 2097 497 2136 Christum
528 2096 776 2134 manducant.

355 2162 391 2188 2.
412 2152 648 2197 Prummu,
666 2148 905 2197 Augustinus
931 2147 1033 2193 dicit,
1059 2159 1172 2196 super
1197 2148 1307 2184 Ioan.
1327 2146 1366 2183 *.

298 2205 419 2243 Hunc
454 2205 578 2241 cibum
607 2208 641 2239 et
661 2208 794 2252 potum
827 2203 1036 2239 societatem
1059 2205 1076 2222 α
1103 2200 1179 2238 vult
1213 2176 1370 2249 intelligi

299 2258 470 2308 corporis
488 2262 521 2293 et
539 2257 795 2293 membrorum
821 2267 987 2300 suorum,
1008 2254 1108 2303 quod
1133 2259 1184 2290 est
1200 2253 1368 2290 Ecclesia

299 2312 339 2348 in
356 2310 647 2360 praedestinatis.
677 2309 755 2346 Sed
773 2308 823 2345 ad
841 2308 953 2345 istam
972 2306 1191 2344 societatem
1209 2318 1289 2343 non
1309 2318 1366 2343 so-

301 2365 382 2401 lum
412 2362 603 2423 pertinent
627 2361 819 2421 11011111105,
848 2361 916 2398 5οᾱ
945 2360 1059 2397 etiam
1085 2358 1204 2396 sancti
1231 2358 1365 2406 angeli.

301 2417 405 2465 Ergo
426 2416 542 2454 etiam
560 2414 679 2453 sancti
706 2414 830 2463 angeli
849 2412 1091 2473 spiritualiter
1118 2412 1364 2449 manducant.

358 2469 392 2506 3.
422 2470 663 2515 PRAETEREA,
690 2467 939 2515 Augustinus,
969 2466 1008 2503 in
1036 2465 1134 2502 libro
1162 2466 1207 2502 de
1242 2466 1368 2502 Verbis

300 2524 459 2560 Domini
465 2522 498 2568 ²¹⁸,
517 2521 621 2559 dicit:
642 2521 888 2571 Spiritualiter
899 2519 1182 2557 manducandus
1195 2524 1247 2555 est
1260 2519 1366 2555 Chri-

300 2582 395 2614 stus:
422 2575 606 2626 quomodo
626 2572 642 2603 β
668 2575 745 2622 ipse
763 2573 860 2620 dicit,
883 2588 902 2607 «
925 2574 1001 2616 Qui
1016 2572 1218 2610 manducat
1243 2583 1366 2608 meam

302 2641 456 2667 carnem
476 2634 510 2665 et
536 2629 624 2666 bibit
650 2639 775 2672 meum
792 2627 1028 2676 sanguinem,
1048 2627 1085 2662 in
1105 2637 1166 2661 me
1192 2630 1317 2662 manet
1335 2630 1368 2661 et

302 2694 375 2733 ego
395 2684 432 2719 in
459 2693 503 2719 eo
525 2696 558 2718 ».
588 2680 666 2718 Sed
684 2681 761 2717 hoc
779 2678 960 2717 convenit
979 2690 1059 2715 non
1087 2679 1216 2715 solum
1243 2677 1367 2714 homi-

301 2734 435 2782 nibus,
463 2735 532 2772 sed
560 2733 675 2770 etiam
702 2732 840 2770 sanctis
868 2731 1028 2791 angelis,
1058 2731 1098 2768 in
1125 2730 1267 2780 quibus
1299 2742 1369 2779 per

301 2788 498 2828 entitatem
517 2794 573 2824 est
593 2786 777 2834 Christus,
798 2793 835 2822 et
852 2785 925 2835 ipsi
948 2784 988 2822 in
1007 2796 1065 2821 eo.
1095 2785 1198 2832 Ergo
1217 2783 1369 2820 videtur

301 2841 412 2902 quod
439 2839 679 2891 spiritualiter
706 2839 942 2876 manducare
969 2849 1051 2875 non
1069 2838 1198 2874 solum
1225 2836 1271 2873 sit
1298 2837 1367 2873 ho-

301 2891 469 2940 minum,
498 2893 567 2931 sed
593 2892 711 2930 etiarn
737 2893 976 2940 angelorum.

304 2982 307 2984 ,
356 2948 431 2986 SED
460 2957 606 2985 CONTRA
631 2958 697 2984 EST
723 2945 831 2995 quod
858 2943 1095 2993 Augustinus
1122 2942 1229 2988 dicit,
1258 2954 1369 2992 super

269 3023 276 3035 ,
302 3003 411 3040 Ioan.
431 3000 468 3038 *ε
498 3001 642 3037 Panem
669 2998 714 3036 de
736 2999 849 3036 altari
872 2997 1110 3048 spiritualiter
1133 2995 1366 3042 manducate,

265 3072 277 3078 ·
303 3055 553 3092 innocentiam
572 3052 623 3090 ad
639 3052 758 3090 altare
769 3057 924 3102 portate.
949 3050 1025 3088 Sed
1045 3050 1269 3097 angelorum
1287 3059 1367 3084 non

303 3115 360 3146 est
377 3107 558 3145 accedere
577 3105 627 3143 ad
646 3106 774 3151 altare,
787 3112 974 3154 tanquam
992 3102 1136 3152 aliquid
1155 3101 1244 3139 inde
1263 3112 1367 3138 surn-

302 3160 417 3211 pturi.
447 3160 549 3208 Ergo
569 3159 794 3208 angelorum
819 3169 900 3195 non
919 3164 975 3194 est
994 3154 1232 3205 spiritualiter
1258 3165 1367 3190 111811-

305 3214 458 3252 ducare.

357 3327 386 3362 a)
404 3328 566 3354 societatem.
593 3340 612 3346 -
638 3325 741 3358 Tei-tiu
768 3326 922 3352 sacietatem
940 3324 969 3355 F,
987 3331 1041 3349 om.
1060 3323 1144 3349 ceteri.
1171 3336 1190 3341 -
1217 3320 1267 3346 Pro
1286 3321 1365 3354 quod,

305 3371 373 3398 quae
392 3364 426 3395 P}
444 3364 521 3389 Alias
538 3363 611 3396 quod
628 3369 719 3395 margo
734 3346 766 3388 'P.

358 3398 386 3432 β)
403 3399 581 3432 quomoda-
598 3398 706 3431 quando
724 3397 779 3428 ΡΗ,
798 3396 852 3430 qne—o
869 3396 903 3427 lb,
922 3395 1047 3428 quoniam
1066 3393 1127 3419 Pae.

1474 1670 1700 1707 RESPONDEO
1723 1681 1906 1707 mcENDUM
1940 1670 2048 1719 quod
2075 1670 2114 1707 in
2142 1671 2219 1708 hoc
2246 1680 2483 1711 sacramento

1421 1722 1638 1759 continetur
1665 1722 1746 1771 ipse
1776 1722 1967 1769 Christus,
1997 1735 2077 1760 non
2105 1723 2264 1772 quidem
2292 1724 2331 1761 in
2359 1725 2484 1774 specie

1420 1775 1587 1824 propria,
1608 1775 1676 1812 sed
1695 1775 1735 1812 in
1754 1775 1880 1825 specie
1901 1776 2138 1813 sacramenti.
2167 1777 2377 1826 Dupliciter
2395 1790 2484 1826 ergo

1421 1827 1603 1876 contingit
1643 1828 1879 1866 manducare
1919 1828 2170 1878 spiritualiter.
2213 1830 2300 1867 Uno
2341 1831 2462 1869 modo
2475 1861 2483 1877 ‚

1421 1881 1552 1931 ipsum
1581 1881 1779 1920 Christum
1806 1889 1923 1931 prout
1950 1882 1989 1919 in
2017 1893 2088 1920 sua
2114 1882 2241 1931 specie
2260 1888 2276 1911 Υ
2303 1883 2483 1924 consistit.

1421 1936 1470 1972 Et
1483 1936 1560 1972 hoc
1578 1935 1700 1972 modo
1715 1935 1838 1983 angeli
1852 1934 2093 1984 spiritualiter
2106 1936 2343 1974 manducant
2355 1936 2482 1986 ipsum

1421 1988 1641 2035 Christum,
1670 1987 1917 2047 inquantum
1934 1987 1969 2025 ei
1997 1988 2183 2025 uniuntur
2218 1989 2396 2026 fruitione
2424 2002 2484 2027 ca-

1420 2041 1537 2078 ritatis
1564 2017 1752 2090 perfectae
1785 2048 1822 2077 et
1848 2040 1999 2078 visione
2024 2041 2223 2078 manifesta
2257 2043 2391 2091 (quem
2418 2055 2484 2092 pa-

1420 2106 1512 2131 nem
1531 2101 1779 2153 expectamus
1798 2093 1838 2130 in
1856 2093 2004 2143 patria):
2025 2092 2129 2131 non?⁵
2148 2106 2218 2143 per
2234 2094 2367 2140 fidem,
2387 2095 2485 2133 sicut

1420 2159 1493 2184 nos
1521 2146 1584 2183 hic
1611 2146 1647 2184 ei
1674 2146 1844 2184 unimur.

1473 2199 1559 2236 Alio
1597 2199 1717 2236 modo
1754 2198 1936 2247 contingit
1972 2198 2213 2248 spiritualiter
2248 2201 2483 2239 manducare

1421 2252 1619 2290 Christum
1653 2259 1769 2301 prout
1796 2259 1852 2289 est
1878 2252 1950 2289 sub
1983 2252 2183 2301 speciebus
2217 2252 2333 2290 huius
2361 2265 2483 2291 sacra-

1419 2305 1559 2343 menti:
1589 2305 1821 2354 inquantum
1840 2304 1979 2342 scilicet
1997 2305 2133 2354 aliquis
2160 2305 2279 2342 credit
2305 2305 2346 2343 in
2374 2307 2482 2344 Chri—

1420 2366 1523 2396 stum
1551 2370 1643 2395 cum
1670 2357 1860 2395 desiderio
1888 2358 2068 2395 sumendi
2090 2359 2167 2395 hoc
2187 2367 2486 2397 sacramentum..

1420 2413 1468 2449 Et
1487 2412 1563 2448 hoc
1582 2423 1663 2448 non
1686 2412 1814 2448 solum
1840 2418 1896 2448 est
1921 2411 2158 2448 manducare
2187 2411 2384 2448 Christum
2410 2412 2482 2461 spi-

1420 2464 1611 2511 ritualiter,
1641 2463 1708 2501 sed
1736 2463 1849 2501 etiam
1879 2463 2118 2514 spiritualiter
2145 2464 2380 2503 manducare
2407 2466 2482 2503 hoc

1419 2524 1715 2555 sacramentum.
1755 2516 1875 2564 Quod
1909 2529 1991 2554 non
2027 2516 2210 2566 competit
2246 2517 2398 2565 angelis.
2435 2519 2483 2556 Et

1420 2571 1507 2608 ideo
1536 2569 1678 2618 angeli,
1703 2569 1777 2619 ‘etsi
1795 2575 1807 2591 ἰ
1835 2569 2077 2619 spiritualiter
2103 2570 2339 2607 manducent
2373 2570 2481 2608 Chri-

1420 2631 1536 2669 stum,
1555 2635 1637 2660 non
1664 2622 1845 2661 convenit
1867 2630 1996 2660 tamen
2024 2622 2078 2660 eis
2105 2622 2346 2672 spiritualiter
2373 2635 2481 2661 man·

1420 2677 1562 2714 ducare
1590 2677 1667 2713 hoc
1694 2683 1989 2713 sacramentum.

1473 2731 1530 2766 AD
1559 2741 1694 2766 PRIMUM
1722 2741 1820 2766 ERGO
1839 2729 2148 2778 D1CENDtquuod
2174 2727 2343 2777 sumptio
2373 2728 2481 2766 Chri—

1421 2782 1466 2820 sti
1486 2782 1558 2819 sub
1578 2782 1654 2819 hoc
1672 2789 1911 2819 sacramento
1935 2781 2144 2828 ordinatur,
2166 2781 2262 2818 sicut
2280 2781 2330 2818 ad
2348 2781 2480 2829 finem,

1421 2836 1470 2872 ad
1496 2834 1718 2872 fruitionem
1745 2834 1900 2883 patriae,
1929 2833 2038 2883 qua‘
2066 2834 2188 2882 angeli
2215 2846 2263 2871 eo
2290 2834 2478 2871 fruuntur.

1421 2889 1469 2925 Et
1496 2887 1588 2937 quia
1620 2899 1666 2924 ea
1700 2899 1800 2936 quae
1835 2894 1924 2924 sunt
1955 2887 2004 2924 ad
2031 2886 2172 2934 finem,
2200 2886 2424 2924 derivantur
2459 2899 2482 2924 a

1421 2941 1510 2987 fine,
1539 2940 1629 2977 inde
1657 2947 1712 2977 est
1740 2939 1848 2989 quod
1874 2939 1944 2977 ista
1970 2939 2218 2977 manducatio
2238 2939 2377 2976 Christi
2404 2951 2482 2988 qua

1421 3006 1513 3031 eum
1546 2992 1738 3030 sumimus
1774 2993 1846 3029 sub
1884 2993 1960 3030 hoc
1995 2998 2255 3039 sacramento,
2292 2992 2482 3041 quodam-

1421 3047 1541 3084 modo
1575 3045 1769 3083 derivatur
1802 3046 1852 3083 ab
1888 3045 1951 3083 illa
1984 3045 2283 3082 manducatione
2310 3057 2388 3094 qua
2416 3057 2481 3082 an·

1419 3099 1491 3148 geli
1518 3099 1698 3136 fruuntur
1726 3098 1877 3136 Christo
1909 3097 1949 3135 in
1976 3097 2107 3147 patria.
2144 3098 2192 3135 Et
2223 3098 2311 3135 ideo
2346 3097 2483 3135 dicitur

1421 3153 1543 3189 homo
1562 3151 1796 3188 manducare
1810 3163 1951 3201 panem
1970 3151 2215 3201 angelorum:
2242 3150 2333 3200 quia
2355 3150 2482 3199 primo

1421 3213 1458 3242 et
1484 3204 1741 3279 principaliter
1772 3212 1827 3240 est
1854 3205 2101 3252 angelorum,
2130 3202 2198 3254 qui
2225 3215 2272 3240 eo
2305 3203 2483 3240 fruuntur

1473 3319 1495 3353 ε)
1515 3320 1613 3353 angeli,
1633 3319 1692 3345 etsi.
1709 3320 1807 3344 -licee
1824 3319 1915 3352 angeli
1933 3317 1962 3344 Ρ.

1472 3354 1498 3389 ζ)
1512 3355 1631 3387 patriae,
1644 3353 1798 3388 qum-31²1
1813 3355 1923 3387 patriae
1938 3361 1990 3386 quo
2002 3353 2071 3384 FsG,
2086 3351 2242 3387 (ordinatur
2260 3353 2298 3378 ad
2307 3352 2482 3386 fruitionem)

1417 3391 1527 3423 patriae
1545 3389 1627 3424 (stent
1644 3390 1681 3416 ad
1691 3389 1789 3424 finem)
1807 3396 1838 3416 eo
1857 3390 1935 3415 modo
1954 3396 2006 3422 quo
2025 3389 2062 3419 bc,
2072 3388 2156 3422 panis
2173 3395 2225 3421 quo
2244 3389 2285 3414 ed.
2298 3395 2325 3418 a,
2338 3394 2413 3421 pane
2430 3396 2482 3421 quo

357 3434 385 3468 γ)
407 3435 492 3460 Uno...
510 3434 604 3466 specie.
621 3448 640 3453 -
659 3434 744 3465 ipsum
765 3433 916 3458 Christum:
935 3438 987 3456 uno
1006 3430 1085 3455 modo
1102 3431 1184 3462 prout
1198 3428 1224 3453 in
1239 3427 1326 3460 specie
1337 3426 1366 3453 Ρ.
1421 3426 1506 3451 ceteri.

357 3469 383 3505 ὃ)
403 3477 465 3496 non.
482 3470 587 3500 -;PFl
607 3476 685 3494 nunc.

2555 786 2599 802 ers.
2614 787 2625 802 2
2640 787 2691 809 sqq.

2562 1100 2583 1115 u.
2600 1099 2661 1120 uix,
2677 1098 2719 1116 art.

2507 1127 2531 1146 4,
2546 1121 2574 1142 ad
2589 1126 2608 1142 2.
