2878 4088
133 401 145 412 ·
158 399 195 421 De
217 398 346 427 Octoginta

135 426 209 447 tribus
233 425 346 453 Quaen„

134 459 173 480 qu.
189 458 243 473 xxx.

134 923 145 933 ·
162 921 197 943 cf.
213 924 256 943 art.
270 927 293 948 4.

138 1630 148 1639 ·
162 1627 171 1649 1
195 1627 274 1654 Sent.‚
295 1628 347 1649 dist.

136 1658 349 1702 avil..qu.⁸¹¹13alr{.=2.

137 1680 249 1735 quthxg,
259 1710 301 1729 art.
314 1697 348 1730 ¹0:

130 2643 140 2654 ·
155 2642 221 2664 Vers.
239 2648 269 2670 15.

128 2695 139 2705 ·
153 2694 237 2716 Lomb.

129 2765 140 2776 ·
156 2764 220 2786 Vera.
238 2765 261 2787 6.

130 2793 140 2802 ‘
155 2791 190 2813 cf.
202 2792 300 2814 Aristot.
310 2792 342 2814 E—

129 2818 183 2840 mic.
193 2818 232 2841 lib.
243 2819 316 2847 111,c=
335 2834 341 2841 .

128 2851 191 2871 v1,n.
205 2845 316 2868 6.-S.T
334 2861 340 2868 .

128 2871 179 2892 lect.
197 2877 245 2894 xiv.

377 139 452 185 254

375 218 451 257 quia
473 226 541 246 non
558 215 718 256 quaelibet
741 215 899 255 placentia
922 215 1052 245 venialis
1069 214 1143 245 facit
1158 219 1327 255 peccatum
1351 223 1437 244 mor-

373 261 446 296 tale,
463 261 537 290 alias
561 269 658 290 omne
682 260 805 289 veniale
829 264 911 289 esset
933 259 1077 295 mortale,
1095 260 1170 301 quia
1195 258 1360 298 quodlibet
1383 266 1437 287 ve-

374 305 458 335 niale
474 305 587 344 placet,
605 313 680 334 cum
704 304 743 333 sit
758 303 994 340 voluntarium;
1020 303 1075 333 sed
1091 304 1160 334 talis
1176 303 1334 343 placentia
1353 311 1435 341 quae

375 349 414 379 ad
429 348 614 379 fruitionem
638 353 775 388 spectat,
800 348 833 378 in
857 357 921 388 qua
950 348 1054 378 omnis
1077 348 1219 378 humana
1237 347 1436 387 perversitas

375 393 528 429 consistit,
542 392 620 423 dum
637 392 730 422 rebus
747 392 873 422 utendis
879 393 1042 434 fruimur,
1056 398 1092 422 ut
1107 392 1306 432 Augustinus
1319 390 1394 420 dicit
1409 391 1436 420 ἦ

375 437 415 467 Et
447 438 492 467 sic
523 437 681 477 placentia
712 436 766 466 illa
796 446 879 477 quae
909 436 985 467 facit
1016 442 1184 476 peccatum
1215 435 1366 470 mortale,
1392 439 1438 464 est

375 482 505 511 actualis
525 481 698 521 placentia:
725 481 800 521 quia
824 490 921 511 omne
945 486 1114 521 peccatum
1137 480 1271 510 mortale
1301 480 1333 509 in
1365 484 1437 508 actu

376 526 528 556 consistit.
553 525 662 555 Potest
685 531 793 555 autem
817 526 1003 565 contingere
1019 524 1109 565 quod
1125 524 1248 564 aliquis,
1265 529 1437 563 postquam

375 570 498 600 veniale
521 575 691 610 peccatum
711 570 881 605 commisit,
898 569 976 599 nihil
993 569 1156 599 actualiter
1173 569 1291 609 cogitet
1308 567 1346 597 de
1363 577 1437 607 pec-

376 619 447 644 cato
471 614 522 644 vel
546 613 735 644 dimittendo
760 614 811 644 vel
833 613 984 649 tenendo,
1009 613 1064 644 sed
1088 614 1206 653 cogitet
1237 612 1319 643 forte
1349 611 1439 652 quod

375 658 551 698 triangulus
574 659 670 688 habet
692 663 755 689 tres
778 659 913 698 angulos
937 658 1085 698 aequales
1114 657 1242 688 duobus
1273 657 1382 692 rectis,
1408 662 1439 686 et

375 703 409 733 in
432 703 492 733 hac
516 703 710 742 cogitatione
735 702 915 732 obdormiat
939 708 970 732 et
993 703 1156 732 moriatur.
1180 720 1203 724 -
1233 701 1326 732 Unde
1349 706 1439 741 patet

376 747 466 787 quod
489 747 568 777 haec
592 747 704 787 opinio
729 747 864 776 omnino
889 747 1076 777 irrationalis
1101 751 1156 776 est.

431 791 472 821 Et
495 790 568 821 ideo
593 800 668 820 cum
693 791 759 820 aliis
783 790 956 821 dicendum
980 790 1070 830 quod
1090 790 1185 830 culpa
1200 790 1331 820 venialis
1347 790 1381 819 in
1398 799 1437 820 eo

376 835 433 875 qui
456 844 531 865 cum
561 835 659 874 gratia
689 833 831 869 decedit,
856 840 930 874 post
953 835 1035 865 hanc
1058 835 1156 864 vitam
1186 834 1354 864 dimittitur
1383 843 1439 874 per

375 880 483 919 ignem
506 878 743 918 purgatorium:
769 878 843 917 quia
866 887 973 917 poena
995 879 1066 914 illa,
1091 878 1268 918 aliqualiter
1291 878 1438 908 volunta-

375 924 419 953 ria
435 924 461 959 ’ζ
486 923 600 952 virtute
616 922 733 961 gratiae
757 922 885 951 habebit
901 922 965 951 vim
989 921 1137 962 expiandi
1161 922 1290 961 culpam
1306 931 1438 952 omnem

375 976 457 1007 quae
480 966 575 996 simul
600 975 675 996 cum
698 966 797 1005 gratia
820 971 900 995 stare
924 970 1040 1005 potest.

428 1011 479 1040 An
507 1019 624 1040 ramum
655 1020 738 1040 naso
766 1019 925 1039 DICENDUM
955 1009 1044 1049 quod
1076 1009 1191 1040 Glossa
1221 1009 1365 1049 loquitur
1398 1009 1438 1040 de

374 1059 507 1095 peccato
531 1053 668 1084 mortali.

428 1099 488 1129 Vel
512 1097 685 1128 dicendum
709 1097 812 1137 quod,
838 1098 983 1138 quamvis
1006 1098 1040 1133 in
1063 1098 1123 1128 hac
1146 1098 1210 1128 vita
1239 1106 1307 1127 non
1340 1098 1438 1128 corri-

373 1148 464 1183 gatur
486 1144 520 1173 in
543 1152 593 1179 se,
618 1143 785 1182 corrigitur
807 1147 915 1172 tamen
938 1143 972 1172 in
995 1143 1128 1172 merito:
1155 1142 1230 1182 quia
1257 1142 1309 1172 hic
1336 1142 1436 1172 homo

373 1188 489 1218 meruit
512 1193 548 1218 ut
569 1187 615 1218 ibi
637 1187 690 1217 illa
712 1196 819 1226 poena
843 1187 881 1216 sit
904 1187 1066 1217 meritoria
1089 1187 1157 1216 sibi.

428 1232 479 1262 An
496 1241 658 1262 summm
673 1241 833 1261 mmmmm
849 1230 940 1271 quod
955 1236 1122 1271 peccatum
1140 1230 1264 1261 veniale
1280 1231 1438 1271 contingit

374 1286 411 1306 ex
435 1276 642 1316 corruptione
665 1274 795 1311 fomitis,
821 1276 877 1315 qui
901 1276 933 1305 in
958 1276 1063 1306 anima
1086 1280 1229 1315 separata
1258 1276 1291 1305 in
1321 1284 1437 1315 purga-

372 1321 456 1351 torio
481 1320 634 1351 existente
656 1329 724 1350 non
748 1320 815 1350 erit.
839 1320 880 1350 Et
903 1319 976 1350 ideo
1000 1329 1068 1350 non
1091 1320 1208 1360 poterit
1231 1329 1364 1359 peccare
1383 1329 1437 1350 ve-

373 1365 506 1395 nialiter.
540 1364 603 1395 Sed
634 1365 778 1394 remissio
812 1364 925 1404 culpae
955 1365 1087 1394 venialis
1122 1369 1168 1394 est
1201 1373 1238 1394 ex
1271 1364 1437 1395 voluntate

373 1410 471 1450 gratia
493 1408 673 1445 informata,
698 1418 781 1449 quae
803 1409 837 1439 in
860 1410 1046 1449 purgatorio
1070 1409 1129 1439 erit
1151 1409 1184 1439 in
1215 1409 1320 1439 anima
1348 1418 1438 1449 sepa-

373 1459 448 1484 rata.
473 1454 514 1484 Et
537 1452 610 1483 ideo
634 1462 702 1483 non
727 1459 774 1484 est
796 1453 907 1483 simile.

428 1499 479 1528 A»
504 1508 639 1528 ‘ran-rrum
662 1508 821 1528 mmmmm
846 1497 936 1537 quod
958 1497 1094 1528 venialia
1123 1507 1191 1528 non
1222 1498 1344 1528 variant
1377 1503 1438 1528 sta—

373 1548 444 1573 tum
467 1543 623 1572 hominis:
649 1543 724 1582 quia
747 1552 854 1583 neque
878 1541 996 1572 tollunt
1018 1551 1126 1582 neque
1149 1542 1342 1573 deminuunt
1361 1543 1439 1573 cari-

374 1592 483 1623 tatem,
499 1586 678 1617 secundum
702 1596 800 1626 quam
816 1592 1017 1617 mensuratur
1033 1586 1192 1627 quantitas
1207 1587 1361 1626 gratuitae
1381 1587 1440 1617 bo-

374 1631 480 1661 nitatis
504 1631 628 1661 animae
644 1632 670 1661 ⁴⁶.
705 1631 746 1661 Et
773 1631 846 1661 ideo
877 1640 935 1671 per
966 1631 1030 1661 hoc
1062 1630 1152 1671 quod
1175 1631 1310 1661 venialia
1334 1631 1440 1662 dimit-

375 1681 486 1706 tuntur
509 1675 559 1705 vel
583 1676 839 1711 committuntur,
863 1675 933 1705 talis
956 1681 1064 1706 manet
1087 1676 1191 1706 anima
1216 1676 1318 1716 qualis
1341 1677 1439 1716 prius.

431 1720 481 1750 An
499 1729 647 1750 omarum
664 1729 822 1750 monimum
838 1719 927 1760 quod
944 1725 1017 1759 post
1032 1720 1115 1750 hanc
1131 1720 1229 1750 vitam
1245 1729 1313 1750 non
1333 1726 1440 1760 potest

377 1774 444 1795 esse
468 1765 618 1794 meritum
645 1769 793 1804 respectu
822 1764 955 1803 praemii
984 1763 1166 1794 essentialis.
1202 1763 1265 1794 Sed
1294 1770 1442 1804 respectu

377 1809 510 1839 alicuius
535 1807 736 1838 accidentalis
758 1814 866 1848 potest
889 1818 967 1843 esse,
992 1807 1135 1848 quandiu
1163 1813 1271 1838 manet
1290 1809 1391 1839 homo
1408 1810 1442 1839 in

377 1858 459 1883 statu
481 1853 550 1883 viae
577 1852 686 1892 aliquo
710 1852 821 1882 modo.
846 1852 887 1882 Et
901 1851 975 1882 ideo
991 1853 1025 1882 in
1048 1853 1233 1892 purgatorio
1250 1858 1356 1892 potest
1373 1863 1440 1883 esse

377 1903 465 1927 actus
488 1898 669 1927 meritorius
693 1902 850 1935 quantum
874 1896 914 1926 ad
929 1897 1150 1927 remissionem
1166 1897 1279 1936 culpae
1295 1897 1435 1927 venialis.

817 136 1083 182 QUAESTIO
1113 136 1182 172 DE
1213 133 1568 179 PURGATORIO,
1596 133 1889 171 ARTICULUS
1925 134 2001 180 VII,
2023 133 2103 171 VIII

1534 212 1611 246 ,San
1628 222 1761 248 CONTRA,
1778 221 1885 252 poena
1910 213 2085 252 purgatorii
2109 218 2155 243 est
2177 213 2303 253 gravior
2326 222 2424 253 quam
2447 223 2554 254 poena

1493 257 1653 296 quaelibet
1676 257 1771 287 huius
1794 256 1925 292 mundi,
1950 261 1986 287 ut
2009 265 2105 296 supra
2126 258 2143 273 ⁴·
2167 256 2289 287 dictum
2313 263 2368 287 est.
2403 257 2466 288 Sed
2498 267 2556 298 per

1492 310 1633 341 poenam
1657 300 1897 331 satisfactoriam
1921 309 2019 340 quam
2043 301 2158 340 aliquis
2181 302 2214 331 in
2241 301 2300 331 hac
2324 301 2387 332 vita
2410 302 2554 338 sustinet,

1493 346 1636 385 expiatur
1659 355 1677 374 a
1700 344 1808 375 debito
1842 354 1978 385 poenae.
2012 345 2097 385 Ergo
2121 345 2226 376 multo
2257 344 2370 376 fortius
2397 355 2454 385 per
2475 355 2555 386 poe-

1461 407 1468 426 ς
1492 399 1567 419 nam
1590 390 1776 429 purgatorii.

1547 434 1737 464 Rusponmzo
1766 442 1926 463 monimum
1954 432 2044 473 quod
2067 433 2267 473 quicumque
2290 438 2337 463 est
2361 433 2486 464 debitor
2501 434 2557 464 ali-

1494 479 1595 514 cuius,
1619 487 1676 518 per
1699 478 1762 508 hoc
1787 487 1803 507 a
1828 477 1936 508 debito
1961 477 2134 508 absolvitur
2158 476 2247 517 quod
2276 477 2418 508 debitum
2451 478 2555 509 solvit.

1493 522 1533 552 Et
1557 523 1633 562 quia
1655 527 1760 552 reatus
1783 522 1862 552 nihil
1887 527 1933 552 est
1956 521 2042 552 aliud
2066 531 2164 562 quam
2188 521 2331 552 debitum
2347 531 2483 562 poenae,
2500 531 2557 562 per

1493 567 1556 597 hoc
1580 566 1670 606 quod
1693 566 1806 606 aliquis
1830 575 1970 606 poenam
1994 566 2128 596 sustinet
2151 575 2249 605 quam
2273 565 2418 602 debebat,
2435 576 2453 596 a
2468 572 2557 597 reatu

1454 627 1479 641 ιο
1493 610 1676 641 absolvitur.
1710 611 1751 641 Et
1783 610 1962 641 secundum
1992 611 2056 641 hoc
2085 619 2193 650 poena
2222 611 2397 650 purgatorii
2427 621 2445 641 a
2467 616 2557 642 reatu

1516 665 1554 686 ur
1577 661 1616 685 at.

1493 665 1514 695 p
1548 665 1599 730 {n
1623 709 1740 730 pamma
1764 709 1846 729 mmo
1870 709 2031 729 pronubum
2055 688 2150 739 quod
2167 704 2290 734 reatus,
2314 700 2460 739 quamvis
2489 708 2558 730 non

1493 745 1646 784 importet
1669 743 1855 774 foeditatem
1879 748 2036 783 quantum
2060 744 2093 774 in
2117 753 2150 773 se
2175 748 2231 778 est,
2255 748 2363 774 tamen
2387 743 2483 774 habet
2506 753 2557 774 or-

1494 788 1602 819 dinem
1626 788 1666 818 ad
1689 788 1875 819 foeditatem
1899 797 1938 818 ex
1962 797 2056 818 eausa
2079 797 2145 818 sua.

1454 848 1476 868 ις
1548 833 1599 862 An
1624 842 1786 863 sacunnuu
1808 842 1969 863 monimum
1993 832 2082 872 quod
2101 841 2217 872 poena,
2235 832 2381 872 quamvis
2396 841 2464 862 non
2480 841 2559 862 con-

1493 877 1638 907 trarietur
1668 886 1810 917 poenae,
1835 882 1943 908 tamen
1975 877 2184 908 contrariatur
2206 877 2307 907 reatui
2331 875 2370 907 ad
2399 885 2557 917 poenam:

1494 921 1569 960 quia
1593 930 1631 951 ex
1654 921 1718 951 hoc
1740 926 1849 951 manet
1872 921 2025 961 obligatio
2049 921 2088 951 ad
2118 931 2276 961 poenam,
2301 920 2391 962 quod
2418 930 2559 961 poenam

1493 974 1560 994 non
1584 965 1743 1000 sustinuit,
1768 974 1866 1005 quam
1891 965 2036 995 debebat.

1548 1008 1598 1038 An
1630 1018 1764 1038 Tem-rum
1797 1019 1957 1039 menapum
1980 1008 2070 1049 quod
2099 1010 2133 1039 in
2164 1009 2285 1040 eisdem
2316 1010 2420 1040 verbis
2452 1018 2558 1040 sacrae

1453 1066 1479 1080 ιο
1493 1051 1675 1092 Scripturae
1705 1053 1780 1082 latet
1802 1053 1971 1093 multiplex
1993 1053 2182 1083 intellectus.
2219 1053 2313 1084 Unde
2342 1059 2373 1084 et
2394 1054 2447 1084 ille
2472 1054 2559 1096 ignis

1492 1101 1599 1136 potest
1623 1096 1756 1137 intelligi
1779 1097 1940 1127 tribulatio
1963 1106 2123 1136 praesens,
2140 1097 2191 1127 vel
2214 1106 2322 1137 poena
2345 1107 2493 1138 sequens.
2518 1098 2559 1128 Et

1492 1150 1549 1180 per
1572 1146 1743 1180 utramque
1766 1141 1901 1171 venialia
1931 1141 2059 1181 purgari
2082 1147 2228 1181 possunt.
2265 1141 2328 1172 Sed
2352 1141 2443 1182 quod
2471 1151 2559 1172 mors
2587 1138 2598 1149 '

1491 1185 1642 1216 naturalis
1666 1184 1706 1215 ad
1729 1185 1792 1215 hoc
1815 1194 1884 1215 non
1907 1184 2053 1222 sufficiat,
2078 1194 2174 1225 supra
2189 1186 2206 1202 ⁸*
2230 1185 2353 1216 dictum
2377 1191 2432 1216 est.

1451 1287 1475 1307 ²5
1572 1282 1672 1313 ART.
1689 1282 1771 1313 VIII.
1797 1289 1901 1313 UTRUM
1925 1293 1964 1313 AB
1987 1292 2059 1313 ILLA
2082 1292 2185 1313 romu
2208 1293 2287 1314 unus
2310 1293 2482 1314 mannam

1927 1336 2000 1357 ALIO
2026 1337 2124 1358 crrtus

1801 1374 1834 1396 1v
1847 1375 1925 1402 Sent„
1941 1375 1993 1397 din.
2009 1381 2074 1403 ιινι,
2089 1381 2129 1403 qu.
2143 1381 2159 1402 ι,
2174 1379 2216 1398 art.
2230 1381 2251 1404 3.

1495 1465 1579 1528 Ab
1603 1463 1751 1485 oei-avum
1767 1463 1812 1484 src
1828 1463 2034 1484 pnocnnrrtm.
2058 1453 2193 1484 Videtur
2213 1453 2303 1494 quod
2324 1454 2363 1484 ab
2385 1454 2439 1484 illa
2454 1463 2562 1495 poena

1466 1508 1480 1523 0

1558 1509 1643 1529 unus
1666 1508 1734 1529 non
1758 1499 1908 1529 liberetur
1939 1498 2001 1528 alio
2031 1498 2134 1528 citius.
2164 1498 2297 1536 Quanto
2321 1499 2408 1529 enim
2435 1499 2562 1539 gravior

1494 1549 1541 1574 est
1557 1544 1652 1584 culpa
1669 1549 1700 1573 et
1717 1543 1821 1573 maior
1839 1547 1954 1578 reatus,
1971 1547 2061 1573 tanto
2085 1543 2229 1573 acerbior
2251 1551 2359 1583 poena
2381 1543 2560 1583 imponitur

1494 1589 1528 1619 in
1552 1588 1748 1628 purgatorio.
1774 1586 1837 1618 Sed
1861 1596 1944 1627 quae
1969 1592 2016 1617 est
2038 1587 2207 1627 proportio
2235 1596 2362 1627 poenae
2391 1587 2562 1618 acerbioris

1495 1632 1535 1664 ad
1558 1633 1687 1672 culpam
1709 1633 1898 1672 graviorem,
1915 1631 2026 1661 eadem
2045 1637 2091 1662 est
2107 1632 2276 1671 proportio
2292 1641 2418 1672 poenae
2433 1632 2562 1663 levioris

1495 1677 1535 1708 ad
1559 1677 1688 1717 culpam
1712 1677 1876 1706 leviorem.
1902 1676 1988 1716 Ergo
2012 1677 2054 1706 ita
2073 1676 2138 1706 cito
2155 1676 2306 1707 liberatur
2321 1686 2406 1707 unus
2423 1686 2440 1706 a
2455 1685 2563 1717 poena

1456 1733 1478 1753 ³5
1494 1722 1548 1752 illa
1571 1722 1653 1751 sicut
1677 1721 1767 1751 alius.

1551 1775 1580 1796 2.
1605 1765 1801 1800 Puni-anm,
1825 1764 2046 1804 inaequalibus
2069 1764 2189 1794 meritis
2212 1764 2390 1796 redduntur
2412 1765 2562 1806 aequales

1495 1810 1719 1840 retributiones
1748 1814 1779 1839 et
1801 1809 1835 1838 in
1859 1809 1952 1839 coelo
1977 1814 2008 1838 et
2030 1809 2064 1838 in
2087 1807 2232 1845 inferno,
2257 1814 2416 1849 quantum
2439 1809 2479 1841 ad
2502 1809 2563 1841 du-

1495 1855 1661 1885 rationem.
1686 1854 1772 1893 Ergo
1797 1852 1921 1883 videtur
1944 1862 2012 1883 esse
2036 1853 2178 1883 similiter
2200 1853 2233 1883 in
2257 1854 2453 1893 purgatorio.

1551 1898 1613 1929 Sar>
1638 1908 1762 1928 comm
1792 1907 1847 1926 sssr
1877 1895 2053 1927 similitudo
2083 1897 2251 1937 Apostoli,
2279 1898 2336 1938 qui
2370 1897 2562 1929 differentias

429 1941 480 1970 An
506 1950 645 1971 oumrtm
668 1950 828 1970 monimum
852 1940 951 1979 quod,
977 1941 1123 1980 quamvis
1147 1940 1270 1970 veniale
1299 1950 1336 1970 ex
1364 1950 1439 1980 pro·
1454 1953 1481 1973 40
1495 1942 1669 1973 venialium
1703 1951 1760 1982 per
1783 1941 1926 1982 lignum,
1948 1942 2070 1982 fenum
2093 1947 2125 1971 et
2154 1941 2307 1981 stipulam
2330 1941 2520 1981 significavit
2533 1943 2561 1973 *ἦ

375 1985 472 2015 nitate
496 1984 616 2015 fomitis
640 1985 813 2024 contingat,
838 1989 945 2014 tamen
970 1984 1064 2024 culpa
1088 1985 1120 2014 in
1143 1990 1252 2014 mente
1269 1986 1440 2025 consequi-

375 2034 436 2059 tur.
460 2029 501 2059 Et
524 2028 608 2064 ideo,
633 2029 728 2059 etiam
753 2027 914 2058 destructo
939 2027 1061 2064 fomite,
1079 2028 1173 2068 culpa
1190 2028 1294 2059 adhuc
1310 2038 1439 2060 manere

375 2078 490 2113 potest.

502 2147 601 2178 ART.
619 2147 686 2177 VII.
711 2157 817 2177 uranu
841 2157 922 2177 roms
947 2157 1160 2178 romu-tomus
1185 2158 1313 2179 mmmm

759 2202 779 2221 A
803 2201 904 2221 REATU
927 2201 1049 2222 POENAE

707 2239 831 2267 Compend.
849 2239 940 2266 Theou,
956 2246 1007 2267 cap.
1023 2246 1105 2262 cmxxxi

375 2305 458 2368 ΑΙ)
487 2305 639 2326 sep-rmum
667 2305 712 2326 sm
736 2305 941 2325 raecum-rua.
974 2295 1107 2326 Videtur
1131 2295 1220 2336 quod
1250 2297 1332 2336 ignis
1362 2306 1438 2337 pur-

437 2341 577 2380 gatorius
593 2349 661 2370 non
677 2340 789 2370 liberet
809 2350 827 2370 a
846 2345 935 2370 reatu
958 2349 1094 2380 poenae.
1121 2340 1235 2371 Omnis
1258 2341 1344 2371 enim
1360 2351 1436 2382 pur-

1495 1986 1558 2017 Sed
1589 1991 1714 2016 constat
1746 1985 1836 2025 quod
1865 1985 1990 2025 lignum
2021 1984 2140 2016 diutius
2167 1991 2277 2016 manet
2303 1986 2337 2016 in
2360 1987 2434 2026 igne
2463 1995 2562 2028 quam

1495 2030 1606 2061 fenum
1630 2035 1662 2061 et
1685 2029 1810 2070 stipula.
1842 2029 1928 2069 Ergo
1959 2039 2062 2060 unum
2093 2035 2264 2070 peccatum
2286 2030 2410 2061 veniale
2443 2030 2563 2062 diutius

1494 2076 1627 2115 punitur
1649 2075 1682 2105 in
1706 2074 1892 2114 purgatorio
1911 2083 2010 2114 quam
2033 2073 2128 2104 aliud.

1549 2120 1740 2150 Responmzo
1764 2128 1924 2148 menapum
1948 2117 2039 2158 quod
2062 2118 2221 2158 quaedam
2245 2119 2379 2150 venialia
2403 2125 2479 2150 sunt
2492 2129 2561 2151 ma-

1453 2174 1477 2194 45
1493 2164 1569 2194 ioris
1601 2163 1823 2194 adhaerentiae
1858 2172 1956 2202 quam
1989 2163 2067 2198 alia,
2097 2162 2276 2194 secundum
2309 2163 2400 2204 quod
2430 2163 2562 2196 affectus

1493 2209 1594 2248 magis
1618 2207 1657 2238 ad
1681 2217 1717 2238 ea
1740 2208 1911 2238 inclinatur
1935 2213 1966 2238 et
1990 2207 2103 2238 fortius
2126 2208 2159 2238 in
2191 2208 2235 2238 eis
2265 2206 2383 2248 figitur.
2416 2208 2458 2239 Et
2483 2209 2560 2250 quia

1494 2263 1531 2284 ea
1555 2262 1636 2293 quae
1660 2257 1734 2283 sunt
1753 2252 1882 2283 maioris
1902 2251 2133 2288 adhaerentiae,
2150 2251 2269 2283 tardius
2284 2258 2471 2293 purgantur,
2487 2253 2561 2284 ideo

1493 2297 1624 2338 quidam
1648 2297 1681 2327 in
1705 2297 1892 2337 purgatorio
1923 2296 2042 2327 diutius
2073 2305 2171 2336 quam
2200 2296 2252 2327 alii
2279 2302 2488 2337 torquentur,
2513 2307 2563 2328 se-

1493 2341 1638 2372 cundum
1662 2340 1751 2381 quod
1775 2340 1906 2371 affectus
1931 2350 2045 2372 eorum
2069 2340 2109 2372 ad
2131 2341 2267 2371 venialia
2290 2341 2350 2372 fuit
2373 2342 2473 2382 magis
2501 2342 2559 2373 lm·

371 2385 457 2424 gatio
481 2385 608 2425 respicit
641 2383 839 2414 foeditatem.
871 2384 935 2415 Sed
966 2394 1072 2425 poena
1102 2394 1170 2415 non
1201 2386 1352 2425 importat
1382 2386 1437 2416 ali-
1452 2395 1478 2415 50
1491 2396 1624 2417 mersus.

373 2438 471 2468 quam
494 2428 689 2459 foeditatem.
721 2429 807 2469 Ergo
838 2429 925 2469 ignis⁴
949 2429 1152 2469 purgatorius
1183 2439 1250 2460 non
1281 2430 1392 2460 liberat
1419 2440 1437 2460 a

371 2482 487 2513 poena.

428 2527 458 2547 2.
482 2517 678 2554 Pium-muza,
699 2518 895 2548 contrarium
917 2527 986 2547 non
1009 2523 1163 2558 purgatur
1185 2518 1245 2548 nisi
1268 2527 1326 2558 per
1340 2528 1436 2549 suum

372 2562 577 2592 contrarium.
605 2561 668 2592 Sed
683 2571 790 2602 poena
805 2571 874 2592 non
890 2562 1099 2592 contrariatur
1114 2571 1249 2602 poenae.
1277 2563 1363 2603 Ergo
1379 2572 1436 2603 per

1545 2431 1597 2461 An
1621 2439 1738 2460 panum
1762 2439 1845 2460 saoo
1862 2439 2022 2460 mcnuntm
2045 2429 2135 2471 quod
2163 2430 2316 2460 acerbitas
2336 2439 2462 2471 poenae
2485 2439 2561 2471 pro-

1491 2475 1559 2515 prie
1581 2473 1755 2515 respondet
1779 2474 1947 2514 quantitati
1969 2470 2099 2515 culpae:
2130 2474 2187 2505 sed
2211 2474 2400 2505 diuturnitas
2427 2484 2562 2516 respon-

1491 2519 1544 2550 det
1566 2519 1753 2550 radicationi
1773 2518 1887 2559 culpae
1906 2519 1939 2549 in
1955 2520 2110 2550 subiecto.
2135 2518 2229 2550 Unde
2244 2524 2352 2560 potest
2374 2520 2560 2560 contingere

1491 2563 1581 2604 quod
1597 2563 1711 2604 aliquis
1735 2562 1853 2594 diutius
1870 2568 2013 2594 moretur
2031 2564 2088 2604 qui
2102 2564 2210 2594 minus
2226 2563 2384 2604 affligitur,
2401 2569 2432 2594 et
2449 2573 2466 2595 e
2482 2573 2560 2595 con—

371 2615 511 2645 poenam
534 2607 710 2646 purgatorii
733 2615 800 2636 non
825 2611 978 2646 purgatur
1002 2606 1115 2646 aliquis
1138 2617 1156 2636 a
1179 2612 1268 2637 reatu
1298 2617 1434 2647 poenae.
1451 2623 1474 2644 ςς
1491 2618 1594 2639 verso.

427 2650 456 2681 3.
474 2650 670 2686 Priamus-A,
685 2650 696 2680 Ι
712 2651 788 2681 Cor.
804 2660 847 2686 111,
861 2660 957 2690 super
977 2650 1055 2681 illud
1072 2652 1098 2686 ’ξ
1112 2650 1229 2682 Salvus
1245 2651 1307 2682 erit
1325 2652 1372 2682 sic
1388 2657 1436 2682 ta-

371 2704 441 2724 men
459 2700 529 2730 etc.‚
544 2694 619 2724 dicit
636 2694 750 2725 Glossa
762 2696 793 2725 ’2
811 2695 904 2736 Ignis
921 2695 979 2725 iste
994 2700 1041 2725 est
1056 2696 1189 2726 tentatio
1206 2695 1434 2732 tribulationis,

370 2738 408 2769 de
431 2748 495 2779 qua
514 2739 668 2779 scriptum
690 2744 752 2775 est,
780 2752 793 2766 α
814 2739 896 2769 Vasa
908 2739 1015 2781 figuli
1032 2740 1154 2780 probat
1167 2741 1311 2781 fornax,
1329 2745 1389 2771 etc.
1406 2754 1433 2776 »,

369 2783 470 2814 Eccli.
493 2794 577 2814 xxvn
592 2784 619 2813 ἦ
655 2784 740 2823 Ergo
765 2784 866 2814 homo
898 2784 1043 2824 expiatur
1067 2785 1104 2814 ab
1129 2785 1220 2815 omni
1243 2794 1350 2825 poena
1378 2794 1435 2825 per

1546 2653 1596 2683 An
1621 2662 1783 2683 sacunmm
1810 2661 1976 2682 »mannum
2007 2651 2097 2692 quod
2129 2657 2299 2692 peccatum
2329 2652 2482 2688 mortale,
2507 2653 2560 2683 cui

1491 2696 1623 2727 debetur
1647 2697 1843 2737 supplicium
1866 2695 1999 2732 inferni,
2024 2702 2055 2727 et
2079 2697 2206 2733 caritas,
2232 2697 2284 2727 cui
2309 2696 2441 2728 debetur
2467 2706 2559 2737 prae-

1490 2742 1592 2772 mium
1616 2741 1762 2781 paradisi,
1778 2741 1950 2781 posthanc
1973 2741 2071 2771 vitam
2095 2740 2276 2772 radicantur
2298 2741 2506 2772 immobiliter
2525 2741 2560 2772 in

1490 2786 1645 2816 subiecto.
1671 2786 1711 2816 Et
1734 2785 1808 2816 ideo
1833 2790 1992 2825 quantum
2016 2785 2055 2816 ad
2079 2794 2194 2816 omnes
2218 2790 2265 2816 est
2293 2785 2406 2816 eadem
2436 2785 2559 2816 diutur-

369 2837 490 2867 poenas
510 2829 605 2858 huius
621 2827 745 2864 mundi,
762 2828 874 2858 saltem
894 2838 951 2868 per
969 2834 1117 2865 mortem,
1136 2838 1218 2869 quae
1235 2834 1282 2860 est
1297 2830 1435 2860 maxima
1448 2840 1476 2859 ⁶0
1489 2831 1570 2860 nitas
1593 2830 1776 2870 utrobique.
1802 2829 1902 2861 Secus
1926 2835 2034 2860 autem
2051 2835 2098 2860 est
2114 2829 2155 2860 de
2169 2834 2304 2870 peccato
2327 2829 2453 2866 veniali,
2469 2828 2559 2870 quod

368 2881 548 2912 poenarum
560 2873 591 2909 *3
617 2878 647 2903 et
670 2882 737 2903 non
761 2882 818 2913 per
841 2873 1061 2913 purgatorium
1086 2874 1203 2914 ignem.

1489 2875 1522 2905 in
1546 2875 1731 2915 purgatorio
1755 2875 1898 2914 punitur,
1924 2879 1959 2905 ut
1983 2883 2021 2905 ex
2045 2874 2136 2905 dictis
2152 2875 2168 2891 ⁸*
2192 2879 2288 2914 patet.

2582 267 2593 277 ·
2608 265 2659 288 Art.
2673 271 2694 295 3.

2589 1945 2601 1956 ·
2609 1944 2621 1967 1
2631 1943 2697 1971 Con,
2709 1949 2761 1972 cap.
2769 1949 2805 1972 m,

2589 1977 2650 1994 vm·
2666 1975 2698 1994 u.
