2918 4088
82 494 130 526 JCI.
157 493 291 519 uaesitumi,

80 525 142 542 intro
160 536 166 542 .

78 748 90 760 ·
106 747 154 775 Qu.
169 753 195 770 u.

79 883 131 906 ‘Aa
134 883 235 912 Philipp.
240 889 292 910 cap.

79 916 106 938 u,
121 915 181 932 vers.
195 916 209 938 7
227 916 279 938 sqq.

79 1010 189 1039 'Qu-3·

46 1255 56 1291 ¹·
79 1275 143 1299 ‘Ad
161 1275 225 1299 Rom.
241 1281 293 1304 eap-

44 1314 46 1318 ‚
79 1308 126 1331 vm,
140 1308 201 1326 vern.
215 1303 251 1326 ¹8.

79 1831 296 1882 :mas-..aa

82 1885 100 1908 ι,
113 1885 175 1903 vers.
183 1885 225 1908 ⁸⁴·

84 2429 96 2441 ⁰
110 2427 170 2451 Pan.
190 2427 238 2456 111,
257 2434 296 2456 qu.

84 2605 97 2617 ·
109 2604 180 2627 Num.
195 2609 246 2632 ⁸⁶⁴1-

59 2947 62 2950 *
86 2957 99 2968 ·
115 2956 150 2979 Cf.
168 2957 298 2985 quaesitum

59 2989 61 2992 ·
82 2989 111 3011 -ιι,
125 2989 190 3006 num.
205 2989 230 3006 n.

58 3320 66 3336 ,¹
88 3310 100 3323 ⁶
112 3308 184 3332 Num.
198 3316 221 3331 v.

761 144 1129 192 QUAESTIONES
1158 144 1228 181 DE
1258 141 1542 180 THESAURO
1573 141 2052 179 lNDULGENTIARUM

2415 142 2485 179 361

1098 294 1432 346 QUAESITUM
1462 293 1707 335 TERTIUM

362 392 553 432 QUORUM
576 392 674 423 smT
693 389 1061 424 SATISFACTIONES
1076 389 1134 420 Ex
1149 387 1307 427 Qurssus
1331 386 1538 418 CONSTAT
1562 386 1821 418 THESAURUS
1837 386 1957 417 UNDE
1973 387 2106 418 FmNT
2122 389 2450 422 INDULGENTIAE

384 491 456 512 mea
472 481 601 512 tertium
624 480 663 511 de
679 481 828 511 thesauro
851 480 1032 520 quaesitum
1047 479 1074 513 ᾗ
1090 479 1221 514 scilicet,
1238 485 1379 517 quorum

384 526 447 556 sint
462 524 648 556 huiusmodi
666 523 845 565 superfluae
863 523 1102 559 satisfactiones,
1119 521 1284 553 dubitandi
1298 521 1378 551 ratio

318 576 374 606 est,
391 570 467 610 quia
483 569 598 600 dicitur
612 568 703 609 quod
717 573 792 599 sunt
810 567 927 598 Christi
943 573 975 599 et
989 573 1188 598 sanctorum:
1208 565 1317 596 multis
1333 570 1379 595 ta-

317 623 393 645 men
416 613 602 644 doctoribus
621 612 868 648 adversantibus,
885 611 963 642 dum
979 611 1110 652 quidam
1125 619 1186 640 nec
1200 610 1235 640 in
1250 609 1378 639 Christo

317 667 379 689 nec
398 658 432 688 in
447 658 563 688 sanctis
580 656 757 698 superfluas
776 656 960 687 concedunt
978 654 1225 690 satisfactionem
1249 652 1380 693 quidam

318 707 436 738 autem,
450 702 508 732 etsi
518 702 552 732 in
565 701 693 732 Christo
709 699 902 736 concedunt,
914 699 954 730 de
970 699 1085 730 sanctis
1100 704 1207 729 tamen
1223 697 1379 728 dubitant.

374 745 561 776 Franciscus
576 745 672 786 igitur
686 744 849 780 Maitonis,
861 745 895 774 in
911 743 1046 781 Quarto,
1062 742 1133 773 dist.
1149 751 1200 772 xix
1217 742 1244 778 ³⁸,
1260 750 1380 781 negans

319 790 410 821 omni
440 799 478 820 ex
499 794 589 830 parte
611 789 698 819 hunc
721 789 922 823 thesaurum,
954 787 1031 818 dicit
1060 787 1148 817 nulla
1171 795 1239 816 esse
1263 785 1381 816 Christi

319 833 480 874 superflua
502 833 632 864 merita:
664 832 819 872 quoniam
842 832 952 862 omnia
974 836 1048 861 sunt
1070 830 1166 871 plene
1192 830 1252 860 sibi
1274 838 1381 860 remu-

318 883 436 914 nerata,
459 878 547 908 iuxta
569 875 649 907 illud
663 877 694 906 ἐ
718 875 913 906 Ex'inanivit
933 875 1151 915 semetipsum,
1170 875 1286 916 sactus
1310 873 1382 904 obe-

317 921 408 953 diens
431 930 530 962 usque
552 920 596 951 ad
617 925 773 950 mortem:
794 924 931 960 propter
953 919 1040 960 quod
1061 924 1094 950 et
1113 919 1204 949 Deus
1226 917 1385 949 exaltavit

318 965 420 1001 illum,
445 969 475 996 et
497 964 584 995 dedit
605 964 636 994 ei
659 974 784 999 nomen,
802 969 862 994 etc.

374 1008 544 1039 Durandus
566 1017 662 1043 vero,
686 1009 720 1038 in
743 1007 877 1046 Quarto,
901 1007 970 1038 dist.
995 1017 1035 1038 xx
1057 1008 1083 1043 *,
1109 1007 1227 1038 Christi
1250 1006 1382 1047 quidem

318 1052 479 1093 superflua
501 1053 613 1083 merita
635 1052 669 1082 in
691 1052 840 1082 thesauro
868 1053 932 1082 hoc
955 1051 1104 1082 affirmat:
1129 1051 1169 1082 de
1199 1057 1383 1081 sanctorum

317 1106 395 1128 vero
414 1096 582 1137 superfluis
598 1097 718 1126 meritis
733 1095 865 1132 dubitat,
882 1095 1002 1136 duplici
1017 1096 1148 1126 ratione.
1166 1096 1280 1131 Prima,
1294 1104 1383 1125 com-

318 1141 410 1172 muni
432 1141 491 1171 sibi
511 1146 542 1171 et
565 1141 752 1171 Francisco:
778 1141 853 1180 quia
867 1141 979 1171 merita
1001 1145 1185 1170 sanctorum
1215 1145 1290 1170 sunt
1316 1139 1383 1180 ple-

317 1186 448 1216 nissime
467 1190 683 1221 remunerata;
710 1185 811 1215 immo
828 1185 909 1215 ultra
925 1184 1133 1224 condignum,
1147 1184 1302 1224 quoniam
1318 1193 1382 1214 non

317 1234 395 1261 sunt
408 1228 592 1271 condignae
601 1229 773 1269 passiones
787 1229 882 1260 huius
903 1229 1054 1269 temporis
1077 1228 1120 1259 ad
1132 1229 1289 1270 suturam
1310 1228 1384 1269 glo-

320 1274 404 1304 riam
419 1274 446 1304 '.
460 1292 484 1296 -
506 1273 668 1309 Secundo,
685 1274 760 1313 quia
775 1273 815 1304 ad
838 1274 901 1304 hoc
925 1272 1014 1313 quod
1029 1272 1200 1303 satisfactio
1218 1273 1315 1303 unius
1330 1282 1384 1302 va-

319 1318 382 1348 leat
397 1318 554 1358 proalio,
571 1318 706 1357 exigitur
727 1318 862 1348 intentio
880 1317 1016 1357 dirigens
1033 1322 1065 1348 et
1083 1317 1246 1357 applicans
1264 1316 1384 1347 satisfa—

321 1362 461 1393 ctionem
491 1362 578 1392 illam
606 1361 646 1391 ad
669 1362 777 1392 alium.
812 1361 861 1392 De
876 1361 967 1392 nullo
991 1367 1099 1392 autem
1121 1366 1305 1391 sanctorum
1329 1370 1384 1391 au-

319 1407 459 1438 thentice
482 1411 607 1436 constat
637 1405 726 1446 quod
755 1406 901 1436 habuerit
929 1406 1142 1436 intentionem
1173 1404 1384 1436 satisfaciendi

318 1460 379 1492 pro
403 1450 506 1482 nobis.
530 1450 607 1480 Non
621 1450 717 1490 igitur
731 1455 915 1480 sanctorum
938 1455 1013 1480 sunt
1034 1450 1146 1480 merita
1167 1449 1384 1484 satisfactoria,

321 1505 359 1526 ex
383 1503 524 1535 quorum
546 1494 696 1525 thesauro
719 1493 802 1524 fiunt
824 1493 1051 1533 indulgentiae.

376 1538 413 1570 11.
438 1537 502 1569 Sed
524 1539 642 1569 horum
661 1538 785 1578 opinio,
808 1543 875 1568 tam
897 1539 931 1568 in
946 1538 1122 1568 rationibus
1142 1546 1240 1577 quam
1256 1538 1289 1567 in
1305 1546 1384 1567 con-

321 1583 478 1619 clusione,
501 1581 578 1613 falsa
601 1587 633 1612 et
655 1582 876 1612 irrationabilis
899 1582 1069 1612 invenitur.
1093 1582 1135 1612 Et
1158 1591 1176 1611 a
1192 1581 1320 1611 Christo
1336 1581 1384 1611 in-

321 1626 480 1663 choando,
505 1626 708 1657 falsissimum
732 1631 779 1656 est
802 1625 920 1656 Christi
941 1626 1054 1656 merita
1077 1634 1145 1655 esse
1167 1630 1384 1655 remunerata:

321 1681 397 1703 cum
421 1670 565 1702 Christus
587 1670 739 1700 meruerit
761 1670 865 1704 nobis.
889 1675 920 1700 et
943 1670 1097 1700 continue
1115 1674 1337 1700 remuneretur
1351 1669 1385 1699 in

321 1715 472 1747 membris
495 1714 574 1750 suis3
598 1719 635 1744 ut
656 1718 744 1754 patet
766 1714 800 1744 in
815 1714 990 1754 baptizatis,
1015 1714 1071 1754 qui
1086 1723 1154 1744 non
1170 1713 1313 1753 proprio,
1329 1712 1386 1743 sed

322 1759 441 1792 Christi
462 1758 578 1789 merito
601 1756 642 1788 ad
664 1758 834 1788 caelestem
857 1758 1048 1798 perveniunt
1070 1758 1215 1798 patriam.

375 1802 406 1834 A
427 1802 551 1833 ratione
574 1811 707 1842 quoque
729 1802 793 1832 hoc
813 1802 955 1833 alienum
971 1807 1027 1833 est.
1052 1801 1217 1840 Quoniam
1241 1800 1387 1832 Christus

321 1852 369 1887 est
392 1852 488 1888 caput
510 1846 637 1888 mysu'ci
667 1847 827 1889 corporiS,
853 1846 940 1888 quod
966 1851 1014 1877 est
1034 1846 1181 1877 Ecclesia
1196 1846 1224 1876 *ἱ
1258 1846 1307 1876 Ac
1330 1855 1387 1886 per

320 1892 402 1928 hoc,
425 1891 524 1932 gratia
546 1891 615 1921 eius
638 1895 685 1921 est
706 1891 805 1930 gratia
828 1891 979 1931 capitalis.
1014 1890 1055 1921 Et
1077 1889 1213 1931 proinde
1235 1891 1387 1920 meritum

322 1937 391 1968 eius
414 1935 458 1967 ita
480 1945 514 1966 se
537 1935 633 1965 habet
659 1933 699 1965 ad
721 1935 865 1965 membra
889 1935 957 1966 eius
987 1935 1070 1966 sicut
1092 1935 1243 1965 meritum
1273 1935 1388 1975 privati

321 1979 462 2013 hominis
489 1989 523 2010 se
545 1979 642 2010 habet
669 1978 709 2009 ad
732 1989 850 2020 corpus
872 1988 979 2010 suurn.
1013 1979 1055 2010 Et
1083 1984 1270 2019 propterea,
1304 1979 1388 2009 sicut

322 2024 457 2066 quilibet
478 2023 580 2055 homo
603 2029 744 2054 meretur
766 2033 835 2054 non
850 2023 957 2054 solum
972 2024 1107 2060 animae,
1131 2022 1188 2054 sed
1204 2023 1299 2054 etiam
1315 2032 1386 2054 cor-

320 2069 393 2110 pori
415 2077 495 2104 su0;
525 2068 570 2098 ita
593 2066 738 2098 Christus
764 2077 833 2098 non
856 2067 963 2098 solum
986 2067 1062 2104 sibi,
1089 2066 1145 2098 sed
1168 2067 1236 2098 aliis
1258 2067 1386 2098 meruit.

321 2112 426 2145 Immo
454 2113 558 2143 maius
585 2110 665 2151 quid
694 2112 811 2142 meruit
841 2112 935 2142 nobis
960 2121 1058 2152 quam
1081 2111 1156 2142 sibi:
1191 2112 1267 2151 quia
1293 2111 1388 2147 nobis

322 2157 439 2189 meruit
461 2155 703 2191 beatitudinem,
728 2165 826 2196 quam
848 2156 907 2186 sibi
930 2156 992 2196 ipsi
1013 2165 1082 2186 non
1096 2155 1223 2191 meruit,
1247 2155 1303 2186 sed
1318 2156 1387 2186 sine

321 2201 437 2233 merito
461 2210 479 2231 a
502 2199 661 2240 principio
685 2200 907 2240 conceptionis
930 2209 1006 2230 suae
1028 2200 1149 2230 habuit·

377 2245 560 2275 Auctoritas
576 2249 683 2274 autem
695 2244 845 2284 Apostoli
860 2253 928 2274 non
940 2243 1016 2274 dicit
1031 2244 1143 2274 merita
1155 2243 1274 2274 Christi
1289 2243 1387 2275 fuisse

321 2289 418 2330 plene
438 2293 642 2319 remunerata
663 2289 697 2318 in
715 2289 832 2328 seipso,
857 2287 912 2318 sed
935 2287 1001 2318 duo
1017 2288 1101 2319 illius
1116 2289 1257 2328 praemia
1272 2294 1386 2325 narrat,

323 2332 445 2364 scilicet
467 2332 693 2363 exaltau'onern
715 2333 815 2372 ipsius
845 2337 876 2362 et
902 2332 1123 2363 excellentiam
1153 2333 1203 2362 sui
1225 2333 1385 2363 nominis:

322 2377 440 2409 meruit
462 2377 549 2408 enim
570 2382 694 2416 praeter
716 2377 796 2407 haec
818 2377 920 2407 multa
935 2377 994 2406 alia
1014 2375 1170 2412 Christus,
1194 2382 1230 2407 ut
1244 2383 1332 2417 patet
1348 2387 1386 2408 ex

322 2431 420 2462 supra
434 2422 450 2438 “
475 2421 566 2453 dietis
588 2431 606 2450 a
629 2420 704 2451 divo
728 2420 866 2452 Thoma.

378 2465 431 2496 111.
454 2465 504 2496 De
527 2470 712 2496 sanctorum
735 2470 844 2495 autem
870 2466 1128 2496 remuneratione
1153 2465 1218 2496 duo
1251 2465 1388 2497 dicenda

323 2515 413 2541 sunt:
437 2509 589 2550 primurn,
613 2518 681 2539 non
703 2508 845 2540 curando
869 2508 909 2539 de
931 2510 1125 2550 proprietate
1148 2510 1307 2547 vocabuli,
1331 2510 1388 2541 sed

323 2552 596 2585 communicando
612 2553 646 2583 in
661 2553 826 2584 vocabulis
842 2562 918 2584 cum
932 2554 1154 2593 arguentibus;
1179 2553 1294 2585 deinde
1312 2564 1387 2594 pro-

323 2598 392 2639 prie
413 2596 579 2638 loquendo
597 2597 636 2628 de
651 2597 908 2628 remuneratione
924 2598 951 2628 *.
975 2597 1156 2638 Loquendo
1173 2598 1331 2639 siquidem
1348 2599 1387 2629 de

323 2642 582 2673 remuneratione
606 2642 838 2678 communiter,
869 2641 935 2672 sive
958 2642 997 2672 sit
1019 2643 1148 2682 proprie
1170 2644 1387 2673 remuneratio

324 2687 390 2717 sive
406 2696 483 2722 non,
508 2685 769 2725 distinguendum
785 2691 832 2715 est
848 2685 937 2725 quod
951 2687 1064 2716 merita
1079 2692 1263 2717 sanctorum
1279 2687 1388 2727 quoad

324 2730 446 2770 aliquid
469 2735 543 2760 sunt
565 2730 704 2760 totaliter
725 2730 968 2760 remunerabilia
983 2730 1017 2760 in
1032 2730 1108 2770 ipsis
1123 2731 1255 2761 sanctis:
1280 2731 1389 2771 quoad

324 2774 446 2815 aliquid
467 2784 544 2804 vero
568 2783 636 2804 non
659 2779 733 2804 sunt
755 2774 893 2804 totaliter
915 2774 1158 2804 remunerabilia
1177 2775 1211 2805 in
1226 2775 1302 2814 ipsis
1318 2785 1389 2806 san-

325 2820 393 2854 ctis,
419 2823 450 2849 et
473 2817 581 2859 quoad
603 2819 667 2848 hoc
690 2817 891 2858 superfluunt
913 2818 990 2858 ipsis
1014 2818 1145 2854 sanctis,
1170 2824 1201 2848 et
1222 2825 1390 2859 ponuntur

324 2864 359 2895 in
380 2863 530 2894 thesauro
543 2886 551 2898 ,
574 2862 770 2892 remanentia
793 2863 826 2892 in
850 2861 956 2892 divina
982 2863 1210 2902 acceptatione,
1241 2872 1389 2894 remune-

324 2906 423 2939 randa
437 2908 470 2938 in
486 2907 563 2937 aliis.
589 2906 702 2936 Merita
725 2906 884 2946 siquidem
903 2911 1097 2942 sanctorum,
1113 2906 1188 2936 licet
1211 2907 1389 2938 secundum

323 2951 446 2992 reliqua
462 2950 568 2982 officia
591 2961 648 2981 sua
663 2952 679 2967 ³*
695 2951 819 2990 possint
841 2951 1037 2981 remunerari
1053 2951 1085 2980 in
1101 2950 1178 2990 ipsis
1197 2952 1323 2985 sanctis,
1341 2961 1389 2982 se-

326 2994 470 3027 cundum
505 3000 613 3026 tamen
642 2995 705 3024 hoc
742 2994 885 3025 officium
918 2994 1007 3034 quod
1040 2999 1087 3025 est
1118 2994 1296 3025 satisfacere
1329 3004 1389 3035 pro

325 3049 431 3080 poena
449 3039 619 3079 temporali
633 3039 772 3079 peccatis
787 3039 964 3069 actualibus
980 3038 1095 3074 debita,
1111 3040 1306 3070 remunerari
1321 3049 1390 3070 non

325 3089 462 3125 possunt
483 3084 518 3114 in
539 3084 612 3124 ipso
636 3088 747 3113 sancto
770 3083 796 3113 si
818 3092 886 3113 non
903 3089 949 3113 est
965 3082 1090 3113 debitor
1113 3082 1247 3113 alicuius
1262 3089 1389 3123 tempo-

325 3127 396 3160 ralis
419 3137 545 3168 poenae
568 3137 628 3168 pro
652 3137 712 3157 suo
736 3135 869 3167 peccato
894 3127 1027 3157 actuali:
1060 3136 1098 3157 ex
1121 3127 1184 3157 hoc
1207 3127 1294 3157 enim
1317 3128 1389 3168 ipso

326 3170 416 3212 quod
439 3177 566 3203 sanctus
589 3172 720 3212 ponitur
740 3181 808 3202 non
827 3171 952 3202 debitor
967 3171 1036 3201 talis
1050 3180 1188 3211 poenae,
1210 3172 1389 3202 necessario

326 3216 470 3256 sequitur
493 3215 583 3256 quod
605 3225 672 3246 non
697 3215 736 3246 sit
758 3225 857 3256 capax
880 3215 949 3245 talis
972 3215 1247 3251 remunerationis,
1271 3215 1391 3246 scilicet

327 3260 417 3300 quod
438 3259 609 3290 satisfactio
632 3269 690 3290 sua
712 3260 815 3290 valeat
838 3260 896 3289 sibi
912 3259 951 3290 ad
967 3259 1163 3290 solutionem
1186 3268 1311 3299 poenae
1329 3269 1389 3299 pro

327 3314 370 3334 se.
395 3303 428 3334 Si
444 3314 665 3344 supponamus
682 3313 769 3343 ergo,
787 3303 876 3344 quod
892 3309 1003 3343 postea
1019 3304 1035 3319 ⁴*
1050 3303 1247 3343 probabitur,
1264 3309 1391 3334 sanctos

326 3348 399 3388 plus
423 3347 608 3378 satisfecisse
631 3357 729 3388 quam
752 3357 810 3388 pro
836 3348 972 3388 propriis
994 3348 1132 3387 peccatis
1157 3353 1244 3377 erant
1266 3347 1390 3378 debito—

326 3392 388 3428 res,
411 3398 539 3431 oportet
562 3397 796 3432 consequenter
815 3392 919 3422 dicere
943 3391 1032 3431 quod
1055 3390 1284 3421 satisfactiones
1303 3401 1389 3427 suae,

326 3436 520 3476 inquantum
543 3435 702 3466 excedunt
723 3446 780 3466 sua
804 3435 919 3472 debita,
942 3445 1010 3466 non
1027 3441 1100 3466 sunt
1116 3441 1334 3466 remuneratae
1356 3436 1390 3466 in

469 3497 580 3521 Summa
598 3497 700 3522 Tur-301..
714 3497 745 3522 D.
764 3497 880 3521 Tnomuz
899 3497 931 3522 Τ.
951 3497 992 3522 lX.

1432 476 1508 516 ipsis
1524 476 1649 512 sanctis,
1667 476 1742 516 quia
1765 477 1827 517 ipsi
1841 486 1909 507 non
1925 477 2110 517 indigebant
2129 478 2290 510 solutione
2303 490 2494 520 poenarum,

1433 529 1516 560 quae
1539 525 1600 556 est,
1625 529 1682 551 seu
1705 520 1837 556 dicitur,
1861 523 2076 552 remuneratio
2100 522 2331 560 satisfactionis,
2355 525 2494 561 abusive,

1432 569 1469 594 ut
1491 563 1614 594 dictum
1637 570 1694 600 est,
1718 564 1758 595 de
1781 566 2038 596 remuneratione
2061 567 2238 606 loquendo.

1488 608 1541 639 IV.
1565 608 1608 638 At
1631 609 1657 639 si
1679 609 1809 649 proprie
1823 609 2026 649 loquendum
2041 616 2088 641 est
2111 610 2150 641 de
2165 613 2432 648 remuneratione,
2450 613 2496 643 di-

1434 652 1574 683 cendum
1589 658 1637 683 est
1651 652 1742 692 quod
1763 653 1876 684 merita
1898 659 2082 685 sanctorum
2098 656 2207 686 omnia
2223 662 2298 686 sunt
2313 656 2496 696 plenissime

1433 702 1634 727 remunerata
1656 697 1726 733 sibi,
1749 697 1794 728 ita
1816 697 1906 737 quod
1929 699 2025 728 etiam
2043 699 2130 739 ipsae
2154 700 2198 730 eis
2214 699 2394 740 superfluae
2410 701 2498 730 satis-

1433 739 1589 771 factiones
1612 746 1687 771 sunt
1709 741 1892 781 plenissime
1915 749 2144 779 remuneratae,
2161 744 2212 774 vel
2235 744 2496 780 remunerandae,

1434 785 1467 814 in
1490 785 1566 824 ipsis
1589 786 1722 815 sanctis:
1747 786 1901 825 quoniam
1917 786 2075 827 quidquid
2090 788 2165 818 inde
2180 794 2375 824 meruerunt,
2391 794 2498 819 totum

1435 838 1549 858 eorum
1573 829 1640 864 erit,
1664 829 1730 859 sive
1753 830 1792 859 sit
1814 831 1993 870 praemium
2017 832 2182 862 essentiale
2205 833 2271 863 sive
2292 833 2498 863 accidentale.

1435 872 1499 903 Sed
1521 873 1706 912 plenissima
1727 875 1942 905 remuneratio
1965 885 2033 906 non
2056 877 2172 907 minuit
2195 877 2260 907 vim
2276 876 2498 907 satisfactivam

1436 927 1494 958 pro
1518 917 1604 948 aliis:
1631 919 1787 958 quoniam
1810 919 1934 950 solvere
1956 929 2015 959 pro
2039 930 2073 950 se
2095 921 2146 951 vel
2169 921 2232 951 alio
2255 931 2322 952 non
2339 927 2386 952 est
2404 923 2499 952 meri-

1435 967 1506 992 tum
1527 967 1582 992 aut
1601 970 1724 992 merces
1739 968 1794 992 aut
1808 965 2024 994 remuneratio
2040 974 2276 1005 quaecumque.
2295 966 2396 996 Actus
2412 967 2499 996 enim

1436 1005 1647 1037 satisfaciendi
1671 1006 1727 1046 qui
1750 1017 1768 1037 a
1790 1008 1905 1038 sanctis
1928 1010 2095 1048 processit,
2119 1019 2179 1049 pro
2204 1015 2325 1050 quanto
2349 1010 2408 1040 fuit
2431 1020 2499 1041 me-

1436 1051 1506 1086 reri,
1523 1057 1743 1081 remuneratus
1759 1057 1806 1082 est
1821 1052 1884 1082 vita
1903 1057 2038 1088 aeterna,
2059 1059 2118 1083 etc.
2143 1054 2184 1084 Et
2199 1064 2306 1085 rursus
2322 1064 2380 1095 pro
2398 1064 2498 1095 quan-

1436 1101 1470 1125 to
1496 1095 1554 1125 fuit
1586 1095 1647 1125 tale
1678 1105 1760 1135 opus
1791 1096 1928 1135 poenale
1958 1097 2034 1133 sibi,
2059 1104 2278 1128 remuneratus
2307 1105 2353 1129 est
2380 1099 2498 1139 gaudio

1437 1139 1640 1170 accidentali:
1671 1139 1822 1180 gaudebit
1845 1141 1930 1170 enim
1955 1141 1994 1172 de
2017 1142 2079 1172 hoc
2108 1142 2197 1182 quod
2220 1143 2291 1182 plus
2318 1153 2429 1183 passus
2453 1149 2500 1174 est

1438 1194 1536 1224 quam
1563 1189 1694 1224 peccata
1725 1193 1782 1214 sua
1812 1183 2044 1222 demeruerint3
2076 1186 2162 1216 unde
2193 1193 2223 1217 et
2251 1188 2380 1218 aureola
2408 1187 2500 1218 datur

1437 1228 1630 1269 quibusdam
1645 1229 1813 1268 generibus
1830 1238 1966 1268 operum
1986 1239 2023 1260 ex
2039 1230 2106 1270 ipsa
2123 1232 2322 1262 executione.
2347 1231 2409 1262 Sed
2424 1242 2499 1272 pro-

1437 1279 1508 1314 pter
1529 1272 1725 1307 huiusmodi,
1751 1277 1782 1302 et
1805 1282 2026 1313 quascumque
2042 1274 2117 1304 alias
2132 1276 2415 1312 remunerationes,
2432 1286 2500 1306 non

1437 1317 1542 1357 perdit
1563 1322 1652 1347 actus
1675 1317 1728 1347 ille
1742 1316 1885 1347 officium
1901 1326 1996 1348 suum
2013 1318 2103 1358 quod
2119 1324 2165 1349 est
2181 1320 2303 1350 solvere
2319 1329 2377 1360 pro
2393 1330 2501 1360 poena

1437 1362 1607 1401 temporali
1630 1361 1760 1391 actualis
1783 1362 1907 1401 peccati
1930 1363 2050 1401 proprii
2074 1363 2124 1393 vel
2148 1363 2258 1393 alieni:
2288 1364 2399 1400 immo,
2425 1374 2500 1395 cum

1438 1406 1603 1445 continget
1625 1404 1820 1445 superfluam
1843 1405 2089 1437 satisfactionem
2108 1407 2271 1438 Laurentii
2293 1408 2416 1439 solvere
2440 1419 2499 1449 pro

1437 1459 1545 1490 poena
1567 1449 1673 1480 debita
1696 1450 1808 1479 Ioanni
1831 1450 2026 1489 poenitenti,
2054 1451 2207 1491 gaudium
2231 1452 2396 1492 quoddam
2418 1454 2501 1484 acci-

1396 1494 1398 1496 '
1438 1494 1564 1524 dentale
1587 1494 1777 1524 Laurentius
1799 1494 1834 1523 in
1853 1494 1946 1524 coelo
1970 1495 2098 1525 habebit
2121 1495 2159 1526 de
2182 1496 2245 1526 hoc
2269 1497 2359 1536 quod
2381 1497 2501 1528 satisfa-

1439 1539 1503 1568 ctio
1527 1547 1584 1568 sua
1607 1537 1702 1567 solvit
1724 1547 1784 1577 pro
1808 1537 1937 1568 Ioanne.

1493 1582 1666 1612 Intervenit
1688 1582 1783 1621 igitur
1805 1581 1838 1611 in
1861 1582 2048 1613 huiusmodi
2070 1584 2193 1614 ratione
2216 1594 2312 1624 super
2335 1585 2430 1624 plena
2453 1595 2502 1616 re-

1438 1626 1662 1656 muneratione
1685 1626 1875 1656 meritorum
1898 1625 2039 1662 fundata,
2063 1637 2151 1657 error
2165 1629 2199 1658 in
2215 1629 2278 1658 hoc
2301 1629 2391 1668 quod
2414 1631 2502 1660 satis-

1438 1669 1558 1706 facere,
1582 1679 1640 1700 seu
1663 1669 1786 1700 solvere
1809 1678 1949 1709 poenam
1972 1671 2183 1710 temporalem
2206 1682 2265 1712 pro
2289 1673 2405 1703 actuali
2427 1683 2503 1713 pec-

1439 1719 1511 1744 cato
1528 1713 1678 1750 debitam,
1697 1714 1779 1744 inter
1795 1715 2067 1745 remunerationes
2083 1725 2140 1746 seu
2155 1717 2399 1747 remunerabilia
2414 1727 2503 1748 com—

1439 1764 1586 1798 putatur:
1619 1767 1694 1788 cum
1717 1758 1814 1797 longe
1837 1758 1875 1787 sit
1899 1768 1916 1788 a
1939 1767 2055 1798 genere
2082 1765 2147 1790 tam
2170 1761 2275 1791 meriti
2298 1770 2395 1801 quam
2418 1771 2503 1792 mer-

1440 1802 1536 1833 cedis.
1571 1802 1615 1833 Ut
1639 1802 1734 1832 etiam
1761 1807 1948 1832 attestantur
1975 1802 2122 1834 doctores
2150 1810 2294 1835 tenentes
2317 1806 2504 1836 huiusmodi

1438 1846 1580 1877 residuas
1602 1855 1734 1886 poenaS,
1759 1847 1784 1876 si
1808 1847 1973 1886 contingat
1995 1847 2130 1878 inveniri
2152 1849 2186 1879 in
2210 1848 2384 1886 damnatis,
2408 1860 2503 1890 posse

1439 1891 1521 1921 solvi
1547 1892 1581 1921 in
1609 1890 1751 1921 inferno:
1783 1891 1839 1921 ubi
1867 1896 1991 1922 constat
2020 1901 2088 1922 non
2112 1893 2247 1923 inveniri
2269 1894 2420 1924 meritum
2450 1901 2505 1925 aut

1439 1934 1633 1966 mercedem.
1656 1935 1831 1965 Attestatur
1854 1935 1949 1966 etiam
1974 1941 2004 1966 et
2028 1938 2210 1968 communis
2226 1937 2370 1968 doctrina
2391 1944 2504 1969 tenens

1438 1980 1472 2010 in
1495 1979 1682 2020 purgatorio
1706 1979 1787 2009 solvi
1805 1979 1991 2010 huiusmodi
2006 1989 2145 2019 poenas:
2171 1986 2202 2012 et
2217 1986 2325 2012 tamen
2340 1983 2374 2012 in
2392 1983 2504 2014 huius-

1438 2023 1529 2055 modi
1552 2023 1714 2054 solutione
1737 2033 1805 2053 non
1828 2024 1942 2054 mereri
1965 2033 2072 2064 neque
2095 2027 2300 2056 remunerari.

1495 2067 1581 2106 Quia
1613 2077 1690 2108 ergo
1723 2067 1907 2107 plenissima
1936 2069 2171 2105 remuneratio,
2203 2075 2503 2111 quantumcumque

1438 2113 1521 2143 ultra
1535 2111 1746 2152 condignum,
1758 2121 1826 2142 non
1841 2112 1924 2142 tollit
1939 2122 1958 2142 a
1969 2113 2088 2143 meritis
2104 2119 2288 2144 sanctorum
2304 2114 2503 2155 superfluens

1439 2156 1584 2187 officium
1607 2154 1819 2186 satisfaciendi
1841 2165 1900 2196 pro
1917 2165 2023 2196 poena
2038 2158 2209 2197 temporali
2231 2159 2405 2189 actualium
2427 2170 2503 2200 pec-

1440 2206 1595 2236 catorum,
1620 2201 1646 2230 si
1669 2204 1792 2230 constat
1815 2205 2000 2231 sanctorum
2022 2202 2134 2231 merita
2155 2202 2228 2241 plus
2245 2212 2312 2233 esse
2327 2203 2502 2234 satisfacto-

1438 2246 1484 2276 ria
1507 2254 1606 2285 quam
1623 2245 1685 2284 ipsi
1701 2249 1805 2274 essent
1820 2243 1990 2281 debitores,
2007 2245 2086 2275 nihil
2102 2246 2240 2277 obstabit
2255 2248 2334 2277 ratio
2351 2247 2390 2278 de
2406 2249 2503 2288 plena

1438 2289 1708 2320 remuneratione.

1491 2334 1530 2364 V.
1555 2332 1654 2371 Quod
1670 2339 1778 2363 autem
1793 2333 1894 2363 sancti
1911 2334 1984 2373 plus
1999 2332 2207 2365 satisfecerint
2222 2345 2320 2375 quam
2335 2335 2502 2367 demerue-

1438 2378 1510 2414 rint,
1527 2383 1658 2408 testatur
1674 2377 1741 2413 Iob,
1758 2387 1789 2406 vr
1807 2386 1878 2417 cap.
1894 2378 1922 2413 *,
1945 2377 2070 2408 dicens:
2098 2379 2228 2409 Utinam
2244 2380 2504 2420 appenderentur
2529 2390 2538 2399 ·

1433 2427 1569 2462 peccata
1584 2430 1665 2458 mea,
1682 2421 1796 2462 quibus
1811 2421 1895 2452 iram
1911 2422 2024 2458 merui,
2042 2427 2073 2452 et
2087 2423 2256 2454 calamitas
2271 2434 2367 2464 quam
2377 2426 2501 2465 patior,

1439 2467 1471 2497 in
1499 2471 1644 2497 statera:
1674 2466 1767 2506 quasi
1795 2475 1898 2496 arena
1929 2466 2029 2497 maris
2058 2467 2138 2498 haec
2159 2469 2299 2508 gravior
2320 2475 2501 2509 appareret.

1439 2511 1503 2542 Ubi
1526 2511 1608 2541 clare
1630 2510 1734 2550 liquet
1766 2510 1821 2540 Iob
1844 2510 1918 2550 plus
1941 2519 2071 2550 passum
2094 2510 2190 2542 fuisse
2219 2522 2316 2552 quarn
2342 2523 2401 2553 pro
2427 2523 2503 2554 pec-

1441 2556 1517 2585 catis
1541 2555 1605 2585 suis
1629 2554 1774 2585 debuerit
1796 2555 1871 2594 pati.
1896 2554 1932 2585 In
1947 2555 2239 2594 superabundantia
2255 2562 2363 2588 autem
2381 2559 2503 2598 passio-

1439 2609 1519 2629 num
1543 2599 1688 2629 consistit
1706 2599 1997 2638 superabundantia
2015 2598 2284 2631 satisfactionum:
2309 2607 2345 2632 ut
2363 2607 2449 2642 patet
2465 2612 2504 2632 ex

1441 2649 1513 2674 ante
1529 2645 1546 2660 ἱ*
1570 2643 1672 2679 dictis.
1697 2643 1806 2674 Simile
1830 2649 1938 2674 autem
1961 2652 2029 2674 esse
2053 2643 2092 2674 de
2115 2645 2225 2675 multis
2245 2646 2312 2676 aliis
2335 2646 2502 2682 iudicium,
2531 2654 2540 2663 ·

1440 2697 1539 2718 nemo
1563 2687 1696 2718 dubitat.

1496 2732 1545 2762 De
1568 2732 1746 2762 intentione
1769 2741 1845 2762 vero
1869 2737 2063 2767 sanctorum,
2080 2732 2171 2772 quod
2185 2733 2306 2764 scilicet
2328 2733 2423 2764 fuerit
2438 2735 2504 2774 pati

1440 2785 1499 2816 pro
1523 2776 1628 2812 nobis,
1651 2780 1782 2806 testatur
1805 2776 1991 2815 Apostolus,
2016 2776 2059 2806 ad
2073 2776 2197 2807 Coloss.
2214 2778 2263 2812 Ν,
2287 2777 2414 2808 dicens:
2438 2779 2503 2808 Ad·
2531 2785 2540 2794 ·

1442 2820 1557 2860 impleo
1581 2829 1620 2850 ea
1650 2828 1733 2860 quae
1755 2819 1871 2850 desunt
1890 2821 2081 2860 passionum
2107 2821 2228 2851 Christi
2255 2822 2287 2852 in
2311 2831 2411 2852 carne
2433 2832 2504 2852 mea

1435 2874 1500 2904 pro
1525 2873 1663 2904 corpore
1686 2863 1764 2899 eius,
1781 2863 1868 2903 quod
1890 2869 1937 2894 est
1958 2864 2116 2895 Ecclesia.
2140 2865 2203 2896 Ubi
2226 2865 2393 2896 manifeste
2416 2872 2505 2906 patet

1442 2907 1582 2939 divinam
1598 2907 1831 2947 providentiam
1843 2907 2036 2947 disposuisse
2048 2909 2212 2948 passiones
2227 2909 2349 2949 aliquas
2364 2910 2397 2940 in
2410 2920 2504 2940 carne

1442 2957 1626 2982 sanctorum
1649 2957 1790 2991 spectare
1814 2951 1854 2982 ad
1878 2952 2152 2991 complementum
2176 2954 2362 2992 passionum
2386 2953 2504 2984 Christi

1437 3006 1502 3036 pro
1526 3005 1664 3035 corpore
1686 2995 1764 3030 eius,
1789 2995 1875 3036 quod
1898 3000 1945 3026 est
1961 2996 2107 3027 Ecclesia
2114 3003 2126 3032 ;
2149 3002 2180 3027 et
2195 2997 2277 3027 hanc
2293 2997 2433 3028 divinam
2453 3007 2504 3028 or—

1442 3039 1639 3070 dinationem
1663 3045 1788 3070 sanctos
1811 3039 1984 3080 adimplere
2008 3041 2072 3070 suis
2087 3041 2288 3080 passionibus
2307 3042 2504 3081 superabun-

1443 3083 1601 3114 dantibus.

1476 3128 1551 3158 1V1.
1575 3128 1623 3158 Ex
1646 3128 1762 3167 quibus
1785 3129 1936 3159 omnibus
1961 3133 2048 3168 patet
2071 3134 2257 3169 argumenta
2283 3139 2379 3169 supra
2401 3129 2504 3160 dicto—

1443 3181 1515 3202 rum
1539 3171 1710 3202 doctorum
1733 3171 1809 3202 falsa
1833 3182 1900 3202 esse
1916 3173 1942 3202 ’ἱ

1497 3216 1547 3246 De
1571 3215 1781 3246 conclusione
1810 3222 1918 3247 autern
1949 3226 2017 3247 non
2042 3223 2088 3247 est
2111 3218 2248 3258 amplius
2272 3218 2502 3249 dubitandum:

1444 3260 1599 3300 quoniam
1622 3260 1686 3290 iam
1708 3269 1765 3299 per
1787 3261 1967 3291 Romanam
1990 3261 2167 3292 Ecclesiam
2190 3262 2436 3293 determinatum
2458 3268 2506 3293 est

1443 3304 1655 3344 indulgentias
1670 3303 1739 3334 fieri
1755 3314 1793 3334 ex
1808 3305 1956 3336 thesauro
1973 3306 2300 3345 superabundantium
2315 3307 2504 3337 meritorum

1444 3357 1501 3379 seu
1523 3349 1710 3387 passionum
1735 3347 1852 3378 Christi
1875 3355 1906 3380 et
1928 3355 2112 3380 sanctorum
2128 3351 2155 3380 *-

1499 3392 1591 3430 Quae
1611 3393 1706 3422 etiam
1722 3393 1899 3429 conclusio,
1923 3393 2031 3433 quoad
2046 3394 2368 3434 superabundantiam
2384 3396 2505 3435 passio—

1443 3445 1523 3466 num
1547 3436 1664 3466 Christi
1687 3446 1746 3476 pro
1769 3437 1878 3473 nobis,
1897 3437 2146 3469 fundamentum
2171 3439 2266 3470 habet
2287 3440 2321 3470 in
2345 3439 2506 3479 Scriptura

2330 3500 2364 3532 46

2553 2387 2619 2410 Vers.
2634 2394 2654 2415 2,
2669 2394 2690 2416 3.

2555 2651 2625 2674 Num.
2642 2658 2672 2674 ιν.

2556 2782 2621 2804 Vers.
2637 2782 2676 2804 cit.

2531 3177 2541 3186 ·
2555 3174 2591 3196 Cf.
2607 3180 2670 3196 num.
2686 3181 2702 3196 ι.

2532 3318 2541 3327 ·
2553 3316 2600 3337 Leo
2609 3316 2637 3341 X,
2647 3316 2668 3337 in
2681 3315 2745 3337 Bulla

2532 3343 2645 3370 Exsurge
2662 3342 2743 3363 Domi-

2532 3375 2568 3394 ne,
2575 3374 2597 3391 et
2604 3370 2627 3390 in
2636 3369 2743 3390 decretali

2532 3396 2560 3416 ad
2578 3395 2646 3417 Card.
2662 3395 2744 3420 caiet.;

2533 3423 2563 3444 cf.
2574 3422 2671 3449 quaesit.
2684 3427 2746 3448 prae

2534 3450 2591 3474 ced.y
2608 3455 2673 3470 num.
2691 3455 2712 3469 v.
