2878 4088
0 3702 7 3780 -ν-«ν-
0 3667 3 3695 Ἶ-Α
0 3653 1 3656 Α

85 485 94 495 ·
110 483 148 505 ΑΙ.
167 483 204 505 An
224 488 292 504 omne

78 509 142 539 quod
151 511 195 537 eet,
203 509 238 531 ait
250 509 290 531 bo-

78 535 222 589 ffl'ed-iao
236 541 292 584 εῗιξῖ

37 608 40 613 .
78 595 130 615 ner,
145 589 206 616 ¹87¹-

79 621 90 632 '
103 619 161 647 cap.
176 625 246 641 xxxa.

79 1676 293 1705 ’camanum

78 1708 144 1726 un.

78 1765 91 1776 ·
104 1763 162 1793 Cap.
175 1769 214 1787 n..

78 1857 91 1868 .
105 1855 163 1884 0¹9·
177 1858 233 1878 m

80 2033 92 2044 ·
105 2031 163 2060 Cap.
176 2036 200 2053 n

79 2072 92 2085 ·
106 2071 163 2100 cap.
176 2076 200 2094 vu

107 2296 144 2319 α.
158 2296 232 2318 Arist.
245 2294 296 2317 Me-

81 2323 177 2352 tapnys.
192 2323 225 2345 ub
249 2321 282 2343 ιι

83 2355 110 2399 ⁰5⁸.
128 2365 135 2372 ·
148 2355 228 2398 {¹¹1¹er
262 2375 284 2397 n

83 2403 137 2425 lect.
152 2409 186 2425 rx.

109 2645 164 2669 lad.
173 2651 227 2674 αφ.
235 2650 290 2668 uvi

85 2671 289 2727 ἶῧὲῑέἵῗρ

92 3309 144 3332 Ἐξ.
151 3309 186 3332 Sa
204 3324 211 3332 .
221 3315 272 3337 cap.
281 3315 305 3336 v,

91 3342 151 3359 ven.
157 3336 180 3364 63
239 3351 246 3358 .
252 3341 304 3363 cap.

91 3368 197 3390 unm.
209 3368 291 3391 19320.

989 177 1252 226 QUAESTIO
1281 176 1416 224 LXIX,
1441 175 1734 213 ARTlcULUs
1762 176 1787 222 1,
1809 176 1838 211 11
2435 170 2505 219 143

1497 254 1548 284 An
1564 263 1698 284 'ran‘rnm
1721 263 1880 283 mcznnuu
1896 253 1985 293 quod
2007 255 2113 284 anima
2134 258 2275 294 separata
2294 252 2412 283 directe
2427 251 2506 282 nihil

1442 298 1555 338 recipit
1577 307 1596 328 a
1618 297 1698 328 locis
1714 297 1933 337 corporalibus
1949 306 2006 337 per
2028 297 2164 328 modum
2187 307 2254 338 quo
2271 305 2406 337 corpora
2427 295 2506 326 reci-

1442 343 1546 382 piunt,
1563 351 1646 382 quae
1670 346 1898 372 conservantur
1921 351 1939 371 a
1962 342 2026 371 suis
2042 341 2121 371 locis
2136 343 2168 371 *z
2194 340 2249 371 sed
2267 341 2354 380 ipsae
2371 340 2505 375 animae,

320 400 404 463 Ax>
428 400 545 421 PRIMUM
569 401 615 421 s1c
637 400 842 421 raocam‘run.
862 389 996 421 Videtur
1017 388 1107 430 quod
1127 389 1293 419 animabus
1314 393 1389 428 post
1443 396 1482 417 ex
1505 387 1568 416 hoc
1601 385 1691 426 quod
1720 390 1922 425 cognoscunt
1954 394 1988 415 se
2010 385 2125 415 talibus
2148 386 2227 415 locis
2259 384 2422 425 deputari,
2447 384 2506 414 sibi

384 440 522 466 mortem
547 436 749 475 receptacula
770 444 839 466 non
865 435 1073 474 assignentur.
1098 433 1188 464 Sicut
1210 433 1296 463 enim
1313 431 1389 463 dicit
1410 439 1419 459 ς
1442 430 1596 471 gaudium
1619 431 1769 470 ingerunt
1787 429 1838 460 vel
1853 438 2043 459 maerorem.
2067 429 2108 459 Et
2132 430 2175 459 sic
2199 429 2290 459 locus
2306 427 2389 459 cedit
2412 429 2456 459 eis
2472 428 2506 458 in

319 479 463 515 Boetius,
486 480 520 510 in
543 479 623 510 libro
647 479 687 510 de
709 478 909 510 Hebdomad.
926 479 959 515 *‚
983 477 1161 509 communis
1188 477 1289 507 animi
1312 486 1388 507 con·
1442 484 1583 515 poenam
1605 474 1656 505 vel
1679 474 1868 514 praemium.

319 523 420 563 ceptio
445 529 492 554 est
514 523 601 564 apud
628 524 787 564 sapientes
815 522 1038 563 incorporalia
1066 522 1099 552 in
1124 522 1196 552 loco
1221 530 1286 551 non
1310 530 1386 551 esse.

497 280 596 311 ART.
625 281 647 311 1.
672 291 777 311 urium
800 290 953 311 annianus
983 289 1059 310 rosi·
1082 289 1211 310 nomm

623 335 843 364 asennaeum
875 334 1085 355 assmmmrtm

320 567 383 598 Cui
407 568 582 598 concordat
604 567 694 608 quod
716 568 915 608 Augustinus
938 566 1023 602 dicit,
1039 565 1097 597 XII
1120 575 1218 606 super
1241 564 1320 595 Gen.
1345 565 1388 595 ad
1486 549 1586 580 ΛΒΤ·
1611 548 1648 579 H·
1672 558 1776 579 unum
1805 557 1915 579 ⁵TAT¹¹¹
1938 557 2014 578 ⁹0⁵¹*
2037 556 2165 577 MORTEM
2188 557 2323 577 ‘amu-⁴¹³
2346 557 2461 577 ΑΜΕ

320 612 379 642 litt.
395 613 428 642 *z
456 612 528 643 Cito
552 612 679 653 quidem
703 611 891 652 responderi
908 615 1018 651 potest
1038 610 1082 640 ad
1102 609 1291 650 corporalia
1314 609 1386 639 loca
1605 602 1812 623 DnDucAN’rtm
1835 602 1876 622 u>
1901 601 2017 622 fflms
2039 601 2099 622 '⁷¹³¹‘
2122 601 2163 620 ΑΒ
2187 600 2344 621 ῙΝΡΕΚΝΠΜ

319 656 462 687 animam
486 666 551 687 non
573 656 667 698 ferri
689 656 752 687 ”²⁶⁸²-
774 665 847 686 cum
874 655 984 695 aliquo
1008 663 1156 694 corpore·
1189 652 1252 684 sed
1281 654 1387 683 anima
1402 658 1428 673 ω
1455 674 1505 696 Part
1530 673 1561 695 111
1603 648 1688 695 upgrxt'
1702 645 1993 695 {hquaiffv13211ia355d
2006 645 2193 693 gistpvlil-:ti-tqu‘
2209 651 2242 693 1ἔᾶ
2253 645 2282 683 ,ἀ-
2296 650 2342 692 {ist
2366 677 2388 692 xi
2411 675 2444 693 art
2487 679 2492 684 ·

319 706 462 740 separata
485 711 503 731 a
527 710 663 741 corpore
685 709 753 731 non
776 700 871 730 habet
901 698 1032 739 aliquod
1055 707 1188 738 corpus:
1223 698 1305 727 sicut
1327 697 1386 727 ibi·
1508 690 1513 695 ’
1564 690 1571 700 ’
1585 680 1601 702 q
1618 690 1660 722 'lv
1675 690 1743 722 bone}
1758 680 1836 726 fient..
1851 690 1900 727 ἐαρ-
1916 688 2008 725 ισι;”ὶιι
2021 677 2214 726 1οᾶη.ὀερ.ἰῖἷι,
2228 677 2282 719 1εὲιῖ
2295 703 2320 723 v;
2344 687 2350 693 ⁴
2391 687 2397 698 ’
2446 687 2452 693 '
2470 679 2492 697 ¹'

319 744 340 775 d
341 754 393 775 em
416 745 615 785 Augustinus
638 744 723 775 dicit.
748 744 834 783 Ergo
849 742 1021 774 fidiCUlum
1045 747 1092 772 est
1149 742 1156 748 ·
1194 742 1272 771 abus
1295 749 1386 780 sepa·
1607 727 1627 748 11
1642 727 1676 748 ad
1690 726 1754 753 Cor„
1769 732 1819 752 cap.
1836 733 1857 752 v,
1872 726 1923 748 lect.
1939 732 1967 751 ιις
1982 725 2018 747 Aa
2030 725 2096 751 Heb„
2113 731 2163 752 cap.
2178 730 2210 751 xi,
2224 725 2277 746 lect.
2293 729 2343 746 vm.

319 789 391 819 ratis
414 789 520 829 aliqua
542 788 742 829 receptacula
765 788 932 827 assignare.
1506 793 1527 813 n
1551 792 1713 813 secuuntur
1737 792 1782 812 src
1806 791 2011 812 raecum-rua.
2035 779 2170 811 Videtur
2193 779 2283 821 quod
2306 780 2411 810 statim
2435 785 2508 820 post

375 842 404 863 2.
429 833 624 868 Pmrmum,
644 841 742 862 omne
765 830 854 872 quod
876 831 972 861 habet
994 830 1105 860 locum
1129 828 1385 866 determinatum,
1443 795 1645 857 Amortem
1675 826 1783 857 nullae
1816 826 1941 856 animae
1972 825 2169 856 deducantur
2197 823 2236 855 ad
2267 824 2372 855 caelos
2395 824 2446 854 vel
2469 823 2509 854 ad

318 877 419 917 magis
435 877 586 907 convenit
602 885 677 907 cum
691 875 748 906 illo
771 875 846 905 loco
863 883 961 915 quam
985 882 1061 904 cum
1076 873 1150 904 alio.
1175 872 1238 904 Sed
1261 874 1386 904 animae
1402 877 1424 898 ¹5
1440 871 1613 902 infernum.
1638 871 1724 909 Quia
1750 880 1846 911 super
1875 869 1956 901 illud
1977 870 2094 900 Psalmi
2109 870 2143 906 ὓ,
2167 869 2280 900 Adhuc
2297 868 2455 909 pusillum
2478 873 2510 898 et

318 926 489 961 separatae,
506 921 588 951 sicut
603 920 699 950 etiam
714 919 876 960 quaelibet
894 919 973 949 aliae
988 917 1167 958 spirituales
1182 917 1385 954 substantiae,
1442 925 1506 946 non
1531 915 1594 946 erit
1610 920 1775 956 peccator,
1793 914 1869 945 dicit
1885 914 2000 945 Glossa
2016 915 2032 931 ⁴*
2056 913 2145 954 quod
2160 913 2264 944 sancti
2279 913 2459 943 liberantur
2475 912 2507 943 in

318 964 532 996 indifferenter
555 973 589 995 se
611 964 730 994 habent
753 963 793 994 ad
816 963 926 993 omnia
957 962 1047 993 loca:
1078 971 1147 992 non
1170 962 1257 992 enim
1281 967 1387 1002 potest
1430 961 1505 1002 fine
1519 960 1653 990 mundi:
1669 964 1748 1000 post
1761 959 1846 990 hanc
1861 964 1966 989 tamen
1991 959 2089 989 vitam
2113 968 2177 988 non
2195 958 2238 988 ibi
2253 958 2317 988 eris
2338 957 2391 988 ubi
2413 962 2510 988 erunt

318 1007 381 1039 dici
403 1008 494 1048 quod
524 1017 599 1039 cum
629 1007 788 1048 aliquibus
818 1007 1008 1047 corporibus
1039 1007 1232 1037 conveniant
1256 1011 1288 1036 et
1311 1015 1387 1036 cum
1440 1004 1554 1040 sancti,
1571 1004 1684 1045 quibus
1699 1003 1833 1039 dicetur,
1857 1003 1964 1034 Venite
1986 1002 2141 1033 benedicti
2155 1002 2264 1032 Patris
2282 1001 2353 1032 mei.
2379 1000 2442 1032 Sed
2462 1001 2508 1031 illi

318 1052 386 1083 aliis
409 1051 563 1089 differant,
580 1061 656 1083 cum
671 1052 710 1082 ab
734 1052 885 1082 omnibus
909 1051 1148 1082 conditionibus
1167 1050 1386 1091 corporalibus
1441 1049 1540 1079 sancti
1564 1054 1657 1079 erunt
1679 1049 1713 1078 in
1737 1048 1836 1079 caelo.
1872 1048 1958 1087 Ergo
1982 1048 2081 1077 sancti
2104 1052 2178 1087 post
2209 1047 2292 1077 hanc
2314 1046 2412 1076 vitam
2439 1055 2507 1076 non

317 1097 445 1137 penitus
461 1097 523 1127 sint
538 1101 691 1127 remotae.
715 1096 801 1136 Ergo
817 1097 863 1126 eis
877 1095 1078 1136 receptacula
1097 1094 1304 1126 determinata
1318 1104 1387 1125 non
1401 1098 1427 1113 ²⁰
1441 1094 1546 1124 statim
1569 1092 1745 1123 ascendunt
1768 1091 1808 1122 ad
1831 1092 1965 1122 caelum.

317 1147 392 1172 sunt
414 1140 610 1182 assignanda.
1498 1147 1527 1168 2.
1551 1137 1755 1172 Pau-mana,
1779 1137 1978 1176 Augustinus
2002 1135 2093 1171 dicit,
2116 1137 2150 1166 in
2172 1134 2340 1165 Enchirid.
2356 1135 2392 1171 *‚
2418 1133 2508 1174 quod
2535 1139 2546 1150 ·

375 1185 406 1216 3.
429 1185 627 1222 Pmntuu,
644 1185 810 1215 animabus
825 1184 975 1224 separatis
990 1193 1059 1214 non
1073 1184 1248 1223 assignatur
1267 1183 1388 1223 aliquid
1442 1186 1564 1222 tempus
1587 1181 1672 1211 inter
1693 1180 1833 1211 hominis
1855 1185 1990 1211 mortem
2014 1185 2045 1210 et
2067 1180 2213 1210 ultimam
2240 1178 2508 1209 resurrectionem

317 1235 393 1270 post
414 1234 554 1260 mortem
569 1230 630 1260 nisi
654 1228 744 1270 quod
760 1227 851 1259 cedat
868 1229 902 1258 in
925 1237 1066 1269 poenam
1080 1228 1132 1258 vel
1146 1229 1180 1258 in
1195 1228 1386 1268 praemium.
1442 1226 1665 1267 interpositum
1698 1225 1824 1256 animas
1856 1224 1973 1255 abditis
2003 1224 2213 1264 receptaculis
2244 1223 2403 1259 continet,
2426 1222 2510 1253 sicut

319 1273 389 1306 Sed.
404 1274 580 1314 eorporalis
603 1274 696 1304 locus
717 1282 786 1304 non
815 1277 923 1313 potest
953 1273 998 1303 eis
1022 1281 1090 1303 esse
1112 1272 1146 1302 in
1173 1281 1314 1312 poenam
1336 1271 1386 1302 vel
1443 1279 1654 1311 unaquaeque
1668 1269 1769 1311 digna
1786 1274 1833 1300 est
1847 1269 1957 1310 requie
1972 1269 2022 1300 vel
2037 1277 2204 1299 aerumna.
2229 1267 2292 1299 Sed
2313 1268 2392 1298 haec
2405 1266 2509 1297 abdita

318 1318 353 1349 in
375 1318 571 1358 praemium:
596 1327 672 1349 cum
687 1327 706 1348 a
729 1317 917 1357 corporibus
932 1317 1012 1347 nihil
1030 1316 1193 1356 recipiant.
1218 1316 1304 1356 Ergo
1319 1325 1388 1346 non
1402 1325 1426 1346 ²5
1442 1314 1642 1355 receptacula
1664 1323 1732 1344 non
1747 1318 1884 1354 possunt
1905 1313 2038 1353 intelligi
2054 1313 2179 1343 caelum
2195 1317 2227 1342 et
2248 1311 2406 1342 infernus:
2433 1311 2509 1351 quia

319 1367 395 1393 sunt
418 1363 462 1393 eis
485 1362 673 1403 assignanda
697 1367 781 1392 certa
803 1361 1013 1402 receptacula.
1442 1360 1476 1390 in
1491 1359 1552 1389 illis
1576 1359 1672 1389 etiam
1687 1363 1761 1399 post
1784 1358 2048 1388 resurrectionem
2063 1357 2210 1387 ultimam
2229 1365 2305 1387 cum
2321 1355 2509 1395 corporibus

375 1405 438 1437 san
463 1416 596 1443 comm,
613 1406 740 1437 caelum
763 1414 953 1446 empyreum
969 1410 1015 1436 est
1030 1404 1122 1435 locus
1138 1404 1323 1445 corporalis.
1348 1403 1400 1434 Et.
1443 1408 1555 1439 erunt;
1580 1402 1666 1433 unde
1688 1411 1748 1443 pro
1771 1402 1872 1432 nihilo
1897 1401 2104 1441 distingueret
2125 1406 2253 1441 tempus
2276 1405 2349 1431 ante
2371 1409 2509 1430 resurre-

319 1455 427 1482 tamen
450 1451 558 1491 ipsum
571 1451 704 1492 factum
735 1459 814 1481 mox
844 1450 964 1480 sanctis
994 1448 1122 1490 angelis
1144 1453 1192 1480 est
1214 1448 1387 1489 repletum,
1443 1448 1586 1478 ctionem
1609 1452 1641 1477 et
1663 1451 1738 1486 post
1759 1446 2035 1477 resurrectionem.
2071 1446 2157 1485 Ergo
2186 1454 2255 1475 non
2278 1449 2371 1475 erunt
2392 1453 2453 1474 nec
2475 1444 2510 1475 in

259 1502 288 1529 .’,
320 1500 356 1525 ut
378 1494 466 1525 Beda
489 1494 566 1526 dicit
580 1496 607 1525 ἢ
632 1494 719 1525 Cum
735 1503 812 1534 ergo
836 1494 941 1534 angeli
959 1494 1022 1524 sint
1043 1493 1237 1533 incorporei,
1253 1493 1335 1523 sicut
1358 1498 1389 1523 et
1443 1491 1570 1522 inferno
1593 1500 1655 1521 nec
1677 1491 1711 1521 in
1734 1489 1881 1531 paradiso
1905 1499 2009 1530 usque
2033 1489 2072 1520 ad
2096 1489 2182 1520 diem
2204 1488 2325 1519 iudicii.

245 1543 253 1551 ⁸
285 1544 293 1577 ζ
320 1539 446 1570 animae
468 1544 639 1580 separatae,
662 1538 787 1569 videtur
811 1538 907 1568 etiam
937 1536 1027 1579 quod
1049 1537 1216 1567 animabus
1240 1537 1389 1578 separatis
1404 1551 1429 1571 ,ο
1499 1535 1529 1566 3.
1553 1535 1750 1571 Priamum,
1766 1535 1868 1565 maior
1884 1539 1931 1564 est
1944 1534 2045 1574 gloria
2067 1534 2191 1564 animae
2210 1542 2308 1573 quarn
2324 1541 2509 1572 corporum.

268 1597 292 1631 ,ῥ’
319 1583 383 1614 sint
405 1588 491 1614 certa
513 1582 715 1623 receptacula
738 1581 934 1623 assignanda.
958 1581 1056 1622 Erg0‚
1073 1586 1132 1612 etc.
1444 1579 1507 1611 Sed
1530 1579 1625 1610 simul
1649 1579 1800 1610 omnibus
1815 1578 1957 1609 redditur
1979 1578 2079 1618 gloria
2094 1586 2279 1617 corporum,
2295 1582 2332 1607 ut
2354 1577 2393 1607 sit
2408 1577 2511 1607 maior

377 1637 406 1658 2.
430 1627 627 1663 Pium-amia,
642 1627 707 1657 hoc
730 1632 818 1667 patet
839 1635 897 1666 per
919 1625 952 1656 id
975 1624 1065 1666 quod
1098 1624 1272 1665 Gregorius
1296 1624 1388 1662 dicit,
1444 1624 1561 1655 laetitia
1576 1623 1777 1663 singulorum
1794 1632 1832 1653 ex
1857 1623 2025 1653 communi
2047 1621 2184 1662 gaudio:
2208 1626 2245 1651 ut
2267 1626 2355 1661 patet
2369 1620 2452 1651 Heb.
2468 1630 2510 1656 11,

319 1672 354 1703 in
377 1671 421 1702 1v
442 1671 578 1712 Dialog.
594 1672 628 1707 ⁵,
651 1671 773 1701 scilicet
802 1671 923 1701 animas
946 1675 1021 1710 post
1043 1674 1182 1700 mortem
1205 1669 1246 1700 ad
1268 1668 1390 1700 diversa
1444 1677 1540 1708 super
1554 1667 1635 1698 illud
1645 1668 1673 1703 ³,
1685 1667 1757 1697 Deo
1767 1677 1833 1707 pro
1850 1667 1941 1697 nobis
1956 1666 2081 1707 aliquid
2095 1666 2209 1696 melius
2219 1665 2421 1705 providente,
2434 1669 2510 1701 etc.;

319 1716 393 1746 loca
407 1715 587 1756 corporalia
602 1724 671 1746 esse
693 1714 862 1745 deductas:
887 1719 923 1744 ut
937 1718 1025 1754 patet
1040 1713 1080 1744 de
1094 1713 1274 1749 paschasio,
1291 1723 1390 1754 quem
1445 1712 1521 1749 dicit
1537 1711 1651 1743 Glossa
1666 1712 1699 1741 *x
1721 1712 1762 1741 Ut
1774 1711 1807 1741 in
1822 1710 1985 1741 communi
2000 1710 2124 1751 gaudio
2143 1710 2286 1740 omnium
2301 1709 2406 1739 maius
2411 1709 2513 1749 fieret

321 1758 510 1795 Germanus,
528 1758 704 1799 Capuanus
719 1759 892 1799 episcopus
903 1782 911 1794 ‚
927 1759 961 1788 in
977 1758 1098 1788 balneis
1113 1758 1236 1788 invenit
1250 1758 1283 1794 *3
1304 1763 1336 1788 et
1350 1757 1390 1788 de
1405 1771 1428 1791 ,ς
1443 1756 1602 1798 gaudium
1622 1756 1839 1796 singulorum.
1859 1755 1945 1794 Ergo
1965 1754 2070 1784 multo
2086 1753 2199 1784 fortius
2214 1753 2315 1793 gloria
2334 1753 2512 1783 animarum

319 1804 426 1835 anima
437 1802 634 1834 Theudorici
649 1803 741 1843 regis,
754 1812 853 1843 quam
868 1802 944 1833 dicit
959 1801 1000 1832 ad
1014 1802 1194 1842 gehennam
1210 1811 1279 1832 esse
1290 1801 1390 1832 dedu·
1446 1800 1540 1831 debet
1560 1799 1676 1831 differri
1700 1809 1803 1839 usque
1819 1799 1859 1830 ad
1874 1798 1983 1834 finem,
1999 1804 2036 1829 ut
2059 1798 2154 1829 simul
2177 1798 2328 1828 omnibus
2351 1796 2509 1828 reddatur.

320 1853 405 1879 ctam
415 1849 443 1878 ⁵.
462 1848 549 1888 Ergo
561 1848 687 1878 animae
698 1852 773 1888 post
787 1852 927 1878 mortem
941 1846 1060 1876 habent
1080 1851 1164 1876 certa
1179 1846 1389 1886 receptacula.
1500 1854 1532 1884 4.
1556 1845 1752 1880 Pmrmum,
1768 1853 1876 1884 poena
1898 1848 1930 1873 et
1944 1844 2124 1883 praemium
2147 1851 2230 1882 quae
2247 1851 2303 1882 per
2323 1842 2512 1872 sententiam

374 1892 565 1923 Rusrounno
581 1901 741 1922 mcmmtm
756 1890 856 1932 quod,
875 1891 1021 1931 quamvis
1037 1890 1229 1921 substantiae
1245 1891 1390 1930 spiritua·
1445 1889 1555 1920 iudicii
1577 1888 1770 1924 redduntur,
1794 1887 1950 1918 iudicium
1972 1886 2162 1927 praecedere
2185 1895 2253 1917 non
2284 1885 2409 1917 debent.
2449 1885 2513 1916 Sed

321 1937 366 1968 les
389 1935 569 1967 secundum
592 1945 660 1967 esse
683 1945 779 1967 suum
803 1945 821 1966 a
845 1944 980 1976 corpore
1000 1944 1068 1965 non
1092 1934 1303 1974 dependeant,
1320 1944 1390 1965 cor·
1446 1935 1528 1974 ignis
1551 1932 1667 1964 inferni
1691 1937 1722 1963 et
1751 1931 1906 1973 gaudium
1934 1931 2070 1972 paradisi
2094 1931 2254 1961 dabuntur
2282 1930 2433 1961 omnibus
2456 1939 2513 1970 per

319 1980 443 2022 poralia
464 1986 573 2012 tamen
596 1990 615 2011 a
637 1980 709 2011 Deo
731 1979 946 2011 mediantibus
974 1979 1189 2019 spiritualibus
1211 1979 1391 2019 gubernan—
1404 1992 1431 2012 40
1445 1978 1635 2008 sententiam
1658 1976 1826 2007 iudicantis
1850 1975 1977 2011 Christi,
1995 1975 2115 2006 scilicet
2132 1976 2166 2005 in
2189 1975 2304 2005 ultimo
2328 1973 2459 2010 iudicio,
2476 1979 2513 2005 ut

320 2031 388 2056 tur:
412 2030 449 2056 ut
464 2024 540 2055 dicit
562 2025 773 2065 Augustinus,
789 2025 823 2054 in
839 2024 881 2054 111
900 2023 940 2054 de
959 2023 1048 2054 Trin.
1065 2024 1092 2059 ὓ,
1109 2028 1141 2053 et
1157 2022 1341 2063 Gregorius,
1357 2023 1390 2054 in
1445 2027 1532 2063 patet
1555 2021 1666 2052 Matth.
1682 2022 1784 2051 xxvfl'.
1809 2020 1895 2060 Ergo
1919 2025 1992 2050 ante
2008 2019 2094 2050 diem
2117 2018 2226 2050 iudicii
2249 2018 2356 2050 nullus
2371 2018 2512 2049 ascendit

321 2069 365 2100 lv
387 2069 522 2111 Dialog.
539 2070 556 2086 ⁴*
582 2069 625 2100 Et
647 2068 721 2099 ideo
746 2074 792 2099 est
816 2067 974 2109 quaedam
998 2067 1222 2098 convenientia
1244 2062 1390 2107 §pii-itua-
1445 2068 1478 2097 in
1502 2066 1627 2096 caelum
1649 2065 1701 2095 vel
1725 2064 1888 2095 descendit
1911 2064 1951 2094 ad
1973 2063 2103 2094 inferos.

321 2114 402 2145 lium
417 2114 665 2144 substantiarum
680 2112 720 2143 ad
736 2113 917 2152 corporales
934 2112 1123 2142 substantias
1138 2120 1196 2151 per
1211 2120 1390 2151 congruen-
1500 2110 1563 2141 San
1588 2119 1710 2140 coum
1737 2119 1792 2139 κει·
1815 2107 1905 2149 quod
1935 2107 2050 2139 dicitur
2073 2108 2100 2138 ΙΙ
2126 2107 2202 2138 Cor.
2219 2117 2239 2137 v
2254 2108 2289 2137 *z
2323 2106 2359 2137 Si
2382 2112 2512 2138 terrena

321 2159 399 2189 tiam
422 2157 594 2198 quandam,
620 2163 656 2188 ut
678 2157 798 2187 scilicet
822 2156 1019 2197 dignioribus
1042 2155 1223 2186 substantiis
1247 2155 1391 2195 digniora
1446 2160 1559 2185 nostra
1580 2153 1735 2184 habitatio
1758 2153 1965 2189 dissolvatur,
1982 2152 2112 2183 domum
2134 2152 2286 2182 habemus
2309 2160 2374 2181 non
2398 2161 2512 2182 manu-

323 2212 460 2243 corpora
491 2201 690 2242 adaptentur.
730 2200 824 2232 Unde
858 2201 954 2231 etiam
991 2199 1177 2240 philosophi
1211 2199 1390 2230 secundum
1404 2213 1428 2233 ’,ς
1436 2200 1567 2241 factam
1583 2202 1807 2228 conservatam
1823 2197 1856 2227 in
1873 2197 1981 2228 caelis.
2005 2196 2102 2237 Ergo,
2118 2195 2271 2227 dissoluta
2290 2205 2394 2232 carne,
2410 2196 2511 2226 homo

323 2246 471 2277 ordinem
485 2245 657 2276 mobilium
673 2250 852 2285 posuerunt
875 2244 1022 2275 ordinem
1037 2244 1285 2274 substantiarum
1300 2253 1391 2284 sepa·
1445 2244 1540 2274 habet
1561 2243 1763 2273 mansionem
1786 2251 1870 2281 quae
1893 2242 1922 2272 ei
1944 2242 1979 2272 in
2001 2241 2095 2271 caelis
2118 2240 2220 2271 fuerat
2243 2244 2438 2271 conservata.

323 2295 462 2321 ratarum
473 2291 500 2320 *.
518 2290 674 2328 Quamvis
690 2294 798 2320 autem
814 2289 980 2319 animabus
990 2293 1064 2328 post
1078 2293 1217 2319 mortem
1232 2298 1300 2319 non
1317 2289 1391 2319 assi·
1503 2297 1532 2318 2.
1549 2287 1745 2322 PnAaranA,
1762 2286 1876 2326 Philip.
1893 2296 1903 2316 1
1919 2286 1935 2302 ⁴*
1955 2285 2030 2315 dicit
2045 2285 2238 2325 Apostolus:
2261 2284 2364 2324 Cupio
2380 2283 2512 2315 dissolvi

227 2337 236 2372 ζ
263 2337 297 2371 ,.’
323 2339 462 2375 gnentur
477 2334 584 2374 aliqua
599 2343 734 2374 corpora
750 2342 891 2374 quorum
908 2334 971 2363 sint
988 2332 1111 2363 formae
1125 2333 1177 2363 vel
1193 2332 1391 2364 determinati
1446 2337 1478 2363 et
1499 2341 1566 2362 esse
1589 2341 1662 2362 cum
1687 2331 1826 2361 Christo.
1850 2330 1898 2360 Ex
1922 2339 1988 2370 quo
2013 2329 2058 2359 sic
2081 2329 2182 2369 arguit
2206 2328 2389 2368 Gregorius,
2412 2329 2446 2358 in
2469 2328 2513 2358 IV

292 2391 298 2403 ν
323 2384 477 2415 motores‚
494 2378 744 2409 determinantur
758 2383 867 2408 tamen
890 2378 935 2408 eis
951 2377 1109 2417 quaedam
1128 2377 1306 2417 corporalia
1321 2377 1393 2408 loca
1446 2377 1581 2417 Dialog.
1597 2377 1632 2406 *z
1660 2374 1725 2411 Qui
1748 2384 1828 2416 ergo
1848 2374 2011 2405 Christum
2034 2374 2067 2404 in
2091 2373 2182 2404 caelo
2199 2382 2266 2404 esse
2289 2382 2354 2403 non
2378 2372 2511 2408 dubitat,

323 2432 381 2463 per
403 2423 648 2463 congruentiam
671 2421 833 2462 quandam
863 2421 1042 2452 secundum
1070 2421 1205 2461 gradum
1233 2421 1392 2461 dignitatis
1407 2433 1433 2454 50
1447 2431 1506 2452 nec
1527 2420 1624 2451 Pauli
1646 2419 1789 2450 animam
1812 2419 1845 2449 in
1869 2419 1960 2449 caelo
1983 2428 2051 2449 esse
2074 2422 2181 2459 negat.
2206 2417 2269 2448 Sed
2291 2426 2359 2447 non
2387 2422 2434 2447 est
2456 2426 2512 2447 ne-

325 2476 453 2503 earum,
477 2467 511 2497 in
534 2467 651 2507 quibus
685 2467 748 2496 sint
770 2466 861 2507 quasi
883 2466 918 2496 in
940 2466 1031 2502 loco,
1056 2475 1096 2496 eo
1119 2465 1220 2496 modo
1244 2475 1312 2506 quo
1344 2466 1392 2496 in-
1447 2465 1589 2506 gandum
1612 2463 1776 2495 Christum
1793 2472 1861 2494 esse
1883 2464 1918 2493 in
1941 2463 2046 2493 caelo:
2072 2471 2147 2493 cum
2163 2462 2203 2492 sit
2225 2461 2375 2492 articulus
2394 2460 2470 2491 fidei
2484 2461 2512 2491 ἦ

325 2511 503 2552 corporalia
525 2511 559 2541 in
582 2511 657 2541 loco
688 2520 756 2541 esse
785 2516 940 2551 possunt,
965 2509 1142 2541 secundum
1174 2510 1264 2550 quod
1292 2511 1393 2550 magis
1447 2510 1533 2550 Ergo
1565 2518 1626 2539 nec
1656 2513 1703 2539 est
1735 2506 1947 2538 dubitandum
1979 2507 2100 2537 animas
2123 2511 2308 2536 sanctorum
2335 2505 2375 2536 ad
2408 2504 2513 2535 caelos

325 2555 479 2586 accedent
501 2554 541 2585 ad
563 2555 699 2595 primam
722 2555 947 2591 substantiam,
971 2555 1024 2585 cui
1053 2554 1146 2585 locus
1168 2554 1314 2594 superior
1336 2564 1393 2595 per
1447 2554 1530 2585 ferri.
1546 2571 1569 2576 —
1592 2552 1692 2591 Quod
1715 2552 1811 2583 etiam
1835 2552 1960 2592 aliquae
1983 2551 2107 2581 animae
2130 2549 2170 2581 ad
2192 2549 2354 2580 infernum
2382 2549 2513 2580 descen-

326 2599 570 2640 congruentiam
583 2598 762 2639 deputatur,
776 2599 896 2630 scilicet
907 2599 1024 2635 Deum,
1038 2599 1130 2629 cuius
1142 2597 1251 2629 sedem
1268 2599 1393 2630 caelum
1448 2598 1528 2629 dunt
1551 2598 1656 2628 statim
1679 2602 1754 2637 post
1776 2601 1924 2632 mortem,
1946 2600 2033 2636 patet
2055 2595 2136 2625 Luc.
2152 2604 2205 2625 xv1
2220 2595 2255 2624 *:
2289 2592 2443 2625 Mortuus
2466 2598 2514 2624 est

292 2661 298 2672 =
326 2644 488 2684 Scriptura
518 2653 586 2674 esse
616 2643 782 2674 denuntiat
796 2644 823 2674 *.
847 2643 889 2673 Et
911 2642 986 2674 ideo
1009 2643 1130 2673 animas
1153 2652 1237 2683 quae
1258 2649 1333 2673 sunt
1359 2644 1394 2674 in
1409 2654 1431 2674 55
1448 2648 1555 2673 autem
1578 2642 1675 2678 dives,
1692 2646 1724 2672 et
1744 2641 1888 2681 sepultus
1910 2645 1957 2671 est
1980 2640 2012 2670 in
2037 2639 2179 2681 inferno.

293 2687 298 2694 “
325 2688 569 2740 participatione
592 2687 733 2727 perfecta
751 2687 940 2724 divinitatis,
964 2688 999 2717 in
1022 2687 1112 2717 caelo
1136 2696 1204 2717 esse
1222 2688 1392 2727 ponimus:
1502 2687 1693 2717 Rusrormno
1716 2695 1876 2716 nxcawnuu
1891 2683 1991 2725 quod,
2008 2685 2090 2714 sicut
2112 2684 2146 2714 in
2163 2683 2351 2723 corporibus
2376 2687 2423 2712 est
2444 2691 2513 2722 gra-

326 2742 448 2764 ammas
470 2741 547 2762 vero
564 2741 647 2772 quae
663 2741 681 2762 a
700 2732 944 2772 participatione
961 2730 1148 2762 huiusmodi
1163 2731 1393 2771 impediuntur,
1447 2732 1526 2762 vitas
1549 2730 1600 2761 vel
1615 2730 1736 2766 levitas,
1753 2739 1818 2770 qua
1832 2729 1977 2760 feruntur
1993 2728 2033 2759 ad
2047 2737 2144 2758 suum
2166 2727 2286 2763 locum,
2305 2727 2361 2767 qui
2380 2731 2427 2756 est
2441 2725 2514 2756 finis

326 2777 402 2808 loco
426 2777 585 2807 contrario
609 2775 745 2806 dicimus
768 2775 923 2816 deputari.
1447 2781 1556 2806 motus
1578 2776 1741 2815 ipsorum3
1774 2775 1817 2804 ita
1840 2774 1936 2804 etiam
1959 2778 2006 2803 est
2028 2773 2062 2802 in
2092 2771 2259 2802 animabus
2290 2771 2440 2801 meritum
2462 2770 2515 2800 vel

382 2821 433 2851 An
456 2830 574 2851 ramim
597 2829 680 2850 aneo
699 2830 859 2850 menuntm
882 2819 972 2860 quod
994 2819 1207 2860 incorporalia
1229 2829 1297 2850 non
1320 2825 1395 2851 sunt
1449 2819 1660 2855 demeritum,
1686 2819 1803 2859 quibus
1831 2818 2022 2858 perveniunt
2052 2816 2177 2846 animae
2200 2815 2239 2846 ad
2261 2815 2441 2855 praemium
2463 2814 2514 2844 vel

325 2866 360 2896 in
382 2866 458 2896 loco
482 2864 582 2895 modo
605 2864 715 2904 aliquo
737 2864 832 2894 nobis
854 2869 935 2894 noto
960 2869 992 2894 et
1014 2869 1191 2900 consueto,
1215 2863 1395 2896 secundum
1407 2873 1435 2893 ⁶0
1448 2873 1599 2904 poenam,
1625 2872 1709 2904 quae
1731 2868 1806 2893 sunt
1828 2861 1909 2892 fines
1932 2862 2096 2892 actionum
2119 2861 2271 2900 ipsarum.
2303 2857 2407 2895 Unde,
2431 2859 2514 2889 sicut

327 2909 418 2951 quod
441 2909 577 2940 dicimus
601 2918 736 2948 corpora
758 2908 889 2949 proprie
910 2909 944 2938 in
967 2908 1042 2938 loco
1073 2917 1151 2938 esse.
1183 2907 1265 2938 Sunt
1286 2914 1395 2939 tamen
1450 2917 1567 2948 corpus
1580 2917 1638 2948 per
1660 2907 1845 2947 gravitatem
1860 2906 1912 2936 vel
1934 2906 2094 2936 levitatem
2113 2904 2217 2934 statim
2233 2903 2331 2934 fertur
2353 2902 2514 2933 inlocum

326 2955 361 2985 in
391 2954 467 2984 loco
499 2952 600 2984 modo
632 2953 813 2983 substantiis
843 2952 1057 2993 spiritualibus
1090 2952 1314 2989 convenienti,
1338 2953 1395 2993 qui
1449 2962 1545 2983 suum
1567 2952 1628 2982 nisi
1649 2951 1866 2992 prohibeatur,
1890 2951 1933 2981 ita
1955 2950 2061 2981 statim
2084 2949 2226 2984 animae,
2252 2947 2360 2978 soluto
2382 2947 2513 2977 vinculo

327 2998 421 3029 nobis
443 2997 539 3038 plene
561 2996 749 3028 manifestus
772 3006 840 3027 esse
862 3006 931 3027 non
953 3001 1069 3036 potest.
1450 2997 1561 3033 carnis,
1577 3005 1635 3036 per
1650 2995 1739 3036 quod
1754 2996 1789 3026 in
1804 3001 1887 3026 statu
1902 2995 1972 3025 viae
1991 2993 2223 3028 detinebantur,
2239 2992 2419 3032 praemium
2435 3000 2514 3021 con-

383 3042 434 3072 ΑΒ
458 3051 620 3072 sacrmmm
651 3051 812 3071 mmmmm
836 3040 926 3081 quod
955 3040 1073 3081 duplex
1097 3045 1144 3071 est
1171 3041 1395 3071 convenientia
1449 3045 1628 3081 sequuntur
1650 3040 1702 3070 vel
1724 3049 1876 3080 poenam,
1897 3039 1958 3069 nisi
1981 3037 2102 3078 aliquid
2123 3036 2291 3077 impediat:
2315 3036 2398 3066 sicut
2420 3035 2515 3065 inter-

328 3086 380 3117 vel
401 3085 587 3117 similitudo.
611 3085 684 3117 Una
700 3095 783 3126 quae
807 3091 854 3116 est
876 3094 933 3126 per
951 3085 1229 3125 participationem
1251 3083 1395 3115 eiusdem
1408 3093 1433 3119 ες
1450 3084 1529 3116 dum
1557 3083 1692 3124 impedit
1723 3084 1988 3115 consecutionem
2019 3082 2151 3123 praemii
2174 3080 2297 3111 veniale
2325 3084 2513 3120 peccatum,

330 3130 505 3170 qualitatis:
536 3130 619 3161 sicut
651 3129 753 3160 calida
776 3129 816 3160 ad
837 3129 978 3160 invicem
1011 3129 1218 3160 conveniunt.
1253 3128 1295 3159 Et
1325 3129 1395 3159 talis
1450 3128 1540 3169 quod
1562 3129 1651 3169 prius
1674 3129 1801 3169 purgari
1825 3133 1969 3168 oportet,
1994 3136 2031 3157 ex
2055 3135 2122 3166 quo
2145 3125 2288 3165 sequitur
2311 3123 2401 3164 quod
2423 3133 2514 3164 prae-

331 3174 554 3205 convenientia
583 3174 836 3214 incorporalium
860 3173 900 3204 ad
922 3174 995 3204 loca
1027 3173 1205 3213 corporalia
1237 3182 1305 3203 esse
1327 3182 1395 3203 non
1450 3174 1554 3203 mium
1577 3171 1747 3203 differatur.
1771 3172 1813 3203 Et
1828 3173 1904 3213 quia
1919 3172 2011 3202 locus
2035 3170 2204 3211 deputatur
2219 3169 2385 3199 animabus
2400 3177 2514 3198 secun-

330 3222 447 3258 potest.
461 3235 485 3240 —
507 3218 579 3248 Alia
594 3227 652 3258 per
667 3218 830 3259 quandam
844 3218 1192 3259 proportionalitatem:
1217 3216 1396 3248 secundum
1451 3216 1530 3248 dum
1553 3217 1796 3257 congruentiam
1818 3216 1952 3257 praemii
1969 3215 2020 3246 vel
2039 3224 2164 3255 poenae
2179 3214 2206 3250 *,
2223 3213 2328 3243 statim
2350 3218 2387 3243 ut
2409 3212 2515 3242 anima

332 3270 430 3302 quam
451 3261 485 3292 in
508 3261 677 3302 Scripturis
695 3263 902 3303 metaphorae
926 3262 1143 3302 corporalium
1161 3261 1201 3292 ad
1223 3261 1396 3301 spiritualia
1451 3261 1624 3292 absolvitur
1647 3271 1666 3291 a
1688 3270 1834 3301 corpore,
1851 3260 1902 3291 vel
1925 3261 1959 3291 in
1981 3259 2143 3290 infernum
2165 3257 2379 3297 immergitur;
2403 3256 2454 3286 vel
2475 3255 2515 3286 ad

331 3304 571 3342 transferuntur,
587 3311 624 3336 ut
639 3315 714 3337 cum
730 3306 844 3338 dicitur
859 3307 948 3337 Deus
967 3316 1035 3337 esse
1050 3306 1102 3337 sol
1112 3307 1139 3342 *,
1156 3306 1232 3346 quia
1248 3311 1295 3336 est
1309 3306 1396 3346 prin-
1410 3319 1437 3339 7⁰
1452 3305 1577 3336 caelum
1601 3305 1715 3341 evolat,
1732 3305 1793 3335 nisi
1815 3304 2007 3345 impediatur
2030 3304 2138 3343 aliquo
2162 3307 2261 3337 reatu,
2278 3310 2345 3341 quo
2368 3305 2515 3341 oporteat

333 3350 455 3389 cipium
482 3349 566 3380 vitae
588 3350 757 3390 spiritualis
783 3351 866 3382 sicut
888 3351 937 3381 sol
959 3351 1042 3381 vitae
1065 3350 1249 3391 corporalis.
1284 3350 1326 3380 Et
1348 3359 1396 3380 se-
1452 3349 1667 3380 evolan'onem
1690 3348 1816 3386 differri,
1833 3354 1870 3379 ut
1891 3349 1979 3389 prius
2003 3348 2108 3378 anima
2130 3351 2292 3387 purgetur.

333 3392 477 3424 cundum
492 3393 575 3424 hanc
595 3395 852 3426 convenientiam
875 3394 1033 3436 quaedam
1057 3395 1181 3425 animae
1205 3393 1397 3434 quibusdam
1507 3394 1548 3424 Et
1563 3394 1640 3424 huic
1663 3393 1785 3423 veritati
1800 3393 2003 3424 auctoritates
2018 3392 2198 3432 Scripturae
2217 3390 2391 3421 canonicae
2413 3389 2515 3419 maui-

332 3437 412 3468 locis
435 3437 536 3476 magis
558 3438 771 3469 conveniunt:
800 3440 883 3470 sicut
905 3440 1031 3470 animae
1054 3438 1256 3480 spiritualiter
1278 3438 1396 3469 illumi-
1452 3437 1531 3468 feste
1554 3442 1749 3474 attestantur,
1766 3442 1798 3467 et
1820 3436 2015 3468 documenta
2038 3441 2221 3466 sanctorum
2248 3434 2388 3464 Patrum.
2420 3431 2515 3463 Unde

332 3487 426 3512 natae
441 3489 517 3511 cum
533 3482 721 3521 corporibus
736 3482 918 3520 luminosis;
938 3484 1063 3515 animae
1077 3492 1154 3514 vero
1171 3483 1397 3514 obtenebratae
1452 3483 1647 3513 contrarium
1659 3491 1718 3522 pro
1730 3482 1852 3512 haeresi
1864 3486 1911 3512 est
1922 3480 2122 3511 habendum:
2142 3484 2178 3509 ut
2189 3483 2276 3519 patet
2287 3478 2330 3508 IV
2341 3477 2476 3518 Dialog.
2487 3477 2514 3513 *,

333 3534 390 3566 per
413 3524 543 3573 culpam
566 3534 641 3556 cum
664 3525 743 3557 locis
765 3527 950 3558 tenebrosis.
1411 3540 1434 3560 75
1452 3531 1483 3557 et
1506 3527 1539 3557 in
1562 3526 1643 3557 libro
1667 3526 1707 3557 de
1728 3525 1964 3556 Ecclesiasticis
1985 3523 2201 3566 Dogmatibus
2216 3524 2243 3553 *-

2533 345 2543 356 ·
2564 343 2662 366 Aristot.
2685 343 2749 372 Phy-

2533 370 2574 392 sic.
2588 370 2627 392 lib.
2642 370 2675 392 lV
2693 376 2745 418 cla-fl.

2533 403 2563 423 iv,
2575 403 2597 419 n.
2610 404 2628 419 ι.
2638 407 2649 414 -
2663 386 2688 419 S.
2737 412 2744 419 .

2533 423 2585 445 lect.
2601 430 2622 445 v.

2536 871 2546 881 ·
2554 870 2590 892 Pa.
2598 876 2676 898 xxxvi,
2686 876 2746 892 vers.

2537 903 2571 918 ιο.

2535 924 2546 934 ·
2559 923 2642 946 Lomb.

2538 1670 2549 1681 ·
2562 1669 2630 1691 Verr.
2644 1675 2684 1696 4ο.

2538 1710 2549 1721 ·
2562 1709 2646 1731 Lomb.

2539 2022 2550 2034 '
2563 2022 2631 2044 Vera.
2644 2028 2668 2051 3¹
2684 2027 2735 2050 sqq.

2539 2111 2549 2122 '¹
2563 2109 2630 2131 Vera.
2647 2116 2665 2131 ι.

2539 2289 2549 2298 ·
2562 2286 2629 2309 Vers.
2644 2292 2677 2316 ²3·

2539 2376 2549 2385 ·
2563 2374 2620 2402 Cap.
2634 2380 2688 2396 xxv.

2539 2463 2550 2474 ·
2563 2462 2645 2490 Symb.
2664 2463 2750 2490 Aprost.

2540 2595 2550 2606 ⁸
2564 2594 2632 2616 Vera.
2647 2599 2681 2615 22.

2541 3217 2551 3227 ·
2564 3216 2615 3238 Art.
2630 3214 2751 3243 praeced„

2541 3241 2570 3263 ad
2583 3248 2605 3271 3.

2541 3410 2552 3420 '
2560 3409 2583 3431 S.
2592 3407 2752 3436 Greg.Magn.‚

2541 3441 2607 3483 2⁸52·
2614 3440 2753 3482 uam:

2541 3467 2631 3510 mlxv..-
2637 3488 2697 3509 Inter
2702 3477 2742 3514 ’Op
2746 3502 2753 3507 .

2541 3516 2601 3541 Aug.
