2918 4088
205 1626 299 1680 1ῗῖὅῖ
297 1602 420 1682 {gpoffv’
447 1657 602 1682 necesse
631 1653 710 1682 erat
738 1657 805 1682 eos
825 1645 981 1695 aliquod
1002 1644 1155 1693 signum
1175 1621 1424 1682 distinctionis
1443 1645 1511 1682 ha-

454 203 524 228 120

451 268 784 306 instrumentaliter
811 269 849 306 in
878 269 1015 306 virtute
1043 269 1230 318 passionis
1252 270 1400 317 Christi,
1430 282 1510 307 non

451 331 580 359 autem
601 322 858 369 circumcisio,
880 322 966 359 ideo
988 322 1199 371 baptismus
1219 322 1403 372 imprimit
1421 324 1510 360 cha-

451 383 635 412 racterem
657 375 967 424 incorporantem
987 375 1187 412 hominem
1209 375 1371 422 Christo,
1393 384 1428 413 et
1447 389 1510 414 co-

449 428 657 476 piosiorem
677 428 835 476 gratiam
855 428 999 465 confert
1018 441 1137 477 quam
1157 428 1410 466 circumcisio:
1432 441 1510 466 ma-

450 481 509 517 ior
540 481 644 518 enim
678 490 732 518 est
761 482 918 518 effectus
946 481 1000 518 rei
1034 481 1111 518 iam
1145 482 1354 530 praesentis
1391 494 1510 531 quam

451 533 542 583 spei.

503 587 560 623 AD
581 599 715 624 PR1MUM
745 599 842 624 ERGO
871 599 1052 625 mOENDUM
1077 588 1184 637 quod
1212 588 1306 625 ratio
1334 587 1395 625 illa
1422 599 1510 637 pro-

450 640 599 677 cederet
636 640 666 677 si
700 653 746 677 ex
778 640 1067 678 circumcisione
1104 648 1201 677 esset
1236 640 1374 678 iustitia
1406 640 1512 678 aliter

450 705 569 742 quam
596 705 667 742 per
693 693 813 730 fidem
841 693 1029 743 passionis
1060 693 1209 730 Christi.

511 747 568 782 AD
598 758 786 784 SECUNDUM
814 759 995 784 DtCENDUM
1022 747 1140 795 quod,
1171 746 1266 783 sicut
1293 754 1380 784 ante
1408 746 1510 783 insti-

449 798 639 836 tutionem
666 799 965 837 circumcisionis
993 799 1117 836 fides‘
1147 799 1285 836 Christi
1310 799 1426 837 futuri
1453 799 1510 836 iu-

450 851 635 889 stificabat
668 860 746 889 tam
774 865 917 902 pueros
945 865 1064 901 quarn
1092 852 1261 899 adultos,
1295 852 1345 889 ita
1378 859 1414 889 et
1441 852 1510 889 cir-

449 904 685 942 cumcisione
723 905 820 943 data.
870 906 946 943 Sed
984 913 1095 942 antea
1130 917 1210 942 non
1248 904 1512 954 requirebatur

449 957 605 1007 aliquod
634 958 786 1006 signum
813 958 1103 1007 protestativum
1131 958 1248 995 huius
1275 958 1385 995 fidei:
1421 957 1511 1007 quia

449 1010 627 1047 nondum
655 1010 833 1048 homines
860 1010 993 1048 fideles
1022 1023 1197 1048 seorsum
1225 1011 1273 1047 ab
1293 1010 1510 1047 infidelibus

449 1071 654 1112 coeperant
682 1063 842 1100 adunari
870 1064 918 1100 ad
947 1064 1090 1100 cultum
1120 1063 1235 1100 unius
1254 1063 1337 1100 Dei.
1368 1063 1510 1100 Proba-

447 1115 522 1152 bile
545 1122 675 1153 tamen
695 1123 750 1153 est
778 1116 885 1165 quod
903 1123 1080 1165 parentes
1098 1115 1232 1152 fideles
1250 1127 1322 1165 pro
1341 1115 1511 1164 parvulis

447 1167 556 1214 natis,
586 1176 623 1204 et
649 1168 817 1205 maxime
837 1168 876 1205 in
894 1168 1065 1218 periculo
1086 1168 1343 1213 existentibus,
1364 1167 1511 1217 aliquas

446 1232 579 1270 preces
599 1221 683 1258 Deo
703 1222 916 1268 funderent,
932 1222 994 1257 vel
1013 1220 1182 1270 aliquam
1201 1220 1510 1258 benedictionem

447 1273 500 1310 eis
529 1273 770 1320 adhiberent,
804 1274 911 1323 quod
940 1281 1020 1310 erat
1047 1274 1248 1323 quoddam
1274 1273 1510 1323 signaculum

435 1326 551 1374 fidei:
578 1326 674 1363 sicut
701 1326 819 1364 adulti
846 1339 918 1376 pro
942 1326 1074 1376 seipsis
1102 1338 1235 1376 preces
1263 1333 1299 1363 et
1327 1325 1511 1363 sacrificia

447 1379 670 1416 offerebant.

500 1433 557 1469 AD
584 1445 742 1470 TERTIUM
762 1445 943 1470 DICENDUM
963 1433 1070 1481 quod
1098 1434 1267 1482 populus
1295 1432 1335 1469 in
1359 1432 1509 1470 deserto

445 1485 750 1534 praetermittens
778 1486 1005 1523 mandatum
1025 1484 1325 1523 circumcisionis
1355 1497 1510 1523 excusa-

446 1539 568 1586 batur,
605 1546 686 1576 turn
721 1538 812 1588 quia
846 1538 1066 1576 nesciebant
1093 1539 1251 1588 quando
1280 1546 1401 1575 castra
1428 1550 1510 1576 mo-

446 1592 636 1629 vebantul
649 1598 684 1638 ²;
710 1599 794 1629 tum
814 1592 915 1641 quia,
931 1600 975 1629 ut
992 1592 1257 1629 Damascenus
1277 1591 1366 1628 dicit
1378 1591 1408 1638 ³¹²,
1429 1602 1510 1628 non

499 1810 519 1845 ι)
530 1812 611 1844 fides.
629 1824 648 1830 -
665 1812 723 1837 sola
734 1812 806 1845 fides
823 1813 906 1838 tertia.

498 1847 524 1880 κ)
545 1848 726 1872 movebantur.
743 1861 763 1867 —-
781 1848 913 1873 movenda
930 1851 1009 1873 erant
1027 1848 1070 1872 EF
1089 1853 1114 1873 et
1132 1848 1213 1874 terna.

499 1881 528 1916 λ)
546 1883 630 1916 aliqui
655 1883 697 1909 ibi.
716 1897 735 1902 -
753 1883 789 1908 ibi
812 1883 896 1916 aliqui
914 1884 932 1913 1,
951 1883 1035 1916 aliqui
1060 1883 1137 1908 PEsF
1157 1889 1182 1909 et
1199 1891 1222 1912 c,
1241 1883 1338 1916 aliquis
1357 1883 1403 1917 pF,
1429 1883 1508 1908 etiam

445 1918 530 1951 aliqui
548 1918 577 1948 b;
597 1918 654 1944 Si...
672 1919 851 1944 incircumcisi
868 1925 920 1944 om.
941 1919 973 1944 Η.

1129 192 1391 239 QUAESTIO
1420 191 1544 239 LXX,
1574 190 1865 229 ARTICULUS
1893 191 1943 228 lV

1566 271 1668 308 bere
1677 270 1834 320 quando
1855 282 2031 308 seorsum
2051 270 2099 307 ab
2121 269 2201 307 aliis
2220 270 2373 319 populis
2393 271 2623 308 habitabant.

1565 325 1613 361 Et
1640 331 1790 368 tamen,
1819 331 1861 360 ut
1889 323 2125 371 Augustinus
2153 322 2242 359 dicit
2260 323 2297 370 *,
2327 323 2663 361 inobedientiam·

1564 377 1809 414 incurrebant
1843 376 1910 425 qui
1939 388 1985 412 ex
2013 383 2236 435 contemptu
2264 376 2623 436 praetermittebant.

1616 429 1777 467 Videtur
1804 437 1934 466 tamen
1962 428 2069 478 quod
2097 427 2218 465 nulli‘
2210 428 2462 468 incircumcisi
2483 429 2626 466 mortui

1563 483 1702 520 fuerint
1721 482 1760 519 in
1780 483 1941 529 deserto,
1962 481 2054 531 quia
2072 481 2112 518 in
2131 482 2285 518 Psalmo
2303 481 2324 503 '¹‘
2352 481 2504 519 dicitur:
2534 483 2625 519 Non

1564 542 1643 573 erat
1671 538 1707 572 in
1736 537 1899 573 tribubus
1928 547 2057 572 eorum
2086 536 2274 582 infirmus:
2302 534 2368 571 sed
2396 533 2447 571 illi
2475 534 2546 572 soli
2573 534 2624 572 vi-

1564 589 1703 625 dentur
1730 587 1873 625 mortui
1900 587 1940 624 in
1963 588 2113 625 deserto
2142 586 2209 636 qui
2226 586 2402 624 fuerant
2393 597 2432 624 m
2451 588 2625 646 Aegypto

1565 641 1789 678 circumcisi
1812 641 1851 679 Si
1870 648 2000 678 tamen
2019 639 2136 689 aliqui
2150 637 2230 676 ibi
2248 638 2503 677 incircumcisi
2522 651 2626 677 mor-

1563 693 1619 732 tui
1647 702 1746 741 sunt,
1774 694 1910 731 eadem
1939 694 2033 731 ratio
2060 700 2115 730 est
2134 693 2181 730 de
2210 692 2269 729 his
2297 700 2333 729 et
2361 692 2408 729 de
2436 692 2496 729 his
2514 698 2532 721 ‘⁴
2559 692 2627 742 qui

1564 747 1829 784 moriebantur
1868 754 1954 784 ante
1996 745 2296 784 circumcisionis
2337 744 2624 783 institutionem.

1565 801 1684 847 Quod
1713 799 1827 837 etiam
1855 799 2142 848 intelligendum
2162 806 2217 836 est
2244 798 2292 836 de
2311 797 2440 848 pueris
2459 797 2527 847 qui
2545 809 2628 836 mo-

1564 852 1759 890 riebantur
1780 860 1873 890 'ante
1902 860 2085 890 octavum
2113 851 2214 889 diem
2245 859 2419 901 tempore
2447 851 2548 900 legis.

1617 907 1674 943 AD
1711 917 1882 948 QUARTUM
1915 917 2096 943 DICENDUM
2133 905 2240 955 quod
2269 904 2308 942 in
2337 903 2627 942 circumcisione

1565 958 1806 995 auferebatur
1821 957 2001 1007 originale
2021 966 2223 1008 peccatum
2238 969 2284 995 ex
2298 965 2404 1007 parte
2418 969 2625 1008 personae:

1565 1011 1788 1048 remanebat
1814 1019 1945 1048 tamen
1972 1011 2295 1060 impedimentum
2323 1010 2488 1048 intrandi
2511 1010 2551 1048 in
2570 1021 2628 1047 re-

1564 1076 1685 1112 gnum
1722 1066 1919 1101 caelorum
1953 1075 2000 1101 ex
2031 1071 2137 1113 parte
2172 1064 2287 1101 totius
2314 1071 2489 1110 naturae,
2519 1061 2628 1113 quod

1563 1116 1634 1154 fuit
1670 1116 1865 1153 sublatum
1899 1128 1969 1166 per
2001 1116 2223 1166 passionem
2261 1116 2410 1154 Christi.
2454 1116 2503 1153 Et
2538 1116 2626 1153 ideo

1565 1169 1680 1206 etiam
1707 1169 1921 1219 baptismus
1950 1177 2036 1206 ante
2064 1169 2284 1219 passionem
2314 1167 2453 1206 Christi
2471 1179 2552 1206 non
2571 1168 2627 1206 in-

1564 1221 1790 1259 troducebat
1817 1222 1857 1258 in
1885 1233 2059 1270 regnum.
2093 1222 2173 1259 Sed
2190 1227 2203 1243 ⁹
2231 1220 2481 1268 circumcisio,
2504 1221 2535 1258 si
2562 1222 2627 1259 ha-

1564 1274 1670 1311 beret
1698 1276 1828 1311 locum
1855 1282 1942 1323 post
1960 1273 2181 1323 passionem
2202 1273 2353 1322 Christi,
2371 1274 2629 1311 introduceret

1564 1339 1604 1364 in
1633 1338 1807 1375 regnum.

2678 328 2774 356 Quaen.
2789 329 2813 350 ιἰι
2826 329 2865 351 Ιο-

2653 361 2802 383 sue,qu.v1.

2653 485 2664 495 '¹
2671 484 2708 506 Ρι.
2715 489 2759 512 mv,
2765 490 2824 506 vern.
2829 490 2866 513 37.

1617 1381 1675 1416 AD
1696 1391 1857 1422 QumTUM
1875 1391 2058 1418 mcENnuM
2077 1380 2185 1430 quod
2213 1378 2342 1427 adulti,
2372 1380 2530 1429 quando
2559 1377 2628 1416 cir·
2675 1404 2677 1406 -
2731 1403 2734 1405 -

1563 1432 1892 1479 cumcidebantur,
1908 1432 2247 1483 consequebantur
2261 1431 2528 1470 remissionem
2547 1443 2628 1470 non

1564 1486 1692 1522 solum
1721 1485 1953 1534 originalis,
1931 1484 1942 1511 ἕ
1984 1486 2051 1524 sed
2080 1486 2195 1523 etiam
2222 1486 2429 1523 actualium
2456 1493 2629 1545 peccato-

1565 1551 1671 1576 rum:
1702 1549 1782 1575 non
1810 1546 1940 1576 tamen
1969 1539 2019 1576 ita
2047 1539 2154 1589 quod
2183 1537 2434 1576 liberarentur
2452 1539 2500 1576 ab
2521 1534 2630 1575 omni

1565 1599 1673 1628 reatu
1698 1603 1860 1651 poenae,
1882 1591 1978 1629 sicut
1996 1592 2035 1629 in
2054 1592 2258 1642 baptismo,
2279 1592 2319 1629 in
2338 1602 2417 1643 quo
2437 1592 2631 1630 confertur

1564 1644 1759 1694 copiosior
1786 1644 1914 1694 gratia.

1618 1810 1646 1846 μ.)
1665 1812 1699 1837 de
1716 1811 1757 1837 his
1775 1815 1802 1837 et
1820 1812 1853 1837 de
1871 1811 1920 1837 his.
1931 1825 1951 1830 -
1969 1812 2002 1837 de
2020 1811 2061 1837 his
2079 1811 2111 1841 D.
2123 1812 2157 1836 de
2174 1811 2211 1836 eis
2231 1811 2254 1841 b,
2268 1810 2301 1836 de
2319 1811 2360 1836 his
2377 1813 2403 1836 et
2422 1810 2455 1836 de
2472 1810 2509 1835 eis
2528 1809 2600 1836 GHe.
2611 1823 2631 1830 -·

1563 1847 1800 1873 circumcisionis...
1818 1847 2003 1872 moriebatur
2020 1849 2084 1872 ante
2099 1855 2154 1872 om.
2173 1847 2262 1872 Gube-

1618 1884 1642 1915 ν)
1663 1883 1725 1908 Sed.
1743 1897 1762 1902 ·—
1782 1883 1836 1908 Sed
1854 1886 1880 1908 et
1899 1883 2010 1912 PDEHI,
2030 1882 2085 1908 Sed
2102 1882 2183 1907 etiam
2202 1882 2240 1907 sG
2260 1887 2286 1907 et
2302 1888 2324 1908 c.

1618 1917 1641 1952 ξ)
1660 1918 1810 1951 orz‘ginalis.
1826 1932 1846 1938 ·-
1859 1918 1966 1950 peccati
1983 1917 2080 1943 addunt
2098 1917 2231 1943 editiones.

2901 3428 2918 3484 kh.-
2912 3365 2918 3404 .-.-
