2918 4088
6 118 19 209 ,αἰνὴ-κ
8 71 21 98 ”«

75 575 289 651 ἐξὲξ-31311

75 656 89 667 “
99 654 286 678 Pseudo-Ambr.

74 681 99 703 in
112 681 156 710 Ep.
170 681 205 703 ad
212 682 286 709 Rom„

74 713 125 736 up.
135 714 168 735 xi,
179 714 238 730 vers.
249 714 284 737 ²9·

61 1865 192 1890 ‘vae-8.

57 2076 152 2128 ξε

179 2146 186 2157 .
128 2077 216 2131 ἐξ

211 2077 264 2153 ³3⁵2

125 2135 150 2153 P

199 2137 220 2154 ρ.

58 2134 129 2233 ‚gra

116 2162 168 2232 513.

171 2157 266 2233 ἓῑὲ

105 2173 272 2392 {25}

38 2249 199 2434 *giiii
42 2139 112 2158 .'
59 2077 73 2091 ·

205 2502 272 2557 ἓξ
241 2476 243 2478 .
210 2427 270 2450 ὲ
204 2295 273 2397 '31³³

974 189 1237 236 QUAESTlo
1266 190 1443 238 LXXIX,
1472 191 1764 229 ARTicULUs
1793 194 1842 229 iv

2420 195 2493 232 223

320 266 476 296 rationem
509 267 755 306 regenerationis
788 273 819 298 et
851 268 1040 298 ablutionis:
1075 269 1237 308 generatio
1273 274 1380 299 autern
1404 269 1407 307 Ι
1433 269 1612 299 charistiam
1635 279 1702 299 non
1733 270 1848 300 sufficit
1874 281 1941 302 non
1972 282 2091 312 ponere
2115 275 2258 311 obicem,
2283 274 2338 305 sed
2366 280 2495 315 oportet

319 319 387 340 non
413 311 658 350 praesupponit,
687 311 742 341 sed
773 311 846 342 facit
877 322 933 342 ens
964 318 995 342 et
1021 313 1148 348 vivum;
1182 318 1213 343 et
1238 313 1380 342 similiter
1427 312 1571 353 probare
1593 313 1740 353 seipsum,
1765 319 1796 344 et
1817 315 1863 344 sic
1885 315 1924 345 de
1941 325 2028 355 pane
2052 318 2107 347 illo
2132 318 2225 349 edere
2240 321 2266 349 *.

319 353 440 383 ablutio
463 363 530 384 non
553 355 784 395 praesupponit
806 356 975 392 mundum,
1000 355 1055 386 sed
1077 355 1220 387 mundat.
1244 357 1285 386 Et
1304 366 1380 396 pro-

317 402 435 437 pterea,
468 407 505 428 ex
536 399 672 439 propriis
707 399 913 436 considerata,
945 401 1023 430 haec
1054 407 1247 430 sacramenta
1281 401 1379 430 susci-

317 441 441 481 pientes
465 441 603 481 dispares
626 443 762 473 habent:
791 443 990 474 Eucharistia
1018 443 1149 484 quidem
1172 444 1300 480 vivum;
1325 444 1379 474 ba-

316 485 451 524 ptismus
475 487 667 517 non—vivum
691 492 722 517 et
744 487 958 518 immundum.
983 488 1024 518 Et
1046 488 1124 518 haec
1148 487 1323 518 differentia
1345 489 1379 518 in

316 528 419 559 littera
442 530 583 569 ponitur.

371 573 418 603 Ex
440 579 529 613 parte
553 579 660 604 autem
683 576 883 615 suscipientis
907 574 1082 606 differentia
1105 580 1151 605 est
1167 574 1257 615 quod
1280 575 1378 605 susci-

314 616 416 656 pienti
438 618 633 658 baptismum
656 618 772 649 sufficit
793 623 863 649 non'
883 628 1004 659 ponere
1029 619 1166 654 obicem,
1191 618 1230 648 ad
1253 619 1316 649 hoc
1342 623 1379 648 ut

314 659 456 691 divinam
479 668 698 702 consequatur,
715 663 858 703 gratiam,
874 668 911 694 ut
934 672 972 693 ex
995 671 1090 703 supra
1104 663 1122 679 ⁴*
1143 663 1257 692 habitis
1274 667 1375 702 patet:

314 705 390 745 quia
412 705 587 746 baptismus
603 707 712 737 omnia
736 706 900 737 condonat
913 707 942 736 *ἢ
966 706 1159 746 Suscipienti
1181 712 1289 736 autem
1312 706 1378 736 Eu-

1486 355 1555 386 Nec
1578 356 1702 387 Auctor
1731 358 1763 387 in
1787 358 1888 388 littera
1921 359 1996 389 dicit
2025 363 2250 392 convenienter
2280 362 2429 393 accedere
2453 362 2493 393 ad

1432 400 1626 440 baptismum
1642 401 1811 431 habentem
1828 403 2055 433 conscientiam
2067 410 2098 434 et
2108 406 2257 445 affectum
2269 408 2390 445 peccati
2406 416 2492 436 mor-

1431 444 1510 473 talis.
1536 444 1652 484 Magna
1668 450 1714 474 est
1729 446 1816 475 enim
1831 446 1913 476 inter
1935 452 2108 487 utrumque
2127 448 2310 479 differentia.
2334 450 2417 480 Nam
2437 451 2492 480 ha-

1431 488 1509 517 bens
1533 487 1682 518 affectum
1705 490 1828 528 peccati
1850 491 2002 526 mortalis,
2019 492 2111 530 ponit
2127 493 2262 528 obicem,
2280 499 2310 523 et
2333 493 2424 524 fictus
2441 504 2492 524 ac-

1432 530 1558 561 cederet
1581 531 1620 562 ad
1643 532 1852 572 baptismum:
1884 534 2003 564 habens
2026 540 2133 565 autem
2163 536 2304 566 eiusdem
2328 539 2492 568 conscien-

1430 576 1507 605 tiam
1531 581 1562 605 et
1584 585 1651 606 non
1675 575 1842 613 affectum,
1867 578 1993 608 obicem
2017 588 2084 608 non
2102 580 2194 619 ponit
2217 580 2394 619 baptismo,
2419 582 2493 611 licet

1431 624 1578 649 mortuus
1601 625 1632 649 et
1660 620 1855 657 immundus,
1876 621 2084 652 vivificandus
2107 628 2138 653 et
2161 623 2336 654 abluendus
2363 633 2420 664 per
2439 625 2492 654 ba-

1431 663 1596 702 ptismum,
1613 663 1751 694 accedat.
1775 664 1875 702 Quod
1890 675 1947 705 per
1962 666 2177 697 Eucharistiae
2189 668 2408 707 sumptionem
2425 678 2492 699 non

1432 712 1478 736 est
1501 707 1745 747 expectandum.

1092 860 1410 902 ARTICULUS
1440 861 1714 910 QUARTUS

631 953 789 985 UTRUM
812 953 895 984 PER
918 953 1012 984 Hoc
1036 953 1373 985 SACRAMENTUM
1396 955 1718 988 REMITTANTUR
1742 956 1948 988 PECCATA
1970 958 2177 990 VENiALIA

778 1032 854 1063 Infra,
873 1040 918 1065 qu.
936 1040 1044 1062 Lxxxvn.
1064 1038 1110 1059 art.
1131 1033 1160 1064 3;
1180 1033 1214 1058 1v
1233 1033 1316 1063 Sent„
1336 1034 1394 1059 dist.
1414 1041 1458 1065 xn,
1477 1042 1523 1067 qu.
1542 1042 1569 1066 11,
1589 1040 1637 1061 art.
1657 1042 1680 1066 1,
1699 1036 1749 1068 qu*
1770 1043 1780 1061 1
1791 1044 1799 1067 ;
1819 1041 1865 1062 art.
1886 1044 1909 1066 2.
1929 1037 1978 1070 qu·
1999 1044 2023 1063 1.

349 1139 353 1151 ·
396 1139 406 1163 5r
492 1143 497 1153 ,s
521 1131 544 1157 1>
559 1131 731 1162 QUARTUM
745 1132 798 1157 src
811 1131 1037 1157 PROCEmTUR
1050 1119 1080 1157 *.
1092 1119 1253 1157 Videtur
1266 1120 1374 1169 quod

339 1170 386 1227 ‘Q‘
521 1185 592 1222 per
617 1173 694 1210 hoc
721 1180 1007 1210 sacramentum
1034 1185 1115 1210 non
1135 1173 1374 1210 remittantur

348 1263 349 1267 ,
521 1233 678 1275 peccata
704 1225 879 1263 venialia.
909 1227 996 1263 Hoc
1024 1225 1129 1263 enim
1157 1238 1373 1264 sacramen-

370 1298 377 1314 ÷
410 1282 455 1305 ·’
500 1299 508 1305 x
521 1287 616 1325 tum,
637 1287 680 1316 ut
698 1278 935 1327 Augustinus
962 1278 1064 1326 dicit,
1083 1291 1195 1328 super
1211 1281 1321 1316 Ioan.
1340 1278 1372 1326 ²⁸,

306 1339 364 1370 est
393 1338 668 1371 sacramentum
705 1333 879 1369 caritatis.
915 1332 993 1369 Sed
1020 1331 1184 1369 venialia
1219 1339 1375 1381 peccata

271 1404 279 1412 ·
306 1397 388 1423 non
415 1385 696 1423 contrariantur
721 1384 876 1432 caritati,
897 1393 940 1422 ut
958 1384 998 1421 in
1017 1385 1198 1423 Secunda
1224 1386 1335 1422 Parte
1353 1385 1374 1407 ’¹‘

305 1438 483 1476 habitum
510 1446 577 1475 est.
613 1438 718 1475 Cum
745 1450 835 1486 ergo
863 1437 1100 1475 contrarium
1126 1439 1279 1476 tollatur
1305 1450 1375 1487 per

271 1485 279 1496 '
305 1503 424 1530 suum
442 1490 691 1537 contrarium,
719 1490 872 1528 videtur
899 1491 1008 1540 quod
1034 1498 1190 1540 peccata
1210 1490 1394 1528 venialia

304 1556 376 1595 per
401 1545 478 1582 hoc
505 1550 791 1581 sacramentum
818 1555 899 1581 non
926 1543 1178 1581 remittantur.

355 1608 396 1634 2.
425 1596 659 1642 Pulsum,
687 1595 718 1633 si
745 1603 902 1645 peccata
927 1596 1093 1633 venialia
1119 1608 1190 1645 per
1215 1597 1292 1634 hoc
1315 1608 1372 1633 sa-

303 1657 547 1688 cramentum
581 1648 841 1696 remittantur,
871 1661 949 1698 qua
977 1648 1123 1686 ratione
1159 1661 1286 1686 unum
1318 1661 1372 1686 re-

303 1702 475 1749 mittitur,
495 1709 532 1739 et
549 1701 684 1739 omnia
700 1701 941 1739 remittentur
960 1706 989 1738 ᾳ.
1020 1702 1097 1739 Sed
1120 1713 1201 1738 non
1220 1701 1373 1739 videtur

300 1755 412 1806 quod
439 1754 572 1792 omnia
589 1754 850 1791 remittantur:
879 1754 972 1803 quia
989 1754 1044 1792 sic
1060 1750 1280 1803 frequenter
1306 1754 1371 1792 ali-

302 1807 390 1858 quis
408 1815 506 1845 esset
529 1807 676 1856 absque
704 1807 813 1844 omni
839 1814 998 1856 peccato
1017 1806 1168 1854 veniali,
1188 1807 1297 1856 quod
1315 1815 1371 1845 est

299 1868 436 1899 comm
451 1860 503 1898 .id
530 1860 639 1910 quod
665 1859 804 1897 dicitur
830 1861 844 1897 Ι
871 1861 976 1897 10311.
997 1871 1007 1897 1
1026 1859 1063 1897 *z
1100 1861 1141 1897 Si
1165 1860 1370 1898 dixerimus

298 1915 480 1965 quoniam
501 1918 698 1963 peccatum
727 1926 802 1950 non
830 1914 1019 1959 habemus,
1049 1925 1117 1950 nos
1144 1914 1241 1963 ipsos
1266 1914 1370 1951 sedu-

300 1969 428 2005 cimus.
457 1967 551 2004 Non
570 1978 660 2015 ergo
678 1978 749 2015 per
766 1967 843 2003 hoc
861 1973 1146 2004 sacramentum
1169 1965 1370 2004 remittitur

300 2019 460 2070 aliquod
487 2026 689 2070 peccatum
717 2019 878 2056 veniale.

355 2073 392 2111 3.
406 2107 408 2109 .
421 2074 654 2119 PRAETEREA‚
683 2072 874 2110 contraria
900 2080 1040 2110 mutuo
1063 2084 1104 2109 se
1123 2073 1318 2121 expellunt
1335 2072 1366 2109 ³¹².

265 2120 272 2153 ἶ
300 2126 380 2165 Sed
397 2133 554 2176 peccata
570 2124 736 2163 venialia
757 2137 839 2162 non
856 2125 1063 2174 prohibent
1081 2137 1104 2162 a
1122 2124 1367 2175 perceptione

299 2179 418 2217 huius
437 2177 684 2216 sacramenti:
715 2177 804 2215 dicit
822 2177 927 2215 enim
946 2177 1183 2226 Augustinus
1197 2178 1228 2226 ²¹⁸,
1251 2190 1369 2228 super

298 2231 393 2270 iilud
411 2233 515 2270 Ioan.
535 2244 571 2269 vr
588 2231 620 2278 *‚
649 2233 693 2268 Si
708 2233 788 2281 quis
805 2243 856 2268 ex
873 2232 952 2280 ipso
979 2231 1270 2278 manducaverit,
1291 2244 1366 2270 non

265 2306 271 2312 ·
297 2287 479 2324 morietur
509 2287 548 2322 in
580 2290 773 2322 aeternum
793 2283 825 2321 βε
853 2285 1126 2330 Innocentiam,
1155 2283 1289 2333 inquit,
1318 2285 1370 2322 ad

261 2359 271 2370 ι
297 2339 417 2377 altare
442 2343 656 2388 apportate.-
676 2343 845 2387 peccata,
865 2339 932 2374 etsi
946 2339 1018 2374 sint
1044 2337 1270 2387 quotidiana,
1290 2350 1365 2375 non

296 2393 369 2432 sint
394 2392 602 2440 mortifera.
639 2391 741 2438 Ergo
769 2402 897 2439 neque
925 2398 1081 2439 peccata
1107 2389 1271 2428 venialia
1297 2402 1367 2440 per

298 2445 376 2482 hoc
402 2451 688 2481 sacramentum
714 2444 911 2480 tolluntur.

351 2497 426 2535 San
455 2508 600 2534 coum
625 2508 691 2533 EsT
727 2496 835 2546 quod
871 2495 1117 2533 Innocentius
1144 2497 1190 2533 III
1217 2495 1307 2534 dicit
1325 2496 1363 2544 ³¹²,

297 2550 407 2599 quod
420 2550 497 2587 hoc
516 2556 801 2586 sacramentum
818 2549 964 2587 veniale
981 2549 1073 2586 delet
1091 2555 1125 2586 et
1143 2556 1247 2588 cavet
1264 2562 1365 2587 mor-

297 2603 399 2641 talia.

351 2657 576 2694 Respounso
604 2667 786 2693 monimum
818 2655 926 2704 quod
954 2655 994 2692 in
1020 2656 1097 2693 hoc
1123 2663 1364 2693 sacramento

297 2709 378 2746 duo
413 2715 576 2758 possunt
610 2707 860 2745 considerari:
900 2707 1040 2745 scilicet
1074 2708 1205 2758 ipsum
1241 2720 1363 2746 sacra-

297 2769 488 2809 mentum,
517 2769 553 2798 et
581 2773 640 2798 res
668 2761 906 2798 sacramenti.
945 2762 994 2798 Et
1021 2773 1068 2798 ex
1095 2769 1261 2810 utroque
1297 2773 1363 2811 ap-

296 2822 405 2865 paret
432 2814 540 2864 quod
568 2815 644 2851 hoc
662 2822 946 2851 sacramentum
974 2814 1090 2851 habet
1107 2813 1289 2851 virtutem
1314 2815 1364 2851 ad

296 2867 565 2905 remissionem
601 2867 812 2904 venialium
846 2874 1106 2917 peccatorum.
1145 2867 1249 2904 Nam
1286 2867 1364 2904 hoc

350 2999 378 3035 α)
397 3004 424 3026 et
441 3001 532 3026 omnia
551 3001 731 3026 remittentur.
747 3015 767 3019 -
784 3000 960 3026 remittuntur
978 3003 1004 3026 et
1022 3001 1113 3026 omnia
1130 3001 1212 3026 tertia.

1428 1129 1711 1159 sacramentum
1739 1123 1903 1160 sumitur
1930 1124 2002 1161 sub
2027 1124 2151 1174 specie
2180 1125 2254 1162 cibi
2280 1126 2489 1164 nutrientis.

1427 1174 1720 1212 Nutrimenturn
1756 1185 1887 1213 autem
1921 1176 1996 1214 cibi
2029 1178 2288 1216 necessarium
2321 1187 2377 1216 est
2408 1192 2490 1217 cor-

1426 1227 1513 1276 pori
1548 1228 1597 1264 ad
1624 1229 1920 1266 restaurandum
1947 1229 1986 1266 id
2014 1230 2122 1279 quod
2154 1231 2325 1280 quotidie
2354 1233 2489 1282 deper-

1426 1280 1530 1317 ditur
1565 1293 1612 1318 ex
1648 1283 1774 1318 calore
1810 1282 1972 1320 naturali
2000 1288 2027 1320 Υ.
2073 1283 2325 1332 Spiritualiter
2359 1293 2490 1323 autem

1427 1333 1599 1382 quotidie
1631 1334 1671 1371 in
1698 1334 1810 1371 nobis
1847 1335 1990 1384 aliquid
2027 1336 2249 1385 deperditur
2283 1350 2330 1374 ex
2364 1340 2489 1376 calore

1426 1386 1758 1436 concupiscentiae
1784 1399 1855 1437 per
1880 1396 2038 1437 peccata
2064 1389 2238 1436 venialia,
2259 1402 2359 1439 quae
2377 1391 2488 1428 dimi-

1426 1447 1553 1476 nuunt
1578 1440 1772 1477 fervorem
1799 1440 1972 1487 caritatis,
1997 1449 2039 1478 ut
2065 1441 2105 1478 in
2133 1442 2313 1480 Secunda
2340 1444 2450 1481 Parte
2469 1444 2489 1466 *

1425 1491 1603 1529 habiturn
1631 1500 1697 1529 est.
1727 1494 1776 1530 Et
1804 1492 1891 1530 ideo
1920 1494 2103 1543 competit
2129 1494 2222 1532 huic
2248 1504 2488 1534 sacramento

1425 1552 1468 1581 ut
1487 1545 1652 1582 remittat
1677 1553 1834 1594 peccata
1861 1546 2034 1583 venialia.
2064 1547 2176 1584 Unde
2204 1556 2240 1584 et
2258 1549 2487 1587 Ambrosius

1425 1596 1526 1641 dicit,
1555 1597 1596 1634 in
1622 1597 1719 1635 libro
1748 1599 1793 1635 de
1820 1600 2070 1636 Sat-ramentis
2087 1599 2118 1646 ²⁸²,
2147 1601 2254 1649 quod
2282 1601 2350 1638 iste
2378 1602 2488 1650 panis

1425 1649 1674 1699 quotidianus
1701 1650 1868 1688 sumitur
1885 1653 1922 1688 in
1943 1652 2146 1689 remedium
2176 1655 2410 1702 quotidianae
2432 1656 2487 1691 in-

1414 1705 1618 1751 firmitatis.

1477 1756 1555 1793 Res
1582 1763 1714 1793 autem
1741 1755 1858 1793 huius
1885 1757 2113 1794 sacramenti
2140 1765 2196 1795 est
2227 1758 2378 1806 caritas,
2406 1772 2488 1797 non

1423 1809 1552 1845 solum
1570 1816 1762 1858 quantum
1790 1809 1840 1846 ad
1857 1809 2046 1856 habitum,
2065 1810 2133 1848 sed
2160 1810 2275 1848 etiam
2298 1819 2487 1861 quantum

1423 1861 1472 1898 ad
1509 1869 1658 1909 actum,
1687 1860 1756 1911 qui
1778 1860 1791 1884 ὅ
1827 1861 2010 1899 excitatur
2044 1862 2084 1900 in
2118 1863 2195 1900 hoe
2228 1873 2485 1902 sacramento:

1422 1926 1492 1963 per
1519 1914 1627 1963 quod
1653 1922 1810 1964 peccata
1836 1915 2000 1964 venialia
2028 1917 2241 1954 solvuntur.
2270 1918 2381 1955 Unde
2409 1930 2488 1955 ma-

1422 1966 1603 2004 nifestum
1630 1975 1686 2004 est
1712 1967 1822 2017 quod
1847 1967 1986 2005 virtute
2021 1968 2137 2006 huius
2171 1970 2399 2007 sacramenti
2430 1983 2487 2008 re—

1421 2019 1626 2058 mittuntur
1651 2027 1808 2070 peccata
1834 2020 2009 2058 venialia.

1473 2074 1531 2110 AD
1546 2085 1683 2111 PmMUM
1697 2085 1795 2111 ERGO
1814 2085 1996 2111 DICENDUM
2015 2074 2124 2123 quod
2141 2083 2298 2129 peccata
2310 2076 2485 2123 venialia,

1421 2125 1490 2163 etsi
1524 2138 1605 2163 non
1639 2126 1919 2163 contrarientur
1951 2127 2094 2164 caritati
2127 2135 2319 2177 quantum
2345 2129 2395 2166 ad
2418 2130 2484 2166 ha-

1420 2179 1566 2226 bitum,
1595 2178 1874 2217 contrariantur
1899 2186 2030 2216 tamen
2057 2179 2092 2217 ei
2120 2188 2310 2230 quantum
2337 2182 2388 2218 ad
2413 2182 2484 2219 fer-

1419 2244 1557 2269 vorem
1591 2239 1714 2277 301115,
1750 2231 1818 2281 qui
1845 2231 2028 2269 excitatur
2060 2245 2131 2282 per
2165 2234 2242 2270 hoc
2269 2246 2483 2272 sacramen-

1419 2293 1515 2322 tum.
1545 2284 1709 2323 Ratione
1737 2284 1847 2322 cuius
1874 2292 2030 2334 peccata
2048 2285 2212 2323 venialia
2233 2288 2429 2324 tolluntur.

1472 2339 1530 2375 Ao
1549 2350 1739 2375 SECUNDUM
1756 2349 1938 2375 monimum
1966 2338 2074 2387 quod
2098 2338 2192 2376 illud
2218 2340 2384 2377 verbum
2402 2352 2483 2377 non

1420 2398 1475 2428 est
1501 2390 1791 2439 intelligendum
1818 2389 1913 2440 quin
1940 2390 2068 2440 aliqua
2094 2392 2192 2429 hora
2213 2392 2335 2442 possit
2360 2393 2482 2430 homo

1419 2456 1502 2481 esse
1521 2444 1668 2492 absque
1689 2443 1796 2480 omni
1815 2451 1922 2480 reatu
1938 2443 2084 2493 peccati
2102 2444 2280 2482 venialis:
2306 2445 2373 2482 sed
2392 2446 2484 2495 quia

1418 2496 1536 2535 vitam
1567 2496 1678 2533 istam
1697 2496 1815 2534 sancti
1842 2508 1923 2533 non
1951 2496 2098 2534 ducunt
2125 2497 2207 2535 sine
2234 2498 2397 2547 peccatis
2417 2511 2482 2535 ve-

1418 2549 1594 2587 nialibus.

1471 2603 1528 2640 An
1547 2614 1707 2640 Teanum
1725 2614 1907 2640 DICENDUM
1926 2602 2034 2651 quod
2052 2603 2178 2640 maior
2203 2611 2259 2640 est
2281 2603 2401 2640 virtus
2421 2615 2482 2641 ca—

1418 2655 1547 2702 ritatis,
1575 2654 1686 2692 cuius
1713 2663 1769 2692 est
1795 2655 1872 2692 hoc
1899 2663 2194 2702 sacramentum,
2214 2668 2333 2705 quam
2352 2656 2480 2694 venia-

1417 2708 1510 2746 lium
1540 2715 1807 2757 peccatorum:
1844 2720 1936 2745 nam
1972 2708 2105 2745 caritas
2137 2708 2230 2746 tollit
2263 2721 2334 2758 per
2364 2722 2480 2746 suum

1417 2769 1547 2798 actum
1574 2768 1731 2810 peccata
1749 2760 1923 2807 venialia,
1943 2772 2043 2810 quae
2064 2769 2194 2798 tamen
2220 2773 2300 2798 non
2318 2769 2480 2811 possunt

1417 2813 1580 2851 totaliter
1597 2813 1784 2862 impedire
1804 2821 1932 2850 actum
1952 2813 2123 2851 caritatis.
2154 2815 2202 2851 Et
2229 2814 2365 2851 eadem
2384 2814 2478 2851 ratio

1416 2875 1473 2904 est
1499 2867 1548 2903 de
1576 2867 1652 2903 hoc
1680 2873 1930 2903 sacramento.

1468 2999 1496 3034 γ)
1515 3007 1552 3025 ex
1569 3000 1659 3025 calore
1677 3000 1806 3024 naturali.
1823 3013 1842 3018 -
1860 2999 1954 3030 GHbc;
1968 3006 2021 3032 per
2038 3000 2168 3025 actionem
2188 2998 2236 3033 (ex
2253 3000 2359 3026 actione
2376 3000 2418 3035 Pl)
2432 3008 2478 3026 ca-

350 3035 376 3070 β)
396 3036 428 3061 Si
446 3036 531 3070 quis...
549 3039 697 3061 aeternum.
715 3050 735 3055 -
753 3036 848 3061 Patres
867 3036 950 3061 vestri
968 3036 1199 3061 manducaverunt
1216 3043 1316 3060 manna
1335 3035 1362 3061 in
1413 3035 1480 3061 loris
1498 3035 1632 3060 naturalis
1646 3035 1705 3066 ΡΠ,
1718 3042 1756 3060 ex
1767 3034 1866 3060 caloris
1884 3035 2017 3060 naturalis
2035 3035 2247 3068 concupiscentia
2261 3036 2338 3061 ceteri
2344 3043 2351 3066 ;
2371 3036 2403 3061 cf.
2416 3044 2477 3062 mox

297 3070 403 3097 dumo
420 3074 447 3097 et
465 3072 566 3097 mortui
583 3075 646 3097 sunt
665 3071 699 3102 P;
718 3071 750 3097 cf.
770 3076 816 3096 art.
836 3070 861 3096 8.
881 3079 897 3095 α
917 3076 943 3096 et
960 3079 1005 3104 qu.
1019 3079 1090 3096 Lm.
1110 3077 1156 3096 art.
1171 3071 1194 3096 3.
1213 3079 1234 3096 ε.
1247 3085 1267 3091 -
1282 3071 1361 3096 Inno-

295 3107 412 3133 emtam
430 3107 489 3132 FsD
506 3113 526 3132 a
544 3112 570 3132 et
586 3108 659 3132 tertia
679 3112 781 3140 praeter
798 3106 821 3131 G
841 3106 885 3139 qui
903 3114 971 3136 om.;
991 3107 1146 3132 Innocentio
1165 3106 1251 3132 ceteri.

1414 3078 1452 3096 ex
1469 3071 1559 3096 calore
1576 3070 1812 3102 concupiscentiize.

1466 3105 1492 3139 δ)
1511 3106 1566 3138 qui.
1582 3120 1603 3125 -
1619 3106 1658 3130 Fa
1673 3111 1698 3130 et
1709 3106 1797 3136 tertia;
1816 3105 1895 3138 quod.
1913 3119 1933 3124 -
1950 3105 2040 3130 Statim
2054 3105 2086 3130 ad
2099 3105 2178 3138 quod,
2191 3106 2234 3132 At.
2249 3113 2324 3138 quem
2344 3114 2433 3140 margo
2446 3106 2476 3141 P,

2521 317 2532 327 '¹
2543 316 2553 337 1
2563 315 2597 337 ad
2606 315 2670 342 Cor„
2681 322 2734 345 cap.

2520 349 2553 369 xi,
2569 349 2629 364 vers.
2643 344 2679 365 28.

2516 1450 2526 1460 ‘
2547 1449 2582 1470 11²
2605 1449 2662 1476 11⁸⁶,
2687 1456 2727 1478 qu.

2515 1481 2585 1501 xxiv,
2612 1480 2653 1498 art.
2684 1482 2726 1502 io:

2515 1507 2555 1529 qu.
2568 1508 2615 1528 mv,
2630 1506 2671 1524 art.
2686 1508 2706 1530 3.

2515 1607 2525 1618 ·
2539 1606 2599 1634 Mag.
2610 1606 2642 1628 1v
2651 1607 2724 1633 Sent„

2515 1633 2568 1654 dist.
2577 1639 2618 1659 ιιι,
2629 1639 2679 1660 cap.
2689 1633 2727 1655 In-

2514 1660 2618 1680 ttitutum
2645 1662 2688 1681 est.
2714 1671 2725 1676 -

2514 1685 2551 1707 cf.
2560 1686 2642 1707 Ambr.
2651 1686 2728 1707 deSa-

2514 1712 2667 1738 cram.1ib.V‚
2674 1718 2725 1740 cap.

2515 1744 2546 1761 iv.
