2918 4088
125 331 135 341 ·
148 328 186 351 ΑΙ.
202 334 241 356 qu.
255 332 291 349 m.

123 501 255 550 ὲοξξξωέῧῑ
269 506 333 549 aa:

122 561 152 576 lv.

123 673 212 704 §Coum
223 673 333 701 Florem„

121 700 262 748 ffraeeenereto
285 706 333 733 pro

109 2105 328 2155 pum

114 2367 128 2379 ·
139 2365 210 2390 Ven.
223 2367 246 2390 8.

114 2577 214 2612 ·1¹n⁸⁴‚
219 2576 328 2613 qudam,

110 2615 158 2634 art·
174 2617 196 2639 7.

115 3147 128 3159 '
134 3144 160 3169 S.
165 3145 210 3178 ¹¹1²·
219 3146 272 3170 leet.
281 3153 328 3174 ¹¹¹3

117 3172 304 3222 aaziae
321 3189 328 3226 ;

117 3230 329 3281 ἳῑὴῗίἳῡὲνΰξ

116 3278 169 3301 lect.
183 3283 215 3301 tx.

1071 159 1334 206 QUAEsrlo
1363 158 1450 206 xe,

363 236 520 275 seipsum
550 246 657 277 neque
685 238 856 269 satisfactio
866 262 873 275 ,
905 247 988 279 quae
1018 239 1162 279 sequitur
1187 239 1423 270 absolutionem
1448 237 1452 302 Ι

362 281 631 312 sacramentalem.

416 323 587 355 Durandus
602 335 689 362 vero,
706 327 739 356 in
755 326 798 357 IV
810 326 907 363 Sent.,
920 326 990 357 dist.
1003 336 1065 362 mv,
1078 335 1132 366 qu.
1145 336 1178 362 11,
1191 332 1246 357 art.
1264 333 1275 356 1
1293 327 1319 362 ⁴⁹,
1336 330 1424 356 tenet

362 373 595 399 sacramentum
607 370 822 409 poenitentiae
834 371 981 410 integrari
994 380 1031 400 ex
1044 370 1245 400 absolutione
1258 375 1293 400 ut
1308 368 1421 405 forma,

362 416 393 440 et
416 411 618 443 confessione
645 419 681 444 ut
708 415 854 445 materia:
887 415 1112 445 contritionem
1135 423 1212 444 vero
1238 423 1306 443 non
1329 413 1423 453 ponit

362 454 429 485 eius
452 461 592 495 partem,
619 457 675 488 sed
698 457 941 498 dispositionem
963 458 1140 498 praeviam;
1175 456 1422 487 satisfactionem

361 503 470 530 autem
493 509 552 539 pro
577 508 798 542 consequente
813 503 840 532 ³.

416 543 453 573 11.
469 543 592 575 Auctor
607 551 726 582 autem,
743 552 778 576 ut
792 550 880 586 patet
895 546 928 576 in
943 545 1055 581 littera,
1071 550 1159 575 tenet
1181 545 1259 575 haec
1279 545 1338 574 tria
1353 553 1422 574 esse

359 592 463 626 partes
486 589 702 628 poenitentiae
725 590 912 620 sacramenti
935 599 973 619 ex
995 594 1083 629 parte
1099 589 1258 619 materiae.
1283 588 1324 618 Et
1339 597 1422 628 quo-

359 631 447 662 niam
469 633 619 663 Auctoris
634 634 686 663 via
708 634 895 664 canonizata
911 638 958 663 est
973 633 1011 662 ab
1028 632 1197 663 universali
1213 631 1345 672 Synodo
1362 632 1421 662 sub

360 674 507 715 Eugenio
524 676 567 706 IV
582 678 608 713 *‚
624 678 681 707 ubi
696 677 740 707 sic
755 677 908 717 legimus:
931 676 1092 712 Quartum
1114 681 1351 707 sacramentum
1375 681 1423 706 est

353 720 565 758 poenitentia.
599 721 700 751 Cuius
726 721 820 761 quasi
841 720 978 750 materia
1009 725 1085 750 sunt
1106 725 1198 750 actus
1214 720 1420 760 poenitentis,

359 763 415 803 qui
433 763 466 793 in
483 769 547 795 tres
561 764 808 806 distinguuntur
816 769 940 804 partes.
967 763 1115 800 Quarum
1124 764 1236 804 prima
1252 769 1299 794 est
1313 763 1421 794 cordis

359 807 511 838 contritio
521 816 532 838 .·
553 808 596 838 ad
607 817 703 849 quam
712 809 856 848 pertinet
871 813 906 838 ut
920 807 1030 838 doleat
1044 808 1083 838 de
1091 812 1227 848 peccato
1240 808 1419 844 commisso,

359 860 432 881 cum
450 852 619 892 proposito
643 861 708 882 non
726 851 885 892 peccandi
907 851 946 882 de
969 856 1084 882 cetero.
1112 851 1260 882 Secunda
1284 857 1331 882 est
1353 852 1421 882 oris

358 895 541 936 confessio:
571 895 614 926 ad
635 905 732 936 quam
748 896 892 936 pertinet
919 900 955 925 ut
969 901 1127 936 peccator
1157 896 1266 926 omnia
1283 901 1420 937 peccata

1120 1093 1439 1136 ARTICULUS

1481 158 1772 196 ARTICULUS
1800 160 1830 196 ΙΙ
2461 160 2480 198 3
2487 161 2507 198 3
2514 162 2535 198 5

1475 247 1614 278 quorum
1637 239 1825 269 memoriam
1847 239 1951 274 habet,
1975 249 2035 270 suo
2058 241 2220 271 sacerdoti
2242 242 2435 282 confiteatur
2457 242 2536 272 inte-

1474 282 1624 322 graliter.
1652 283 1760 313 Tertia
1783 288 1830 313 est
1851 284 2031 324 satisfactio
2050 294 2114 324 pro
2133 286 2274 324 peccatis
2292 285 2465 316 secundum
2481 295 2536 316 ar-

1475 325 1605 356 bitrium
1627 326 1822 357 sacerdotis:
1845 336 1926 367 quae
1941 327 2067 367 quidem
2085 329 2260 368 praecipue
2273 330 2319 370 fit
2334 339 2397 369 per
2413 330 2535 359 oratio-

1476 379 1557 405 nem,
1582 369 1736 400 ieiunium
1760 375 1791 400 et
1813 371 2059 411 eleemosynam.
2084 372 2205 402 Forma
2228 373 2322 403 huius
2341 374 2536 403 sacramenti

1474 418 1551 443 sunt
1573 413 1669 444 verba
1685 413 1897 444 absolutionis
1920 424 2002 454 quae
2022 415 2174 446 sacerdos
2191 417 2323 457 profert
2345 426 2416 446 cum
2439 417 2536 447 dicit.-

1474 457 1548 498 Ego
1574 462 1604 488 te
1622 458 1776 488 absolvo:
1797 459 1876 488 haec
1891 459 1953 488 ibi:
1977 477 2000 481 —
2022 458 2096 489 ideo
2112 465 2236 490 sanctae
2252 460 2358 490 matris
2375 461 2535 491 Ecclesiae

1475 500 1620 531 doctrina
1642 507 1798 532 monstrat
1819 507 1885 532 tam
1909 502 1996 533 Scoti
2018 512 2115 542 quam
2136 503 2279 533 Durandi
2295 505 2465 543 opiniones
2481 504 2535 534 de-

1475 544 1579 575 ficere.
1605 545 1652 575 Ex
1671 546 1738 576 ⁴hoc
1762 546 1848 576 enim
1872 545 1961 585 quod
1978 547 2194 585 poenitentiae
2210 553 2441 578 sacramentum
2458 557 2535 578 con-

1475 594 1554 619 stare
1584 589 1698 619 dicitur
1728 599 1765 620 ex
1788 590 1910 620 actibus
1933 590 2126 630 poenitentis
2156 596 2191 620 ut
2223 592 2353 621 materia
2380 597 2411 621 et
2443 592 2535 622 abso·
2582 590 2585 594 ’

1474 632 1598 663 lutione
1616 639 1652 663 ut
1667 632 1780 670 forma,
1804 634 1948 674 sequitur
1964 633 2053 674 quod
2069 640 2303 665 sacramentum
2319 636 2534 675 poenitentiae

1474 686 1542 706 non
1566 682 1612 706 est
1635 677 1703 707 sola
1719 677 1878 707 absolutio
1895 677 2076 708 sacerdotis.
2100 678 2147 708 Ex
2163 679 2226 708 hoc
2241 688 2318 709 vero
2338 678 2427 719 quod
2447 685 2535 709 actus

1474 721 1677 760 poenitentis,
1703 722 1759 761 qui
1782 727 1856 751 sunt
1878 727 1915 751 ut
1936 722 2066 752 materia
2089 723 2290 759 sacramenti,
2315 722 2465 762 distingui
2488 722 2535 753 di-

1475 770 1590 794 cuntur
1613 765 1646 795 in
1669 771 1731 795 tres
1754 770 1868 805 partes,
1892 765 2011 796 scilicet
2034 767 2274 802 contritionem,
2298 766 2535 798 confessionem

1474 814 1506 838 et
1528 808 1792 845 satisfactionem,
1821 810 1964 850 sequitur
1995 810 2083 849 quod
2113 820 2181 841 non
2210 811 2278 841 sola
2306 810 2464 841 confessio
2489 817 2535 842 est

1474 858 1509 882 ut
1536 853 1666 883 materia
1696 853 1729 883 in
1759 859 1956 884 sacramento
1985 855 2211 894 poenitentiae.
2246 854 2312 885 Stat
2336 864 2410 895 ergo
2435 855 2536 886 solida

1473 897 1624 927 Auctoris
1648 896 1802 928 doctrina.

1470 1094 1770 1136 SECUNDUS

612 1194 769 1225 UTRUM
793 1194 1136 1226 CONVENIENTER
1159 1194 1463 1226 ASSIGNENTUR
1486 1196 1652 1227 PARTES
1675 1196 2001 1229 POENITENTIAE
2026 1198 2279 1236 CONTRITIO,

1132 1238 1370 1270 CONFESSIO
1395 1240 1453 1270 ET
1477 1240 1760 1272 SATISFACTIO

442 1485 453 1497 ¹=
490 1496 508 1507 s·
536 1489 541 1498 ι
566 1479 589 1505 ι)
604 1479 794 1505 SECUNDUM
809 1480 861 1504 Sic
875 1471 1111 1506 PRocEni‘rUR.
1131 1468 1294 1506 Videtur
1309 1469 1417 1518 quod

423 1517 431 1524 “
492 1548 536 1579 *1‘
567 1520 883 1557 inconvenienter
909 1521 1148 1569 assignentur
1174 1529 1300 1571 partes
1326 1534 1416 1570 poe-

393 1613 395 1619 ,
435 1588 493 1618 va,
508 1563 535 1613 ’ἢ
549 1570 554 1574 ’
568 1573 747 1610 nitentiae
775 1573 967 1620 contritio,
996 1574 1185 1611 confessio
1213 1582 1250 1610 et
1277 1574 1417 1611 satisfa-

412 1601 509 1658 ἐῶ
524 1617 654 1662 ctio.
698 1625 885 1663 Contritio
919 1626 1021 1663 enim
1060 1633 1116 1663 est
1147 1627 1187 1663 in
1215 1627 1352 1664 corde:
1382 1634 1419 1663 et

357 1677 411 1714 sic
437 1675 601 1726 pertinet
627 1678 676 1715 ad
705 1678 926 1716 interiorem
945 1679 1232 1730 poenitentiam.
1262 1680 1417 1717 Confes-

357 1728 413 1767 si0
442 1737 572 1767 autem
600 1738 656 1768 est
684 1731 723 1768 in
751 1743 830 1778 ore,
858 1739 895 1768 et
922 1733 1121 1771 satisfactio
1150 1732 1189 1769 in
1218 1744 1352 1782 opere:
1382 1740 1418 1769 et

356 1782 410 1821 sic
437 1783 517 1820 duo
546 1783 680 1821 ultima
714 1784 905 1833 pertinent
937 1786 987 1823 ad
1013 1785 1289 1835 poenitentiam
1318 1793 1418 1822 exte-

355 1836 510 1873 riorem.
540 1837 779 1875 Poenitentia
797 1846 928 1876 autem
947 1839 1104 1877 interior
1121 1852 1203 1876 non
1222 1847 1277 1876 est
1296 1851 1419 1876 sacra-

355 1896 543 1936 mentum,
573 1890 641 1927 sed
660 1891 742 1927 sola
759 1892 994 1940 poenitentia
1019 1892 1194 1938 exterior,
1214 1904 1314 1941 quae
1334 1904 1418 1928 sen—

355 1941 415 1980 sui
443 1942 746 1981 subiacetNon
766 1955 856 1993 ergo
880 1945 1154 1982 convenienter
1181 1945 1420 1994 assignantur

355 1997 428 2034 hae
455 2003 582 2045 partes
611 2005 850 2034 sacramento
878 1998 1146 2047 poenitentiae.

410 2059 446 2086 2-
475 2049 710 2096 Pmmam,
739 2049 780 2086 in
807 2059 1047 2088 sacramento
1067 2064 1192 2089 novae
1211 2051 1303 2098 legis
1331 2063 1419 2088 con-

354 2103 473 2143 fertur
499 2102 628 2150 gratia,
657 2110 699 2139 ut
726 2115 843 2151 supra
861 2103 881 2126 ’¹‘
909 2104 1083 2141 habitum
1105 2112 1171 2148 est.
1202 2105 1279 2141 Sed
1302 2103 1341 2140 in
1356 2116 1418 2155 ,sa-

303 2173 307 2176 ·
354 2155 564 2192 tisfactione
592 2167 673 2192 non
701 2155 894 2193 confertur
921 2157 1048 2206 aliqua
1075 2157 1203 2205 gratia.
1234 2158 1336 2205 Ergo
1365 2170 1419 2195 sa-

355 2208 515 2246 tisfactio
543 2220 624 2245 non
653 2216 708 2245 est
734 2221 823 2258 pars
852 2210 1090 2247 sacramenti.

367 2271 372 2310 j
412 2261 446 2298 3.
467 2262 699 2308 Pam-mai,
729 2274 810 2300 non
830 2270 884 2300 est
903 2262 1008 2301 idem
1026 2263 1170 2300 fructus
1190 2263 1244 2300 rei
1264 2271 1299 2300 et
1317 2275 1416 2312 pars.

356 2314 434 2353 Sed
450 2313 650 2352 satisfactio
666 2322 722 2352 est
739 2315 884 2353 fructus
903 2316 1180 2366 poenitentiae:
1202 2316 1419 2353 secundum

354 2367 448 2409 illud
472 2368 570 2407 Luc.
592 2379 624 2405 111
649 2367 685 2405 *ε
720 2370 848 2406 Facite
873 2371 978 2407 vobis
1004 2370 1138 2419 dignos
1155 2370 1307 2417 fructus
1328 2381 1419 2417 poe-

355 2423 538 2458 nitentia'e.
568 2421 670 2468 Ergo
698 2433 778 2458 non
806 2430 862 2459 est
887 2435 976 2472 pars
1002 2422 1271 2472 poenitentiae.

367 2478 370 2479 ’
409 2485 445 2521 4.
486 2475 724 2519 PRAETEREA‚
767 2475 1002 2524 poenitentia
1048 2475 1247 2512 ordinatur
1287 2482 1420 2512 eontra

354 2535 569 2576 peccatum.
601 2527 677 2564 Sed
703 2535 907 2575 peccatum
935 2536 1060 2578 potest
1079 2528 1214 2578 perfici
1233 2530 1360 2566 solum
1379 2528 1419 2566 in

355 2579 472 2617 corde
508 2592 579 2629 per
610 2592 864 2628 consensum;
901 2589 943 2618 ut
978 2581 1018 2619 in
1052 2581 1231 2619 Secunda
1263 2582 1374 2618 Parte
1400 2582 1420 2604 ’¹‘

355 2631 532 2671 habitum
559 2640 626 2670 est.
656 2634 758 2681 Ergo
787 2642 823 2671 et
850 2634 1094 2682 poenitentia.
1124 2636 1216 2672 Non
1245 2646 1334 2682 ergo
1354 2635 1418 2672 de-

354 2685 446 2722 bent
479 2686 736 2735 poenitentiae
770 2695 896 2736 partes
928 2687 1021 2736 poni
1055 2687 1244 2724 confessio
1272 2687 1348 2724 oris
1383 2695 1420 2724 et

355 2738 556 2777 satisfactio
586 2739 724 2789 operis.

409 2792 483 2829 SED
503 2805 659 2839 CONTRA,
688 2792 841 2829 videtur
868 2794 975 2841 quod
995 2793 1159 2830 debeant
1177 2793 1270 2842 poni
1289 2794 1418 2842 plures

353 2853 480 2893 partes
507 2845 775 2894 poenitentiae.
814 2847 906 2882 Pars
935 2845 1039 2883 enim
1067 2845 1235 2883 hominis
1262 2846 1420 2895 ponitur

354 2909 435 2935 non
464 2900 591 2936 solum
620 2910 781 2947 corpus,
818 2898 927 2947 quasi
948 2905 965 2920 ‘²
993 2898 1172 2944 materia,
1208 2899 1274 2935 sed
1303 2899 1418 2936 etiam

355 2950 495 2998 anima,
525 2963 625 3000 quae
654 2959 709 2989 est
733 2952 869 2989 forma.
901 2952 977 2989 Sed
996 2952 1067 2989 tria
1091 2951 1296 3000 praedicta,
1327 2964 1418 2989 cum

355 3003 428 3040 sint
462 3011 568 3041 actus
600 3004 847 3053 poenitentis,
878 3017 918 3041 se
946 3005 1089 3041 habent
1117 3004 1212 3041 sicut
1239 3005 1416 3042 materia:

354 3056 543 3095 absolutio
572 3065 702 3095 autem
722 3057 926 3094 sacerdotis
955 3069 994 3094 se
1014 3058 1129 3095 habet
1154 3070 1225 3107 per
1251 3058 1416 3094 modum

354 3109 511 3146 formae.
555 3111 656 3159 Ergo
698 3110 887 3148 absolutio
929 3111 1135 3147 sacerdotis
1176 3110 1290 3147 debet
1322 3111 1416 3160 poni

355 3169 491 3211 quarta
516 3174 605 3212 pars
633 3163 901 3213 poenitentiae.

370 3213 374 3260 f
407 3215 631 3254 Respounao
650 3228 837 3256 memnon,
858 3215 966 3266 quod
993 3217 1136 3266 duplex
1163 3224 1219 3253 est
1245 3229 1345 3266 pars,
1374 3223 1417 3254 ut

355 3266 493 3318 dicitur
518 3267 560 3306 in
585 3269 621 3306 V
638 3270 852 3319 Metaphys.
873 3269 907 3306 *ι
937 3269 1077 3306 scilicet
1103 3281 1191 3319 pars
1220 3269 1415 3317 essentiae,

370 3426 437 3488 >d(liii)
456 3428 541 3469 quasi.
557 3442 577 3447 -
594 3428 666 3462 quod
683 3433 724 3455 est
735 3429 756 3454 F
769 3435 794 3455 et
806 3430 887 3456 tertia.
906 3431 973 3455 Ante
993 3431 1107 3456 materia
1120 3436 1146 3456 et
1159 3436 1218 3455 ante
1230 3431 1325 3464 forma
1344 3430 1416 3455 tertia

356 3470 371 3488 a
408 3467 426 3487 ιι
442 3470 508 3488 eius.

563 1335 603 1360 {V
623 1335 705 1365 Sent„
726 1336 784 1361 dist.
803 1343 853 1366 xvi,
872 1344 916 1369 qu.
935 1344 952 1367 i,
972 1341 1018 1361 art.
1039 1343 1062 1366 1,
1082 1336 1132 1369 qu·
1153 1344 1175 1367 2,
1194 1343 1226 1368 43
1246 1336 1303 1361 dist.
1322 1344 1383 1367 xvn,
1403 1344 1447 1369 qu.
1466 1344 1503 1366 111,
1523 1342 1569 1363 art.
1590 1337 1613 1366 3,
1633 1338 1682 1370 qu*³¹
1701 1345 1732 1369 4;
1752 1338 1810 1363 dist.
1829 1346 1888 1369 xxii,
1909 1347 1952 1372 qu.
1972 1347 1998 1369 ιι,
2018 1345 2064 1365 art.
2085 1347 2107 1369 1.
2127 1341 2176 1374 qu⁵
2197 1348 2220 1371 2,
2241 1341 2272 1365 ad
2292 1341 2320 1372 ὃς

753 1386 756 1389 >
1025 1371 1058 1396 1v
1081 1373 1158 1397 Cont.
1178 1373 1264 1401 Gent„
1285 1379 1340 1403 cap.
1359 1379 1440 1403 Lxxm
1460 1372 1560 1405 Opusc.
1580 1373 1612 1397 de
1631 1373 1730 1398 Eccles.
1750 1374 1872 1399 Sacram.
2222 1375 2229 1383 ⁸

1470 1477 1506 1506 et
1524 1482 1612 1519 pars
1632 1471 1860 1519 quantitatis.
1882 1473 2011 1509 Partes
2026 1472 2211 1521 quidem!³
2230 1473 2414 1512 essentiae
2434 1483 2532 1523 sunt,

1470 1522 1690 1560 naturaliter
1717 1524 1888 1572 quidem,
1916 1525 2041 1562 forma
2069 1533 2105 1562 et
2123 1526 2298 1563 materia:
2328 1528 2448 1575 logice
2468 1541 2533 1566 au·

1469 1583 1560 1621 tem,
1580 1588 1701 1623 genus
1720 1584 1756 1613 et
1774 1577 1998 1625 differentia.
2020 1579 2106 1614 Hoc
2123 1578 2254 1615 'autern
2269 1581 2390 1618 modo
2410 1582 2533 1629 quod-

1471 1627 1560 1664 libet
1596 1637 1881 1666 sacramentum
1916 1630 2157 1678 distinguitur
2191 1631 2230 1668 in
2262 1633 2463 1670 materiam
2498 1642 2535 1671 et

1470 1681 1633 1718 formam
1656 1681 1751 1718 sicut
1770 1681 1810 1718 in
1828 1690 1954 1731 partes
1973 1683 2173 1720 essentiae:
2204 1685 2308 1722 unde
2328 1693 2365 1722 et
2384 1698 2500 1735 supra
2514 1687 2534 1709 *

1472 1732 1618 1770 dictum
1646 1742 1701 1771 est
1728 1735 1836 1783 quod
1864 1743 2101 1773 sacramenta
2129 1737 2340 1774 consistunt
2367 1741 2405 1775 in
2425 1741 2535 1777 rebus

1472 1793 1505 1823 et
1531 1788 1662 1824 verbis.
1692 1810 1717 1814 —
1747 1787 1823 1824 Sed
1851 1788 1941 1836 quia
1970 1788 2159 1837 quantitas
2183 1802 2222 1827 se
2242 1798 2344 1828 tenet
2362 1803 2409 1828 ex
2427 1799 2533 1840 parte

1472 1839 1664 1886 materiae,
1694 1848 1820 1889 partes
1841 1840 2058 1889 quantitatis
2086 1850 2176 1878 sunt
2193 1851 2320 1891 partes
2339 1844 2531 1882 materiae.

1473 1893 1521 1929 Et
1549 1894 1624 1930 hoc
1644 1893 1764 1930 modo
1793 1902 2031 1931 sacramento
2051 1895 2305 1944 poenitentiae
2325 1898 2535 1946 specialiter

1473 1945 1712 1994 assignantur
1738 1954 1875 1995 partes,
1904 1954 1947 1984 ut
1970 1959 2086 1997 supra
2103 1948 2124 1970 ’¹‘
2151 1948 2298 1986 dictum
2317 1957 2382 1996 est,
2413 1963 2533 2000 quan-

1472 2006 1556 2035 tum
1584 1999 1634 2036 ad
1653 2007 1758 2036 actus
1785 1999 2026 2049 poenitentis,
2047 2001 2114 2050 qui
2133 2010 2222 2038 sunt
2240 2003 2399 2039 materia
2416 2004 2533 2041 huius

1474 2059 1712 2089 sacramenti.

1526 2104 1683 2141 Dictum
1703 2113 1758 2142 est
1785 2113 1915 2142 autem
1943 2119 2060 2155 supra
2078 2106 2098 2128 *
2125 2107 2232 2155 quod
2257 2108 2330 2144 alio
2350 2109 2470 2146 modo
2490 2109 2533 2146 fit

1473 2157 1778 2207 recompensatio
1799 2159 1968 2196 offensae
1996 2159 2036 2195 in
2063 2159 2307 2208 poenitentia,
2337 2168 2373 2197 et
2391 2161 2431 2197 in
2450 2162 2532 2198 vin-

1473 2210 1635 2247 dicativa
1663 2210 1811 2248 iustitia.
1854 2212 1959 2248 Nam
1996 2212 2035 2249 in
2062 2211 2292 2249 vindicativa
2324 2212 2462 2251 iustitia
2489 2214 2533 2252 fit

1473 2263 1778 2313 recompensatio
1807 2265 2023 2302 secundum
2051 2264 2246 2302 arbitrium
2277 2265 2422 2314 iudicis,
2452 2279 2532 2304 non

1473 2317 1689 2354 secundum
1707 2318 1946 2354 voluntatem
1965 2317 2194 2355 offendentis
2208 2319 2270 2355 vel
2288 2319 2442 2356 offensi:
2464 2321 2532 2357 sed

1473 2370 1509 2407 in
1539 2370 1772 2420 poenitentia
1798 2370 1842 2407 fit
1870 2371 2174 2420 recompensatio
2198 2371 2367 2408 offensae
2396 2384 2530 2409 secun-

1473 2424 1569 2460 dum
1600 2425 1839 2460 voluntatem
1875 2423 2086 2472 peccantis,
2116 2431 2153 2460 et
2187 2425 2401 2462 secundum
2435 2426 2531 2462 arbi-

1472 2476 1588 2513 trium
1607 2476 1691 2523 Dei,
1712 2476 1751 2513 in
1771 2488 1889 2525 quem
1907 2484 2102 2525 peccatur;
2125 2476 2216 2526 quia
2235 2477 2298 2514 hic
2316 2489 2396 2514 non
2415 2490 2531 2527 quae-

1473 2529 1566 2567 ritur
1593 2531 1674 2566 sola
1702 2529 1940 2576 reintegratio
1969 2529 2203 2578 aequalitatis
2231 2529 2407 2577 iustitiae,
2437 2530 2533 2568 sicut

1473 2582 1512 2619 in
1531 2582 1670 2620 iustitia
1683 2581 1925 2628 vindicativa‚
1941 2582 2009 2619 sed
2028 2581 2149 2630 magis
2163 2583 2418 2620 reconciliatio
2437 2584 2531 2621 ami-

1473 2635 1592 2682 citiae.
1621 2635 1729 2684 quod
1756 2635 1800 2671 fit
1827 2635 1924 2671 dum
1951 2635 2153 2672 offendens
2181 2644 2448 2685 recompensat
2476 2649 2532 2673 se-

1473 2689 1647 2725 cundum
1660 2689 1898 2724 voluntatem
1914 2687 1995 2724 eius
2015 2699 2133 2736 quem
2146 2688 2318 2725 offendit.
2341 2689 2402 2726 Sic
2421 2689 2533 2737 igitur

1473 2741 1677 2790 requiritur
1709 2753 1755 2777 ex
1782 2748 1888 2789 parte
1917 2740 2164 2789 poenitentis,
2199 2740 2325 2789 primo
2354 2741 2529 2790 quidem,

1472 2796 1649 2831 voluntas
1678 2793 2009 2842 recompensandi,
2039 2794 2146 2842 quod
2174 2793 2216 2829 fit
2245 2806 2313 2842 per
2340 2794 2531 2830 contritio-

1473 2859 1582 2893 nem;
1612 2846 1794 2892 secundo,
1825 2846 1931 2894 quod
1960 2858 1999 2882 se
2029 2845 2200 2882 subiiciat
2228 2846 2381 2882 arbitrio
2410 2858 2530 2883 sacer-

1473 2899 1570 2936 dotis
1599 2900 1684 2936 loco
1712 2898 1802 2945 Dei,
1832 2898 1939 2947 quod
1967 2898 2010 2934 fit
2036 2898 2075 2934 in
2103 2898 2361 2941 confessione;
2399 2899 2528 2945 tertio,

1472 2952 1579 3001 quod
1606 2959 1872 3000 recompenset
1900 2951 2115 2987 secundum
2143 2950 2342 2988 arbitrium
2370 2951 2531 2988 ministri

1471 3005 1555 3051 Dei,
1585 3005 1692 3053 quod
1719 3004 1762 3040 fit
1790 3003 1829 3040 in
1857 3003 2117 3040 satisfactione.
2152 3004 2200 3040 Et
2227 3003 2314 3040 ideo
2342 3003 2528 3050 contritio,

1471 3057 1658 3105 confessio
1694 3065 1730 3093 et
1767 3056 1965 3093 satisfactio
2002 3064 2200 3105 ponuntur
2236 3063 2360 3105 partes
2398 3057 2529 3105 poeni-

1471 3110 1620 3147 tentiae.

1524 3165 1581 3200 Ao
1610 3175 1744 3200 ptumum
1776 3174 1873 3199 ERGO
1906 3174 2087 3199 DlCENDUM
2122 3161 2229 3210 quod
2263 3161 2437 3199 contritio
2473 3174 2529 3199 se-

1471 3216 1646 3253 cundum
1674 3214 1877 3252 essentiam
1905 3214 2063 3263 quidem
2092 3221 2147 3251 est
2174 3214 2213 3251 in
2241 3214 2367 3261 corde,
2391 3221 2427 3251 et
2445 3227 2528 3264 per—

1470 3269 1562 3306 tinet
1589 3269 1638 3306 ad
1665 3267 1884 3306 interiorem
1911 3267 2201 3318 poenitentiam:
2230 3267 2438 3304 virtualiter
2462 3280 2529 3305 au-

1524 3428 1549 3463 β)
1569 3429 1683 3462 quidem.
1701 3441 1721 3447 -
1739 3421 1799 3453 Orn.
1819 3428 1959 3459 editiones-‚5
1978 3429 2058 3453 altero
2078 3428 2135 3453 loco
2154 3435 2207 3453 om.
2227 3429 2267 3453 ed.
2285 3436 2311 3453 α.

2560 1691 2570 1700 ·
2577 1689 2665 1716 Qu.1.x,
2673 1693 2743 1715 art.4‚
2748 1690 2770 1711 6.

2561 1960 2571 1969 '
2587 1959 2638 1979 Art.
2658 1959 2771 1985 praeced„

2561 1984 2589 2006 ad
2604 1991 2623 2006 2.

2560 2112 2570 2122 ·
2579 2111 2627 2138 Qu.
2635 2117 2719 2137 mxv,
2728 2114 2770 2133 arn

2559 2144 2579 2166 3,
2595 2139 2623 2159 ad
2636 2144 2658 2166 3.
