2918 4088
93 422 105 433 ⁸
119 419 155 442 Cf.
171 425 235 441 num.
255 424 304 441 vin.

67 2535 71 2540 .
92 2504 107 2516 ·
118 2503 192 2527 Nun.
201 2503 310 2532 praeced.

977 162 1347 210 QUAESTIONES
1376 163 1446 199 DE
1477 163 1843 204 CONFESSIONE

332 246 439 272 catum
462 240 542 272 illud
565 240 654 281 quod
678 240 755 272 dum
775 241 935 272 absolutio
951 240 987 271 fit
1010 251 1029 271 a
1043 243 1228 281 poenitente
1246 242 1394 272 commit-

331 286 407 315 titur
421 286 627 316 irreverenter
642 285 846 325 suscipiendo
862 291 1106 322 sacramentum,
1119 295 1186 316 non
1203 291 1249 316 est
1265 286 1395 315 materia

332 329 557 360 absolutionis:
583 330 737 369 quoniam
760 340 827 360 non
842 335 948 370 potest
963 330 1057 360 simul
1074 331 1241 370 poenitens
1262 338 1394 369 peccare

333 378 364 403 et
387 373 509 404 absolvi
532 374 570 403 ab
593 374 650 404 illo
674 380 818 414 peccato.

391 416 518 453 Quarto
534 418 560 454 ἢ
578 419 654 458 quia
678 418 813 449 fructusv
829 419 1016 448 sacramenti
1039 418 1256 459 poenitentiae
1282 423 1328 448 est
1348 427 1396 448 re-

332 462 443 492 missio
469 462 594 502 peccati
617 472 656 492 ex
683 463 915 493 coniunctione
941 463 1098 502 passionis
1126 462 1244 493 Christi
1267 472 1324 502 per
1348 472 1396 492 sa-

334 511 533 536 cramentum
549 505 589 536 ad
607 507 837 546 poenitentem.
862 506 935 542 Sed,
952 507 1154 538 confessione
1181 507 1332 537 existente
1348 507 1396 536 in-

333 548 440 587 formi,
463 560 531 581 non
553 549 590 580 fit
613 551 799 581 huiusmodi
818 551 1015 587 coniunctio,
1039 561 1100 582 nec
1115 551 1249 581 habetur
1264 551 1315 581 hic
1331 550 1396 580 fru-

333 599 413 624 ctus.
445 594 530 634 Ergo
553 604 671 625 vanum
697 595 758 626 fuit
779 595 965 626 huiusmodi
988 601 1238 626 sacramentum:
1265 600 1295 625 et
1318 604 1397 625 con-

333 645 505 678 sequenter
526 638 706 670 iterandum
730 644 786 670 est.

389 683 428 714 In
453 683 632 724 oppositum
656 688 703 714 est
724 684 895 714 auctoritas
919 683 983 714 divi
1006 683 1165 719 Thomae‚
1181 684 1215 714 in
1239 683 1282 713 IV
1298 683 1395 718 Sent„

300 745 307 756 2
334 726 404 757 dist.
421 737 486 758 xvn
504 729 531 758 *.

390 771 427 802 11.
452 771 546 802 Circa
567 772 656 802 hanc*
673 771 902 808 difficultatem,
927 781 1010 812 quae
1028 777 1159 812 propter
1174 771 1311 802 diversas
1327 773 1398 812 opi-

332 815 448 846 niones
469 815 576 846 adhuc
597 815 655 846 sub
679 815 784 846 iudice
805 815 930 846 videtur
953 825 1031 852 esse,
1055 815 1223 847 sciendum
1239 821 1286 846 est
1309 815 1398 856 quod

333 859 454 890 vitandi
476 865 551 890 sunt
580 859 646 890 duo
670 860 802 890 extremi
826 869 957 891 errores.
991 861 1082 891 Alter
1104 866 1152 891 est
1178 860 1268 900 quod
1291 861 1398 890 omnis

333 902 493 934 confessio
516 903 662 934 informis
686 909 733 934 est
747 903 860 940 valida,
881 905 924 935 ita
939 910 975 935 ut
990 914 1057 935 non
1074 906 1113 935 sit
1127 904 1278 935 iteranda.
1304 904 1397 935 Clare

332 947 492 987 siquidem
518 953 606 988 patet
635 947 873 979 confessionem
896 949 980 980 illius
1010 950 1066 989 qui
1089 955 1221 990 propter
1243 958 1398 980 verecun-

333 991 418 1022 diam
440 997 610 1032 peccatum
633 992 766 1032 aliquod
788 993 923 1024 mortale
945 995 1053 1030 tacuit,
1079 1004 1146 1024 esse
1170 993 1343 1024 informem
1367 1000 1398 1024 et

331 1035 552 1067 reiterandam.
575 1055 599 1059 —
620 1036 710 1067 Alter
733 1042 780 1068 est
803 1037 893 1077 quod
908 1038 996 1068 nulla
1012 1038 1172 1069 confessio
1189 1038 1335 1069 informis
1352 1044 1399 1068 est

333 1079 436 1111 valida
461 1081 505 1111 ita
528 1080 619 1121 quod
639 1090 707 1112 non
731 1082 771 1112 sit
793 1082 944 1113 iteranda.
976 1083 1059 1113 Nam
1083 1083 1165 1121 clare
1194 1088 1319 1113 constat
1341 1092 1398 1113 ne-

331 1125 412 1156 scire
433 1134 494 1155 nos
517 1135 558 1155 an
581 1125 688 1165 aliqua
709 1131 819 1156 nostra
842 1126 1003 1157 confessio
1027 1124 1122 1158 fuerit
1145 1127 1290 1163 formata,
1322 1128 1398 1167 quia

331 1170 494 1200 nescimus
515 1179 577 1200 nos
600 1179 669 1200 esse
691 1171 725 1200 in
747 1171 864 1210 gratia3
889 1176 930 1207 et,
955 1181 1030 1202 cum
1045 1172 1108 1202 hoc
1125 1171 1234 1207 dubio,
1257 1181 1326 1202 non
1342 1181 1398 1202 cu-

331 1222 400 1244 rare
422 1223 484 1244 nos
507 1214 644 1254 amplius
667 1213 708 1245 de
725 1216 883 1245 memoria
905 1221 1112 1255 peccatorum
1135 1221 1171 1246 ut
1194 1215 1302 1246 denuo
1320 1225 1398 1246 con-

331 1257 546 1294 fitendorum3
578 1267 654 1289 cum
677 1263 785 1289 tamen
808 1265 972 1300 oporteret
997 1270 1058 1290 nos
1082 1270 1149 1291 esse
1173 1260 1326 1291 sollicitos
1358 1260 1398 1291 ad

331 1302 452 1342 pluries
468 1301 701 1339 confitendum,
717 1308 754 1334 ut
769 1303 966 1344 quandoque
978 1303 1068 1335 fieret
1080 1304 1239 1335 confessio
1253 1305 1397 1335 formata.

294 1344 636 1387 „Etesicdirfifiquam
659 1346 731 1378 finis
761 1348 979 1388 imponendus
1006 1354 1088 1379 esset
1120 1348 1331 1385 confessioni,
1363 1355 1399 1380 ut

331 1391 432 1422 tutior
453 1400 526 1431 pars
550 1391 727 1431 eligeretur.
758 1392 857 1430 Quod
881 1398 1006 1424 constat
1028 1393 1213 1424 universalis
1236 1393 1398 1425 Ecclesiae

333 1443 425 1466 aures
449 1434 622 1466 offendere.

388 1479 436 1510 Ex
459 1485 598 1520 utroque
614 1485 723 1511 autem
738 1490 843 1511 errore
866 1481 1125 1522 perspiciendum
1149 1487 1195 1512 est
1218 1481 1308 1522 quod
1331 1491 1406 1513 non*

333 1522 374 1554 ad
395 1523 500 1564 ipsam
521 1523 762 1561 informitatem,
786 1525 842 1556 sed
865 1525 905 1556 ad
927 1526 1129 1556 informitatis
1149 1535 1277 1556 causam
1301 1527 1399 1557 resol-

332 1576 408 1598 vere
430 1569 560 1608 oportet
581 1569 775 1600 validitatem
798 1569 848 1600 vel
867 1579 936 1600 non
951 1569 1144 1600 validitatem
1160 1570 1305 1600 informis
1321 1580 1400 1600 con-

332 1610 498 1642 fessionis:
523 1621 562 1642 ex
584 1623 624 1644 eo
648 1614 735 1644 enim
758 1613 848 1654 quod
871 1614 977 1654 aliqua
999 1613 1144 1644 informis
1169 1614 1328 1645 confessio
1353 1620 1400 1645 est

331 1655 446 1692 valida,
470 1662 502 1686 et
525 1657 632 1698 aliqua
653 1666 722 1690 non
745 1663 792 1688 est
814 1657 927 1693 valida,
951 1667 1019 1688 non
1041 1667 1079 1688 ex
1102 1659 1171 1698 ipsa
1194 1658 1398 1695 informitate,

332 1699 390 1733 sed
406 1699 546 1736 aliunde,
570 1706 648 1741 puta
663 1702 763 1741 ipsius
778 1701 982 1732 informitatis
998 1711 1103 1738 causa,
1120 1703 1290 1742 provenire
1306 1702 1401 1734 debet

333 1743 423 1784 quod
446 1744 553 1784 aliqua
575 1746 615 1776 sit
636 1745 740 1776 valida
763 1751 795 1776 et
817 1746 924 1786 aliqua
947 1756 1024 1776 non.
1060 1746 1102 1776 Et
1125 1748 1280 1786 quoniam
1304 1757 1399 1778 causa

331 1788 411 1819 haec
433 1798 468 1819 se
490 1794 578 1820 tenet
601 1799 639 1820 ex
662 1795 751 1830 parte
773 1791 978 1830 poenitentis,
1002 1791 1094 1821 cuius
1117 1790 1183 1822 duo
1213 1797 1288 1822 sunt
1310 1797 1398 1822 actus

331 1841 437 1873 usque
454 1832 494 1864 ad
510 1834 757 1870 absolutionem,
773 1835 894 1865 scilicet
908 1836 1058 1865 contritio
1082 1840 1113 1865 et
1136 1835 1307 1872 confessio,
1324 1835 1398 1867 ideo

288 1905 292 1909 .
331 1877 408 1909 hinc
430 1877 639 1909 scrutandum
662 1884 709 1909 est
732 1878 811 1919 quid
833 1880 899 1910 veri
922 1885 1081 1919 appareat.

387 1921 436 1952 Ex
457 1928 546 1963 parte
569 1924 666 1964 igitur
688 1923 916 1960 confessionis,
945 1929 1068 1955 certum
1091 1929 1139 1955 est
1161 1924 1399 1956 confessionem

333 1975 373 1997 ex
393 1967 562 2008 proposito
590 1977 658 1998 non
681 1968 837 2008 integram
859 1973 991 2008 propter
1012 1968 1239 1999 verecundiam
1266 1975 1321 2000 aut
1343 1971 1399 2000 ali-

333 2010 413 2052 quid
433 2011 632 2048 huiusmodi,
656 2022 724 2043 esse
739 2011 911 2043 invalidam
926 2021 963 2044 ae
978 2012 1199 2043 reiterandam.
1223 2014 1264 2044 Et
1286 2014 1319 2044 in
1335 2015 1399 2045 hoc

332 2055 423 2087 uuna
443 2061 492 2086 est
515 2057 671 2096 quaestio.
694 2075 718 2079 -
740 2057 789 2088 Ex
819 2056 947 2088 defectu
977 2062 1084 2088 autem
1108 2058 1310 2091 contritionis
1332 2064 1399 2089 tota

333 2100 436 2132 oritur
457 2099 635 2132 difficultas.
1368 2132 1377 2146 ,

343 2171 345 2173 .
389 2144 440 2175 111.
465 2144 558 2183 Quae
581 2150 618 2176 ut
641 2145 754 2176 clarius
778 2146 952 2182 elucescat,
984 2145 1227 2186 distinguendus
1251 2152 1298 2177 est
1321 2157 1400 2178 con-

333 2189 471 2220 tritionis
501 2189 661 2220 defectus:
694 2190 790 2220 habet
817 2191 903 2220 enim
932 2190 1052 2221 multos
1083 2190 1209 2230 gradus.
1245 2191 1398 2222 Minimus

334 2238 443 2264 autem
467 2234 668 2265 contritionis
691 2233 834 2264 defectus
858 2240 905 2265 est
923 2235 992 2275 ipsa
1007 2235 1147 2265 absentia
1164 2235 1308 2265 caritatis.
1333 2235 1399 2274 Qui

335 2279 423 2309 enim
453 2283 527 2309 sunt
557 2279 600 2308 ita
631 2279 727 2309 attriti
751 2278 840 2319 quod
869 2278 979 2309 dolent
1010 2278 1049 2309 de
1078 2280 1217 2319 peccatis
1248 2281 1398 2310 omnibus

334 2328 372 2353 ut
393 2321 433 2353 de
456 2332 585 2353 summo
609 2322 730 2359 odibili,
755 2328 787 2353 et
809 2329 998 2363 proponunt
1019 2323 1118 2354 vitare
1133 2323 1267 2354 mortale
1285 2334 1399 2364 pecca-

334 2372 405 2398 tum
427 2373 464 2398 ut
486 2376 651 2398 summum
673 2367 811 2400 vitabile.
835 2368 861 2398 si
885 2367 1123 2398 confessionem
1146 2368 1285 2398 subeunt
1299 2368 1398 2399 infor-

335 2421 433 2447 mem,
456 2414 529 2442 nori
547 2417 696 2442 tenentur
719 2412 830 2442 iterare
854 2411 1108 2448 confessionem,
1137 2412 1192 2443 sed
1215 2418 1262 2442 est
1285 2422 1398 2444 eorum

336 2454 497 2487 confessio
519 2455 632 2486 valida.
656 2456 726 2487 Nec
748 2456 808 2486 alia
831 2456 894 2487 hoc
918 2461 990 2496 eget
1012 2457 1201 2496 probatione
1226 2466 1323 2497 quam
1346 2467 1399 2488 su-

334 2501 443 2541 perius
454 2501 471 2517 ⁴*
487 2499 623 2531 adducta
636 2510 674 2531 ex
685 2500 870 2531 universalis
882 2501 1043 2531 Ecclesiae
1059 2501 1260 2531 testimonio:
1286 2511 1398 2532 omnes

336 2545 423 2575 enim
446 2545 604 2585 sapientes
628 2550 659 2575 et
681 2545 820 2575 timorati
843 2546 902 2575 viri
921 2546 966 2575 sic
982 2544 1142 2585 dispositis
1165 2545 1317 2576 mandant
1339 2547 1399 2576 im-

335 2589 527 2629 ponendum
550 2598 618 2619 esse
642 2589 838 2620 confessioni
860 2589 970 2620 finem.

391 2633 427 2664 In
449 2633 591 2664 inferiori
614 2638 723 2664 autem
745 2633 845 2674 gradu
856 2634 1069 2664 xcontritionis
1092 2639 1166 2664 sunt
1185 2634 1228 2664 sic
1245 2635 1339 2664 attriti
1363 2641 1399 2665 ut

336 2677 466 2708 doleant
499 2677 630 2718 quidem
653 2677 692 2708 de
716 2678 867 2708 omnibus
888 2679 1043 2718 peccatis,
1067 2687 1134 2708 non
1158 2683 1265 2709 tamen
1290 2688 1399 2710 ascen-

335 2721 416 2753 dunt
443 2732 547 2762 usque
577 2721 616 2752 ad
639 2722 702 2752 hoc
732 2728 768 2753 ut
791 2722 921 2753 doleant
950 2722 990 2753 de
1017 2723 1062 2753 eis
1093 2727 1246 2763 tanquam
1270 2732 1398 2754 summo

336 2766 463 2797 odibili:
489 2772 521 2797 et
544 2767 687 2797 similiter
709 2772 899 2807 proponunt
921 2765 1031 2798 'cavere
1055 2766 1094 2797 de
1118 2766 1237 2803 futuro,
1262 2777 1330 2798 non
1352 2773 1398 2798 ta-

335 2820 413 2842 men
435 2816 589 2851 tanquam
605 2821 623 2841 a
638 2821 767 2842 summo
783 2811 913 2842 vitabili‚
937 2811 978 2842 Et
992 2808 1056 2842 hoc
1072 2810 1216 2842 bifariam
1233 2812 1398 2853 contingit.

335 2855 464 2892 Primo,
488 2856 556 2886 sine
580 2854 776 2886 discussione
800 2856 869 2886 talis
892 2855 1050 2886 defectus:
1085 2856 1161 2896 quia
1183 2856 1304 2886 scilicet
1332 2866 1399 2887 non

336 2899 465 2931 discutit
486 2901 655 2940 poenitens
678 2899 825 2931 dolorem
840 2910 936 2931 suum
959 2899 998 2931 de
1018 2901 1191 2930 commisso
1208 2900 1343 2936 mortali,
1360 2910 1400 2931 an

337 2945 377 2975 sit
398 2950 552 2985 tanquam
582 2944 621 2975 de
648 2954 777 2975 summo
801 2945 937 2981 vitabili‚
969 2949 1000 2975 et
1027 2945 1170 2975 similiter
1197 2946 1399 2985 propositum

337 2998 434 3020 suum
455 2988 575 3020 vitandi
598 2989 751 3025 mortale,
781 2999 822 3020 an
844 2989 987 3020 intendat
1010 2989 1107 3019 vitare
1137 2994 1290 3029 tanquam
1313 2999 1400 3019 sum-

337 3042 430 3064 mum
451 3033 598 3070 vitabile;
629 3033 685 3064 sed
708 3035 847 3064 occurrit
869 3039 995 3064 tantum
1018 3034 1063 3064 eis
1086 3033 1195 3064 dolere
1211 3033 1250 3063 de
1266 3039 1399 3073 peccato

338 3082 370 3108 et
393 3087 503 3109 cavere
527 3077 566 3108 de
589 3077 710 3114 futuro,
727 3079 809 3109 sicut
831 3079 857 3109 si
880 3078 1087 3109 offendissent
1109 3087 1212 3108 unum
1234 3078 1400 3108 hominem

338 3127 370 3152 et
385 3121 530 3153 dolerent
545 3122 585 3153 de
603 3122 724 3153 offensa
744 3123 911 3163 praeterita
935 3128 966 3153 et
980 3122 1182 3153 intenderent
1205 3122 1341 3162 amplius
1365 3122 1402 3152 il-

337 3166 407 3197 lum
422 3176 490 3197 non
505 3166 678 3204 offendere,
694 3167 727 3198 in
751 3177 865 3198 eorum
885 3172 993 3198 tamen
1017 3167 1125 3197 animo
1141 3176 1209 3196 non
1233 3167 1275 3196 ita
1297 3166 1400 3197 domi-

337 3215 431 3241 natur
453 3210 584 3242 affectus
606 3216 672 3242 tam
695 3211 813 3242 vitandi
838 3211 993 3242 offensam
1011 3212 1045 3242 in
1061 3210 1169 3241 futuro
1194 3220 1291 3251 quam
1315 3210 1401 3241 dete-

338 3254 440 3285 standi
464 3256 668 3286 commissam
689 3256 723 3286 in
741 3257 921 3296 praeterito,
938 3261 974 3286 ut
989 3265 1048 3296 pro
1068 3256 1200 3286 summis
1216 3255 1307 3285 malis
1323 3255 1401 3285 haec

338 3299 484 3330 habeant.
501 3299 551 3330 De
566 3299 683 3331 horum
698 3310 835 3331 numero
851 3301 974 3331 utinam
990 3310 1056 3330 non
1073 3300 1209 3330 maxima
1225 3309 1296 3339 pars
1309 3299 1401 3329 Chri-

339 3343 515 3374 stianorum
537 3345 773 3383 poenitentium
793 3345 847 3375 sit!
873 3344 966 3382 Quos
981 3354 1059 3380 non,
1076 3345 1157 3374 sicut
1173 3344 1303 3384 primos,
1321 3348 1401 3383 puto

337 3388 454 3418 virtute
477 3387 615 3418 clavium
637 3387 678 3419 de
701 3389 811 3419 attritis
838 3389 1022 3429 regulariter
1054 3388 1121 3418 fieri
1146 3388 1315 3418 contritos:
1347 3387 1402 3418 sed

338 3432 372 3462 in
395 3441 452 3462 sua
475 3432 635 3463 attritione
665 3433 786 3463 absolvi
810 3438 841 3463 et
865 3434 1114 3463 communicare.
1151 3432 1252 3463 Cuius
1276 3432 1402 3472 signum

339 3481 387 3506 est
410 3475 499 3516 quod
523 3477 643 3512 caritas,
667 3477 749 3507 sicut
771 3477 907 3517 positive
930 3477 1066 3517 praefert
1082 3477 1188 3507 Deum
1212 3477 1301 3506 omni
1317 3486 1402 3506 ama-

338 3520 404 3557 bili,
428 3520 471 3550 ita
494 3518 569 3551 facit
592 3520 678 3561 apud
693 3521 864 3552 habentem
879 3522 982 3561 ipsam
999 3521 1154 3552 offensam
1171 3521 1230 3551 Dei
1255 3520 1403 3551 odibilio-

480 3581 591 3605 Summe
609 3581 711 3607 Tnaon.
727 3581 757 3607 D.
775 3581 891 3606 ‘summa
910 3581 942 3607 T.
958 3582 999 3607 lX.

2430 169 2503 207 353

1447 251 1515 272 rem
1539 245 1629 274 omni
1653 244 1781 281 odibili,
1812 251 1842 276 et
1865 248 1964 286 magis
1987 249 2148 279 vitandam
2172 250 2261 279 omni
2285 249 2346 280 alio
2370 249 2505 279 vitabili:

1449 292 1605 327 operatur
1627 289 1710 318 enim
1733 289 1812 319 haec
1827 299 1948 330 magna
1972 301 2066 322 amor
2083 293 2145 323 Dei
2167 294 2195 323 si
2215 299 2261 323 est
2275 295 2302 329 θ,
2327 299 2358 324 et
2380 294 2405 323 si
2429 294 2506 323 haec

1448 340 1515 361 non
1537 337 1696 371 operatur,
1720 342 1787 362 non
1804 339 1850 364 est
1873 336 1983 365 caritas
1999 336 2067 366 Dei.
2092 337 2140 367 De
2157 338 2290 367 istorum
2307 337 2506 368 confessione

1448 375 1591 415 intelligo
1609 375 1787 407 doctrinam
1805 377 1867 408 divi
1887 378 2033 409 Thomae
2050 381 2066 396 ³*
2083 380 2171 420 quod
2187 381 2345 411 confessio
2362 381 2507 411 informis

1449 429 1506 459 per
1529 419 1691 450 defectum
1708 422 1907 452 contritionis
1924 429 1969 453 est
1985 423 2096 460 valida,
2113 425 2155 454 ita
2171 431 2206 454 ut
2221 435 2287 454 non
2304 426 2342 454 sit
2358 425 2506 455 iteranda.

1450 463 1490 493 Et
1514 464 1572 494 erit
1595 464 1639 494 eis
1663 464 1826 495 fructuosa
1857 467 1986 506 quando
2017 468 2189 498 ascendent
2211 469 2253 498 ad
2276 478 2334 498 cor
2357 470 2456 499 altum
2473 470 2506 505 ⁴¹⁵,

1449 513 1485 537 ut
1508 508 1645 538 habeant
1668 515 1836 548 peccatum
1860 520 1918 551 pro
1942 521 2070 542 summo
2095 512 2204 542 odibili
2228 518 2259 543 et
2282 522 2408 543 summo
2431 514 2508 543 vita-

1450 551 1522 587 bili‚
1548 558 1579 582 et
1602 552 1841 584 confitebuntur
1863 554 2027 585 fictionem
2052 565 2142 586 suam
2165 557 2263 592 hanc,
2288 566 2351 596 qua
2373 562 2408 586 ut
2431 567 2508 587 con-

1449 596 1512 626 triti
1531 602 1765 627 sacramentum
1781 605 1999 639 susceperunt,
2017 609 2091 630 cum
2107 601 2140 630 in
2155 601 2283 630 veritate
2301 602 2426 630 contriti
2442 611 2507 631 non

1451 646 1564 670 essent.
1590 641 1697 678 Quare
1722 647 1829 673 autem
1852 643 2037 674 huiusmodi
2058 644 2218 674 confessio
2242 645 2280 674 sit
2295 644 2406 680 valida,
2430 644 2509 675 infe-

1450 685 1515 715 rius
1530 686 1547 701 ³*
1571 684 1789 716 declarabitur.

1506 728 1539 759 Si
1562 739 1638 759 vero
1663 730 1848 761 huiusmodi
1872 732 1967 762 attriti
1994 732 2270 763 animadverterint
2296 742 2329 762 se
2353 742 2419 762 non
2444 742 2510 762 esse

1451 773 1615 809 contritos,
1640 774 1742 804 simile
1766 780 1813 804 est
1836 774 1875 806 de
1899 785 2012 806 eorum
2029 776 2231 807 confessione
2247 776 2401 807 iudicium
2426 782 2456 806 et
2471 776 2510 806 de

1451 817 1654 848 confessione
1677 818 1806 849 illorum
1837 820 1893 859 qui
1916 826 1990 851 sunt
2017 821 2049 850 in
2074 822 2166 851 tertio
2190 820 2306 861 gradu,
2332 820 2370 850 de
2395 821 2511 860 quibus

1450 861 1550 892 modo
1575 863 1797 902 subiungimus
1821 864 1911 904 quod
1933 866 1967 895 in
1990 864 2102 895 infimo
2126 865 2200 895 loco
2217 865 2395 895 attritorum
2419 870 2509 894 sunt:

1451 907 1507 946 qui
1531 907 1638 936 ambas
1662 908 1862 938 contritionis
1878 914 1981 949 partes
2001 915 2055 939 aut
2070 919 2183 950 parum
2199 910 2366 949 attingunt,
2383 914 2437 938 aut
2453 909 2511 939 sal-

1450 955 1516 981 tem
1541 950 1637 981 altera
1660 957 1777 982 carent.
1812 952 1864 983 Ad
1888 954 2114 984 contritionem
2138 954 2223 984 enim
2254 962 2328 983 cum
2352 953 2416 984 duo
2441 962 2511 993 spe-

1451 1000 1546 1030 ctent,
1571 994 1666 1025 dolor
1688 995 1727 1026 de
1751 1003 1884 1041 peccato
1909 1003 1939 1028 et
1961 999 2163 1038 propositum
2188 997 2319 1028 cavendi
2339 997 2377 1027 de
2393 1003 2510 1033 cetero,

1450 1038 1553 1069 infimi
1583 1040 1697 1079 procul
1721 1039 1820 1071 dubio
1852 1047 1926 1072 sunt
1957 1042 2012 1082 qui
2036 1042 2075 1072 de
2098 1042 2272 1082 praeteritis
2295 1041 2426 1081 quidem
2455 1041 2511 1071 ali-

1451 1084 1586 1123 qualiter
1608 1083 1736 1121 dolent‚
1768 1091 1799 1115 et
1822 1085 1860 1116 de
1885 1085 1993 1117 futuro
2017 1086 2207 1117 velleitatem
2229 1087 2346 1116 habent
2369 1085 2510 1116 cavendi.

1451 1128 1535 1158 Inter
1558 1138 1641 1168 quos
1666 1134 1712 1159 est
1735 1130 1830 1164 etiam
1854 1130 2005 1161 latitudo:
2029 1140 2096 1161 non
2119 1131 2225 1161 solum
2249 1129 2426 1160 secundum
2441 1139 2511 1170 gra-

1451 1173 1510 1203 dus
1533 1172 1653 1203 doloris
1672 1178 1703 1203 et
1721 1168 1902 1210 velleitatis3
1927 1175 1983 1205 sed
1998 1175 2093 1205 etiam
2110 1174 2287 1205 secundum
2303 1173 2511 1205 differentiam

1451 1218 1655 1257 percipientis
1678 1217 1728 1247 vel
1751 1227 1819 1248 non
1842 1219 2045 1259 percipientis
2068 1224 2185 1249 statum
2208 1219 2391 1259 proprium;
2416 1224 2447 1248 ct
2470 1219 2511 1248 si-

1450 1262 1567 1292 militer
1599 1261 1778 1292 secundum
1802 1262 2010 1293 differentiam
2041 1263 2225 1303 explicantis
2248 1263 2298 1293 vel
2321 1272 2388 1292 non
2413 1263 2511 1302 expli-

1452 1307 1550 1336 cantis
1574 1307 1607 1336 in
1631 1305 1833 1337 confessione
1857 1307 1951 1347 plene
1967 1308 2118 1347 seipsum.
2142 1307 2225 1337 Nam
2248 1307 2304 1346 qui
2326 1306 2512 1337 huiusmodi

1452 1355 1569 1381 statum
1592 1358 1688 1380 suum
1711 1360 1779 1380 non
1802 1352 1946 1391 percipit,
1971 1361 2007 1382 ac
2025 1361 2082 1391 per
2097 1352 2170 1387 hoc,
2195 1361 2262 1381 non
2282 1351 2417 1391 explicat
2433 1361 2510 1381 con-

1451 1394 1583 1430 fitendo,
1608 1395 1730 1434 integre
1754 1395 1885 1434 quidem
1908 1395 2078 1426 confitetur
2101 1401 2257 1435 quantum
2279 1401 2326 1425 est
2349 1405 2387 1425 ex
2409 1396 2512 1425 inten-

1451 1440 1557 1475 tione;
1582 1439 1638 1479 qui
1662 1444 1768 1469 autem
1792 1440 1926 1479 percipit
1950 1445 1981 1470 et
2004 1439 2184 1475 confitetur,
2213 1441 2307 1470 etiam
2330 1440 2450 1479 integre
2474 1449 2512 1469 ex

1451 1484 1629 1514 intentione
1653 1482 1842 1519 confitetur;
1868 1484 1923 1523 qui
1946 1493 2022 1514 vero
2046 1485 2180 1524 percipit
2204 1489 2234 1514 et
2249 1492 2315 1514 non
2332 1482 2512 1519 confitetur,

1453 1528 1528 1568 quia
1550 1537 1618 1557 non
1641 1528 1779 1557 occurrit
1802 1528 1860 1557 sibi
1883 1528 1946 1557 hoc
1970 1529 2060 1567 quasi
2090 1533 2258 1567 peccatum
2282 1526 2512 1562 confitendum,

1453 1571 1558 1602 adhuc
1587 1572 1708 1611 integre
1740 1581 1777 1601 ex
1806 1572 1983 1602 intentione
2014 1571 2200 1608 confitetur;
2231 1581 2321 1602 secus
2355 1576 2460 1602 autem
2487 1572 2513 1602 si

1453 1615 1554 1646 nollet
1576 1616 1639 1645 hoc
1663 1614 1818 1651 confiteri,
1838 1620 1915 1646 tunc
1944 1616 2030 1645 enim
2054 1625 2091 1646 ex
2107 1617 2274 1656 proposito
2299 1615 2514 1646 dimidiaretur

1454 1659 1624 1690 confessio.
1649 1659 1690 1689 Et
1713 1659 1830 1689 similes
1853 1659 2071 1690 distinctiones
2094 1659 2162 1690 fieri
2185 1664 2319 1699 possunt
2342 1659 2381 1689 de
2405 1660 2514 1690 attritis

1454 1705 1487 1734 in
1511 1703 1654 1734 secundo
1677 1703 1777 1743 gradu
1805 1704 1926 1744 positis.
1961 1704 2122 1741 Quocirca
2153 1703 2191 1734 de
2222 1704 2372 1734 omnibus
2401 1703 2515 1734 dicitur

1455 1747 1562 1788 quod,
1594 1757 1669 1778 curn
1700 1757 1738 1778 ex
1761 1748 1928 1787 proposito
1956 1753 2077 1778 tacetur
2103 1753 2271 1788 peccatum
2295 1748 2446 1788 sacrilegii
2478 1758 2516 1778 ex

1454 1793 1509 1823 tali
1531 1797 1615 1822 statu
1638 1792 1831 1832 poenitentis
1855 1801 2060 1832 consurgens,
2080 1792 2239 1822 confessio
2255 1802 2323 1822 non
2339 1797 2385 1822 est
2403 1792 2515 1828 valida,

1455 1836 1510 1868 sed
1533 1835 1692 1867 iteranda:
1718 1836 1806 1866 deest
1828 1836 1987 1876 siquidem
2011 1836 2205 1867 confessioni
2228 1846 2295 1866 non
2315 1837 2382 1866 sola
2398 1837 2516 1867 contri-

1455 1883 1516 1918 tio,
1548 1881 1603 1911 sed
1626 1881 1787 1921 integritas
1811 1890 1848 1910 ex
1872 1881 2050 1921 proposito.
2086 1881 2225 1918 Quando
2249 1890 2324 1911 vero
2355 1880 2515 1911 confessio

1455 1935 1494 1957 ex
1516 1926 1684 1966 proposito
1709 1930 1755 1955 est
1771 1926 1901 1965 integra,
1926 1926 2072 1955 omnium
2089 1924 2248 1956 confessio
2264 1924 2388 1955 videtur
2402 1925 2514 1961 valida,

1455 1971 1498 2000 ita
1521 1969 1611 2010 quod
1634 1979 1701 1999 non
1717 1974 1764 1999 est
1778 1970 1956 2000 necessario
1972 1969 2123 1999 iteranda.
2146 1987 2169 1991 -
2192 1969 2346 2007 Quamvis
2370 1969 2515 1999 differen-

1454 2015 1498 2045 tia
1516 2015 1598 2044 inter
1614 2023 1670 2044 eos
1693 2014 1732 2043 sit
1749 2013 1856 2053 quoad
1871 2013 2036 2044 vitandum
2052 2014 2204 2053 sacrilegii
2221 2019 2398 2053 peccatum.
2423 2014 2515 2052 Quo-

1454 2059 1541 2089 niam
1564 2058 1776 2098 percipientes
1791 2063 1908 2088 statum
1924 2067 2019 2088 suum
2034 2058 2165 2093 malum,
2186 2063 2216 2088 et
2232 2057 2420 2088 confitentes
2437 2067 2515 2088 eun-

1455 2102 1544 2138 dem,
1561 2107 1775 2142 putantesque
1791 2111 1824 2131 se
1839 2111 1906 2132 non
1923 2102 2086 2142 sacrilegio
2102 2101 2158 2132 sed
2176 2102 2264 2132 bono
2281 2111 2413 2142 operam
2429 2101 2512 2138 dare,

1454 2146 1598 2187 rogando
1623 2145 1841 2177 confessorem
1863 2151 1899 2176 ut
1923 2155 1978 2176 eos
2002 2146 2152 2182 absolvat,
2173 2151 2371 2182 excusantur,
2388 2147 2414 2176 si
2429 2147 2516 2177 bona

1454 2191 1518 2222 fide
1542 2201 1617 2221 cum
1640 2189 1803 2220 sacerdote
1827 2189 1923 2220 docto
1947 2189 1979 2220 id
2003 2195 2145 2226 tractent,
2169 2200 2187 2220 a
2202 2190 2354 2230 sacrilegii
2369 2196 2513 2230 peccato.

1454 2235 1522 2266 Nec
1547 2236 1651 2266 obstat
1674 2235 1700 2264 si
1723 2234 1845 2264 dicatur
1868 2234 1957 2274 quod
1977 2235 2034 2264 i'sta
2050 2240 2096 2264 est
2111 2235 2288 2274 ignorantia
2307 2235 2382 2264 iuris
2399 2234 2512 2265 divini:

1455 2280 1610 2320 quoniam
1634 2280 1666 2309 in
1689 2277 1875 2309 huiusmodi
1899 2288 1981 2318 quae
2005 2284 2079 2308 sunt
2101 2279 2177 2309 iuris
2193 2278 2291 2308 divini
2306 2279 2444 2318 positivi,
2461 2288 2514 2309 ex-

1455 2329 1605 2354 cusantur
1628 2323 1749 2353 indocti
1780 2322 1910 2362 quando
1935 2333 1952 2352 a
1975 2322 2160 2353 doctoribus
2187 2322 2344 2353 iudicibus
2375 2323 2420 2353 sic
2443 2333 2514 2353 eru-

1454 2369 1598 2404 diuntur;
1623 2368 1731 2397 statuit
1755 2367 1841 2397 enim
1864 2367 1951 2397 Deus
1975 2366 2060 2406 leges
2083 2377 2154 2397 suas
2177 2367 2220 2397 ad
2236 2367 2363 2408 infimos
2372 2377 2436 2407 per
2450 2377 2514 2398 me-

1454 2413 1525 2443 dios
1543 2414 1560 2429 ⁴⁶
1584 2412 1765 2452 pervenire;
1789 2410 1875 2441 unde
1900 2416 1931 2441 et
1946 2411 2122 2451 Apostolus
2146 2411 2313 2441 mulierem
2336 2421 2354 2441 a
2369 2412 2436 2441 viro
2448 2421 2513 2442 suo

1454 2458 1646 2496 interrogare
1670 2456 1759 2486 iubet
1774 2456 1800 2491 ὓ,
1825 2455 1851 2485 si
1875 2454 1952 2495 quid
1975 2455 2111 2485 voluerit
2131 2456 2219 2485 scire.
2245 2455 2318 2486 Illos
2334 2461 2441 2486 autem
2458 2457 2514 2496 qui

1454 2511 1521 2532 non
1546 2501 1705 2541 explicant
1728 2499 1915 2530 confitendo
1938 2499 2124 2529 huiusmodi
2138 2499 2260 2530 malum
2276 2505 2392 2530 statum
2408 2510 2513 2536 suum,

1454 2546 1563 2576 nescio
1588 2554 1736 2575 excusare
1761 2554 1778 2574 a
1800 2553 1888 2573 novo
1909 2543 2062 2583 sacrilegii
2077 2549 2221 2583 peccato.
2245 2544 2405 2574 Deberent
2428 2545 2514 2574 enim

1454 2590 1565 2620 saltem
1588 2588 1758 2619 sacerdotis
1783 2588 1910 2618 arbitrio
1933 2587 2120 2618 iudicandos
2145 2587 2257 2618 offerre
2273 2589 2394 2628 seipsos
2418 2589 2450 2618 in
2466 2589 2514 2619 his

1455 2644 1537 2674 quae
1561 2633 1776 2664 communiter
1804 2633 2005 2672 poenitentes
2034 2642 2128 2662 nosse
2153 2637 2183 2662 et
2207 2631 2352 2662 confiteri
2379 2642 2514 2663 consue-

1454 2683 1584 2710 verunt:
1610 2674 1910 2708 ‘communissimum
1927 2681 2033 2706 autem
2050 2681 2096 2706 est
2111 2677 2348 2716 poenitentibus
2365 2678 2514 2708 omnibus

1455 2722 1601 2754 confiteri
1616 2721 1814 2752 voluntatem
1830 2730 1921 2751 suam
1937 2719 1976 2750 de
1999 2730 2067 2750 non
2082 2720 2223 2750 cavendo
2241 2720 2280 2751 de
2304 2726 2427 2758 cetero;
2452 2722 2514 2752 hoc

1454 2768 1540 2798 enim
1564 2767 1659 2797 etiam
1681 2765 1887 2795 mulierculae
1911 2770 1943 2795 et
1965 2765 2069 2795 sciunt
2092 2770 2122 2794 et
2145 2770 2278 2795 servant.

1510 2811 1562 2842 IV.
1587 2809 1780 2841 Communis
1804 2814 1911 2839 autem
1934 2809 2013 2839 ratio
2045 2818 2142 2848 quare
2166 2809 2343 2839 attritorum
2367 2810 2514 2839 omnium

1454 2857 1575 2896 integra
1598 2854 1728 2895 quidem
1752 2852 1808 2883 sed
1830 2852 1976 2883 informis
1995 2852 2154 2883 confessio
2171 2858 2217 2883 est
2232 2852 2343 2888 valida,
2367 2853 2410 2883 ita
2425 2853 2514 2893 quod

1454 2910 1523 2931 non
1546 2905 1592 2930 est
1615 2897 1765 2933 iteranda,
1790 2898 1965 2937 assignatur
1987 2907 2005 2927 a
2028 2897 2102 2928 divo
2120 2897 2247 2927 Thoma
2263 2898 2289 2932 *,
2315 2897 2390 2937 quia
2412 2907 2513 2927 sacra-

1455 2949 1601 2975 mentum
1624 2942 1840 2982 poenitentiae
1862 2950 1974 2971 verum
1992 2942 2152 2971 invenitur
2172 2947 2203 2971 et
2218 2941 2429 2977 fructuosum,
2445 2951 2513 2971 non

1455 2995 1542 3023 tunc,
1567 2987 1622 3018 sed
1645 2986 1774 3027 quando
1792 2985 1890 3016 aderit
1906 2986 2065 3015 contritio.
2090 2986 2131 3015 Et
2147 2985 2277 3025 quidem
2297 2984 2387 3025 quod
2402 2995 2513 3015 verum

1455 3033 1634 3063 inveniatur
1649 3036 1891 3066 sacramentum,
1908 3039 1975 3059 non
1991 3029 2097 3060 solum
2113 3029 2290 3060 secundum
2302 3029 2430 3059 illorum
2444 3030 2514 3069 opi-

1456 3078 1588 3107 nionem
1617 3075 1673 3115 qui
1695 3079 1812 3114 negant
1835 3074 2060 3104 contritionem
2091 3083 2158 3104 esse
2182 3078 2305 3114 partem
2327 3075 2514 3104 sacramenti

1456 3120 1682 3161 poenitentiae,
1703 3123 1841 3159 apparet,
1859 3118 1934 3158 quia
1951 3118 2030 3148 nihil
2046 3118 2134 3148 deest
2150 3118 2225 3148 huic
2240 3123 2437 3148 sacramento
2453 3118 2514 3147 nisi

1457 3165 1622 3196 contritio:
1648 3162 1703 3194 sed
1722 3163 1817 3193 etiam
1839 3162 1979 3192 tenendo
2004 3163 2229 3192 contritionem
2246 3171 2312 3192 esse
2329 3167 2450 3202 partem
2466 3171 2514 3191 sa-

1457 3209 1609 3240 cramenti
1632 3207 1847 3248 poenitentiae
1871 3205 2098 3242 manifestatur,
2115 3216 2153 3236 ex
2177 3216 2216 3236 eo
2241 3205 2330 3246 quod
2353 3206 2513 3242 contritio,

1456 3263 1523 3284 non
1546 3251 1724 3283 secundum
1747 3261 1791 3286 se,
1815 3250 1871 3281 sed
1893 3250 1988 3281 relata
2005 3250 2044 3281 ad
2060 3250 2306 3285 confessionem,
2330 3251 2393 3280 hoc
2410 3256 2456 3280 est
2478 3255 2515 3280 ut

1457 3304 1503 3329 est
1525 3302 1701 3338 spontanea
1723 3295 1871 3326 voluntas
1894 3294 2158 3334 recompensandi
2181 3294 2220 3325 ad
2236 3295 2397 3324 arbitn'um
2414 3303 2514 3324 sacer-

1457 3342 1549 3378 dotis,
1574 3351 1645 3381 pars
1668 3340 1853 3370 sacramenti
1878 3345 1924 3370 est
1940 3340 2043 3379 posita
2059 3339 2203 3379 superius
2215 3340 2232 3355 ⁴*
2251 3348 2269 3369 a
2285 3338 2358 3368 divo
2375 3339 2512 3368 Thoma.

1456 3387 1545 3417 Haec
1569 3391 1676 3416 autem
1699 3385 1732 3414 in
1749 3384 1913 3424 proposita
1929 3382 2130 3413 confessione
2150 3383 2318 3417 invenitur,
2343 3382 2420 3413 dum
2444 3383 2514 3422 qui-

1456 3431 1533 3461 libet
1555 3435 1669 3470 sponte
1693 3429 1780 3468 eligit
1804 3429 1987 3458 submittere
2003 3437 2036 3457 se
2052 3426 2258 3458 iudicandum
2275 3426 2440 3461 sacerdoti,
2454 3432 2512 3457 etc.

1457 3475 1541 3513 Quia
1565 3479 1760 3504 concurrunt
1783 3473 1877 3512 igitur
1899 3472 1939 3502 ad
1954 3476 2185 3502 sacramentum
2202 3470 2385 3501 huiusmodi
2403 3480 2514 3500 omnes

1457 3525 1560 3560 partes
1585 3519 1671 3554 eius,
1704 3527 1786 3557 quae
1819 3527 1851 3547 se
1874 3522 1983 3546 tenent
2011 3516 2086 3546 loco
2110 3516 2274 3550 materiae,
2305 3521 2335 3545 et
2358 3514 2459 3545 forma
2483 3520 2514 3544 et

2336 3575 2368 3606 ⁴5

2535 297 2544 306 ·
2564 296 2610 318 Gre
2628 313 2634 319 .
2650 296 2681 318 M.
2697 297 2749 318 Ho-

2534 323 2606 370 :ai'll-li
2627 323 2671 350 .11,
2682 324 2747 346 hom.

2535 385 2542 391 ·
2554 382 2589 404 Cf.
2601 389 2664 404 num.
2680 383 2735 410 1,iin
2744 400 2751 406 .

2535 473 2544 482 ·
2553 472 2748 499 Ps.1.xn¹‚vers.7.

2538 689 2546 698 ·
2562 687 2631 708 Num.
2646 693 2677 708 iv.

2540 2416 2591 2438 'Cf
2605 2416 2752 2444 Dionysium.

2540 2443 2605 2465 Cael.
2619 2443 2686 2465 Hr'er.
2699 2449 2752 2471 cap.

2541 2476 2573 2517 :vl
2583 2495 2616 2518 ad
2626 2496 2690 2522 Cor„
2701 2501 2753 2524 cap.

2541 2529 2587 2550 xiv,
2602 2529 2661 2544 vers.
2676 2529 2708 2550 35.

2541 2906 2551 2915 ·
2566 2903 2601 2926 Cf.
2613 2910 2676 2926 num.
2685 2909 2702 2930 1,
2713 2903 2755 2927 fin.

2541 3343 2755 3370 'Part.lll‚qu.xc,

2541 3373 2582 3391 art.
2598 3376 2617 3391 2.
