2918 4088
218 714 228 725 ·
238 712 291 734 Vid.
298 712 430 734 Coi-nutent.

217 739 291 762 Caiet.
298 742 351 767 post
362 742 404 760 art.
412 745 429 760 1.

315 924 332 940 α

217 952 228 962 ·
234 950 268 972 Cf.
276 949 374 971 Ariston
380 949 430 970 Me-

217 977 311 1004 taphys.
330 976 369 997 lib.
390 975 428 1001 111,

216 1009 304 1052 ‘3³pr'
314 1008 379 1050 ”1'ii24'
387 1007 429 1049 iis

236 1046 241 1051 .
299 1045 304 1051 .
360 1044 365 1050 .
422 1044 428 1054 ,

215 1056 267 1078 lect.
283 1061 321 1077 vn.

212 2039 264 2061 “Ca
283 2055 288 2060 .
299 2045 331 2063 11.
341 2039 427 2066 n.6,7;

213 2072 232 2087 ι.
241 2066 261 2087 Τ
280 2082 285 2087 .
298 2066 348 2087 lect.
360 2072 406 2087 xiv.
417 2077 426 2081 -

214 2092 249 2114 cf.
259 2092 288 2113 de
298 2092 378 2118 Caelo,
388 2092 427 2113 lib.

214 2119 253 2144 111,
265 2125 314 2146 cap.
327 2125 342 2143 1.
359 2125 380 2140 n.
392 2125 428 2140 10-

213 2152 233 2167 5.
249 2145 293 2167 Th.
313 2146 364 2167 lect.
381 2135 428 2167 nis

312 2182 328 2207 Υ

468 209 538 256 196

1119 207 1382 254 QUAESTIO
1411 205 1602 249 LXXVII,
1631 203 1925 240 ARTICULUS
1953 203 1982 239 11

1221 366 1539 411 ARTICULUS
1574 364 1873 407 SECUNDUS

763 466 920 497 UTRUM
945 466 987 496 ΙΝ
1011 465 1105 496 HOC
1130 462 1427 494 SACRAMENTO
1452 460 1704 499 QUANTITAS
1728 461 1965 492 DIMENSIVA
1987 461 2111 493 PAN'IS
2134 462 2219 492 VEL
2243 462 2331 493 VINI

1100 508 1166 539 SIT
1190 506 1390 537 ALIORUM
1412 505 1720 536 ACCIDENTIUM
1744 505 1996 537 SUBIECTUM

610 590 644 615 IV
663 590 745 620 Sent„
767 590 825 614 dist.
844 597 886 618 xn,
906 597 951 621 qu.
971 596 987 619 1,
1007 594 1053 612 art.
1075 594 1097 618 1,
1118 587 1166 619 qu³
1188 586 1216 615 3;
1238 586 1271 610 lV
1293 586 1369 644 Corltt.
1381 586 1478 645 dGegt„
1498 592 1554 617 cap.
1573 591 1651 644 unul
1663 592 1725 615 va5
1746 585 1843 616 Quodl.
1862 585 1915 616 vn,
1935 593 1979 618 qu.
1998 593 2032 615 iv.
2052 590 2098 611 art.
2118 585 2147 615 33
2168 586 2198 610 In
2217 585 2326 615 Manu„
2345 594 2402 620 cap.
2419 594 2491 618 xxvu

1362 627 1379 644 a
1442 627 1496 649 or.,
1517 627 1573 653 cap.
1591 627 1624 649 ιι,
1655 626 1702 645 eet.
1721 628 1745 645 v.

594 733 630 750 12<
668 718 691 742 D
724 715 913 741 SECUNDUM
946 714 997 738 510
1035 711 1260 737 PROCEDITUR
1284 698 1314 735 ³⁸.
1358 698 1520 735 Videtur

532 747 647 814 &²33
669 757 776 806 quod
805 756 843 792 in
872 757 948 792 hoc
976 759 1215 790 sacramento
1244 751 1435 800 quantitas
1463 751 1518 788 di-

476 812 518 867 ³1&
534 795 638 858 *2³²6-
652 808 842 847 mensiva
869 807 978 857 panis
1002 808 1063 843 vel
1081 805 1161 842 vini
1189 817 1269 842 non
1289 804 1334 841 sit
1353 804 1518 842 aliorum

477 838 610 899 Δᾷῧῦ
626 855 922 899 Kaccidentium
959 859 1186 896 subiectum.
1229 858 1438 895 Accidentis
1479 870 1517 894 e-

485 719 546 769 ἐξῇ

491 760 541 817 *J

457 915 538 952 nim
572 920 588 935 ‘²
631 927 704 953 non
743 921 792 951 est
833 914 1003 951 accidens
1029 913 1068 949 *ς

454 975 579 1017 potest
607 979 688 1005 esse
717 967 943 1012 subiectum,
973 977 1064 1002 cum
1093 964 1228 1002 subiici
1255 964 1441 1014 pertineat
1469 964 1518 1001 ad

455 1020 728 1070 proprietatem
755 1019 947 1057 materiae.
979 1018 1055 1056 Sed
1084 1018 1274 1067 quantitas
1303 1017 1519 1055 dimensiva

455 1081 510 1110 est
538 1074 737 1122 quoddam
757 1072 942 1110 accidens.
973 1072 1074 1119 Ergo
1095 1071 1284 1120 quantitas
1304 1070 1518 1108 dimensiva

454 1138 535 1163 non
562 1134 686 1175 potest
714 1138 795 1162 esse
824 1125 1042 1162 subiectum
1065 1124 1227 1161 aliorum
1249 1123 1517 1161 accidentium.

509 1190 542 1215 2.
573 1180 810 1224 PRAETEREA,
839 1178 936 1215 sicut
963 1177 1154 1227 quantitas
1182 1177 1445 1214 individuatur
1472 1189 1518 1213 ex

454 1232 678 1279 substantia,
708 1231 759 1269 ita
787 1231 902 1268 etiam
930 1238 966 1268 et
994 1230 1066 1268 alia
1094 1230 1314 1268 accidentia.
1359 1229 1399 1267 Si
1427 1241 1517 1278 ergo

453 1285 642 1334 quantitas
671 1284 885 1322 dimensiva
912 1284 1022 1333 panis
1050 1292 1115 1321 aut
1142 1283 1223 1321 vini
1258 1291 1431 1321 remanet
1462 1283 1518 1320 in-

453 1338 650 1376 dividuata
677 1338 893 1375 secundum
921 1349 1004 1374 esse
1032 1337 1138 1386 prius
1166 1337 1355 1382 habitum,
1376 1337 1416 1374 in
1438 1348 1518 1386 quo

453 1400 712 1438 conservatur,
741 1390 823 1441 pari
847 1391 992 1428 ratione
1022 1398 1058 1427 et
1077 1391 1149 1428 alia
1168 1390 1377 1427 accidentia
1395 1402 1519 1427 rema-

452 1452 545 1481 nent
572 1444 808 1482 individuata
837 1444 1053 1481 secundum
1072 1456 1154 1481 esse
1183 1443 1291 1493 quod
1318 1443 1426 1493 prius
1454 1443 1518 1480 ha-

453 1498 595 1535 bebant
622 1498 662 1535 in
690 1497 911 1535 substantia.
941 1498 1035 1534 Non
1064 1509 1154 1546 ergo
1183 1505 1272 1534 sunt
1299 1496 1340 1534 in
1369 1496 1518 1546 quanti-

453 1558 526 1588 tate
556 1551 771 1588 dimensiva
799 1551 896 1588 sicut
923 1550 962 1588 in
991 1550 1181 1588 subiecto:
1212 1563 1303 1587 curn
1324 1562 1441 1587 omne
1461 1562 1519 1587 ae-

454 1603 584 1641 cidens
612 1604 875 1641 individuetur
902 1616 972 1653 per
999 1616 1117 1641 suum
1145 1604 1374 1641 subiectum.

510 1658 544 1694 3.
575 1659 816 1704 PRAETEREA,
854 1657 951 1694 inter
986 1657 1058 1695 alia
1092 1657 1300 1694 accidentia
1335 1655 1446 1706 panis
1483 1664 1521 1694 et

453 1710 535 1747 vini
554 1723 654 1760 quae
674 1717 884 1757 remanent,
905 1711 1250 1760 deprehenduntur
1269 1710 1384 1748 etiam
1403 1721 1519 1747 sensu

455 1776 587 1801 rarum
615 1771 651 1800 et
679 1764 855 1801 densum.
899 1764 1011 1811 Quae
1048 1776 1129 1801 non
1161 1771 1323 1814 possunt
1360 1776 1442 1801 esse
1480 1763 1520 1800 in

455 1817 662 1866 quantitate
683 1817 898 1854 dimensiva
915 1825 1065 1866 praeter
1079 1817 1280 1854 materiam
1299 1817 1480 1854 existente
1492 1815 1518 1853 βε

456 1870 547 1920 quia
574 1883 706 1908 rarum
733 1878 789 1907 est
826 1871 934 1919 quod
962 1870 1078 1907 habet
1109 1882 1250 1919 parum
1283 1870 1331 1907 de
1359 1869 1521 1907 materia

456 1924 528 1961 sub
557 1923 862 1960 dimensionibus
881 1924 1048 1972 magnis;
1078 1924 1244 1961 densum
1264 1931 1393 1961 autern
1413 1923 1520 1972 quod

456 1977 572 2014 habet
608 1977 775 2013 multum
818 1977 866 2014 de
903 1976 1063 2014 materia
1104 1977 1176 2014 sub
1214 1976 1522 2014 dimensionibus

455 2029 604 2079 parvis,
641 2037 682 2066 ut
710 2029 846 2066 dicitur
874 2029 913 2066 in
942 2031 992 2067 IV
1009 2031 1158 2079 Physic.
1178 2030 1198 2052 ’⁸‘
1239 2031 1340 2078 Ergo
1369 2029 1522 2066 videtur

456 2083 564 2132 quod
592 2082 781 2132 quantitas
804 2082 1020 2120 dimensiva
1047 2095 1128 2120 non
1147 2089 1162 2112 Υ
1190 2083 1310 2132 possit
1329 2095 1411 2120 esse
1431 2083 1520 2120 sub-

454 2136 596 2173 iectum
616 2135 870 2173 accidentium
898 2148 998 2185 quae
1020 2144 1219 2173 remanent
1248 2136 1286 2173 in
1306 2136 1382 2173 hoc
1401 2147 1521 2173 sacra-

455 2196 598 2227 mento.

507 2254 543 2290 4.
572 2243 812 2290 PRAETEREA,
850 2243 1040 2293 quantitas
1077 2255 1101 2280 a
1137 2242 1309 2280 subiecto
1348 2250 1522 2292 separata

454 2295 606 2333 videtur
640 2303 721 2333 esse
754 2296 944 2345 quantitas
980 2296 1272 2344 mathematica,
1305 2308 1405 2345 quae
1439 2308 1521 2334 non

455 2357 511 2386 est
538 2349 755 2386 subiectum
779 2350 1006 2399 qualitatum
1026 2349 1276 2387 sensibilium.
1307 2350 1411 2387 Cum
1430 2362 1521 2398 ergo

456 2402 664 2440 accidentia
705 2414 804 2451 quae
847 2411 1047 2441 remanent
1087 2403 1127 2440 in
1168 2404 1244 2440 1100
1281 2410 1521 2440 sacramento

456 2455 529 2493 sint
562 2455 770 2504 sensibilia,
803 2456 956 2494 videtur
993 2457 1100 2506 quod
1138 2468 1218 2494 non
1254 2456 1403 2506 possint
1439 2468 1522 2493 esse

456 2508 496 2546 in
530 2509 607 2545 hoc
640 2517 878 2547 sacramento
916 2510 1012 2548 sicut
1048 2510 1088 2547 in
1121 2509 1292 2548 subiecto
1327 2509 1368 2547 in
1400 2522 1522 2559 quan-

456 2561 558 2599 titate
574 2560 591 2611 ,⁶
619 2561 728 2611 panis
762 2570 798 2599 et
830 2563 911 2600 vini
948 2571 1170 2601 remanente
1207 2571 1295 2613 post
1322 2575 1521 2602 consecra-

457 2623 615 2653 tionem.

512 2669 585 2706 SED
606 2681 750 2706 CONTRA
769 2681 834 2706 esT
853 2670 960 2719 quod
988 2670 1187 2719 qualitates
1210 2681 1290 2707 non
1309 2677 1399 2706 sunt
1426 2668 1521 2706 divi-

458 2721 583 2759 sibiles
611 2721 682 2758 nisi
710 2735 779 2772 per
807 2723 993 2770 accidens,
1024 2723 1164 2761 scilicet
1182 2723 1328 2761 ratione
1348 2722 1520 2760 subiecti.

458 2774 693 2812 Dividuntur
721 2783 850 2813 autem
879 2777 1075 2826 qualitates
1108 2784 1350 2815 remanentes
1378 2775 1418 2813 in
1446 2776 1523 2814 hoc

459 2836 697 2866 sacramento
731 2841 800 2878 per
828 2829 1058 2867 divisionem
1090 2829 1308 2880 quantitatis
1340 2829 1522 2867 dimensi-

458 2893 547 2918 vae:
578 2881 674 2918 sicut
701 2890 804 2931 patet
831 2883 880 2920 ad
908 2895 1077 2921 sensum.
1117 2884 1219 2932 Ergo
1248 2882 1439 2933 quantitas
1467 2883 1522 2920 di-

458 2933 633 2971 mensiva
661 2943 715 2971 est
743 2935 956 2973 subiectum
987 2937 1243 2974 accidentium
1271 2948 1370 2986 quae
1399 2948 1522 2974 rema-

460 2995 551 3024 nent
578 2987 618 3024 in
646 2988 722 3025 hoc
749 2997 999 3027 sacramento.

513 3041 737 3078 Responmzo
770 3054 951 3080 DICENDUM
984 3043 1091 3092 quod
1129 3055 1283 3080 necesse
1313 3050 1368 3080 est
1395 3042 1522 3080 dicere

461 3093 669 3131 accidentia
688 3094 759 3132 alia
778 3107 877 3144 quae
898 3104 1097 3133 remanent
1116 3096 1155 3133 in
1175 3097 1250 3134 hoc
1269 3103 1521 3142 sacramento,

462 3157 543 3182 esse
581 3146 676 3183 sicut
713 3147 752 3184 in
787 3148 957 3186 subiecto
995 3149 1035 3186 in
1072 3149 1279 3198 quantitate
1307 3149 1523 3186 dimensiva

462 3198 572 3247 panis
598 3200 660 3235 vel
687 3199 767 3236 vini
800 3210 1032 3239 remanente.
1076 3202 1207 3239 Primo
1240 3202 1420 3251 quidem,
1454 3214 1523 3251 per

463 3252 539 3288 1100
566 3252 673 3300 quod
701 3252 750 3288 ad
778 3265 934 3291 sensum
962 3263 1119 3304 apparet
1147 3255 1304 3304 aliquod
1332 3262 1522 3304 quantum

518 3387 546 3420 α)
564 3387 715 3412 Accidentis
732 3386 809 3411 enim.
827 3400 847 3404 —
866 3387 1015 3411 Subiectum
1036 3387 1104 3411 enim
1123 3386 1268 3411 accidentis
1288 3386 1316 3411 Ρ.

519 3422 544 3455 β)
564 3423 702 3447 existente.
721 3436 739 3440 -
759 3422 791 3451 Ρ;
811 3422 978 3447 existentem.

517 3458 543 3491 γ)
564 3465 625 3482 non.
643 3472 662 3476 —-
681 3457 785 3481 DsBEH
806 3463 830 3482 et
849 3465 879 3487 a;
901 3463 957 3482 ante
977 3457 1050 3490 Ergo
1073 3463 1172 3490 ponunt
1197 3456 1265 3481 PIsG
1285 3462 1310 3481 et
1327 3464 1348 3485 c,
1369 3464 1421 3481 om.
1441 3456 1527 3481 ceteri.

518 3493 543 3527 δ’)
563 3493 720 3526 quantitate.
739 3507 757 3511 —
776 3493 922 3517 dimensiva
942 3493 1038 3517 addunt
1056 3493 1075 3516 F
1095 3498 1119 3516 et
1139 3493 1219 3518 tertia.

519 3529 542 3563 ε’)
562 3536 625 3554 esse.
642 3543 660 3547 -
679 3529 741 3553 Om.
759 3535 790 3559 α;
810 3528 894 3552 statim
914 3536 967 3553 om.
986 3529 1066 3552 tertia.

1112 913 1216 948 nulla
1254 911 1357 948 0111111
1393 911 1525 948 forma

1573 711 1654 736 esse
1683 699 1736 736 ibi
1764 701 1979 737 coloratum
1999 707 2035 737 et
2053 699 2133 737 aliis
2152 699 2412 740 accidentibus
2436 701 2636 740 affectum:

1573 765 1645 790 nec
1672 752 1712 790 in
1739 752 1878 790 talibus
1904 765 2041 790 sensus
2069 753 2267 802 decipitur.

1627 806 1829 852 Secundo,
1859 806 1951 856 quia
1983 806 2110 859 prima
2142 806 2339 856 dispositio
2367 806 2549 844 materiae
2583 815 2640 844 est

1572 859 1764 908 quantitas
1801 858 2035 896 dimensiva:
2069 860 2174 897 unde
2203 867 2240 896 et
2271 861 2379 897 Plato
2406 860 2536 910 posuit
2562 860 2638 910 pri-

1573 925 1656 950 mas
1682 912 1913 949 differentias
1942 912 2123 950 materiae
2151 925 2336 965 magnum
2363 921 2400 950 et
2425 925 2587 963 parvum
2604 913 2636 950 ⁸².

1573 966 1621 1003 Et
1649 965 1740 1015 quia
1766 965 1940 1015 primum
1968 965 2187 1005 subiectum
2215 974 2271 1003 est
2297 966 2477 1014 materia,
2506 979 2638 1005 conse·

1573 1031 1697 1068 quens
1725 1026 1780 1056 est
1807 1019 1916 1068 quod
1944 1019 2076 1056 omnia
2103 1018 2176 1056 alia
2194 1019 2403 1059 accidentia
2430 1020 2640 1060 referantur

1573 1072 1622 1109 ad
1659 1072 1876 1109 subiectum
1917 1072 2110 1109 mediante
2151 1072 2359 1122 quantitate
2401 1073 2638 1120 dimensiva,

1573 1125 1670 1162 sicut
1698 1132 1735 1162 et
1761 1124 1935 1174 primum
1957 1124 2174 1162 subiectum
2194 1125 2332 1163 0010115
2351 1125 2489 1163 dicitur
2506 1138 2639 1176 super-

1573 1177 1679 1215 ficies
1701 1178 1722 1200 *
1757 1190 1859 1215 055οε
1899 1177 2045 1215 ratione
2083 1177 2193 1215 cuius
2228 1178 2389 1228 quidam
2424 1187 2640 1231 posuerunt

1573 1230 1834 1268 dimensiones
1854 1243 1936 1268 esse
1955 1231 2184 1270 substantias
2203 1243 2426 1281 corporum,
2442 1239 2485 1269 ut
2502 1230 2641 1274 dicitur

1573 1284 1613 1321 in
1640 1285 1686 1322 111
1709 1285 1924 1333 Metaphys.
1949 1283 1969 1305 *
2009 1284 2058 1320 Et
2085 1283 2198 1333 quia,
2234 1285 2426 1322 subtracto
2455 1284 2639 1330 subiecto,

1574 1344 1774 1374 remanent
1801 1336 2011 1374 accidentia
2042 1337 2260 1374 secundum
2287 1349 2370 1374 esse
2397 1337 2506 1387 quod
2533 1337 2640 1387 prius

1574 1390 1779 1437 habebant,
1808 1401 2051 1439 consequens
2070 1397 2126 1426 est
2153 1390 2261 1439 quod
2280 1390 2413 1427 omnia
2431 1389 2641 1429 accidentia

1574 1451 1774 1481 remanent
1791 1443 1950 1480 fundata
1968 1455 2085 1492 super
2103 1443 2354 1493 quantitatem
2369 1443 2638 1482 dimensivam.

1627 1496 1759 1537 Tertio
1788 1496 1890 1546 quia,
1920 1508 2012 1534 cum
2031 1496 2248 1534 subiectum
2267 1496 2313 1534 sit
2330 1495 2565 1547 principium
2582 1496 2640 1539 in-

1575 1549 1848 1588 dividuationis
1879 1549 2158 1595 accidentium,
2188 1557 2339 1599 oportet
2366 1549 2405 1587 id
2437 1550 2546 1599 quod
2573 1562 2641 1600 po-

1574 1603 1678 1640 nitur
1711 1603 1932 1653 aliquorum
1969 1602 2224 1640 accidentium
2262 1602 2478 1640 subiectum
2514 1615 2596 1641 esse
2614 1608 2640 1650 ⁸,

1575 1657 1705 1707 aliquo
1724 1657 1846 1694 modo
1866 1668 1948 1693 esse
1968 1655 2284 1694 individuationis'
2298 1655 2543 1706 principium.
2572 1657 2641 1694 Est

1575 1710 1680 1748 enim
1714 1710 1762 1747 de
1791 1709 1936 1747 ratione
1972 1709 2162 1746 individui
2199 1709 2306 1759 quod
2338 1721 2420 1747 non
2445 1708 2566 1759 possit
2600 1708 2641 1748 in

1574 1763 1750 1813 pluribus
1778 1775 1873 1800 esse.
1904 1762 2023 1810 Quod
2047 1762 2207 1812 quidem
2225 1762 2408 1811 contingit
2426 1761 2638 1813 dupliciter.

1575 1818 1663 1854 Uno
1692 1816 1826 1863 modo,
1857 1815 1948 1865 quia
1976 1828 2056 1853 non
2080 1823 2135 1852 est
2162 1823 2298 1852 natum
2326 1815 2366 1852 in
2385 1815 2517 1865 aliquo
2535 1828 2639 1854 esse:

1575 1877 1612 1906 et
1639 1870 1716 1907 hoc
1743 1869 1864 1906 modo
1892 1869 2038 1916 formae
2058 1868 2327 1906 immateriales
2345 1876 2553 1918 separatae,
2572 1881 2644 1919 per

1575 1935 1615 1960 se
1635 1922 1893 1969 subsistentes,
1914 1930 2004 1959 sunt
2022 1922 2137 1959 etiam
2156 1934 2226 1971 per
2243 1921 2387 1972 seipsas
2406 1921 2640 1960 individuae.

1575 1976 1661 2013 Alio
1690 1975 1823 2022 modo,
1854 1987 1901 2012 ex
1929 1987 1975 2012 eo
2005 1975 2113 2024 quod
2140 1975 2266 2012 forma
2293 1974 2548 2012 substantialis
2579 1976 2643 2017 vel

1576 2027 1818 2066 accidentalis
1846 2035 1902 2065 est
1930 2027 2091 2078 quidem
2118 2035 2208 2066 nata
2228 2027 2269 2065 in
2287 2027 2417 2077 aliquo
2438 2039 2532 2076 esse,
2560 2040 2643 2067 non

1575 2090 1706 2121 tamen
1732 2081 1774 2119 in
1801 2081 1994 2131 pluribus:
2032 2080 2130 2118 510111
2155 2081 2253 2119 haec
2279 2080 2430 2128 albedo,
2458 2093 2559 2131 quae
2587 2089 2644 2120 est

1576 2135 1615 2172 in
1651 2136 1728 2172 hoc
1764 2146 1939 2184 corpore.
1983 2134 2187 2181 Quantum
2225 2133 2338 2182 igitur
2373 2134 2423 2172 ad
2457 2134 2642 2184 primum,

1575 2188 1736 2226 materia
1770 2195 1826 2226 est
1853 2187 2166 2226 individuationis
2197 2186 2432 2237 principium
2460 2187 2643 2226 omnibus

1575 2241 1709 2279 formis
1737 2240 2041 2279 inhaerentibus:
2072 2240 2174 2291 quia,
2204 2252 2295 2278 cum
2323 2239 2550 2283 huiusmodi
2567 2241 2642 2284 for-

1577 2307 1682 2342 mae,
1719 2302 1910 2344 quantum
1947 2302 2003 2332 est
2034 2294 2083 2331 de
2110 2306 2170 2341 se,
2206 2293 2280 2331 sint
2305 2301 2417 2333 natae
2444 2293 2485 2332 in
2512 2294 2642 2345 aliquo

1577 2360 1659 2386 esse
1688 2347 1784 2386 sicut
1812 2347 1852 2385 in
1879 2347 2064 2395 subiecto,
2093 2359 2141 2385 ex
2167 2359 2247 2396 quo
2276 2346 2404 2396 aliqua
2431 2359 2568 2386 earum
2585 2359 2643 2385 re-

1575 2401 1715 2451 cipitur
1741 2401 1781 2438 in
1808 2400 1980 2448 materia,
2009 2413 2110 2450 quae
2134 2412 2215 2438 non
2233 2407 2290 2437 est
2308 2399 2347 2437 in
2366 2400 2454 2446 alio,
2474 2400 2552 2438 iam
2571 2412 2644 2438 nec

1577 2454 1659 2505 ipsa
1677 2455 1802 2491 forma
1821 2454 1875 2491 sic
1894 2453 2057 2491 existens
2084 2461 2209 2504 potest
2230 2453 2270 2490 in
2289 2452 2364 2490 alio
2384 2465 2478 2491 esse.
2509 2454 2643 2502 Quan—

1576 2516 1662 2548 tum
1695 2515 1826 2545 autem
1859 2507 1909 2544 ad
1936 2507 2175 2553 secundum,
2209 2506 2419 2546 dicendum
2447 2514 2502 2544 est
2535 2507 2643 2560 quod

1576 2560 1891 2599 individuationis
1918 2559 2153 2610 principium
2190 2567 2246 2597 est
2273 2559 2463 2609 quantitas
2494 2558 2644 2603 dimen-

1577 2615 1669 2652 siva.
1699 2615 1758 2651 Ex
1777 2614 1853 2651 hoc
1880 2613 1985 2651 enim
2007 2612 2152 2663 aliquid
2170 2620 2227 2650 est
2244 2620 2381 2650 natum
2400 2625 2483 2651 esse
2501 2613 2543 2651 in
2558 2625 2643 2652 uno

1577 2669 1672 2714 solo,
1702 2667 1811 2717 quod
1839 2667 1932 2704 illud
1960 2674 2016 2704 est
2039 2666 2078 2704 in
2105 2679 2144 2703 se
2171 2665 2382 2704 indivisum
2409 2674 2447 2705 et
2474 2666 2643 2705 divisum

1576 2721 1624 2759 ab
1644 2720 1826 2758 omnibus
1846 2719 1926 2757 aliis
1939 2719 1970 2757 ’ἢ
1987 2719 2136 2759 Divisio
2155 2727 2286 2758 autem
2305 2719 2441 2757 accidit
2466 2720 2642 2762 substan-

1576 2774 1649 2812 tiae
1677 2774 1824 2811 ratione
1853 2772 2086 2824 quantitatis,
2115 2780 2158 2811 ut
2185 2771 2323 2810 dicitur
2350 2773 2389 2810 in
2417 2774 2432 2813 1
2454 2774 2603 2824 H1ysic.
2621 2773 2644 2796 ⁸

1577 2828 1626 2865 Et
1653 2827 1741 2864 ideo
1770 2827 1854 2877 ipsa
1881 2826 2072 2876 quantitas
2100 2825 2316 2865 dimensiva
2352 2833 2408 2863 est
2440 2825 2643 2876 quoddam

1576 2879 1891 2918 individuationis
1918 2879 2154 2929 principium
2172 2879 2399 2919 huiusmodi
2415 2878 2559 2926 10111115,
2585 2878 2642 2917 in-

1577 2941 1768 2984 quantum
1805 2933 1945 2970 scilicet
1979 2933 2152 2970 diversae
2180 2933 2326 2971 formae
2358 2944 2524 2970 numero
2553 2940 2643 2970 sunt

1577 2987 1617 3024 in
1645 2986 1804 3024 diversis
1831 2986 2004 3036 partibus
2031 2985 2223 3023 materiae.
2266 2985 2378 3024 Unde
2410 2985 2493 3035 ipsa
2520 2997 2642 3035 quan-

1576 3041 1660 3078 titas
1688 3039 1903 3077 dimensiva
1931 3039 2148 3076 secundum
2167 3051 2207 3076 se
2235 3039 2351 3076 habet
2369 3038 2567 3088 quandam
2586 3038 2642 3076 in-

1577 3093 1899 3131 dividuationem:
1921 3092 1972 3129 ita
1985 3092 2094 3141 quod
2111 3103 2321 3141 possumus
2339 3091 2539 3140 imaginari
2557 3093 2642 3142 plu-

1577 3159 1636 3184 res
1664 3146 1783 3184 lineas
1802 3145 1814 3171 ζ
1842 3145 2017 3183 eiusdem
2036 3144 2175 3194 speciei
2203 3144 2420 3182 differentes
2438 3144 2640 3194 positione,

1577 3212 1677 3250 quae
1697 3198 1796 3237 cadit
1815 3198 1854 3236 in
1874 3197 2019 3236 ratione
2038 3197 2255 3247 quantitatis
2274 3197 2390 3235 huius
2405 3203 2442 3243 ης
2462 3198 2643 3236 0011νο1111

1577 3253 1681 3290 0111111
1701 3251 1932 3290 dimensioni
1951 3251 2059 3300 quod
2078 3250 2124 3287 sit
2142 3251 2324 3300 quantitas
2336 3252 2558 3301 positionem
2576 3253 2642 3290 ha-

1635 3385 1660 3418 ζ)
1680 3386 1773 3410 lineas.
1790 3399 1809 3404 -
1826 3387 1967 3416 separatas
1994 3384 2062 3409 addit
2081 3384 2114 3414 P;
2133 3384 2208 3409 Alias
2234 3391 2284 3409 non
2314 3385 2427 3410 habetur
2449 3386 2480 3419 ly
2503 3389 2644 3418 separatas

1582 3428 1671 3487 marg,
1680 3421 1840 3516 {clamitatis
1857 3455 1944 3480 huius.
1956 3469 1975 3474 —
1987 3455 2145 3487 quantitatis
2163 3455 2316 3480 huiusmodi
2329 3457 2453 3488 CDEabc,
2467 3457 2544 3482 huius
2556 3465 2640 3490 quan-

1581 3492 1668 3516 titatis
1721 3511 1726 3516 .

2665 915 2677 926 ·
2691 914 2731 946 Εἰ..
2738 914 2810 937 Ari-t.
2817 914 2881 944 Pluy-

2666 941 2880 995 11111111

2665 1000 2726 1043 11ἶί
2744 994 2880 1049 min:

2665 1053 2691 1074 η
2702 1054 2721 1070 ι.
2727 1037 2774 1070 ιἸΊι.
2785 1047 2837 1070 leet.
2847 1053 2880 1071 xl·

2666 1187 2677 1198 ⁸
2691 1185 2719 1208 D.
2736 1190 2796 1214 ¹¹45·

2666 1287 2881 1343 &intrant

2671 2725 2682 2736 '
2694 2725 2724 2748 D.
2737 2725 2787 2752 ⁷²8·

2670 2778 2682 2790 ·
2698 2776 2735 2800 et.
2752 2782 2804 2805 cap.
2819 2775 2836 2799 1'1
2859 2781 2883 2799 n.

2669 2808 2783 2852 igit-'ms
2795 2802 2822 2826 ε’
2835 2792 2882 2826 'n'
