2878 4088
111 1409 124 1422 ·
139 1409 187 1437 Qu.
196 1414 244 1435 xiv.
253 1411 296 1431 art.
304 1414 324 1430 ι.

1086 179 1349 227 QUAESTIO
1378 177 1472 224 XIII,
1492 176 1785 213 ARTICULUS
1813 177 1827 212 Ι

348 269 456 292 sarum
479 260 596 300 quibus
618 261 751 291 morbus
779 261 934 300 consequi
962 265 1083 300 potest:
1116 260 1160 289 eis
1184 258 1271 289 enim
1294 256 1413 291 ablatis,

349 315 426 336 non·
439 310 546 345 potest
567 305 700 335 morbus
723 305 825 344 sequi.
850 304 912 335 Sed
927 305 961 334 in
976 304 1092 334 morbo
1115 302 1269 343 spirituali
1283 310 1352 331 non
1369 305 1415 330 est

348 350 409 380 ita:
430 350 506 389 quia
520 349 658 379 liberum
669 349 834 379 arbitrium
849 358 916 379 non
933 349 1074 388 cogitur;
1096 347 1193 383 unde,
1207 346 1309 377 causis
1324 353 1414 385 prae-

350 393 546 428 cedentibus,
562 398 669 432 potest
683 393 784 428 vitari,
801 393 946 432 quamvis
962 391 1147 427 difficulter3
1172 390 1273 421 causis
1289 389 1413 423 amotis,

2482 187 2528 224 27

1526 255 1555 285 3.
1579 255 1776 290 anzmmzx,
1793 255 1846 284 ille
1870 255 1960 284 cuius
1976 260 2081 285 toturn
2106 255 2194 294 quod
2217 256 2312 286 habet
2326 264 2393 285 non
2417 254 2532 285 sufficit

1470 298 1510 329 ad
1531 309 1635 330 unum
1659 299 1803 329 debitum
1827 298 2066 334 exsolvendum⁷
2091 309 2158 328 non
2182 305 2287 339 potest
2309 309 2368 339 pro
2391 299 2453 329 alio
2478 299 2531 329 de-

1469 344 1537 373 bito
1561 343 1748 374 satisfacere.
1773 342 1836 372 Sed
1860 342 2016 382 quidquid
2044 343 2144 372 homo
2169 349 2214 373 est
2238 349 2268 373 et
2295 349 2401 383 potest
2424 349 2455 373 et
2477 343 2532 372 ha-

1470 388 1534 423 bet,
1550 397 1618 418 non
1641 386 1756 417 sufficit
1772 385 1811 416 ad
1834 385 2025 416 solvendum
2041 385 2183 416 debitum
2206 396 2264 426 pro
2281 387 2438 419 beneficio
2455 396 2532 417 con-

348 442 456 478 potest
477 437 606 467 incurri.
630 437 672 467 Et
685 436 759 467 ideo
775 437 808 466 in
824 436 1045 466 satisfactionis
1068 434 1255 465 definitione
1274 433 1339 463 duo
1355 441 1415 472 po·
1439 434 1448 454 5
1471 431 1616 462 ditionis:
1641 430 1728 461 unde
1751 430 1849 460 Isaiae
1871 440 1910 459 xr.
1926 431 1942 446 ἃ
1967 430 2080 459 dicitur
2103 430 2192 470 quod
2217 431 2308 471 ligna
2329 431 2443 461 Libani
2467 441 2530 460 non

348 482 412 511 nit:
437 481 556 511 scilicet
579 481 791 511 abscisionem
815 489 992 516 causarum,
1013 485 1171 519 quantum
1194 477 1233 508 ad
1256 478 1414 517 primum3

351 531 382 556 et
397 526 598 555 renitentiam
621 525 712 555 liberi
734 525 852 555 arbitrii
875 524 914 554 ad
932 525 1039 564 ipsum
1062 528 1242 563 peccatum,
1259 526 1415 561 quantum

351 569 390 600 ad
414 568 602 600 secundum.

406 614 457 644 An
481 623 598 643 pamma
621 622 703 643 aneo
726 622 887 642 mmmmm
909 611 1000 651 quod
1022 609 1227 650 accipiendae
1249 614 1323 638 sunt
1342 617 1416 638 cau-

351 668 404 689 sae
419 658 584 697 proximae
607 657 730 697 peccati
753 656 901 687 actualis:
927 664 1009 695 quae
1033 654 1182 684 dicuntur
1205 653 1282 688 duo,
1298 652 1418 682 scilicet
1433 659 1458 674 ¹⁰

351 702 451 733 libido
476 711 514 732 ex
537 700 771 731 consuetudine
793 700 844 730 vel
867 705 940 729 actu
962 698 1086 739 peccati
1107 697 1225 732 relicta,
1243 701 1274 726 et
1292 695 1417 735 aliquae

351 746 504 786 reliquiae
519 745 642 785 peccan·
657 744 832 784 praeteriti;
853 748 885 773 et
900 742 1070 773 exteriores
1086 741 1272 771 occasiones
1287 739 1327 769 ad
1342 748 1416 779 pec-

352 790 501 825 candum,
524 794 563 820 ut
582 789 691 823 locus,
715 788 850 818 societas
872 787 971 822 mala,
996 791 1027 816 et
1049 784 1246 815 huiusmodi.
1276 783 1318 813 Et
1339 783 1417 813 tales

352 843 465 865 causae
487 834 521 863 in
543 833 603 862 hac
625 832 690 862 vita
711 840 768 871 per
791 830 1038 861 satisfactionem
1065 829 1239 859 tolluntur:
1272 827 1417 867 quamvis

351 878 466 912 fomes,
482 877 539 916 qui
562 881 610 906 est
632 884 727 906 causa
749 880 873 905 remota
895 874 1018 913 peccati
1041 872 1182 908 actualis,
1199 881 1267 902 non
1289 871 1418 901 tollatur
1434 883 1442 896 ι

351 922 490 952 totaliter
511 921 546 950 in
567 920 628 950 hac
650 919 715 949 vita
736 928 794 958 per
816 917 1075 953 satisfactionem,
1100 917 1158 947 etsi
1181 915 1372 946 debilitetur.

406 965 457 995 Ar>
481 973 643 994 sncuumm
665 971 825 992 mcaxnuu
849 961 948 1002 quod,
965 962 1041 1001 quia
1065 970 1159 991 causa
1182 960 1258 990 mali
1281 959 1331 990 vel
1354 960 1417 999 pri·-

349 1009 496 1044 vationis‚
513 1017 553 1038 eo
569 1006 670 1037 modo
694 1015 761 1046 quo
785 1015 914 1036 causam
937 1006 1042 1041 habet,
1058 1015 1127 1035 non
1143 1010 1190 1035 est
1210 1004 1271 1034 nisi
1293 1004 1417 1034 bonum

351 1052 519 1087 deficiens;
536 1052 661 1082 bonum
676 1056 784 1081 autem
800 1050 923 1081 facilius
938 1050 1060 1080 tollitur
1076 1059 1174 1089 quam
1189 1048 1415 1079 constituatur:

350 1096 425 1127 ideo
441 1095 565 1126 facilius
581 1100 628 1126 est
644 1104 753 1125 causas
776 1094 961 1135 privationis
977 1099 1008 1124 et
1022 1094 1099 1124 mali
1114 1092 1298 1123 abscindere
1321 1101 1419 1132 quam

351 1141 459 1181 ipsum
487 1139 610 1170 malum
639 1136 823 1174 removere,
847 1138 937 1178 quod
965 1148 1035 1168 non
1064 1143 1248 1168 removetur
1275 1137 1335 1167 nisi
1362 1146 1420 1176 per

342 1185 626 1215 constructionem
655 1183 744 1214 boni.
777 1183 876 1221 Quod
906 1188 994 1223 patet
1018 1183 1053 1212 in
1081 1182 1231 1212 caecitate
1263 1186 1294 1211 et
1317 1181 1419 1211 causis

351 1230 430 1260 eius.
446 1247 470 1251 —
484 1228 526 1258 Et
547 1234 655 1258 tamen
674 1237 788 1258 causae
811 1228 934 1267 peccati
949 1225 1128 1266 praedictae
1146 1235 1214 1256 non
1237 1230 1312 1255 sunt
1333 1224 1420 1255 suffi-

351 1274 472 1303 cientes
495 1281 626 1308 causae,
651 1281 726 1302 cum
757 1281 795 1302 ex
819 1272 863 1302 eis
891 1281 959 1301 non
987 1270 1027 1301 de
1053 1271 1239 1301 necessitate
1270 1274 1420 1309 sequatur

346 1322 546 1359 peccatum:
562 1315 617 1347 sed
632 1321 708 1346 sunt
723 1316 909 1346 occasiones
925 1314 1092 1355 quaedam.
1115 1333 1138 1336 —
1153 1314 1221 1344 Nec
1241 1315 1357 1345 iterum
1373 1323 1420 1343 sa-
1435 1324 1457 1344 ις

352 1360 488 1391 tisfactio
513 1361 581 1391 sine
604 1360 666 1390 Dei
689 1360 807 1390 auxilio
830 1359 883 1390 fit:
915 1360 990 1399 quia
1013 1359 1080 1389 sine
1104 1359 1231 1388 caritate
1262 1367 1330 1388 esse
1352 1367 1420 1388 non

352 1410 468 1446 potest,
492 1410 529 1435 ut
551 1404 674 1435 dicetur
690 1405 716 1434 ⁶.

407 1450 459 1479 An
489 1458 624 1479 ‘rna-rnna
653 1458 814 1478 mensuum
843 1447 949 1488 quod,
981 1447 1126 1487 quamvis
1156 1447 1353 1486 poenitentia
1383 1455 1420 1485 ex

352 1494 456 1534 prima
479 1493 529 1523 sui
550 1493 728 1523 intentione
758 1492 905 1532 respiciat
933 1492 1154 1531 praeteritum,
1185 1496 1293 1520 tamen
1326 1490 1421 1520 etiam

354 1547 393 1569 ex
415 1537 627 1576 consequenti
651 1536 795 1566 futurum
817 1536 955 1575 respicit,
977 1536 1169 1575 inquantum
1193 1540 1240 1564 est
1262 1533 1421 1564 medicina

344 1590 567 1622 praeservans.
592 1580 634 1610 Et
655 1581 700 1610 sic
723 1581 821 1610 etiam
842 1579 1024 1610 satisfactio.

406 1625 460 1655 An
483 1633 631 1655 aunum
654 1633 814 1654 meantum
837 1623 927 1663 quod
949 1623 1148 1662 Augustinus
1172 1621 1283 1652 definit
1302 1621 1421 1652 satisfa-

353 1669 496 1699 ctionem
518 1667 811 1707 secundum-quod
833 1666 870 1697 fit
891 1667 980 1697 Deo:
1005 1668 1058 1697 cui
1081 1666 1260 1697 secundum
1279 1667 1324 1696 rei
1340 1667 1420 1696 veri-

326 1724 328 1726 *
351 1717 451 1743 tatem
472 1712 552 1742 nihil
568 1711 720 1742 (subtrahi
750 1716 872 1751 potest,
897 1711 1042 1750 quamvis
1072 1715 1238 1750 peccator,
1264 1716 1421 1749 quantum

352 1756 387 1787 in
409 1765 444 1787 se
466 1761 530 1791 est,
561 1755 682 1795 aliquid
707 1755 879 1786 subtrahat.
910 1755 952 1785 Et
974 1754 1048 1785 ideo
1072 1756 1106 1784 in
1130 1753 1344 1784 satisfactione
1367 1754 1422 1784 tali
1437 1763 1458 1783 ³5

327 1813 332 1817 ·
345 1800 559 1840 ⁴principalius
581 1800 752 1839 requiritur
775 1798 956 1830 emendatio
972 1799 1006 1829 in
1021 1798 1167 1829 futurum
1183 1807 1281 1838 quam
1296 1807 1421 1828 recom-

116 2335 128 2346 ·
143 2333 170 2356 ln
183 2337 290 2359 corpore.

116 2449 293 2499 ..Samma-‘⁸'
310 2455 319 2470 ι

118 2688 173 2739 :gd
188 2694 228 2717 qu.
239 2693 281 2715 ιιι,
294 2687 332 2710 ln·

119 3083 185 3112 ‘Qu
192 3087 333 3112 xn,art.2,3.

122 3436 135 3447 ·
148 3434 158 3457 1
168 3434 239 3458 Eser.
250 3440 301 3463 cap.
313 3441 335 3462 v,

125 3466 184 3484 ven.
201 3468 233 3485 ιι.

352 1845 498 1885 pensatio
517 1844 771 1884 praeteritorum.
795 1843 837 1874 Et
852 1848 983 1883 propter
997 1843 1062 1873 hoc
1078 1852 1116 1873 ex
1131 1847 1220 1883 parte
1235 1843 1294 1872 ista
1309 1843 1421 1882 Augu-

353 1889 456 1920 stinus
478 1887 622 1919 definivit
644 1887 903 1918 satisfactionem.

408 1933 627 1964 Nihilominus
648 1937 756 1962 tamen
773 1941 810 1962 ex
826 1931 949 1962 cautela
972 1930 1156 1962 futurorum
1180 1932 1333 1971 cognosci
1349 1936 1422 1971 pot-

346 1982 402 2008 est
423 1977 680 2017 recompensatio
695 1977 949 2016 praeteritorum,
966 1985 1049 2015 quae
1065 1974 1101 2005 fit
1117 1976 1201 2006 circa
1215 1974 1327 2006 eadem
1343 1984 1422 2005 con-
1436 1988 1463 2008 40

353 2031 447 2052 verso
474 2020 585 2052 modo.
610 2020 646 2051 In
670 2021 837 2060 praeterita
864 2021 951 2050 enim
977 2020 1182 2059 respicientes
1209 2029 1320 2050 causas
1347 2028 1422 2059 pec-

341 2071 501 2096 catorum
523 2070 655 2105 propter
678 2070 809 2104 peccata
828 2064 1031 2100 detestamur,
1048 2073 1066 2093 a
1081 2064 1220 2103 peccatis
1235 2064 1423 2103 incipientes

356 2109 573 2140 detestationis
603 2114 746 2140 motum:
778 2108 835 2139 sed
857 2109 891 2138 in
914 2108 1038 2138 cautela
1061 2117 1079 2138 a
1102 2108 1204 2138 causis
1234 2108 1422 2148 incipimus,

355 2159 402 2190 ut,
427 2155 529 2184 causis
552 2153 728 2189 subtractis,
753 2152 876 2183 facilius
898 2157 1031 2192 peccata
1053 2152 1200 2182 vitemus.

411 2198 463 2228 An
488 2207 627 2227 nummu
650 2207 810 2227 memnon
833 2196 923 2236 quod
937 2206 1006 2226 non
1022 2201 1068 2226 est
1088 2196 1318 2226 inconveniens
1335 2195 1424 2236 quod
1438 2208 1461 2228 ⁴5

357 2242 397 2272 de
412 2241 529 2272 eodem
553 2241 668 2271 dentur
690 2241 831 2271 diversae
854 2241 1082 2280 assignationes
1105 2240 1284 2271 secundum
1303 2240 1425 2271 diversa

358 2295 442 2326 quae
464 2287 498 2316 in
521 2287 593 2325 ipso
617 2286 832 2315 inveniuntur.
864 2285 905 2315 Et
927 2285 972 2314 sic
996 2290 1042 2314 est
1065 2285 1098 2315 in
1121 2285 1300 2324 proposito,
1328 2290 1364 2314 ut
1387 2294 1424 2315 ex

358 2329 449 2360 dictis
464 2331 481 2346 ὓ
504 2335 600 2370 patet.

413 2374 464 2404 An
491 2383 611 2404 saxa-tm
640 2383 800 2403 memnon
828 2372 918 2413 quod
947 2373 1132 2412 intelligitur
1162 2373 1305 2403 debitum
1335 2372 1425 2413 quod

357 2410 515 2449 debemus'
541 2418 612 2448 Deo
642 2418 764 2448 ratione
794 2417 907 2457 culpae
938 2418 1144 2448 commissae:
1177 2418 1252 2457 quia
1282 2417 1425 2447 debitum
1440 2428 1465 2449 5⁰

357 2462 556 2503 poenitentia
577 2462 716 2502 respicit,
739 2467 775 2492 ut
797 2462 885 2501 prius
900 2462 917 2478 ⁴*
940 2461 1063 2492 dictum
1086 2467 1142 2492 est.

522 2547 806 2592 QUAESTIO
833 2547 1259 2582 DECIMATERTIA

586 2614 631 2640 DE
650 2606 915 2639 POSSIBlLlTATE‘
925 2614 1203 2640 SATISFACTIONIS

1440 2649 1462 2669 55

363 2692 515 2756 Damna
527 2681 795 2712 considerandum
812 2687 859 2712 est
879 2681 918 2712 de
935 2682 1143 2721 possibilitate
1160 2681 1380 2712 satisfactionis
1397 2682 1422 2711 θ’.

423 2727 516 2758 Circa
540 2725 629 2766 quod
653 2725 718 2756 duo
743 2731 949 2766 quaeruntur.

413 2771 538 2801 Primo:
563 2776 672 2801 utrum
694 2770 795 2800 homo
819 2770 920 2810 possit
942 2770 1013 2800 Deo
1037 2769 1224 2800 satisfacere.

415 2815 582 2846 Secundo:
608 2820 717 2844 utrum
741 2814 854 2854 aliquis
877 2823 936 2854 pro
960 2814 1023 2844 alio
1047 2813 1224 2844 satisfacere
1247 2814 1357 2854 possit.

479 2881 578 2911 ART.
604 2881 626 2911 I.
650 2890 755 2911 UTRUM
777 2890 867 2911 nomo
891 2890 995 2922 Possm·
1017 2890 1080 2910 nizo
1104 2890 1306 2911 sarrsracmuz

541 2936 602 2958 Part.
618 2936 656 2963 111,
672 2942 710 2964 qu.
727 2942 741 2961 ι,
757 2939 799 2957 art.
814 2941 834 2961 2,
850 2935 879 2956 ad
893 2941 918 2961 23
933 2941 972 2962 qu.
987 2941 1070 2961 cxxxv,
1086 2938 1128 2956 art.
1144 2941 1164 2963 3,
1179 2935 1208 2956 ad
1223 2940 1242 2956 2.

425 3002 445 3022 n
477 3002 594 3022 Panium
626 3001 671 3021 src
701 3001 904 3021 moerim-rua.
940 2982 1074 3021 Videtur
1104 2990 1194 3030 quod
1224 2990 1324 3021 homo
1359 3000 1427 3021 non

425 3035 526 3077 possit
549 3036 619 3067 Deo
647 3035 835 3066 satisfacere.
871 3034 1048 3065 Satisfactio
1073 3035 1159 3065 enim
1182 3034 1277 3065 debet
1299 3035 1428 3075 aequari

361 3080 511 3117 offensae,
534 3085 572 3110 ut
594 3089 632 3110 ex
656 3079 746 3110 dictis
762 3081 779 3096 θ
802 3084 898 3120 patet.
923 3078 986 3110 Sed
1009 3078 1129 3109 offensa
1151 3079 1185 3109 in
1208 3079 1315 3109 Deum
1338 3088 1427 3110 com·
1441 3088 1465 3114 ες

360 3126 456 3156 missa
479 3131 525 3156 est
547 3124 687 3154 infinita:
713 3124 788 3164 quia
811 3124 1021 3164 quantitatem
1041 3123 1152 3163 recipit
1168 3123 1206 3153 ab
1223 3132 1263 3154 eo
1279 3124 1314 3153 in
1330 3132 1428 3163 quem

361 3169 587 3205 committitur;
617 3178 692 3199 cum
722 3168 794 3208 plus
825 3167 966 3198 offendat
996 3168 1052 3207 qui
1082 3168 1262 3207 principem
1291 3168 1429 3208 percutit

362 3223 461 3253 quam
490 3213 589 3244 alium
619 3222 827 3253 quemquam.
860 3211 947 3242 Cum
977 3221 1052 3252 ergo
1083 3212 1166 3242 actio
1197 3211 1337 3242 hominis
1359 3221 1428 3242 non

362 3258 463 3297 possit
485 3266 553 3288 esse
579 3256 720 3293 infinita,
743 3256 868 3287 videtur
897 3255 987 3296 quod
1017 3257 1118 3286 homo
1150 3256 1220 3286 Deo
1238 3255 1428 3295 *satisfacere

362 3310 431 3331 non
452 3301 563 3341 possit.

419 3354 449 3375 2.
472 3345 672 3381 Panum,
696 3355 823 3381 servus,
847 3345 923 3385 quia
945 3350 1052 3375 totum
1075 3343 1165 3384 quod
1188 3344 1282 3375 habet
1306 3343 1429 3375 domini

363 3394 426 3425 est,
450 3398 519 3419 non
547 3393 654 3428 potest
682 3389 804 3429 aliquid
833 3388 967 3420 domino
997 3398 1252 3428 recompensare.
1283 3388 1347 3419 Sed
1370 3398 1430 3419 nos

362 3433 448 3464 servi
462 3433 526 3463 Dei
539 3442 651 3464 sumus
665 3434 692 3469 *,
709 3433 867 3473 quidquid
888 3434 966 3464 boni
986 3433 1141 3463 habemus
1164 3434 1202 3463 ab
1223 3433 1294 3473 ipso
1310 3433 1430 3463 haben—

362 3483 419 3508 tes,
445 3476 531 3507 Cum
546 3486 622 3517 ergo
638 3477 807 3508 satisfactio
823 3478 863 3508 sit
877 3478 1133 3518 recompensatio
1153 3476 1292 3507 offensae
1308 3483 1430 3517 praete-

363 3522 450 3557 ritae,
466 3520 591 3551 videtur
614 3520 704 3561 quod
726 3521 798 3552 Deo
821 3521 998 3552 satisfacere
1021 3531 1089 3552 non
1113 3530 1295 3562 possumus

1433 1103 1459 1117 20

1436 1544 1462 1564 30

1439 2868 1466 2888 60

1442 3314 1470 3335 70

1470 476 1633 517 sufficient
1654 475 1698 505 ad
1719 475 1954 504 holocaustum.
1986 474 2070 513 Ergo
2087 474 2176 503 nullo
2201 474 2300 504 modo
2316 481 2422 514 potest
2445 475 2532 504 satis-

1471 518 1568 551 factio
1593 529 1660 550 esse
1683 528 1742 559 pro
1767 517 1875 548 debito
1900 517 2041 548 offensae
2065 518 2264 548 commissae.

1525 573 1557 603 4.
1581 564 1778 599 pizanum,
1794 563 1895 592 homo
1911 567 2017 592 totum
2041 567 2168 601 tempus
2188 571 2283 591 suum
2306 561 2399 592 debet
2422 563 2455 591 in
2474 563 2533 592 Dei

1471 608 1634 638 servitium
1658 606 1847 647 expendere.
1872 605 1935 636 Sed
1958 611 2085 645 tempus
2102 606 2253 635 amissum
2276 615 2343 635 non
2359 611 2463 645 potest
2486 615 2534 635 re—

1471 653 1631 692 cuperari:
1657 656 1788 691 propter
1811 649 1901 690 quod
1924 655 1971 680 est
1993 650 2094 689 gravis
2110 650 2229 679 iactura
2248 650 2411 689 temporis,
2428 655 2464 679 ut
2479 649 2533 680 Se-

1470 706 1551 726 neca
1583 695 1659 726 dicit
1673 696 1700 725 *.
1731 695 1817 734 Ergo
1840 703 1908 724 non
1935 699 2042 733 potest
2073 694 2174 723 homo
2204 694 2534 733 recompensationem

1471 740 1543 770 Deo
1566 739 1680 769 facere.
1704 739 1745 769 Et
1768 739 1812 769 sic
1836 737 1922 768 idem
1946 737 2035 777 quod
2058 738 2155 777 prius.

1531 784 1559 814 5.
1584 783 1788 818 ΡιιΑιιΤιῑκΕΑ,
1817 787 1987 822 peccatum
2015 781 2138 811 actuale
2165 781 2298 811 mortale
2332 786 2378 811 est
2411 781 2535 820 gravius

1472 837 1570 867 quam
1594 827 1757 867 originale.
1782 825 1844 857 Sed
1865 835 1924 866 pro
1949 826 2094 865 originali
2116 835 2214 855 nemo
2230 826 2336 865 potuit
2359 824 2535 855 satisfacere

1471 872 1532 902 nisi
1555 872 1644 902 Deus
1668 876 1699 901 et
1721 871 1833 901 homo.
1858 870 1943 910 Ergo
1966 879 2073 910 neque
2096 879 2156 909 pro
2180 869 2304 900 actuali.

1528 915 1590 946 San
1615 925 1748 951 CONTRA,
1765 915 1846 945 sicut
1869 914 2088 955 Hieronymus
2104 913 2179 944 dicit
2195 915 2228 943 *:
2256 913 2321 950 Qui
2341 913 2418 944 dicit
2432 914 2536 944 Deum

1472 960 1596 1000 aliquid
1619 959 1811 1000 impossibile
1833 959 1956 988 homini
1972 958 2185 998 praecepisse,
2206 958 2378 988 anathema
2400 958 2450 988 sit.
2475 957 2537 988 Sed

1473 1004 1644 1035 satisfactio
1668 1009 1714 1034 est
1736 1004 1769 1034 in
1792 1008 1975 1043 praecepto,
1992 1003 2071 1033 Luc.
2088 1012 2122 1032 m
2138 1003 2171 1032 ἐ
2196 1002 2307 1033 Facite
2325 1002 2443 1044 dignos
2456 1003 2537 1044 fru—

1473 1054 1542 1080 ctus
1559 1048 1788 1089 poenitentiae.
1813 1046 1898 1087 Ergo
1922 1047 2073 1087 possibile
2097 1052 2143 1077 est
2166 1046 2237 1076 Deo
2262 1046 2448 1077 satisfacere.

1530 1103 1559 1123 2.
1583 1093 1779 1128 Palmam,
1799 1091 1886 1122 Deus
1911 1097 1957 1121 est
1979 1092 2078 1131 magis
2101 1091 2279 1121 misericors
2303 1100 2401 1130 quam
2425 1091 2537 1130 aliquis

1472 1139 1584 1168 homo.
1610 1136 1672 1167 Sed
1694 1136 1819 1166 homini
1843 1141 1889 1165 est
1911 1136 2062 1175 possibile
2085 1134 2271 1165 satisfacere.
2296 1135 2381 1175 Ergo
2401 1140 2432 1165 et
2454 1135 2535 1165 Deo.

1530 1181 1559 1212 3.
1583 1181 1779 1216 Pallanum,
1796 1179 1902 1210 debita
1924 1179 2094 1210 satisfactio
2119 1185 2165 1209 est
2192 1188 2267 1209 cum
2295 1188 2401 1219 poena
2424 1179 2537 1219 culpae

1474 1231 1643 1266 aequatur:
1669 1225 1744 1265 quia
1767 1224 1889 1254 iustitia
1912 1229 1960 1254 est
1982 1224 2064 1254 idem
2087 1223 2173 1264 quod
2203 1228 2479 1263 contra-passum,
2504 1228 2539 1253 ut

1474 1270 1688 1312 &thagorici
1711 1269 1865 1299 dixerunt
1879 1269 1905 1298 ἢ
1939 1268 2002 1298 Sed
2025 1268 2181 1307 contingit
2208 1267 2375 1307 aequalem
2397 1277 2538 1308 poenam

1474 1323 1634 1345 assumere
1658 1313 1861 1344 delectationi
1877 1322 1959 1352 quae
1983 1311 2043 1342 fuit
2063 1313 2096 1342 in
2111 1311 2287 1352 peccando.
2311 1312 2396 1351 Ergo
2413 1312 2538 1342 contin-

1474 1360 1519 1399 git
1542 1358 1614 1388 Deo
1638 1357 1826 1388 satisfacere.

1529 1403 1718 1433 Resposnno
1742 1410 1901 1431 meauntm
1925 1400 2014 1440 quod
2035 1400 2136 1429 homo
2160 1399 2231 1430 Deo
2248 1399 2372 1430 debitor
2395 1399 2538 1435 efficitur,

1474 1457 1542 1478 uno
1566 1446 1676 1482 modo,
1693 1446 1816 1476 ratione
1840 1443 1987 1475 beneficii
2019 1444 2158 1483 acceptu
2183 1443 2245 1474 alio
2275 1443 2394 1480 modo,
2418 1445 2539 1474 ratione

1475 1491 1598 1531 peccati
1622 1490 1794 1520 commissi.
1818 1489 1859 1519 Et
1882 1489 1964 1519 sicut
1986 1488 2156 1528 gratiarum
2179 1488 2273 1524 actio,
2293 1488 2344 1518 vel
2367 1488 2465 1524 latria,
2489 1488 2539 1518 vel

1475 1536 1501 1566 si
1525 1534 1603 1575 quid
1627 1540 1673 1564 est
1695 1533 1890 1568 huiusmodi,
1907 1533 2035 1572 respicit
2058 1531 2202 1562 debiturn
2225 1533 2347 1572 accepti
2375 1531 2539 1568 beneficii;

1474 1581 1518 1610 ita
1540 1578 1710 1609 satisfactio
1734 1577 1862 1617 respicit
1885 1576 2028 1606 debitum
2051 1577 2174 1616 peccati
2198 1577 2369 1606 commissi.

1530 1623 1569 1653 In
1594 1623 1643 1652 his
1665 1628 1774 1652 autem
1788 1621 1966 1651 honoribus
1988 1621 2044 1660 qui
2065 1625 2141 1650 sunt
2164 1620 2206 1650 ad
2226 1625 2381 1660 parentes
2401 1625 2432 1650 et
2454 1620 2539 1655 deos,

1476 1668 1571 1697 etiam
1594 1666 1773 1696 secundum
1795 1665 2031 1704 Philosophum
2047 1665 2073 1700 ἢ
2089 1664 2287 1703 impossibile
2318 1670 2364 1694 est
2393 1665 2541 1704 aequiva-

1475 1712 1544 1741 lens
1559 1710 1690 1741 reddere
1706 1709 1885 1740 secundum
1901 1709 2120 1748 quantitatem,
2134 1708 2189 1738 sed
2205 1707 2320 1738 sufficit
2335 1707 2426 1747 quod
2441 1709 2540 1738 homo

1475 1754 1585 1785 reddat
1608 1753 1698 1794 quod
1720 1759 1842 1793 potest:
1867 1753 1942 1792 quia
1965 1753 2103 1782 amicitia
2130 1761 2197 1782 non
2221 1752 2316 1792 exigit
2339 1753 2541 1792 aequivalens

1475 1799 1536 1829 nisi
1559 1797 1738 1829 secundum
1762 1796 1852 1838 quod
1880 1797 2031 1836 possibile
2061 1802 2116 1826 est.
2148 1796 2189 1826 Et
2211 1796 2274 1826 hoc
2298 1797 2393 1826 etiam
2421 1802 2468 1826 est
2491 1807 2542 1827 ae-

1476 1843 1570 1883 quale
1594 1842 1786 1882 aliqualiter,
1811 1841 1931 1871 scilicet
1953 1841 2128 1871 secundum
2150 1840 2492 1880 proportionalitatem
2508 1842 2540 1870 ἢ

1476 1888 1562 1928 quia,
1579 1888 1661 1917 sicut
1684 1896 1717 1917 se
1740 1886 1836 1916 habet
1853 1886 1916 1915 hoc
1937 1884 2026 1925 quod
2049 1885 2121 1915 Deo
2145 1890 2191 1915 est
2207 1884 2350 1915 debitum
2374 1884 2413 1915 ad
2435 1886 2542 1925 ipsum

1476 1933 1593 1967 Deum,
1610 1932 1653 1961 ita
1675 1931 1739 1961 hoc
1763 1929 1852 1970 quod
1875 1930 1933 1959 iste
1956 1934 2062 1969 potest
2093 1928 2224 1959 reddere
2247 1928 2286 1959 ad
2314 1938 2398 1959 eum.
2434 1930 2475 1960 Et
2498 1930 2542 1960 sic

1477 1976 1586 2016 aliquo
1610 1974 1711 2006 modo
1735 1974 1839 2005 forma
1861 1974 1998 2004 iustitiae
2022 1979 2236 2004 conservatur.

1532 2020 1573 2050 Et
1593 2019 1736 2050 similiter
1752 2024 1799 2049 est
1822 2027 1860 2048 ex
1883 2023 1971 2058 parte
1987 2016 2219 2048 satisfactionis.
2244 2017 2338 2048 Unde
2354 2027 2421 2047 non
2436 2023 2543 2057 potest

1477 2066 1578 2095 homo
1602 2064 1673 2094 Deo
1697 2062 1875 2093 satisfacere
1898 2063 1924 2092 si
1951 2062 1984 2102 ly
2006 2062 2085 2092 satis
2108 2061 2331 2101 aequalitatem
2361 2063 2543 2101 quantitatis

1477 2110 1646 2148 importet:
1671 2107 1827 2147 contingit
1858 2111 1966 2136 autem
1989 2107 2015 2136 si
2037 2106 2190 2146 importet
2223 2106 2446 2146 aequalitatem
2469 2115 2543 2146 pro-

1478 2153 1646 2193 portionis,
1674 2156 1711 2182 ut
1733 2150 1855 2182 dictum
1883 2155 1940 2180 est.
1971 2150 2012 2180 Et
2034 2150 2107 2186 hoc,
2135 2150 2217 2180 sicut
2239 2149 2356 2180 sufficit
2385 2149 2425 2180 ad
2447 2151 2543 2180 ratio-

1478 2206 1554 2227 nem
1577 2196 1723 2232 iustitiae,
1740 2196 1784 2225 ita
1806 2193 1922 2225 sufficit
1945 2193 1984 2224 ad
2006 2195 2164 2224 rationem
2187 2193 2417 2224 satisfactionis.

1533 2241 1584 2271 An
1609 2249 1725 2270 panum
1755 2248 1838 2269 aneo
1869 2248 2027 2268 meantium
2051 2238 2154 2278 quod,
2179 2238 2260 2268 sicut
2283 2237 2404 2268 offensa
2433 2238 2544 2268 habuit

1479 2284 1641 2326 quandam
1670 2283 1860 2314 infinitatem
1884 2292 1922 2312 ex
1952 2281 2108 2312 infinitate
2135 2283 2259 2312 divinae
2291 2283 2477 2318 maiestatis,
2501 2283 2544 2312 ita

1479 2328 1650 2360 satisfactio
1674 2327 1790 2367 accipit
1805 2326 1966 2367 quandam
1989 2326 2178 2357 infinitatem
2195 2336 2232 2356 ex
2248 2326 2403 2357 infinitate
2419 2326 2543 2357 divinae

1478 2372 1723 2408 misericordiae,
1739 2377 1837 2411 prout
1861 2376 1907 2401 est
1929 2371 2028 2410 gratia
2049 2370 2229 2406 informata,
2253 2380 2310 2410 per
2333 2380 2431 2411 quarn
2455 2380 2544 2401 acce·

1478 2423 1572 2458 ptum
1595 2416 1735 2447 redditur
1759 2415 1847 2455 quod
1870 2416 1971 2445 homo
1995 2414 2125 2445 reddere
2147 2420 2264 2455 potest.

1534 2461 1675 2499 Quidam
1691 2461 1708 2477 ⁴*
1723 2466 1831 2490 tamen
1847 2459 1959 2489 dicunt
1974 2459 2064 2499 quod
2086 2459 2181 2490 habet
2196 2459 2386 2490 infinitatem
2402 2469 2440 2489 ex
2455 2465 2542 2499 parte

1479 2506 1661 2541 aversionis,
1679 2510 1710 2535 et
1733 2505 1777 2534 sic
1793 2504 1887 2544 gratis
1911 2503 2094 2533 dimittitur:
2119 2503 2174 2534 sed
2197 2513 2235 2534 ex
2250 2509 2339 2544 parte
2363 2504 2544 2533 conversio-

1478 2551 1527 2581 nis
1543 2549 1632 2580 finita
1656 2554 1712 2585 est,
1730 2553 1761 2579 et
1777 2549 1821 2578 sic
1836 2557 1895 2588 pro
1920 2557 1956 2578 ea
1972 2547 2114 2578 satisfieri
2130 2553 2244 2588 potest.
2261 2566 2283 2570 —
2307 2547 2369 2578 Sed
2389 2547 2451 2577 hoc
2466 2548 2545 2577 nihil

1480 2600 1536 2625 est.
1560 2594 1646 2632 Quia
1665 2592 1836 2623 satisfactio
1859 2601 1927 2622 non
1943 2591 2115 2632 respondet
2130 2597 2263 2631 peccato
2287 2592 2348 2622 nisi
2368 2591 2544 2622 secundum

1479 2638 1570 2679 quod
1593 2643 1640 2669 est
1663 2637 1784 2668 offensa
1800 2637 1877 2667 Dei:
1903 2636 1993 2676 quod
2007 2645 2076 2666 non
2091 2637 2186 2666 habet
2205 2646 2242 2666 ex
2257 2641 2346 2676 parte
2363 2637 2545 2666 conversio-

1478 2683 1538 2719 nis,
1555 2681 1611 2713 sed
1634 2682 1740 2712 solum
1764 2691 1802 2712 ex
1825 2686 1914 2720 parte
1937 2681 2119 2711 aversionis.

1535 2727 1599 2757 Alii
1615 2727 1631 2743 ⁴*
1654 2735 1731 2756 vero
1755 2725 1866 2756 dicunt
1882 2725 1971 2764 quod
1995 2725 2090 2755 etiam
2114 2730 2272 2764 quantum
2288 2723 2327 2754 ad
2346 2725 2544 2755 aversionem

1478 2781 1539 2812 pro
1562 2776 1696 2811 peccato
1726 2769 1869 2800 satisfieri
1891 2774 2006 2809 potest,
2030 2769 2146 2799 virtute
2169 2769 2272 2799 meriti
2297 2768 2431 2804 Christi,
2456 2769 2545 2808 quod

1480 2814 1724 2855 quodammodo
1748 2813 1911 2844 infinitum
1935 2813 2003 2844 fuit.
2037 2813 2078 2843 Et
2101 2814 2164 2843 hoc
2187 2813 2220 2843 in
2243 2812 2329 2843 idem
2352 2812 2432 2843 redit
2455 2812 2544 2853 quod

1479 2860 1568 2900 prius
1591 2859 1713 2889 dictum
1738 2863 1800 2888 est:
1831 2858 1906 2898 quia
1935 2867 1992 2898 per
2014 2857 2112 2887 fidem
2142 2857 2325 2892 Mediatoris
2354 2858 2451 2896 gratia
2474 2856 2546 2887 data

1481 2909 1528 2934 est
1550 2903 1761 2934 credentibus.
1785 2902 1819 2933 Si
1842 2908 1949 2932 tamen
1972 2902 2034 2932 alio
2058 2900 2158 2931 modo
2181 2902 2313 2941 gratiam
2337 2900 2433 2937 daret,
2459 2900 2545 2931 suffi-

1481 2953 1566 2978 ceret
1589 2947 1760 2978 satisfactio
1784 2956 1842 2987 per
1863 2946 1999 2977 modum
2022 2945 2230 2986 praedictum.

1536 2992 1588 3022 An
1612 3001 1774 3022 sannanim
1797 3001 1956 3020 monimum
1980 2990 2069 3030 quod
2092 2991 2203 3025 homo,
2225 2990 2281 3030 qui
2304 2989 2347 3019 ad
2371 2989 2545 3030 imaginem

1480 3036 1544 3066 Dei
1550 3036 1667 3077 sactus
1689 3040 1736 3066 est
1751 3036 1777 3071 ὓ,
1794 3035 1915 3075 aliquid
1930 3035 2080 3065 libertatis
2095 3035 2270 3074 participat,
2287 3034 2479 3073 inquantum
2501 3039 2546 3063 est

1482 3080 1633 3111 dominus
1656 3089 1790 3110 suorum
1814 3085 1945 3109 actuum
1968 3088 2025 3119 per
2047 3079 2183 3108 liberum
2207 3078 2380 3108 arbitrium.
2409 3077 2450 3107 Et
2472 3077 2545 3108 ideo

1483 3134 1521 3155 ex
1543 3125 1607 3154 hoc
1630 3123 1720 3164 quod
1742 3133 1799 3164 per
1822 3124 1958 3154 liberum
1982 3123 2144 3153 arbitrium
2168 3123 2246 3162 agit,
2274 3122 2345 3152 Deo
2369 3121 2546 3152 satisfacere

1481 3173 1604 3209 potest:
1629 3169 1715 3208 quia,
1732 3168 1878 3208 quamvis
1902 3168 1962 3198 Dei
1985 3169 2024 3197 sit
2055 3173 2151 3207 prout
2175 3177 2192 3196 a
2216 3167 2286 3197 Deo
2318 3171 2364 3196 est
2387 3166 2445 3196 sibi
2469 3175 2546 3196 con—

1483 3221 1627 3248 cessum,
1650 3212 1748 3242 libere
1770 3217 1879 3242 tamen
1909 3211 2059 3242 traditum
2083 3217 2146 3246 est,
2172 3217 2208 3241 ut
2231 3211 2298 3241 eius
2322 3210 2472 3241 dominus
2496 3210 2544 3240 sit.

1482 3256 1583 3294 Quod
1605 3266 1696 3287 servo
1719 3265 1787 3286 non
1811 3257 1976 3296 competit.

1537 3301 1588 3330 An
1612 3310 1747 3330 rani-itm
1769 3310 1929 3330 monimum
1959 3299 2048 3340 quod
2079 3300 2158 3330 ratio
2181 3299 2234 3329 illa
2264 3298 2428 3329 concludit
2457 3298 2546 3338 quod

1483 3345 1554 3375 Deo
1579 3345 1782 3384 aequivalens
1813 3343 1983 3374 satisfactio
2006 3343 2076 3374 fieri
2104 3353 2172 3374 non
2194 3344 2309 3383 possit:
2341 3352 2409 3373 non
2438 3348 2546 3372 autem

1484 3388 1574 3429 quod
1595 3398 1662 3419 non
1686 3389 1787 3429 possit
1809 3389 1869 3419 sibi
1887 3388 2047 3419 sufficiens
2070 3388 2148 3418 fieri.
2173 3387 2327 3426 Quamvis
2343 3387 2429 3417 enim
2451 3395 2546 3426 posse

1484 3442 1580 3464 suum
1603 3438 1708 3463 totum
1732 3433 1832 3463 homo
1857 3432 1980 3469 debeat,
2003 3442 2071 3463 non
2093 3438 2201 3462 tamen
2224 3433 2262 3462 ab
2287 3440 2327 3461 eo
2351 3430 2484 3470 exigitur
2507 3430 2546 3473 de

1483 3477 1671 3508 necessitate
1694 3482 1730 3507 ut
1752 3482 1858 3507 totum
1882 3477 1972 3517 quod
1994 3477 2095 3517 possit
2117 3476 2227 3506 faciat:
2259 3476 2334 3516 quia
2357 3475 2420 3505 hoc
2448 3480 2495 3505 est
2518 3475 2546 3504 ei

1445 3534 1468 3554 75
1484 3521 1682 3561 impossibile
1713 3520 1891 3552 secundum
1919 3527 2036 3551 statum
2066 3520 2238 3561 praesentis
2261 3520 2359 3554 vitae,
2384 3524 2420 3549 ut
2442 3524 2546 3549 totum

2560 441 2569 450 ·
2585 439 2650 460 Vers.
2668 439 2701 461 ¹6.

2562 699 2571 708 '
2580 699 2723 726 Epist.lib.1.
2730 700 2773 728 Ep.

2561 730 2576 752 ¹,
2586 725 2620 747 ad
2632 727 2750 748 Lucilium.

2564 922 2573 930 ·
2578 920 2629 941 Pela
2647 920 2778 949 ius,Exp1a.

2564 947 2777 1004 'Ez'ffiaffffinssff

2564 1000 2737 1049 Persian·

2566 1273 2574 1281 ¹
2588 1270 2686 1292 Aristot.
2701 1269 2776 1291 Ethic.

2565 1297 2778 1324 lib.V,cap.v,n.1.-

2565 1324 2590 1345 S.
2604 1323 2649 1345 Th.
2665 1324 2716 1345 lect.
2730 1329 2777 1345 νιιι.

2568 1668 2578 1678 ·
2586 1666 2660 1688 Ethic.
2671 1666 2710 1688 lib.
2718 1666 2779 1692 VIII,

2569 1699 2777 1742 {³3¹³rl‘3ffl÷.³iivss

2569 1843 2578 1853 ·
2594 1841 2629 1863 Cf.
2644 1841 2676 1863 ib.
2696 1841 2735 1863 lib.
2752 1841 2779 1868 V,

2570 1874 2618 1895 cap.
2631 1874 2664 1889 ιιι.
2677 1879 2686 1883 -
2702 1868 2726 1889 S.
2735 1868 2780 1890 Th.

2568 1895 2619 1916 lect.
2635 1901 2663 1922 w,
2678 1901 2700 1916 v.

2571 2466 2582 2474 ¹
2592 2462 2655 2485 Rich.
2666 2469 2679 2484 a
2689 2463 2713 2485 S.
2722 2463 2782 2485 Vict.

2571 2489 2786 2518 dePotestJigandi

2572 2518 2595 2537 et
2604 2516 2661 2538 solv.
2677 2522 2726 2544 cap.
2734 2523 2764 2538 ιν.
2773 2527 2783 2532 -

2572 2543 2607 2564 Cf.
2623 2549 2642 2564 s.
2653 2533 2740 2565 fionav.
2751 2543 2783 2564 IV

2572 2569 2635 2591 Sent.
2640 2585 2649 2596 ,
2669 2570 2721 2591 dist.
2741 2575 2771 2600 .¹V
2778 2586 2784 2595 ,

2573 2602 2595 2623 p.
2610 2602 2629 2622 1,
2649 2600 2690 2618 art.
2709 2602 2769 2618 unic.
2777 2612 2783 2622 ,

2572 2629 2609 2650 qu.
2625 2629 2641 2644 1.

2572 2729 2582 2738 '¹
2603 2727 2696 2749 Halens.
2721 2727 2783 2750 Sum.

2573 2760 2594 2780 p.
2610 2754 2650 2784 lv„
2666 2760 2704 2781 qu.
2720 2760 2782 2777 xxm.

2572 2786 2661 2829 3²51&AE
2670 2787 2746 2808 ‘³⁵⁹⁹‘
2756 2781 2784 2802 ‘³⁶¹

2573 3036 2583 3046 ¹
2599 3035 2655 3057 Gen.
2677 3041 2727 3063 cap.
2748 3041 2783 3062 ix,

2573 3068 2632 3084 vers.
2647 3062 2668 3083 6.
