2878 4088
0 131 9 213 ἱ,

0 218 11 331 ἑ

0 331 11 374 ‚i

56 1545 69 1557 ¹¹
83 1543 139 1569 (ΣΙ
153 1541 273 1572 Maenas„

54 1576 111 1600 cup.
119 1575 154 1599 ιι,
163 1575 224 1593 m.
236 1572 272 1595 ι8.

82 2378 144 2407 Cup.
156 2384 188 2400 iv.

61 2776 74 2787 ·
87 2775 138 2798 An.
149 2774 255 2803 praeced.

19 3109 22 3111 ,
65 3092 76 3103 ·
89 3089 158 3118 xbid'„
173 3090 202 3112 nd
217 3097 236 3114 ι.

22 3203 23 3209 ’
65 3219 76 3230 ·
90 3218 159 3246 ibid„
175 3223 240 3246 corp.

666 177 929 224 QUAESTIO
959 179 1092 225 LXXI,
1112 175 1406 215 ARTICULUS
1434 175 1528 221 XIII,
1549 176 1635 212 XIV
1654 197 1679 202 -
1699 175 1962 222 QUAESTIO
1992 177 2130 213 LXXII
2418 174 2488 222 159

304 258 393 299 quod
416 267 484 289 non
507 257 625 289 directe
648 262 834 288 meruerunt
854 257 933 288 illud
955 258 1106 288 iuvamen
1129 255 1370 295 suffragiorum,
1427 255 1495 284 eius
1511 253 1643 284 effectus
1658 253 1827 294 dependet.
1844 254 1885 284 Et
1900 254 1984 290 ideo,
1998 255 2142 294 quamvis
2159 254 2283 285 divinae
2300 255 2406 285 virtuti
2421 263 2489 284 non

303 303 359 334 sed
381 312 439 343 per
462 303 574 333 merita
596 301 818 342 praecedentia
841 311 875 332 se
904 301 1149 332 habilitaverunt
1171 305 1207 330 ut
1229 298 1371 329 fructum
1426 299 1466 328 sit
1488 298 1588 338 magis
1622 297 1749 328 difficile
1772 298 1936 328 absolvere
1966 298 2086 328 multos
2110 308 2207 339 quam
2237 308 2357 334 unum,
2381 304 2489 329 tamen

302 346 526 387 suffragiorum
542 347 748 386 susciperent.
773 346 813 376 Et
828 345 902 376 ideo
926 355 993 376 non
1012 346 1155 385 sequitur
1172 342 1261 384 quod
1275 343 1370 374 meri-
1426 341 1611 372 huiusmodi
1627 342 1745 372 orantis
1762 342 1863 372 oratio
1879 351 1947 372 non
1963 343 2004 372 ita
2024 348 2070 372 est
2085 342 2290 373 satisfactoria
2305 352 2364 382 pro
2380 342 2488 373 multis

302 397 372 422 turn
396 400 509 422 eorum
533 390 707 421 frustretur.
1425 387 1506 417 sicut
1529 395 1588 426 pro
1612 396 1690 416 uno.

357 435 408 466 An
432 445 566 466 marum
583 445 742 466 memnon
766 434 855 475 quod
870 434 949 464 nihil
971 434 1120 474 prohibet
1136 432 1247 463 divites
1268 440 1369 471 quan-
1392 440 1402 460 5

301 485 371 510 tum
395 479 435 510 ad
458 479 578 520 aliquid
602 489 670 510 esse
692 479 834 510 melioris
857 477 1050 509 conditionis
1074 486 1173 517 quam
1195 484 1367 516 pauperes:

302 525 383 554 sicut
399 529 558 564 quantum
573 524 613 554 ad
637 524 852 564 expiationem
867 531 1002 563 poenae.
1027 521 1091 552 Sed
1105 522 1169 551 hoc
1185 520 1276 560 quasi
1290 518 1369 549 nihil

301 574 349 598 est
372 574 594 608 comparatum
616 568 811 608 possessioni
834 567 923 607 regni
946 566 1120 601 caelorum,
1146 566 1180 595 in
1203 573 1268 604 qua
1289 572 1369 603 pau-

301 621 393 652 peres
415 613 556 643 melioris
581 611 774 643 conditionis
797 620 864 641 esse
889 609 1100 641 ostenduntur
1120 618 1177 649 per
1200 608 1369 638 auctorita-

301 662 367 687 tem
390 656 564 687 inductam.
1384 663 1410 678 ιο
1488 661 1508 680 n
1525 660 1815 681 nncnnmouaawn
1831 660 1876 681 s1c
1892 660 2097 680 pnocnmrun.
2115 651 2247 681 Videtur
2264 651 2354 691 quod
2365 658 2490 682 tantum

1425 665 1612 725 Avaleant
1642 696 1828 725 communia
1856 694 2003 734 suffragia
2025 695 2085 725 illis
2108 704 2167 735 pro
2199 695 2315 735 quibus
2342 696 2490 735 specialia

1422 748 1491 768 non
1513 738 1605 775 fiunt,
1623 744 1780 779 quantum
1803 739 1863 769 illis
1887 748 1946 779 pro
1971 739 2088 779 quibus
2110 738 2193 769 fiunt
2215 740 2321 770 valent
2343 740 2491 779 specialia

1423 788 1454 812 et
1478 783 1663 813 communia
1694 783 1798 814 simul.
1830 783 2014 823 Unicuique
2045 784 2131 814 enim
2161 783 2339 814 secundum
2362 785 2490 824 propria

303 845 386 907 An
407 842 683 864 bremun-ramma
703 842 749 862 s1c
770 840 975 862 pnocnnrrun.
1000 828 1134 860 Videtur
1151 827 1242 868 quod
1257 826 1367 858 suffra-
1422 828 1534 857 merita
1557 826 1705 858 reddetur
1728 828 1761 858 in
1785 826 1893 858 futuro
1910 828 1936 858 ’ἢ
1972 827 2035 858 Sed
2063 827 2115 858 ille
2139 837 2198 868 pro
2223 837 2290 868 quo
2317 837 2385 858 non
2408 827 2490 859 fiunt
2518 830 2728 858 ·Mmh.cap.xv1,

1424 462 1522 492 ART.
1536 461 1619 491 XIV.
1632 471 1736 492 urium
1752 471 1877 491 TAN‘ruu
1892 471 2033 492 VALEANT
2050 470 2211 491 COMMUNIA
2227 472 2396 492 surrnAom
2413 472 2488 492 11.1.1s

1535 515 1594 536 rao
1620 516 1729 536 omnus
1753 515 1908 536 spncrAuA
1924 515 1988 535 NON
2012 515 2113 540 rnmr,
2131 515 2279 535 nummu
2302 516 2378 536 xnus

1468 560 1527 580 PRO
1551 560 1660 580 omnus
1684 560 1776 580 1²an
1791 559 1912 580 VALRNT
1936 559 2092 580 SPECIAMA
2116 559 2154 579 ET
2171 559 2332 580 COMMUNIA
2355 561 2444 581 SIMUL

1784 600 1868 628 Quodl.
1884 599 1946 626 vm,
1961 605 2001 627 qu.
2017 606 2038 626 v,
2054 603 2095 621 art.
2111 606 2129 622 2.

347 723 446 754 ART.
464 723 546 753 XIII.
572 733 613 752 AN
631 724 801 752 sunnon
818 731 917 752 FACTA
933 729 992 750 rao
1010 728 1119 749 »murs
1135 726 1324 748 TANTUNDEM

301 777 446 798 vatnam
467 777 604 798 smotms
628 777 667 797 ac
684 776 710 796 s1
725 775 785 796 rao
806 774 1002 795 tmoouonun
1019 772 1215 794 srncumrua
1237 770 1368 791 rmum

365 879 416 918 gia
445 877 527 908 facta
549 886 609 917 pro
637 876 746 906 multis
768 874 958 906 tantundem
980 874 1106 904 valeant
1127 872 1259 912 singulis
1282 881 1319 902 ac
1342 872 1368 902 si
1383 883 1406 904 ις
1422 870 1580 912 suffragia,
1596 872 1713 902 meruit
1735 877 1772 902 ut
1794 877 1918 902 tantum
1941 872 2102 902 iuvaretur
2124 878 2199 912 post
2227 878 2365 903 mortem
2389 882 2489 913 quan-
2517 857 2727 911 {issff'ifflssffgf'

300 932 359 962 pro
383 930 587 962 unoquoque
601 920 779 960 specialiter
799 918 920 949 fierent.
946 917 1100 949 Videmus
1116 917 1203 947 enim
1224 915 1314 956 quod
1330 925 1368 946 ex
1422 921 1493 946 tum
1510 922 1541 946 et
1563 915 1616 946 ille
1638 925 1698 956 pro
1716 925 1783 956 quo
1806 915 1889 946 fiunt
1904 916 2062 956 specialia.
2087 917 2172 957 Ergo
2190 922 2315 947 tantum
2330 917 2490 947 iuvabitur

300 966 440 997 lectione
463 974 546 1006 quae
568 965 626 995 uni
648 964 773 1004 legitur,
794 963 872 994 nihil
896 963 926 993 ei
949 962 1071 1003 deperit
1094 962 1120 992 si
1143 961 1239 991 simul
1262 966 1293 991 et
1316 960 1369 990 alii
1422 969 1480 1000 per
1503 961 1690 991 communia
1706 966 1864 1001 quantum
1888 966 1919 991 et
1934 961 1987 991 ille
2002 970 2060 1001 per
2080 961 2228 1001 specialia
2245 967 2276 992 et
2293 962 2489 992 communia.

298 1010 430 1050 legatur.
454 1009 540 1049 Ergo
565 1013 605 1044 et,
627 1007 739 1038 eadem
762 1008 895 1043 ratione,
917 1006 995 1037 nihil
1019 1006 1142 1047 deperit
1165 1006 1194 1036 ei
1217 1014 1276 1045 pro
1301 1014 1368 1045 quo
1481 1014 1509 1034 2.
1534 1005 1730 1041 Pmmrnmm,
1747 1006 1828 1035 inter
1851 1005 2014 1036 Ecclesiae
2036 1005 2183 1045 suffragia
2209 1007 2420 1046 praecipuum
2443 1011 2490 1036 est

299 1054 334 1084 fit
357 1053 553 1094 suffragium,
578 1053 603 1083 si
627 1053 657 1083 ei
680 1052 794 1092 aliquis
818 1057 1077 1082 connumeretur.
1114 1050 1155 1081 Et
1177 1050 1235 1085 ita,
1259 1050 1285 1079 si
1308 1058 1367 1089 pro
1423 1049 1621 1079 Eucharistia
1637 1050 1663 1079 ³.
1688 1049 1751 1080 Sed
1767 1049 1974 1085 Eucharistia‚
1992 1059 2067 1080 cum
2091 1051 2253 1080 contineat
2268 1055 2374 1080 totum
2398 1049 2489 1080 Chri·
2518 1053 2527 1062 ·
2542 1051 2579 1073 Cf·
2594 1054 2637 1074 ιη·
2652 1058 2674 1080 9·

298 1099 442 1139 pluribus
465 1097 530 1133 fiat,
553 1102 678 1128 tantum
701 1097 784 1127 valet
808 1096 940 1136 singulis
963 1105 999 1126 ac
1024 1096 1049 1125 si
1073 1104 1131 1135 pro
1166 1102 1368 1134 unoquoque
1382 1104 1410 1119 ιο
1423 1099 1518 1129 stum,
1535 1094 1630 1124 habet
1653 1093 1897 1134 quodammodo
1921 1093 2094 1124 efficaciam
2117 1093 2284 1125 infinitam.
2316 1094 2402 1134 Ergo
2426 1104 2490 1125 una

297 1142 496 1183 singulariter
518 1141 618 1172 fieret.
1423 1137 1543 1168 oblatio
1567 1138 1800 1174 Eucharistiae,
1825 1147 1908 1178 quae
1932 1139 2147 1169 communiter
2170 1148 2229 1179 pro
2263 1139 2413 1169 omnibus
2436 1138 2488 1175 fit,

354 1196 386 1217 2.
409 1186 614 1222 Pmmn,
637 1184 817 1216 secundum
845 1193 1055 1215 communem
1083 1193 1179 1214 usum
1206 1182 1368 1214 Ecclesiae
1422 1182 1506 1212 valet
1528 1181 1568 1212 ad
1590 1183 1720 1222 plenam
1736 1182 1958 1213 liberationem
1974 1192 2088 1213 eorum
2111 1183 2167 1223 qui
2190 1188 2264 1213 sunt
2282 1183 2316 1213 in
2338 1188 2490 1223 purgato-

297 1230 444 1262 videmus
468 1229 574 1271 quod,
598 1239 674 1261 cum
703 1230 799 1260 missa
821 1238 881 1269 pro
910 1228 1019 1269 aliquo
1050 1227 1204 1258 defuncto
1236 1226 1366 1262 dicitur,
1422 1226 1481 1256 rio.
1505 1226 1546 1256 Et
1569 1227 1612 1257 ita
1634 1232 1759 1257 tantum
1781 1227 1892 1257 iuvant
1915 1227 2101 1257 communia
2128 1226 2275 1267 suffragia
2298 1227 2367 1257 sola
2389 1236 2490 1267 quan-

298 1275 504 1309 simuletiam
517 1274 591 1305 illic
608 1274 769 1305 orationes
792 1273 1008 1313 adiunguntur
1023 1282 1083 1312 pro
1108 1272 1175 1302 aliis
1199 1271 1366 1302 defunctis
1422 1275 1493 1300 tum
1516 1271 1626 1301 iuvant
1648 1271 1797 1311 specialia
1820 1276 1852 1302 et
1875 1272 2061 1301 communia
2084 1271 2189 1302 simul.

297 1314 373 1351 Hoc
396 1324 504 1350 autem
520 1328 588 1350 non
611 1317 701 1349 fieret
714 1319 740 1348 si
764 1327 802 1348 ex
825 1319 888 1348 hoc
912 1316 1082 1348 defunctus
1098 1326 1158 1356 pro
1182 1325 1249 1356 quo
1273 1316 1368 1346 missa
1382 1328 1406 1348 ις
1478 1314 1540 1345 Sssn
1565 1325 1688 1345 coum
1718 1325 1772 1345 asr
1796 1315 1886 1355 quod
1910 1315 1976 1345 duo
2007 1316 2093 1345 bona
2115 1325 2182 1345 uno
2206 1321 2281 1346 sunt
2310 1316 2411 1356 magis
2434 1316 2491 1347 eli-

299 1364 424 1400 dicitur,
441 1362 573 1405 aliquod
597 1363 824 1394 detrimentum
846 1367 1030 1402 reportaret.
1059 1361 1145 1401 Ergo
1169 1360 1255 1391 idem
1278 1359 1367 1400 quod
1421 1358 1535 1399 genda.
1560 1359 1645 1399 Ergo
1677 1359 1824 1399 suffragia
1854 1360 2003 1399 specialia
2025 1365 2056 1390 et
2084 1360 2271 1390 communia
2292 1361 2392 1400 magis
2415 1369 2490 1400 pro-

299 1409 397 1449 prius.
1393 1438 1395 1440 ,
1423 1409 1497 1433 sunt
1520 1404 1550 1434 ei
1572 1413 1632 1444 pro
1656 1413 1723 1444 quo
1747 1402 1830 1434 fiunt
1853 1412 1951 1443 quam
1975 1405 2161 1434 communia
2183 1409 2318 1434 tantum.

357 1453 386 1483 3.
402 1453 600 1488 anmr,
617 1451 772 1491 suffragia,
789 1451 962 1491 praecipue
979 1451 1173 1485 orationum,
1189 1449 1368 1479 innituntur
1477 1447 1667 1478 Rnsponnno
1691 1457 1850 1478 mmmmm
1874 1447 1964 1488 quod
1986 1448 2082 1478 huius
2105 1449 2200 1478 etiam
2224 1448 2347 1479 >solutio
2371 1448 2491 1489 depen-

250 1487 254 1491 ’
299 1496 426 1528 divinae
447 1497 565 1527 virtuti.
590 1496 654 1528 Sed
676 1494 762 1536 apud
785 1496 910 1531 Deum,
935 1495 1016 1525 sicut
1038 1503 1107 1524 non
1134 1492 1238 1523 differt
1259 1493 1368 1523 iuvare
1423 1491 1476 1522 det
1500 1501 1538 1522 ex
1561 1492 1724 1523 solutione
1746 1492 1869 1532 primae
1897 1493 2092 1532 quaestionis
2108 1493 2134 1522 ’ἃ
2171 1492 2204 1523 Si
2228 1493 2314 1523 enim
2344 1492 2492 1533 suffragia
2519 1495 2528 1505 ·
2544 1494 2594 1515 An·
2611 1499 2643 1515 ¹²·

299 1550 356 1582 per
378 1541 498 1572 multos
522 1541 574 1571 vel
588 1549 645 1581 per
668 1549 790 1580 paucos
806 1541 833 1576 ἢ,
849 1540 893 1570 ita
915 1548 983 1569 non
1007 1537 1110 1569 differt
1124 1538 1233 1568 iuvare
1248 1537 1368 1567 multos
1384 1548 1408 1569 ³⁰
1421 1545 1481 1576 pro
1506 1545 1573 1566 uno
1605 1536 1782 1576 specialiter
1805 1536 1886 1566 facta
1918 1536 2133 1567 indifferenter
2166 1537 2317 1567 omnibus
2346 1537 2490 1574 valeant,

301 1586 350 1616 vel
365 1594 498 1626 paucos.
523 1585 620 1625 Ergo,
637 1589 795 1624 quantum
810 1585 971 1614 iuvaretur
986 1592 1071 1613 unus
1089 1591 1127 1612 ex
1142 1591 1207 1612 una
1223 1581 1368 1611 oratione
1422 1586 1499 1610 tunc
1523 1581 1632 1610 omnia
1655 1580 1801 1620 suffragia
1824 1586 1897 1611 sunt
1921 1581 2117 1611 communia.
2141 1581 2182 1611 Et
2204 1580 2278 1611 ideo
2301 1587 2427 1613 tantum
2442 1582 2491 1612 iu-

299 1630 326 1660 si
347 1639 408 1670 pro
432 1639 472 1660 eo
496 1634 622 1660 tantum
637 1627 737 1664 fieret,
752 1633 877 1658 tantum
900 1627 1094 1658 iuvabuntur
1109 1626 1226 1666 singuli
1249 1625 1368 1655 multo·
1422 1624 1546 1654 vabitur
1568 1624 1621 1654 ille
1644 1634 1704 1665 pro
1728 1634 1795 1665 quo
1818 1634 1886 1655 non
1902 1623 1984 1655 fiunt
2007 1625 2165 1665 specialia,
2183 1630 2340 1665 quantum
2355 1626 2409 1656 ille
2431 1635 2490 1666 pro

299 1682 372 1704 rum
394 1674 420 1704 si
443 1672 556 1704 eadem
579 1673 682 1703 oratio
704 1681 764 1712 pro
787 1671 897 1702 multis
920 1670 984 1702 fiat.
1423 1677 1490 1708 quo
1514 1667 1606 1704 fiunt,
1623 1669 1648 1698 si
1672 1669 1711 1699 sit
1734 1669 1907 1709 aequaliter
1930 1668 2054 1708 dignus.
2079 1669 2111 1699 Si
2135 1674 2243 1699 autem
2262 1669 2409 1709 suffragia
2431 1680 2490 1710 pro

339 1717 417 1749 Str>
441 1726 576 1752 con-raa,
592 1717 708 1747 melius
731 1721 778 1746 est
801 1716 907 1756 plures
931 1717 1041 1745 iuvare
1064 1724 1162 1755 quam
1186 1724 1299 1745 unum.
1335 1714 1368 1745 Si
1423 1713 1532 1752 aliquo
1549 1711 1632 1743 facta
1653 1722 1721 1743 non
1737 1712 1951 1743 indifferenter
1975 1714 2126 1743 omnibus
2141 1714 2275 1753 prosint,
2292 1713 2348 1744 sed
2364 1715 2409 1744 eis
2424 1724 2491 1745 ma-

299 1771 376 1802 ergo
399 1761 585 1802 suffragium
607 1770 667 1801 pro
683 1760 792 1790 multis
816 1759 937 1790 factum
951 1760 1070 1790 valeret
1093 1759 1224 1799 singulis
1243 1765 1368 1790 tantum
1384 1769 1406 1788 ις
1422 1757 1508 1787 xime
1530 1766 1590 1797 pro
1608 1757 1725 1797 quibus
1749 1756 1840 1792 fiunt,
1857 1762 1935 1787 tunc
1951 1766 2018 1787 non
2043 1762 2090 1787 est
2113 1757 2247 1788 dubium
2269 1757 2359 1798 quod
2382 1758 2492 1789 suffra-

298 1815 336 1837 ac
357 1806 384 1837 si
406 1815 467 1846 pro
490 1814 559 1836 uno
589 1810 714 1835 tantum
737 1803 844 1840 fieret,
867 1803 993 1834 videtur
1016 1803 1106 1843 quod
1135 1803 1278 1833 Ecclesia
1300 1812 1368 1834 non
1423 1801 1473 1840 gia
1497 1801 1684 1831 communia
1708 1807 1739 1831 et
1762 1801 1911 1841 specialia
1935 1801 2029 1831 simul
2052 1801 2124 1841 plus
2149 1802 2253 1832 valent
2276 1802 2371 1833 alicui
2395 1812 2492 1843 quam

298 1850 411 1881 debuit
437 1849 610 1880 instituisse
639 1854 676 1880 ut
698 1858 758 1889 pro
786 1849 895 1889 aliquo
927 1848 1125 1888 singulariter
1154 1846 1244 1878 fieret
1273 1848 1369 1878 missa
1424 1846 1611 1876 communia
1634 1851 1768 1876 tantum.

298 1894 349 1926 vel
372 1895 486 1931 oratio,
502 1893 558 1924 sed
582 1892 672 1934 quod
694 1902 821 1933 semper
852 1892 1010 1924 diceretur
1032 1901 1092 1932 pro
1115 1892 1267 1922 omnibus
1290 1891 1368 1922 fide-
1478 1889 1520 1920 Et
1551 1889 1625 1920 ideo
1662 1890 1811 1930 Magister
1841 1889 1919 1920 duas
1954 1891 2124 1930 opiniones
2154 1891 2188 1920 in
2218 1891 2320 1921 littera
2343 1892 2359 1907 ἕ
2383 1893 2491 1931 tangit.
2519 1891 2731 1940 “5321312132529·

297 1939 381 1970 libus
403 1938 572 1970 defunctis.
598 1937 698 1976 Quod
720 1943 807 1978 patet
831 1946 900 1967 esse
923 1936 1048 1967 falsum.
1423 1934 1540 1970 Unam,
1558 1934 1636 1965 dum
1660 1933 1736 1965 dicit
1760 1934 1849 1974 quod
1872 1934 2046 1974 aequaliter
2068 1940 2204 1974 prosunt
2227 1934 2316 1965 diviti
2345 1945 2493 1967 commu·
2691 1933 2696 1938 ’

354 1992 384 2014 2.
409 1983 605 2019 Pmrnmu,
618 1981 804 2022 suffragium
819 1982 915 2012 habet
931 1980 1053 2012 finitam
1069 1980 1253 2011 efficaciam.
1271 1980 1368 2021 Ergo,
1383 1990 1410 2010 40
1423 1979 1476 2009 nia
1500 1984 1530 2008 et
1563 1978 1725 2019 specialia,
1751 1984 1782 2009 et
1809 1979 1943 2019 pauperi
1967 1979 2154 2009 communia
2177 1985 2321 2010 tantum:
2348 1981 2493 2020 quamvis

185 2041 190 2049 ·
220 2020 221 2027 ¹
240 2019 251 2060 ss
266 2023 267 2026 ¹
298 2027 502 2058 distributum
517 2026 551 2058 in
566 2027 697 2062 multos,
714 2027 821 2057 minus
843 2025 974 2066 prodest
997 2025 1129 2065 singulis
1153 2034 1251 2065 quam
1271 2024 1369 2065 prod·
1424 2023 1511 2053 enim
1527 2032 1565 2053 ex
1581 2023 1727 2063 pluribus
1750 2023 1877 2053 iuvetur
1892 2032 1977 2053 unus
1994 2032 2092 2063 quam
2108 2023 2195 2059 aiter,
2212 2033 2280 2054 non
2297 2029 2404 2055 tamen
2419 2025 2493 2065 plus

298 2077 381 2103 esset
403 2073 429 2102 si
451 2071 542 2102 fieret
564 2081 624 2112 pro
649 2080 716 2101 uno
739 2076 875 2101 tantum.
1424 2068 1558 2097 iuvatur.
1574 2085 1597 2089 —
1615 2067 1722 2097 Aliam
1737 2072 1845 2097 autem
1861 2067 1961 2107 tangit
1985 2077 2060 2098 cum
2076 2066 2152 2098 dicit
2175 2067 2264 2108 quod
2280 2068 2333 2098 ille
2348 2078 2408 2109 pro
2425 2079 2492 2109 quo

353 2117 545 2147 Rnsronnno
569 2125 730 2146 mcnmmu
753 2114 853 2155 quod,
870 2115 895 2144 si
911 2114 1000 2144 valor
1016 2113 1240 2153 suffragiorum
1263 2114 1368 2144 consi·
1424 2110 1506 2141 fiunt
1528 2111 1686 2151 specialia,
1705 2112 1913 2151 consequitur
1936 2111 2130 2142 velociorem
2160 2112 2413 2149 absolutionem,
2437 2114 2494 2144 sed

299 2160 426 2192 deretur
447 2159 628 2191 secundum
643 2159 735 2200 quod
749 2159 856 2189 valent
879 2168 918 2189 ex
933 2159 1049 2189 virtute
1070 2158 1205 2188 caritatis
1229 2158 1369 2188 unientis
1425 2165 1489 2186 non
1507 2155 1710 2195 pleniorem:
1733 2156 1809 2196 quia
1824 2161 1960 2195 uterque
1973 2155 2108 2186 finaliter
2124 2157 2163 2186 ab
2188 2157 2278 2187 omni
2293 2166 2399 2197 poena
2415 2158 2493 2188 libe-

298 2206 443 2236 membra
455 2205 627 2239 Ecclesiae,
640 2202 788 2243 suffragia
803 2212 863 2243 pro
875 2203 984 2234 multis
1000 2201 1082 2233 facta
1097 2207 1222 2232 tantum
1237 2202 1369 2243 singulis
1383 2211 1406 2231 45
1423 2200 1552 2230 rabitur.

298 2255 434 2289 prosunt
457 2259 493 2279 ac
517 2249 543 2278 si
565 2257 625 2288 pro
657 2257 725 2278 uno
748 2253 874 2278 tantum
904 2246 1025 2278 fierent.
1059 2246 1144 2284 Quia
1168 2247 1278 2277 caritas
1301 2256 1369 2278 non
1478 2245 1530 2274 An
1553 2254 1671 2274 numm
1694 2254 1777 2274 eaeo
1801 2254 1960 2274 nxcnnmm
1983 2244 2073 2284 quod
2096 2245 2247 2275 iuvamen
2269 2245 2493 2286 suffragiorum

299 2294 455 2324 minuitur
478 2294 504 2323 si
528 2291 685 2323 dividatur
701 2291 832 2322 effectus
856 2292 889 2322 in
911 2291 1046 2322 multos:
1070 2292 1173 2321 immo
1189 2292 1289 2331 magis
1313 2301 1368 2322 au·
1423 2298 1491 2319 non
1516 2288 1598 2318 cadit
1622 2288 1739 2319 directe
1763 2289 1821 2318 sub
1845 2289 1959 2318 merito
1984 2295 2015 2319 et
2034 2289 2227 2329 simpliciter,
2244 2290 2300 2320 sed
2324 2291 2414 2330 quasi
2433 2291 2492 2322 sub

299 2343 401 2378 getur.
421 2337 462 2368 Et
477 2336 621 2375 similiter
637 2337 733 2366 etiam
744 2335 909 2376 gaudium,
922 2342 1044 2376 quanto
1061 2335 1206 2375 pluribus
1218 2340 1265 2366 est
1280 2345 1369 2366 com·
1425 2332 1610 2363 conditione
1627 2334 1653 2363 ⁴⁶.
1678 2333 1718 2363 Et
1741 2332 1814 2363 ideo
1838 2333 1918 2363 ratio
1942 2342 2010 2363 non
2033 2334 2186 2373 sequitur.
2520 2335 2702 2363 'Cf-an·=2‚ad
2710 2342 2730 2357 2-

299 2391 410 2418 mune,
434 2380 470 2411 fit
491 2381 605 2416 maius,
633 2386 668 2411 ut
692 2380 768 2411 dicit
790 2380 1003 2421 Augustinus,
1026 2379 1098 2410 VIII
1124 2379 1271 2421 Confess.
1289 2381 1306 2396 *
1329 2380 1370 2410 Et
1478 2377 1531 2407 An
1548 2387 1710 2407 sncunnum
1727 2387 1887 2408 mmmmm
1904 2377 2003 2417 quod,
2018 2378 2163 2418 quamvis
2179 2378 2277 2408 virtus
2295 2378 2422 2415 Christi,
2436 2380 2493 2419 qui

300 2427 346 2457 sic
369 2425 409 2456 de
432 2435 500 2456 uno
524 2425 613 2455 bono
636 2424 721 2455 facto
737 2433 805 2455 non
828 2425 935 2455 minus
951 2424 1106 2455 laetantur
1128 2424 1222 2455 multi
1246 2425 1279 2454 in
1294 2433 1370 2465 pur-
1385 2432 1411 2452 50
1426 2422 1608 2452 continetur
1630 2422 1690 2452 sub
1713 2427 1912 2452 sacramento
1929 2421 2155 2458 Eucharistiae,
2173 2423 2212 2453 sit
2234 2422 2368 2459 infinita,
2385 2428 2493 2454 tamen

300 2471 424 2510 gatorio
449 2469 664 2510 quam'unus.
1425 2465 1652 2496 determinatus
1676 2472 1723 2496 est
1746 2465 1877 2496 effectus
1901 2466 1940 2496 ad
1964 2475 2063 2506 quem
2085 2466 2166 2497 illud
2187 2473 2422 2498 sacramentum
2442 2477 2493 2498 or-

356 2514 390 2545 Si
419 2519 527 2545 autem
557 2513 775 2544 consideretur
805 2513 894 2544 valor
923 2512 1147 2553 suffragiorum
1177 2513 1370 2553 inquantum
1425 2509 1560 2540 dinatur.
1585 2509 1679 2541 Unde
1701 2519 1770 2540 non
1793 2516 1922 2550 oportet
1944 2509 2034 2550 quod
2055 2520 2113 2551 per
2136 2520 2239 2541 unum
2261 2511 2376 2542 Altaris
2400 2513 2493 2543 sacri-

300 2564 375 2590 sunt
390 2557 620 2589 sau'sfactiones
636 2557 794 2598 quaedam
810 2567 868 2598 per
883 2558 1096 2588 intentionem
1111 2556 1255 2588 facientis
1271 2563 1370 2588 trans-
1425 2553 1535 2585 ficium
1559 2560 1627 2584 tota
1650 2564 1757 2595 poena
1772 2564 1886 2585 eorum
1902 2555 1959 2595 qui
1982 2560 2057 2585 sunt
2079 2556 2112 2585 in
2128 2556 2314 2596 purgatorio
2331 2557 2492 2597 expietur:

301 2604 382 2634 latae
405 2603 438 2633 in
461 2608 619 2638 mortuos,
636 2608 714 2632 tunc
729 2602 829 2642 magis
851 2601 935 2632 valet
954 2601 1139 2642 suffragium
1163 2601 1258 2632 alicui
1281 2601 1371 2642 quod
1425 2599 1507 2629 sicut
1530 2599 1626 2630 etiam
1648 2608 1709 2629 nec
1732 2608 1790 2639 per
1813 2608 1916 2630 unum
1932 2598 2124 2629 sacrificium
2147 2598 2236 2639 quod
2252 2599 2366 2640 aliquis
2390 2600 2492 2637 offert,

301 2657 361 2688 pro
378 2656 418 2678 eo
442 2647 641 2687 singulariter
660 2645 706 2682 fit,
723 2655 821 2686 quam
845 2645 935 2686 quod
957 2645 993 2676 fit
1015 2655 1075 2686 pro
1094 2655 1134 2676 eo
1156 2647 1371 2677 communiter
1386 2653 1408 2673 5⁵
1425 2643 1576 2674 liberatur
1598 2654 1616 2674 a
1638 2649 1705 2674 tota
1728 2642 1942 2674 satisfactione
1972 2643 2077 2674 debita
2099 2653 2159 2684 pro
2183 2645 2322 2684 peccatis
2337 2646 2364 2675 ὓ.
2400 2645 2493 2676 Unde
2521 2647 2531 2656 ·
2546 2645 2582 2667 Cf·
2601 2645 2663 2667 pm.
2684 2645 2730 2671 11¹2

302 2698 334 2722 et
355 2691 465 2722 multis
488 2691 572 2722 aliis:
597 2691 642 2720 sic
666 2692 752 2721 enim
776 2689 907 2721 effectus
930 2689 1070 2730 suffragii
1093 2689 1242 2721 dividitur
1265 2700 1303 2721 ex
1324 2690 1371 2721 di-
1426 2694 1458 2718 et
1480 2687 1678 2728 quandoque
1700 2688 1808 2728 plures
1824 2689 1938 2718 missae
1961 2688 1994 2718 in
2018 2687 2231 2719 satisfactione
2252 2690 2348 2719 unius
2370 2691 2494 2729 peccati
2521 2675 2701 2699 qu.1.mx‚art.
2713 2678 2732 2699 ⁵'

301 2737 376 2767 vina
398 2736 516 2766 iustitia
538 2735 620 2765 inter
643 2745 699 2765 eos
722 2744 781 2775 pro
806 2735 922 2775 quibus
946 2733 1092 2775 suffragia
1114 2733 1206 2765 fiunt.
1425 2733 1646 2772 iniunguntur.

357 2779 451 2811 Unde
475 2785 562 2820 patet
585 2779 675 2820 quod
702 2780 781 2809 haec
805 2779 949 2819 quaestio
981 2777 1141 2819 dependet
1164 2788 1202 2809 ex
1226 2780 1328 2819 prima
1343 2781 1370 2809 *ἢ
1482 2775 1643 2807 Credibile
1666 2782 1775 2807 tamen
1798 2782 1844 2807 est
1868 2776 1957 2817 quod
1979 2785 2037 2817 per
2060 2776 2199 2807 divinam
2227 2777 2493 2814 misericordiam,

302 2825 344 2855 Et
367 2834 405 2855 ex
427 2825 492 2854 hoc
521 2824 617 2854 etiam
647 2829 734 2864 patet
758 2833 856 2864 quare
887 2823 1068 2854 institutum
1091 2823 1130 2853 sit
1160 2828 1195 2853 ut
1225 2822 1372 2864 suffragia
1426 2822 1452 2851 si
1475 2821 1596 2861 aliquid
1619 2820 1659 2852 de
1678 2821 1867 2861 specialibus
1891 2820 2045 2861 suffragiis
2065 2822 2201 2861 supersit
2223 2822 2271 2851 his
2293 2831 2353 2862 pro
2378 2822 2494 2862 quibus

302 2868 451 2909 specialia
473 2869 507 2899 in
531 2868 675 2898 Ecclesia
697 2867 783 2898 fiant.
1385 2873 1413 2893 6ο
1426 2865 1519 2902 fiunt,
1535 2871 1572 2896 ut
1594 2866 1716 2896 scilicet
1738 2866 1783 2896 eis
1806 2874 1874 2896 non
1902 2865 2079 2905 indigeant,
2104 2865 2171 2895 aliis
2195 2865 2410 2906 dispensetur,
2434 2876 2494 2907 pro

357 2913 408 2943 An
432 2922 550 2943 panum
573 2922 656 2942 aizoo
673 2921 833 2942 mmmmm
856 2910 946 2952 quod
967 2910 1124 2952 suffragia,
1141 2917 1177 2942 ut
1192 2917 1266 2942 sunt
1284 2913 1372 2943 satis·
1427 2910 1545 2950 quibus
1567 2919 1636 2940 non
1659 2909 1751 2946 fiunt,
1768 2911 1794 2940 si
1818 2911 1862 2940 eis
1878 2909 2056 2949 indigeant:
2081 2915 2117 2939 ut
2138 2915 2226 2950 patet
2243 2919 2301 2950 per
2324 2909 2494 2941 Damasce-

303 2957 458 2988 factiones
474 2956 643 2998 quaedam,
659 2966 728 2987 non
743 2962 879 2996 prosunt
894 2965 951 2996 per
964 2955 1102 2999 modum
1122 2956 1266 2992 actionis,
1290 2956 1373 2987 sicut
1427 2964 1517 2990 num,
1534 2955 1568 2984 in
1590 2954 1746 2985 Sermone
1769 2954 1808 2985 de
1826 2953 2067 2984 Dormientibus
2083 2954 2109 2990 ’ζ
2126 2954 2170 2984 sic
2194 2953 2370 2985 dicentem:
2394 2955 2492 2991 Deus,
2521 2954 2584 3007 ΝΑ).
2584 2953 2630 3002 ⁶12³
2632 2954 2734 3002 ,1ssssssss

303 3000 448 3032 doctrina
469 3000 610 3042 prodest,
627 3010 720 3041 quae,
737 3001 819 3031 sicut
842 3006 874 3030 et
897 3000 1002 3030 omnis
1025 3000 1085 3030 alia
1107 3000 1201 3036 actio,
1222 2999 1372 3031 effectum
1428 3004 1582 3039 tanquam
1598 2999 1710 3035 iustus,
1726 2999 1947 3029 commetietur
1962 2998 2127 3038 impotenti
2136 2998 2382 3039 possibilitatem
2387 3006 2400 3035 ;
2423 3004 2494 3030 tan·
2522 3009 2583 3034 runt,
2598 3013 2705 3035 aumas.

302 3046 399 3076 habet
419 3045 601 3077 secundum
624 3045 868 3086 dispositionem
898 3045 1097 3084 recipientis:
1132 3043 1188 3074 sed
1210 3044 1293 3075 valet
1315 3053 1373 3085 per
1427 3052 1524 3083 quam
1557 3043 1702 3083 sapiens,
1732 3043 1914 3085 defectuum
1949 3042 2230 3073 commutationem
2264 3043 2492 3084 negotiabitur.

303 3089 439 3121 modum
462 3090 632 3121 soluu'onis
662 3089 776 3125 debiti,
802 3095 837 3119 ut
867 3088 989 3119 dictum
1013 3094 1060 3119 est
1075 3089 1101 3118 ’ἦ
1136 3088 1178 3119 Et
1207 3087 1281 3119 ideo
1304 3098 1372 3120 non
1386 3094 1411 3119 ⁶5
1428 3087 1521 3125 Quae
1538 3086 1670 3127 quidem
1685 3088 1861 3128 negotiatio
1877 3086 2048 3118 attenditur
2059 3086 2238 3117 secundum
2255 3086 2344 3127 quod
2356 3087 2389 3118 id
2404 3087 2494 3127 quod

305 3139 352 3164 est
373 3134 486 3165 simile.
1427 3131 1515 3162 deest
1538 3132 1606 3168 uni,
1623 3131 1711 3162 alteri
1734 3132 1871 3172 supplet.

305 3176 1372 3262 facffsszffffidfffflzffissziaffiss?..t‘zffi‘ffizzssfflpssssss
1516 3196 1772 3275 ggggsggg
1792 3194 2404 3280 §Affiggggffiffifficffiff

305 3265 391 3302 ideo,
407 3275 483 3296 curn
505 3276 565 3307 pro
588 3276 656 3297 uno
679 3267 775 3298 missa
797 3266 921 3303 dicitur,
939 3275 1006 3296 non
1030 3271 1076 3296 est
1090 3265 1322 3296 inconveniens
1338 3271 1374 3296 ut

305 3319 366 3350 pro
390 3310 458 3341 aliis
481 3311 577 3341 etiam
593 3311 753 3343 orationes
776 3310 862 3342 fiant.
886 3310 963 3341 Non
979 3310 1067 3341 enirn
1082 3310 1122 3340 ad
1137 3310 1200 3340 hoc
1224 3309 1374 3340 dicuntur
1387 3320 1414 3340 70
1490 3317 1584 3338 amna
1616 3307 1885 3339 considerandum
1912 3313 1959 3338 est
1986 3307 2025 3338 de
2053 3307 2198 3338 oratione
2225 3313 2408 3338 sanctorum
2437 3308 2494 3348 qui

306 3354 386 3384 aliae
416 3354 578 3385 orationes
601 3359 636 3385 ut
657 3354 828 3386 satisfactio
858 3356 955 3386 unius
978 3354 1117 3395 suffragii
1146 3353 1373 3385 determinetur
1432 3318 1566 3382 Dsunt
1587 3353 1622 3383 in
1643 3353 1744 3392 patria
1759 3353 1786 3382 *.
2520 3351 2646 3401 'I'mCrgdqu-
2668 3357 2732 3377 ¹³¹¹»

307 3397 347 3428 ad
370 3398 449 3429 alios
464 3398 694 3439 principaliter:
717 3396 774 3430 sed
790 3405 826 3430 ut
847 3399 908 3430 illis
931 3399 1033 3430 oratio
1053 3409 1112 3439 pro
1137 3399 1181 3429 eis
1197 3398 1374 3438 specialiter
1428 3396 1470 3427 Et
1492 3397 1575 3427 circa
1597 3397 1661 3427 hoc
1684 3402 1882 3436 quaeruntur
1904 3397 1971 3427 tria.
2603 3394 2609 3400 '

306 3442 377 3473 fusa
400 3443 509 3483 prosit.
651 3444 654 3446 ’
1482 3441 1610 3471 Primo:
1634 3446 1743 3471 uuum
1766 3441 1866 3471 sancti
1889 3441 2051 3472 orationes
2073 3447 2195 3471 nostras
2220 3445 2425 3480 cognoscant.

363 3487 414 3517 An
438 3496 573 3517 runi-mir
602 3495 762 3517 memma
784 3486 874 3528 quod
905 3488 1006 3518 oratio
1040 3486 1258 3518 consideratur
1281 3492 1312 3517 et
1335 3496 1373 3517 ex
1483 3484 1653 3516 Secundo:
1678 3490 1788 3516 utrum
1804 3494 1860 3515 eos
1875 3485 2075 3526 interpellare
2091 3484 2263 3515 debeamus
2279 3483 2319 3515 ad
2335 3483 2494 3516 orandum

308 3536 397 3571 parte
421 3531 549 3567 orantis,
566 3536 597 3561 et
620 3540 659 3561 ex
680 3530 768 3571 parte
792 3532 860 3562 eius
883 3532 940 3572 qui
963 3537 1086 3562 oratur:
1118 3537 1149 3562 et
1173 3541 1210 3562 ex
1234 3536 1373 3571 utroque
1387 3541 1411 3560 75
1515 3539 1575 3570 pro
1598 3530 1702 3560 nobis.
