2878 4088
565 202 828 250 QUAESTIO
858 201 1080 248 LXXXVII,
1102 198 1394 237 ARTICULUS
1415 198 1459 233 III
1479 218 1504 222 —
1526 195 1792 242 QUAESTIO
1821 195 2061 242 LXXXVIII,
2083 196 2377 234 ARTICULUS
2406 197 2419 233 I

1518 274 1673 304 videbunt
1688 275 1714 310 *‚
1733 279 1764 304 et
1787 274 1831 304 sic
1855 283 1923 304 non
1947 279 1994 304 est
2016 274 2247 305 inconveniens
2263 275 2353 315 quod
2375 275 2471 306 simul
2493 275 2585 316 plura
2613 283 2623 292 ·
2637 281 2824 310 Cf.P=1-t.1,qu.

1518 318 1655 348 videant.
1680 317 1743 348 Sed
1759 317 1799 348 de
1815 317 1981 354 damnatis,
1999 327 2140 358 quorum
2163 319 2343 355 intellectus
2366 328 2434 350 non
2458 325 2505 350 est
2521 320 2585 351 ele·
2612 313 2654 335 ¹¹¹'
2669 311 2710 330 ω·
2726 307 2747 330 ⁸·

1517 368 1608 392 vatus
1631 367 1667 393 ut
1690 363 1815 402 possint
1842 363 1949 393 Deum
1977 362 2084 393 videre
2113 368 2144 392 et
2171 364 2205 393 in
2233 373 2272 394 eo
2301 364 2411 394 omnia
2437 364 2514 400 alia,
2538 369 2585 394 est

1517 407 1618 446 magis
1642 406 1779 438 difficile.

1572 451 1613 481 Et
1635 450 1710 481 ideo
1734 451 1786 481 alii
1810 450 1921 481 dicunt
1949 451 2039 491 quod
2066 452 2142 481 mali
2170 451 2266 481 simul
2294 452 2404 481 omnia
2430 451 2585 483 videbunt

1516 496 1549 525 in
1573 505 1689 535 genere
1720 501 1851 535 peccata
1882 505 1956 531 sua,
1981 501 2012 526 et
2039 496 2103 526 hoc
2133 495 2250 526 sufficit
2279 495 2319 525 ad
2346 496 2585 526 accusationem

1515 540 1604 570 illam
1634 549 1718 580 quae
1747 539 1842 570 debet
1873 549 1941 570 esse
1971 540 2004 570 in
2033 540 2171 576 iudicio,
2196 540 2247 570 vel
2273 539 2313 570 ad
2336 540 2584 571 absolutionem.

1516 584 1592 614 Non
1620 590 1728 615 autem
1754 583 1909 615 videbunt
1939 584 2049 614 omnia
2078 584 2174 615 simul
2202 583 2428 620 descendendo
2455 584 2496 615 ad
2521 585 2585 615 sin-

400 216 476 252 204

453 284 492 313 Et
516 283 593 312 haec
618 286 664 311 est
687 280 883 320 probabilior
900 285 930 309 et
948 279 1153 309 communior
1177 278 1298 318 opinio,
1317 275 1462 316 quamvis

159 339 369 364 ·Dist.1u.1n,cap.
397 327 591 358 contrarium
608 326 756 365 Magister
772 325 805 354 in
821 324 923 354 littera
935 324 952 340 *
969 323 1061 359 dicat,
1079 323 1199 359 scilicet
1222 320 1311 361 quod
1326 324 1462 360 peccata

158 365 205 387 ⁸¹²³
218 364 348 393 quaeritur.
396 381 478 412 quae
506 376 581 401 sunt
604 379 668 410 per
692 368 925 409 poenitentiam
953 368 1073 403 deleta,
1099 368 1131 397 in
1155 366 1274 396 iudicio
1303 365 1370 394 aliis
1394 372 1462 393 non

397 415 557 456 patefient.
587 432 609 436 -
633 413 695 444 Sed
719 423 757 443 ex
780 414 843 443 hoc
866 413 1010 453 sequitur
1034 411 1124 452 quod
1147 420 1206 440 nec
1231 410 1325 439 etiarn
1348 407 1461 448 poeni-

396 461 493 490 tentia
516 458 555 489 de
579 458 717 498 peccatis
741 457 802 487 illis
825 456 966 497 perfecta
989 460 1212 496 cognoscetur.
1238 454 1272 483 In
1290 462 1356 492 quo
1379 451 1461 481 mul·
1484 455 1493 475 5

396 511 465 535 tum
489 503 703 534 detraheretur
727 507 910 532 sanctorum
933 501 1052 541 gloriae
1073 505 1103 529 et
1118 498 1204 529 laudi
1227 497 1361 532 divinae,
1379 504 1461 536 quae

396 555 461 579 tam
484 546 729 578 misericorditer
752 552 878 576 sanctos
902 545 1054 575 liberavit.

450 593 500 623 An
524 601 641 622 ramum
665 600 747 620 ERGO
771 600 931 620 mcxnnmvt
955 588 1044 629 quod
1067 587 1176 617 omnia
1199 586 1311 616 merita
1333 593 1461 624 praece-

397 637 502 667 dentia
525 636 576 666 vel
600 635 752 666 demerita
775 634 891 665 facient
915 634 1055 672 aliquam
1079 631 1289 671 quantitatem
1307 630 1340 659 in
1360 628 1462 668 gloria
1516 629 1591 669 gula
1600 630 1626 659 *.
1637 628 1734 659 -Sed
1749 629 1812 659 hoc
1830 629 1925 659 etiam
1942 638 2009 659 non
2024 628 2150 659 videtur
2166 638 2350 659 consonum
2366 628 2457 659 dictis
2472 629 2585 669 Augu·
2613 638 2623 647 ·
2642 636 2678 659 ef.
2699 642 2719 658 ι.
2737 635 2825 668 Βοιῃν,

158 693 167 702 ·
182 691 218 713 ct.
234 694 275 712 art.
301 696 367 718 prae·
396 682 445 712 vel
475 681 601 712 miseria
630 680 770 709 hominis
801 678 991 718 resurgentis
1007 678 1033 706 ὓ.
1067 676 1107 705 Et
1131 674 1221 711 ideo,
1253 673 1461 703 exterioribus
1477 683 1502 697 ιο
1516 674 1604 710 stini‚
1629 674 1689 703 XX
1712 673 1752 704 de
1777 673 1845 703 (Σίν.
1870 673 1933 703 Dei
1948 674 1981 710 ⁴³,
2010 674 2067 713 qui
2099 673 2175 703 dicit
2205 673 2296 713 quod
2328 673 2438 703 omnia
2469 673 2586 704 mentis
2614 662 2824 718 {Y„,‚S‘„'ft‘‚·;‚qg¹.';j

158 718 216 744 ⁰⁹⁶⁰
233 718 260 739 ”d
277 724 296 739 ¹·
396 727 479 762 visis,
504 730 656 766 poterunt
679 729 794 754 cuncta
810 724 842 753 in
859 721 1061 752 conscientiis
1085 719 1193 749 videri.
1225 718 1266 749 Et
1289 717 1461 758 praecipue
1515 718 1634 748 intuitu
1651 717 1938 748 enumerabuntur:
1957 717 2047 758 quod
2062 723 2171 748 autem
2187 718 2220 748 in
2236 727 2353 758 genere
2370 718 2584 758 cognoscitur,
2614 718 2624 728 ²
2637 715 2694 738 Loe.
2706 715 2745 739 0³1-

397 770 502 801 divina
525 770 640 799 virtute
663 767 702 798 ad
726 768 787 797 hoc
812 771 979 806 operante,
1004 770 1039 795 ut
1063 764 1219 794 sententia
1242 762 1356 793 iudicis
1379 762 1461 792 iusta
1515 771 1583 793 non
1608 767 1822 793 enumeratur.

397 820 545 855 appareat
569 813 729 843 omnibus.
1571 806 1665 838 Unde
1689 812 1795 847 potest
1819 806 1892 846 eligi
1915 805 2021 837 media
2043 807 2112 837 via:
2144 806 2234 847 quod
2256 806 2382 846 singula
2405 805 2586 836 considera-

451 859 501 889 Αι)
526 867 687 888 sssctmmm
711 865 870 885 mcxxnum
894 853 983 894 quod
1006 853 1118 883 merita
1133 852 1184 882 vel
1200 851 1353 882 demerita
1369 856 1460 891 pote·
1515 851 1606 887 bunt,
1630 861 1697 882 non
1721 857 1829 882 tamen
1853 852 1886 882 in
1910 852 2055 888 instanti,
2080 850 2136 882 sed
2159 852 2193 882 in
2215 857 2363 891 tempore
2387 851 2585 887 brevissimo,

158 913 168 922 ·
182 910 249 938 Resp.
265 910 292 932 ad
309 918 327 932 ι.
396 909 469 934 runt
493 903 560 933 aliis
584 900 708 932 ostendi
732 901 764 929 in
789 900 853 929 suis
882 897 1060 932 effectibus,
1086 902 1122 927 ut
1149 906 1188 926 ex
1217 896 1307 926 dictis
1323 897 1339 912 *
1363 900 1459 935 patet.
1477 904 1499 924 15
1516 895 1623 926 divina
1650 897 1766 926 virtute
1790 895 1830 926 ad
1853 896 1916 926 hoc
1945 895 2126 926 adiuvante.
2159 896 2200 926 Et
2223 896 2287 926 hoc
2315 901 2362 926 est
2389 894 2480 935 quod
2509 894 2587 925 dicit

157 1310 166 1319 '
181 1307 278 1329 Ari-tot.
292 1306 367 1328 Ethic.

155 1335 196 1356 lib.
211 1333 255 1361 lv,
272 1339 321 1361 cap.
336 1339 367 1360 ix,

157 1368 178 1383 n.
192 1368 214 1387 ι;
231 1367 249 1382 s.
259 1360 303 1382 Th.
316 1361 366 1381 lect.

157 1397 245 1436 masc:
255 1386 299 1435 dis.
309 1387 369 1435 132}

159 1441 226 1463 Orth.
236 1440 275 1462 lib.
281 1440 310 1467 11,
317 1446 367 1467 cap.

156 1393 211 1409 xvu.

158 2285 166 2295 ”
183 2284 247 2305 Vers.
264 2283 285 2306 8.

396 948 453 978 Vel
479 948 573 977 etiarn
597 946 630 975 in
654 944 764 984 seipsis
794 953 850 983 per
878 943 1018 972 divinam
1049 941 1219 971 virtutem:
1252 940 1398 981 quamvis
1421 939 1461 969 ad

395 993 457 1022 hoc
482 992 579 1020 virtus
602 989 781 1020 intellectus
805 988 899 1018 creati
924 996 991 1017 non
1015 985 1159 1016 sufficiat.

449 1035 499 1065 Ar>
523 1043 657 1064 ‘marrim
682 1042 838 1062 memnon
868 1031 957 1071 quod
984 1030 1160 1070 publicatio
1189 1034 1397 1069 peccatorum
1421 1027 1460 1058 ad

394 1080 603 1120 ignominiam
627 1077 787 1117 peccantis
811 1081 857 1106 est
881 1075 1012 1106 effectus
1035 1074 1247 1115 negligentiae
1271 1082 1354 1113 quae
1370 1082 1460 1103 com-

394 1125 528 1154 mittitur
551 1124 583 1153 in
608 1122 782 1152 omissione
806 1119 1027 1151 confessionis.
1052 1119 1115 1151 Sed
1132 1118 1222 1159 quod
1242 1123 1374 1158 peccata
1389 1126 1460 1147 san-

395 1174 521 1199 ctorum
544 1167 723 1198 revelantur
757 1175 824 1195 non
849 1165 966 1205 poterit
989 1165 1034 1195 eis
1057 1173 1126 1194 esse
1149 1164 1183 1194 in
1207 1162 1461 1194 erubescentiam

394 1213 445 1243 vel
460 1211 695 1246 verecundiam,
712 1211 794 1240 sicut
817 1219 877 1240 nec
902 1210 1020 1240 Man'ae
1044 1208 1251 1249 Magdalenae
1271 1212 1318 1237 est
1333 1207 1366 1236 in
1383 1215 1461 1236 con·

395 1257 555 1288 fusionem
579 1255 669 1297 quod
691 1260 822 1295 peccata
838 1264 895 1285 sua
911 1254 1039 1295 publice
1055 1254 1088 1284 in
1104 1253 1248 1283 Ecclesia
1271 1251 1459 1282 recitantur:

395 1302 470 1342 quia
492 1300 684 1332 verecundia
707 1305 753 1330 est
777 1299 875 1330 timor
891 1298 1145 1341 ingloriationis,
1162 1302 1199 1328 ut
1214 1295 1461 1327 Damascenus*

396 1347 480 1381 dicit,
506 1346 561 1386 qui
584 1347 617 1376 in
640 1345 739 1375 beatis
763 1354 831 1375 esse
854 1354 922 1374 non
946 1343 1073 1384 poterit.
1106 1341 1169 1373 Sed
1191 1342 1261 1372 talis
1284 1340 1460 1381 publicatio

396 1391 453 1421 erit
476 1391 520 1421 eis
544 1389 584 1421 ad
606 1398 755 1429 magnam
778 1389 927 1429 gloriam,
952 1393 1083 1428 propter
1106 1386 1338 1427 poenitentiam
1363 1393 1461 1425 quam

395 1435 554 1466 fecerunt:
579 1435 662 1465 sicut
678 1439 709 1464 et
725 1432 891 1464 confessor
914 1433 1071 1473 approbat
1094 1441 1170 1462 eum
1190 1431 1246 1471 qui
1262 1439 1378 1470 magna
1393 1438 1461 1459 sce—

395 1481 458 1510 lera
474 1479 596 1510 fortiter
612 1478 793 1509 confitetur.
815 1478 975 1508 Dicuntur
991 1482 1099 1507 autem
1115 1481 1247 1517 peccata
1263 1484 1331 1506 esse
1347 1474 1460 1509 deleta,

396 1525 471 1565 quia
494 1524 582 1554 Deus
604 1533 672 1554 non
696 1522 782 1553 videt
805 1532 842 1553 ea
865 1522 902 1553 ad
928 1521 1140 1562 puniendum.

449 1569 499 1599 An
532 1578 680 1598 onan-rum
713 1577 872 1597 menmium
903 1566 993 1607 quod
1026 1576 1064 1596 ex
1093 1567 1157 1596 hoc
1190 1563 1281 1605 quod
1312 1568 1462 1604 peccator

396 1613 531 1643 aliorum
554 1618 685 1653 peccata
708 1612 864 1652 inspiciet,
881 1612 915 1642 in
930 1611 1021 1642 nullo
1041 1621 1098 1641 sua
1114 1609 1264 1640 confusio
1288 1608 1461 1644 minuetur,

396 1657 451 1688 sed
469 1658 569 1697 magis
593 1657 769 1697 augebitur,
786 1657 819 1686 in
836 1657 940 1686 alieno
964 1656 1123 1695 vituperio
1148 1663 1243 1685 suum
1267 1653 1462 1693 vituperium

396 1702 496 1742 magis
519 1701 730 1742 perpendens.
755 1700 855 1739 Quod
878 1701 965 1731 enim
984 1710 1022 1730 ex
1037 1700 1092 1730 tali
1115 1708 1211 1730 causa
1234 1696 1382 1728 confusio
1402 1697 1462 1727 mi-

396 1751 528 1782 nuatur,
554 1747 710 1786 contingit
733 1755 771 1775 ex
793 1746 857 1775 hoc
881 1744 970 1785 quod
993 1743 1186 1775 verecundia
1215 1742 1343 1782 respicit
1371 1742 1462 1772 aesti-

396 1791 572 1820 mationem
591 1791 772 1826 hominum,
790 1799 873 1829 quae
890 1799 927 1819 ex
944 1787 1180 1819 consuetudine
1195 1786 1336 1817 redditur
1351 1786 1462 1816 levior.

397 1834 460 1865 Sed
482 1840 560 1865 tunc
583 1834 732 1865 confusio
756 1834 903 1874 respiciet
931 1833 1186 1864 aestimationem
1210 1832 1285 1867 Dei,
1310 1839 1394 1871 quae
1417 1835 1463 1860 est

397 1878 574 1909 secundum
598 1879 763 1909 veritatem
791 1878 831 1909 de
860 1878 1005 1918 quolibet
1033 1882 1182 1917 peccato,
1207 1876 1272 1906 sive
1301 1876 1339 1905 sit
1368 1875 1463 1905 unius

397 1929 522 1954 tantum
545 1924 611 1954 sive
634 1923 821 1953 multorum.

515 1989 614 2019 ART.
640 1989 690 2019 III.
716 1998 820 2018 ornum
845 1998 943 2018 omma
967 1997 1083 2017 namra
1105 1997 1164 2017 vm.
1188 1996 1343 2016 DEMERITA

430 2044 559 2064 pnopma
577 2044 615 2063 m·
631 2043 744 2063 ALmNA
767 2043 806 2062 AB
827 2042 944 2062 amnuo
970 2041 1032 2062 xmo
1061 2041 1186 2061 mwrru
1201 2040 1339 2061 VIDENDA
1363 2039 1430 2060 smr

460 2109 480 2128 n
504 2108 638 2128 Triarium
666 2108 711 2127 src
739 2107 944 2127 moerim-run.
978 2096 1114 2127 Videtur
1144 2095 1234 2135 quod
1260 2104 1328 2125 non
1353 2095 1462 2125 omnia

400 2112 572 2173 Amerita
594 2142 644 2172 vel
673 2141 825 2172 demerita
848 2141 978 2181 propria
1002 2146 1033 2171 et
1057 2141 1159 2170 aliena
1184 2140 1222 2170 ab
1252 2139 1362 2180 aliquo
1394 2149 1461 2170 uno

395 2189 512 2218 intuitu
536 2186 712 2217 videantur.
738 2186 783 2216 Ea
800 2186 887 2216 enIm
904 2195 986 2225 quae
1002 2185 1185 2225 singillatim
1209 2184 1460 2220 considerantur,

394 2242 462 2262 non
485 2231 633 2262 videntur
655 2240 722 2261 uno
746 2231 874 2261 intuitu.
900 2229 963 2261 Sed
987 2229 1126 2260 damnati
1150 2229 1332 2269 singillatim
1357 2229 1461 2259 consi-

395 2276 550 2307 derabunt
565 2286 622 2306 sua
637 2280 768 2316 peccata
785 2280 815 2305 et
832 2284 868 2305 ea
884 2275 1052 2315 plangent:
1074 2273 1161 2304 unde
1177 2273 1297 2309 dicunt,
1309 2273 1384 2314 Sap.
1397 2283 1418 2303 v
1429 2274 1459 2303 *z

398 2321 485 2358 Quid
508 2320 598 2351 nobis
615 2320 748 2361 profuit
769 2319 928 2359 superbia,
951 2325 1010 2349 etc.
1039 2319 1125 2358 Ergo
1149 2327 1217 2348 non
1242 2318 1351 2348 omnia
1373 2317 1461 2349 vide-

396 2367 475 2396 bunt
498 2375 565 2395 uno
589 2365 717 2395 intuitu.

1516 940 1726 980 Augustinus,
1745 939 1875 977 ibidem,
1893 940 1983 981 quod
2006 941 2091 971 mira
2115 941 2278 971 celeritate
2301 940 2585 971 enumerabuntur.

1515 985 1585 1015 Nec
1609 989 1655 1015 est
1678 985 1742 1015 hoc
1765 985 1979 1025 impossibile:
2005 986 2081 1025 quia
2096 986 2130 1015 in
2147 985 2292 1025 quolibet
2315 994 2415 1025 parvo
2438 990 2586 1024 tempore

1516 1034 1591 1059 sunt
1613 1028 1738 1059 infinita
1760 1029 1908 1060 instantia
1931 1030 1965 1060 in
1988 1030 2143 1070 potentia.

1571 1073 1613 1103 Et
1636 1083 1694 1113 per
1716 1074 1780 1104 hoc
1803 1079 1891 1114 patet
1912 1075 2081 1114 responsio
2105 1074 2145 1104 ad
2167 1079 2338 1115 utramque
2361 1078 2495 1114 partem.

1643 1137 1896 1181 QUAESTIO
1924 1137 2459 1172 OCTOGESIMAOCTAVA

1548 1192 1592 1216 DE
1612 1191 1740 1217 1un1clo
1760 1191 1944 1221 GENERAL1.
1963 1191 2131 1216 TEMPORE
2151 1191 2197 1216 ET
2216 1191 2311 1217 Loco
2331 1191 2363 1216 [N
2384 1191 2458 1222 Quo
2477 1191 2555 1216 FIET

1520 1259 1673 1324 Dimum
1697 1249 1968 1286 considerandum
1991 1255 2037 1280 est
2058 1249 2097 1280 de
2118 1249 2239 1280 iudicio
2265 1249 2416 1290 generali,
2439 1255 2587 1290 tempore

1581 1299 1612 1325 et
1633 1294 1708 1325 loco
1731 1295 1766 1324 in
1789 1303 1856 1334 quo
1881 1293 1936 1325 fiet
1951 1295 1978 1324 ἦ

1477 1351 1500 1371 ²5
1517 1339 1612 1370 Circa
1636 1338 1726 1379 quod
1749 1344 1949 1379 quaeruntur
1971 1344 2121 1379 quatuor.

1571 1384 1698 1414 Primo:
1724 1389 1834 1414 utrum
1857 1383 2005 1423 generale
2028 1383 2185 1414 iudicium
2208 1383 2248 1413 sit
2270 1381 2426 1413 futurum.

1572 1427 1742 1459 Secundo:
1776 1433 1885 1458 utrum
1915 1433 2074 1468 quantum
2097 1428 2138 1458 ad
2164 1427 2430 1468 disceptationem
2452 1426 2508 1458 fiet
2530 1435 2588 1468 per

1605 1473 1752 1503 vocalem
1775 1473 1987 1503 locutionem.

1572 1517 1703 1548 Tertio:
1729 1522 1838 1548 utrum
1862 1516 1918 1548 fiet
1939 1523 2087 1558 tempore
2110 1517 2234 1557 ignoto.

1573 1562 1716 1600 Quarto:
1741 1567 1851 1593 utrum
1874 1561 1930 1593 fiet
1953 1563 1987 1592 in
2009 1562 2091 1592 valle
2115 1561 2273 1602 Iosaphat.

1617 1646 1716 1677 ART.
1742 1646 1764 1676 1.
1788 1656 1894 1677 urium
1917 1656 2080 1677 oxnnium:
2103 1655 2245 1676 rumcmu
2268 1655 2315 1676 srr
2338 1655 2484 1676 Furnium

1705 1697 1764 1719 Part.
1780 1696 1819 1723 111,
1835 1702 1874 1724 qu.
1889 1702 1937 1721 ux.
1952 1700 1993 1718 art.
2010 1702 2032 1723 5;
2049 1696 2082 1717 lv
2097 1696 2163 1718 Cont.
2176 1695 2253 1722 σπι,
2268 1701 2295 1717 ca
2312 1710 2319 1718 .
2334 1701 2400 1721 xcvi:

1546 1723 1630 1751 Quodl.
1647 1723 1675 1750 X,
1691 1730 1730 1751 qu.
1745 1729 1761 1750 1,
1776 1727 1818 1745 art.
1834 1729 1858 1749 23
1875 1722 1999 1751 Compend.
2017 1722 2106 1750 Theol„
2122 1729 2172 1750 cap.
2188 1727 2274 1747 ccxi-n:
2302 1728 2317 1744 n
2332 1722 2426 1749 Matth.,
2441 1728 2492 1750 cap.
2506 1728 2560 1744 xxv.

1585 1794 1605 1814 n
1625 1793 1742 1814 Panum
1761 1793 1806 1813 sic
1825 1792 2031 1813 moerenti-ux.
2058 1781 2193 1813 Videtur
2220 1781 2311 1822 quod
2333 1782 2482 1822 generale
2504 1781 2587 1812 iudi-

1479 1798 1501 1818 „
1520 1797 1672 1859 Acium
1686 1837 1754 1858 non
1770 1828 1809 1858 sit
1825 1827 1980 1858 futurum.
2005 1827 2100 1865 Quia,
2117 1832 2153 1857 ut
2176 1826 2291 1857 dicitur
2307 1826 2438 1857 Nahum
2453 1837 2464 1857 1
2475 1827 2503 1863 θ,
2521 1836 2586 1857 non

1519 1873 1674 1904 iudicabit
1695 1873 1785 1902 Deus
1808 1872 1855 1902 bis
1879 1872 1910 1902 in
1936 1871 2083 1912 idipsum.
2108 1870 2171 1902 Sed
2194 1880 2282 1901 nunc
2301 1871 2390 1901 Deus
2412 1870 2532 1901 iudicat
2547 1870 2588 1902 de

1518 1917 1651 1958 singulis
1673 1917 1845 1947 hominum
1870 1917 2039 1956 operibus:
2065 1925 2140 1946 cum
2159 1921 2234 1956 post
2252 1921 2391 1946 mortem
2410 1915 2588 1956 unicuique

1518 1971 1641 2002 poenas
1657 1961 1707 1991 vel
1723 1961 1864 2001 praemia
1879 1970 1939 2000 pro
1956 1961 2075 1991 meritis
2091 1960 2216 1996 tribuit3
2234 1965 2266 1990 et
2281 1959 2360 1990 dum
2376 1960 2472 1990 etiam
2489 1969 2588 2000 quos-

1478 2019 1504 2039 4⁰
1519 2006 1594 2036 dam
1616 2006 1649 2036 in
1672 2005 1731 2035 hac
1754 2006 1819 2035 vita
1848 2014 1908 2045 pro
1940 2005 2033 2035 bonis
2056 2005 2107 2034 vel
2130 2004 2221 2035 malis
2252 2004 2403 2044 operibus
2433 2005 2588 2045 praemiat

1518 2050 1569 2080 vel
1601 2050 1704 2090 punit.
1740 2049 1826 2090 Ergo
1859 2048 1986 2079 videtur
2017 2048 2107 2089 quod
2139 2058 2207 2079 non
2239 2049 2279 2079 sit
2311 2048 2398 2079 aliud
2430 2048 2588 2080 iudicium

1518 2094 1673 2125 futurum.
2132 2112 2135 2114 ,

1574 2148 1603 2169 2.
1628 2138 1824 2173 Pau-ranna,
1841 2138 1875 2167 in
1898 2137 1988 2168 nullo
2005 2137 2125 2168 iudicio
2142 2137 2290 2168 executio
2306 2137 2482 2168 sententiae
2497 2146 2588 2178 prae-

1517 2182 1601 2214 cedit
1616 2182 1783 2213 iudicium.
1809 2181 1872 2212 Sed
1887 2182 2043 2213 sententia
2059 2181 2158 2212 divini
2182 2180 2292 2212 iudicii
2307 2181 2417 2222 quoad
2439 2181 2588 2212 homines

1476 2241 1500 2261 ις
1517 2233 1564 2258 est
1587 2227 1628 2258 de
1650 2227 1822 2267 adeptione
1845 2226 1948 2266 Regni
1972 2226 2022 2256 vel
2045 2226 2231 2257 exclusione
2254 2235 2272 2256 a
2295 2226 2420 2266 Regno,
2443 2231 2480 2256 ut
2501 2231 2590 2266 patet

1517 2272 1629 2302 Matth.
1645 2281 1707 2302 xxv
1722 2272 1749 2301 *ἦ
1774 2271 1871 2311 Ergo,
1889 2281 1964 2301 cum
1979 2270 2080 2301 modo
2104 2271 2203 2311 aliqui
2219 2270 2435 2311 adipiscantur
2453 2279 2588 2311 regnum

1517 2322 1683 2347 aeternum
1700 2321 1731 2346 et
1747 2315 1878 2355 quidam
1895 2315 2104 2346 excludantur
2127 2316 2166 2345 ab
2190 2315 2261 2355 ipso
2278 2320 2447 2356 perpetuo,
2463 2314 2589 2346 videtur

1517 2360 1607 2401 quod
1630 2360 1717 2391 aliud
1739 2359 1896 2390 iudicium
1919 2369 1986 2390 non
2010 2361 2050 2390 sit
2072 2359 2229 2390 futurum.

2613 1295 2669 1344 {Cf-
2693 1301 2717 1318 u.
2725 1300 2828 1322 mxxxvii,

2611 1831 2828 1887 'ilii‘ffiss'a‘'

2615 2275 2627 2286 ·
2646 2273 2714 2296 νοτ..
2734 2278 2759 2302 3ι
2775 2280 2828 2303 tqq.

156 2421 166 2430 ·
181 2419 238 2447 Cap.
252 2426 274 2445 x,
290 2424 312 2441 n.
330 2426 348 2441 ι.
452 2419 480 2440 2.
506 2410 700 2444 PRAETEREA‚
725 2408 940 2448 Philosophus
965 2407 1057 2444 dicit,
1082 2408 1115 2437 in
1139 2407 1166 2437 11
1194 2407 1302 2447 Topic.
1319 2408 1346 2443 *‚
1372 2406 1462 2447 quod
1573 2405 1603 2436 3.
1627 2405 1824 2440 Pastinum,
1849 2410 1980 2445 propter
2003 2405 2066 2435 hoc
2090 2404 2197 2445 aliqua
2219 2404 2252 2434 in
2276 2403 2431 2434 iudicium
2460 2409 2589 2444 oportet

396 2464 460 2484 non
477 2454 638 2495 contingit
651 2453 748 2483 simul
765 2453 866 2493 plura
884 2452 1075 2493 intelligere.
1100 2451 1163 2483 Sed
1179 2452 1290 2482 merita
1307 2456 1337 2482 et
1353 2451 1461 2482 deme·
1477 2462 1502 2483 ςο
1516 2449 1642 2486 adduci,
1659 2450 1735 2490 quia
1759 2448 1894 2479 dubium
1918 2454 1965 2479 est
1981 2448 2059 2489 quid
2083 2448 2123 2479 de
2147 2449 2192 2479 eis
2215 2447 2436 2479 definiendum
2451 2449 2500 2479 sit.
2524 2448 2588 2480 Sed

394 2499 452 2528 rita
468 2499 596 2539 propria
613 2503 644 2528 et
659 2498 762 2528 aliena
784 2507 852 2527 non
875 2496 1068 2527 videbuntur
1091 2497 1151 2527 nisi
1175 2496 1349 2526 intellectu.
1375 2496 1460 2536 Ergo
1516 2499 1589 2525 ante
1612 2493 1712 2524 finem
1735 2493 1849 2524 mundi
1865 2493 2074 2524 determinata
2097 2499 2144 2524 est
2167 2493 2346 2533 unicuique
2362 2492 2587 2524 damnatorum

394 2552 462 2573 non
485 2547 637 2583 poterunt
659 2542 755 2572 simul
779 2542 888 2571 omnia
910 2540 1019 2571 videri.
1515 2549 1573 2570 sua
1596 2538 1776 2574 damnati0,
1802 2543 1833 2568 et
1857 2538 1975 2578 cuique
2005 2543 2189 2568 sanctorum
2213 2547 2270 2568 sua
2293 2537 2468 2568 beatitudo.
2501 2537 2587 2578 Ergo

452 2587 480 2617 3.
505 2587 707 2622 Puni-xalta,
731 2586 911 2616 intellectus
940 2585 1165 2615 damnatorum
1193 2585 1364 2616 hominurn
1392 2594 1459 2616 non
1515 2583 1641 2614 videtur
1657 2582 1747 2623 quod
1765 2592 1834 2613 non
1850 2587 1998 2623 oporteat
2013 2582 2146 2622 aliquod
2165 2582 2310 2613 futurum
2333 2581 2491 2612 iudicium
2506 2591 2585 2613 esse.
2688 2606 2694 2615 .

396 2631 454 2661 erit
472 2636 545 2671 post
567 2631 833 2661 resurrectionem
857 2630 1009 2660 elevatior
1025 2639 1124 2669 quam
1139 2639 1227 2660 nunc
1243 2630 1282 2659 sit
1298 2630 1460 2660 bonorum
1571 2627 1634 2658 Sim
1651 2637 1784 2662 CONTRA,
1803 2627 1914 2657 Matth.
1932 2637 1975 2657 xn
1990 2628 2006 2643 ⁴*
2023 2626 2153 2657 dicitur:
2185 2626 2253 2657 Viri
2268 2626 2434 2657 Ninivitae
2451 2631 2589 2668 surgent
2614 2634 2625 2646 ·
2640 2632 2707 2655 vero.
2722 2638 2760 2660 41.

396 2675 583 2716 angelorum
607 2681 764 2715 quantum
788 2674 827 2704 ad
851 2675 1071 2714 cognitionem
1101 2674 1292 2710 naturalem,
1318 2683 1382 2714 qua
1405 2684 1459 2704 co·
1477 2684 1499 2705 ςς
1516 2672 1548 2703 ἰη
1574 2672 1693 2702 iudicio
1718 2681 1790 2702 cum
1819 2671 2032 2713 generatione
2055 2671 2131 2708 ista,
2156 2676 2188 2702 et
2216 2670 2477 2702 condemnabunt
2505 2680 2586 2702 eam.

395 2725 555 2760 gnoscunt
570 2729 618 2750 res
635 2729 691 2759 per
707 2719 828 2759 species
847 2719 980 2749 innatas.
1005 2718 1068 2749 Sed
1084 2719 1138 2749 tali
1155 2719 1341 2758 cognitione
1357 2718 1461 2759 angeli
1515 2717 1601 2757 Ergo
1625 2721 1699 2756 post
1722 2716 1988 2746 resurrectionem
2012 2715 2145 2756 aliquod
2167 2715 2323 2746 iudicium
2348 2715 2415 2746 erit.

158 2770 368 2797 ·nsent.‚dist.n1,
396 2774 463 2794 non
478 2764 586 2794 vident
601 2764 692 2804 plura
712 2764 806 2794 simul
822 2765 848 2793 ’ἢ
873 2763 958 2804 Ergo
975 2773 1035 2794 nec
1051 2768 1129 2793 tunc
1145 2763 1285 2794 damnati
1309 2768 1461 2803 poterunt
1573 2770 1602 2791 2.
1626 2761 1812 2791 Pastinum
1826 2783 1833 2796 ,
1858 2760 1946 2800 Ioan.
1964 2771 1983 2789 v
2006 2761 2023 2777 ⁴*
2047 2760 2178 2791 dicitur:
2212 2759 2392 2790 Procedent
2418 2760 2474 2801 qui
2502 2759 2587 2790 bona
2615 2763 2624 2774 “
2640 2760 2707 2784 vm.
2721 2767 2758 2790 ²⁹·

158 2804 197 2825 ‘³¹²‘
213 2804 238 2824 ¹¹¹
253 2801 294 2819 m·
309 2804 333 2824 ⁴·
397 2809 505 2839 omnia
529 2808 610 2839 facta
634 2808 728 2838 simul
751 2807 868 2838 videre.
1516 2810 1655 2847 egerunt
1675 2805 1708 2835 in
1733 2805 2002 2835 resurrectionem
2023 2805 2127 2842 vitae‚·
2149 2805 2297 2846 quivero
2314 2804 2411 2840 mala,
2429 2804 2461 2835 in
2478 2813 2587 2835 resur-

158 2856 167 2866 ·
182 2855 249 2877 Vers·
264 2861 298 2876 ²2-
451 2852 513 2883 San
530 2862 663 2888 conum,
680 2862 776 2892 super
796 2851 875 2883 illud
892 2852 949 2882 Iob
965 2862 1020 2882 vm
1035 2853 1062 2888 *‚
1080 2852 1239 2882 Inductur
1257 2851 1459 2893 confusione,
1517 2851 1690 2880 rectionem
1715 2849 1836 2880 iudicii.
1860 2849 1946 2890 Ergo
1965 2849 2090 2880 videtur
2113 2848 2204 2890 quod
2226 2853 2300 2889 post
2322 2849 2587 2879 resurrectionem

159 2906 168 2914 ·
183 2903 241 2925 om.
397 2897 472 2927 dicit
488 2897 602 2928 Glossa
617 2898 651 2927 *z
675 2897 746 2927 Viso
765 2896 883 2932 Iudice,
901 2897 988 2927 mala
1005 2897 1114 2927 omnia
1130 2901 1205 2927 ante
1221 2896 1333 2926 oculos
1348 2896 1462 2926 mentis
1476 2904 1503 2924 60
1517 2894 1650 2934 aliquod
1673 2893 1829 2924 iudicium
1853 2894 1893 2924 sit
1916 2893 2071 2924 futurum.

397 2947 575 2972 versantur.
607 2941 670 2972 Sed
694 2941 836 2971 Iudicem
867 2941 972 2971 subito
1004 2940 1168 2971 videbunt.
1200 2940 1286 2980 Ergo
1317 2940 1461 2971 similiter
1572 2939 1762 2969 Rnsponnno
1787 2948 1947 2968 mmmmm
1969 2937 2078 2979 quod,
2102 2938 2185 2968 sicut
2213 2937 2358 2978 operatio
2387 2937 2524 2977 pertinet
2547 2935 2586 2966 ad

397 2986 479 3016 mala
502 2995 584 3025 quae
608 2986 847 3016 commiserunt.
872 2986 913 3015 Et
933 2985 1044 3016 eadem
1068 2986 1191 3016 ratione
1214 2985 1323 3015 omnia
1348 2985 1416 3015 alia.
1517 2993 1624 3014 rerum
1647 2983 1852 3023 principium,
1871 2992 1937 3023 quo
1961 2982 2185 3023 producuntur
2207 2982 2241 3012 in
2265 2990 2343 3017 esse,
2364 2981 2407 3011 ita
2429 2980 2586 3011 iudicium

160 3028 170 3038 '
185 3027 242 3055 0¹²⁹-
256 3033 301 3050 ¹¹V·
454 3040 482 3060 2.
507 3030 702 3066 Pataui-unm,
727 3030 937 3070 Augustinus,
957 3030 1016 3059 XX
1032 3030 1071 3060 de
1090 3030 1157 3060 (Σίν.
1174 3029 1237 3060 Dei
1248 3030 1275 3065 ἡ
1291 3029 1387 3059 habet
1402 3038 1461 3069 pro
1517 3029 1654 3068 pertinet
1677 3027 1717 3058 ad
1740 3027 1924 3064 terminum,
1941 3037 2008 3067 quo
2026 3036 2074 3058 res
2098 3026 2138 3057 ad
2161 3035 2257 3057 suum
2273 3024 2372 3056 finem
2388 3024 2583 3064 perducitur.

397 3075 635 3105 inconvenienti
659 3074 747 3114 quod
770 3074 892 3114 legatur
916 3074 1029 3114 aliquis
1048 3074 1127 3104 liber
1146 3074 1315 3104 materialis
1330 3075 1364 3104 in
1380 3073 1462 3104 iudi·
1517 3072 1730 3112 Distinguitur
1746 3077 1854 3102 autem
1870 3071 1989 3112 duplex
2005 3071 2066 3102 Dei
2089 3070 2244 3111 operatio.
2269 3069 2350 3104 Una,
2371 3078 2435 3109 qua
2457 3078 2506 3099 res
2521 3068 2585 3109 pri-

398 3119 448 3148 cio
465 3119 497 3149 in
514 3128 580 3158 quo
604 3118 686 3149 facta
709 3118 910 3158 singulorum
934 3123 1007 3148 sunt
1031 3119 1156 3158 scripta,
1177 3128 1217 3148 eo
1242 3117 1331 3158 quod
1354 3118 1462 3148 nullus
1477 3125 1501 3151 ες
1516 3117 1614 3147 mitus
1637 3117 1670 3146 in
1694 3125 1762 3146 esse
1785 3115 1947 3156 perduxit,
1971 3116 2140 3146 instituens
2163 3119 2310 3145 naturam
2333 3117 2365 3143 et
2388 3112 2585 3153 distinguens

163 3470 208 3491 ·Β.
230 3469 319 3491 Athen.
342 3469 373 3490 1v

162 3496 234 3522 Sem„
246 3496 298 3517 dist.
309 3501 374 3523 mu,

162 3527 202 3544 art.
220 3529 253 3549 ¹4.

397 3162 498 3193 valeat
532 3163 696 3193 aestimare
730 3163 814 3193 illius
848 3163 917 3192 libri
952 3162 1218 3203 magnitudinem,
1253 3162 1304 3192 vel
1339 3167 1461 3202 quanto

397 3212 542 3246 tempore
566 3207 628 3247 legi
651 3212 769 3247 posset.
793 3206 856 3237 Sed
879 3207 1022 3237 similiter
1044 3208 1139 3237 etiam
1155 3216 1222 3237 non
1239 3211 1348 3247 posset
1371 3207 1463 3237 aesti-

398 3251 477 3281 mari
492 3256 619 3291 tempus
635 3256 792 3291 quantum
814 3256 976 3291 oporteret
999 3261 1121 3291 ponere
1138 3250 1177 3281 ad
1194 3250 1462 3281 considerandum

399 3296 507 3325 omnia
530 3296 641 3325 merita
658 3301 688 3325 et
705 3295 857 3325 demerita
880 3305 937 3325 sua
961 3300 992 3325 et
1011 3296 1114 3325 aliena
1130 3296 1168 3325 ab
1185 3295 1294 3335 aliquo
1318 3295 1461 3331 homine,

399 3339 424 3368 si
447 3340 624 3369 successive
648 3339 768 3369 diversa
793 3339 929 3369 videant.
962 3339 1047 3379 Ergo
1072 3344 1200 3379 oportet
1228 3348 1349 3379 ponere
1373 3339 1463 3379 quod

400 3383 507 3412 omnia
530 3383 624 3413 simul
647 3383 751 3413 videat
775 3384 1008 3423 unusquisque.

453 3427 641 3457 Rusponnno
665 3437 824 3457 monimum
841 3426 930 3466 quod
949 3427 1030 3456 circa
1054 3427 1117 3457 hoc
1134 3433 1181 3457 est
1197 3427 1315 3467 duplex
1338 3427 1461 3467 opinio.

401 3469 540 3507 Quidam
556 3472 572 3488 ⁸*
596 3472 682 3501 enim
713 3470 823 3501 dicunt
853 3470 942 3510 quod
974 3471 1083 3500 omnia
1112 3471 1224 3501 merita
1253 3476 1284 3501 et
1310 3470 1463 3501 demerita

401 3514 495 3544 simul
511 3514 624 3554 aliquis
638 3513 767 3549 videbit,
784 3524 841 3544 sua
857 3519 888 3544 et
903 3514 1014 3550 aliena,
1027 3515 1060 3544 in
1076 3515 1214 3545 instanti.
1232 3533 1254 3536 —
1276 3514 1376 3552 Quod
1392 3514 1463 3554 qui-

1518 3170 1555 3191 ea
1571 3170 1655 3201 quae
1670 3159 1710 3191 ad
1730 3160 1984 3200 completionem
2002 3159 2102 3200 ipsius
2117 3158 2296 3198 pertinent:
2321 3167 2339 3187 a
2360 3166 2427 3197 quo
2451 3157 2585 3198 quidem

1517 3214 1615 3245 opere
1632 3205 1720 3235 Deus
1735 3204 1850 3235 dicitur
1864 3204 2029 3244 quievisse,
2047 3202 2160 3234 Genes.
2177 3211 2199 3232 11
2213 3202 2241 3232 '.
2265 3201 2337 3232 Alia
2353 3203 2421 3232 eius
2439 3202 2584 3242 operatio

1518 3255 1565 3280 est
1597 3258 1661 3289 qua
1693 3254 1843 3288 operatur
1865 3248 1899 3278 in
1921 3247 2154 3288 gubernatione
2185 3251 2416 3276 creaturarum:
2451 3246 2492 3277 de
2521 3255 2586 3286 qua

1518 3293 1606 3324 Ioan.
1622 3303 1643 3324 v
1658 3294 1689 3323 *t
1706 3293 1804 3323 Pater
1819 3301 1908 3322 meus
1924 3300 2023 3332 usque
2038 3290 2134 3321 modo
2151 3295 2316 3331 operatur,
2329 3295 2361 3320 et
2375 3300 2437 3332 ego
2454 3300 2583 3331 operor.

1477 3337 1564 3371 701ta
1587 3338 1683 3368 etiam
1706 3336 1824 3376 duplex
1848 3336 1916 3366 eius
1938 3335 2095 3366 iudicium
2111 3334 2324 3375 distinguitur,
2342 3335 2454 3366 ordine
2477 3341 2585 3366 tamen

1518 3391 1685 3412 converso.
1705 3381 1817 3411 Unum
1842 3379 1932 3420 quod
1947 3378 2119 3419 respondet
2139 3379 2318 3419 operationi
2334 3380 2584 3420 gubernationis,

1518 3434 1601 3465 quae
1625 3425 1692 3455 sine
1707 3423 1828 3454 iudicio
1852 3432 1919 3454 esse
1935 3433 2003 3453 non
2026 3428 2142 3463 potest.
2166 3423 2225 3454 Per
2241 3423 2331 3463 quod
2355 3423 2487 3464 quidem
2502 3423 2585 3455 iudi-

1518 3470 1605 3499 cium
1628 3468 1851 3508 unusquisque
1866 3467 2065 3507 singulariter
2080 3477 2139 3507 pro
2164 3468 2228 3498 suis
2248 3468 2400 3508 operibus
2416 3468 2583 3504 iudicatur,

1517 3522 1585 3543 non
1608 3513 1714 3543 solum
1738 3511 1915 3541 secundum
1940 3511 2028 3551 quod
2052 3512 2111 3542 sibi
2134 3513 2303 3552 competit,
2327 3512 2383 3543 sed
2406 3512 2585 3544 secundum

402 3557 475 3587 dem
506 3557 544 3587 de
575 3558 673 3588 beatis
697 3557 787 3588 facile
818 3558 903 3588 credi
931 3563 1054 3597 potest:
1089 3559 1165 3598 quia
1195 3559 1303 3588 omnia
1333 3559 1367 3588 in
1394 3567 1461 3588 uno
1477 3570 1501 3590 75
1518 3556 1608 3596 quod
1631 3556 1786 3595 competit
1801 3556 2024 3595 gubernationi
2048 3556 2202 3587 universi:
2227 3556 2314 3587 unde
2331 3556 2473 3588 differtur
2488 3557 2584 3588 unius

2613 3203 2704 3226 'Vei-o.
2718 3209 2740 3226 a.

2612 3297 2623 3308 ·
2637 3295 2704 3319 ven.
2720 3301 2753 3324 ¹7.
