2918 4088
159 824 177 843 c

61 875 123 924 '‘NCJ.
134 881 173 904 qu.
183 881 222 903 u,
236 875 276 897 In-

0 1313 9 1457 ς

60 2145 239 2175 *Ριι-ιι,13.

68 3005 80 3016 “
93 3003 172 3027 Tnet.
189 3003 282 3026 Lxxx.

69 3159 82 3170 ¹
95 3157 162 3192 Vei-9.
176 3164 210 3188 33.

10 3698 25 3719 'r'

13 3738 28 3799 i

15 3812 22 3820 ..

990 225 1253 272 QUAEsrio
1282 224 1421 272 wa,
1450 223 1742 262 ARTICULUS
1771 226 1785 263 1

2427 242 2472 278 41

727 487 1139 564 QUAESTIO
1176 487 2056 564 SEXAGESIMAQUARTA

938 608 1022 651 DE
1056 607 1273 650 CAUSIS
1308 607 1863 650 SACRAMENTORUM

1118 725 1154 750 IN
1179 725 1302 751 DECEM
1328 725 1530 752 ARTICULOS
1557 726 1671 751 DIVISA

387 829 494 856 EINDE
524 817 850 858 considerandum
876 826 932 857 est
964 818 1012 857 de
1047 818 1171 856 causis
1197 825 1214 840 ‘²
1246 831 1369 857 sacra-

305 830 611 913 Dmentorum
629 870 666 918 ³¹⁶,
697 870 776 908 sive
804 883 875 921 per
898 871 1163 909 auctoritatem
1191 871 1271 909 sive
1297 885 1368 922 per

303 924 570 963 ministerium.

303 978 352 1015 Et
378 977 478 1015 circa
505 977 582 1014 hoc
609 984 850 1025 quaeruntur
876 977 1023 1015 decem.
1367 1005 1369 1011 ,

356 1029 508 1068 Primo:
538 1037 670 1066 utrum
690 1032 794 1068 solus
813 1031 920 1068 Deus
944 1030 1101 1068 interius
1129 1039 1310 1081 operetur
1329 1031 1368 1068 in

409 1082 666 1121 sacramentis,

357 1137 559 1174 Secundo:
589 1144 721 1173 utrum
748 1136 933 1174 institutio
962 1145 1294 1175 sacramentorum
1323 1138 1369 1175 sit

409 1191 538 1227 solum
566 1201 589 1226 a
616 1190 714 1227 Deo.
1075 1200 1077 1202 ·

355 1242 508 1280 Tertio:
538 1242 586 1279 de
613 1250 800 1293 potestate
828 1255 948 1294 quam
978 1242 1152 1281 Christus
1175 1244 1310 1282 habuit
1328 1244 1367 1283 in

409 1295 667 1335 sacramentis.

356 1349 506 1397 Quarto
516 1356 689 1390 autrum
708 1348 812 1387 illam
839 1357 1068 1399 potestatem
1095 1349 1263 1399 potuerit
1287 1350 1368 1387 aliis

398 1401 710 1439 communicare.
743 1423 746 1425 -

1476 819 1644 867 Quinto:
1681 828 1814 858 utrum
1844 829 2012 870 potestas
2049 822 2247 861 ministerii
2284 824 2324 861 in
2361 837 2483 863 sacra-

1529 873 1668 910 mentis
1696 874 1901 911 conveniat
1928 875 2048 912 malis.

1477 926 1610 964 Sexto:
1650 934 1782 964 utrum
1816 927 1907 965 mali
1943 937 2102 977 peccent
2138 929 2397 979 dispensando
2426 943 2483 967 sa-

1530 987 1736 1016 eramenta.

1477 1032 1670 1082 Septimo:
1706 1040 1837 1070 utrum
1873 1033 1995 1083 angeli
2022 1034 2169 1083 possint
2204 1048 2285 1073 esse
2322 1036 2484 1073 ministri

1529 1093 1871 1124 sacramentorum.

1478 1139 1647 1176 Octavo:
1677 1147 1809 1176 utrum
1836 1140 1994 1178 intentio
2022 1141 2184 1178 ministri
2202 1141 2418 1192 requiratur
2445 1142 2484 1179 in

1530 1201 1786 1230 sacramentis.

1476 1245 1616 1283 Nono:
1655 1253 1787 1285 utrum
1824 1246 2039 1296 requiratur
2065 1247 2118 1285 ibi
2146 1256 2247 1286 recta
2279 1247 2396 1295 fides;
2434 1248 2484 1286 ita

1530 1298 1670 1336 scilicet
1688 1299 1796 1349 quod
1815 1299 1978 1337 infidelis
2005 1312 2086 1339 non
2113 1301 2233 1350 possit
2250 1302 2399 1339 tradere
2427 1314 2484 1340 sa-

1530 1360 1783 1389 eramentum.

1476 1405 1660 1442 Decimo:
1699 1413 1830 1443 utrum
1859 1406 2073 1456 requiratur
2100 1407 2153 1444 ibi
2181 1415 2282 1445 recta
2314 1407 2483 1446 intentio.

1115 1514 1436 1566 ARTICULUS
1467 1525 1675 1566 PRIMUS

345 1616 504 1651 UTRUM
527 1615 666 1648 SOLUS
687 1615 812 1652 DEUs,
827 1615 914 1647 VEL
936 1615 1075 1646 ETIAM
1099 1616 1315 1652 MINISTER‚
1332 1617 1534 1648 1NTER1us
1558 1597 1792 1649 OPERETuR
1814 1619 1874 1649 AD
1898 1620 2137 1652 EFFECTUM
2161 1621 2443 1654 SACRAMENTI

924 1693 1016 1726 Supra,
1034 1701 1080 1726 qu.
1099 1700 1159 1724 un,
1177 1698 1224 1718 art.
1246 1699 1256 1717 ι
1267 1701 1275 1725 3
1296 1693 1329 1718 1v
1349 1694 1432 1724 Sent„
1452 1694 1511 1719 dist.
1530 1702 1548 1724 1,
1567 1702 1612 1727 qu.
1631 1702 1649 1724 1.
1668 1700 1716 1721 art.
1733 1704 1758 1727 4,
1779 1696 1828 1728 qu*
1849 1703 1872 1722 1.

339 1791 345 1806 ι
423 1796 490 1820 A(
512 1785 535 1811 n
562 1785 699 1811 ptumum
725 1785 778 1810 sm
803 1785 1040 1811 PROCEDITUR.
1074 1773 1236 1811 Videtur
1261 1774 1369 1823 quod

336 1819 383 1877 tif)
433 1803 496 1889 ²324}
514 1838 595 1864 non
614 1827 719 1864 solus
738 1827 856 1874 Deus,
877 1827 944 1865 sed
969 1826 1083 1864 etiam
1109 1825 1293 1873 minister,
1313 1826 1369 1863 in-

306 1883 366 1928 ’,θ
382 1897 434 1915 ψ
457 1873 484 1922 ²<
499 1879 631 1917 terius
651 1887 832 1929 operetur
850 1880 899 1918 ad
919 1880 1101 1917 effectum
1127 1880 1366 1918 sacramenti.

323 1911 458 1972 [ζ’-ἒ)
473 1926 674 1971 Interior
697 1932 801 1970 enirn
821 1933 980 1970 effectus
1006 1933 1234 1971 sacramenti
1254 1941 1309 1970 est
1328 1940 1370 1970 ut

303 1984 426 2023 homo
445 1993 630 2036 purgetur
649 1998 671 2023 a
688 1986 865 2036 peccatis,
886 1994 923 2023 et
941 1986 1179 2024 illuminetur
1200 1999 1270 2037 per
1288 1999 1370 2036 gra-

303 2037 408 2076 tiam.
447 2038 526 2076 Sed
558 2039 607 2076 ad
635 2038 830 2077 ministros
867 2039 1059 2078 Ecclesiae
1091 2040 1254 2090 pertinet
1279 2053 1370 2090 pur-

302 2092 417 2142 gare,
446 2092 660 2130 illuminare
688 2101 724 2130 et
749 2095 954 2143 perficere:
980 2101 1023 2131 ut
1050 2102 1153 2143 patet
1179 2106 1250 2143 per
1277 2093 1369 2131 Dio-

305 2144 473 2195 nysium,
495 2145 535 2183 in
548 2158 572 2183 v
586 2158 669 2195 cap.
689 2146 790 2184 Coel.
805 2148 915 2184 Hier.
931 2146 951 2169 ’¹‘
971 2148 1073 2196 Ergo
1092 2146 1245 2185 videtur
1263 2149 1370 2197 quod

305 2210 387 2236 non
406 2199 512 2236 solus
530 2199 649 2245 Deus,
665 2200 732 2236 sed
752 2199 864 2236 etiam
886 2199 1047 2237 ministri
1067 2200 1259 2238 Ecclesiae
1279 2213 1371 2251 ope-

306 2259 439 2289 rentur
456 2250 472 2281 β
499 2252 548 2289 ad
577 2252 805 2290 sacramenti
833 2253 1026 2291 effectum.

361 2316 396 2342 2.
434 2305 655 2343 PRAETEREA
668 2335 677 2353 ,
716 2305 755 2343 in
797 2306 999 2344 collatione
1041 2315 1372 2346 sacramentorum

306 2358 501 2408 quaedam
529 2358 750 2396 orationum
777 2359 957 2408 suffragia
979 2368 1264 2410 proponuntur.
1296 2362 1372 2400 Sed

306 2411 500 2458 orationes
518 2411 710 2449 iustorum
728 2420 817 2450 sunt
834 2413 956 2461 magis
974 2414 1080 2463 apud
1107 2414 1238 2451 Deum
1257 2428 1372 2453 exau-

306 2464 441 2503 dibiles
469 2463 589 2514 quam
624 2477 987 2515 quorumcumque:
1027 2467 1245 2505 secundum
1279 2469 1372 2506 illud

306 2519 411 2555 Ioan.
431 2530 467 2555 tx
483 2518 522 2555 *z
553 2520 594 2556 Si
627 2520 706 2568 quis
732 2520 806 2556 Dei
840 2519 960 2557 cultor
986 2526 1057 2566 est,
1088 2527 1121 2558 et
1147 2522 1372 2560 voluntatem

307 2572 381 2607 Dei
396 2572 506 2619 facit,
526 2573 625 2608 hunc
655 2573 755 2609 Deus
774 2572 934 2610 exaudit.
965 2573 1068 2621 Ergo
1087 2573 1240 2612 videtur
1265 2576 1373 2624 quod

307 2623 498 2661 maiorem
517 2625 699 2661 effectum
718 2626 944 2663 sacramenti
963 2627 1212 2676 consequitur
1231 2628 1291 2665 ille
1306 2628 1374 2678 qui

308 2676 442 2726 recipit
469 2676 577 2714 illum
596 2682 611 2705 Υ
640 2690 662 2714 a
690 2677 795 2715 bono
824 2679 1011 2716 ministro.
1051 2680 1114 2717 Sic
1142 2693 1232 2729 ergo
1260 2676 1375 2720 mini-⁵

309 2737 384 2767 ster
411 2738 593 2779 operatur
621 2729 764 2779 aliquid
793 2732 842 2768 ad
870 2732 1090 2770 interiorem
1119 2734 1312 2782 effectum,
1337 2743 1374 2772 et

309 2795 389 2820 non
419 2785 523 2820 solus
551 2784 669 2820 Deus.

365 2837 399 2873 3.
421 2837 653 2883 PRAETEREA,
683 2836 833 2884 dignior
860 2845 916 2874 est
935 2838 1056 2874 homo
1085 2851 1205 2887 quam
1231 2852 1290 2876 res
1318 2841 1373 2877 in-

309 2889 487 2927 animata.
519 2890 595 2927 Sed
624 2902 683 2926 res
703 2889 912 2927 inanimata
940 2890 1083 2939 aliquid
1112 2893 1293 2941 operatur
1325 2894 1374 2930 ad

310 2942 492 2980 effectum
521 2942 762 2979 interiorem:
793 2955 885 2980 narn
913 2956 1011 2993 aqua
1039 2956 1174 2993 corpus
1201 2947 1321 2995 tangit
1342 2952 1375 2982 et

309 3008 377 3034 cor
395 2996 520 3042 abluit,
542 3003 584 3032 ut
602 2996 839 3043 Augustinus
859 2996 959 3042 dicit,
979 3009 1091 3046 super
1107 2999 1217 3035 Ioan.
1232 2998 1253 3020 ’¹‘
1272 2999 1374 3047 Ergo

309 3049 432 3087 homo
461 3049 605 3098 aliquid
643 3057 824 3097 operatur
860 3050 908 3087 ad
937 3049 1158 3088 interiorem
1193 3051 1375 3088 effectum

311 3102 551 3149 sacramenti,
580 3110 617 3139 et
644 3114 725 3140 non
754 3104 858 3139 solus
887 3103 1004 3140 Deus.

364 3155 439 3195 SED
459 3167 604 3193 CONTRA
623 3168 688 3192 EsT
708 3156 815 3204 quod
844 3155 982 3193 dicitur
998 3158 1110 3194 Rom.
1131 3169 1189 3194 vm
1207 3157 1245 3194 *ι
1274 3158 1377 3194 Deus

311 3209 375 3258 qui
391 3210 572 3257 iustificat.
595 3209 698 3247 Cum
717 3208 829 3257 igitur
847 3208 1004 3246 interior
1022 3210 1182 3247 effectus
1196 3210 1375 3264 omnium

311 3269 643 3299 sacramentorum
662 3261 708 3298 sit
726 3261 954 3305 iustificatio‚
970 3262 1122 3300 videtur
1143 3263 1251 3312 quod
1271 3264 1375 3300 solus

311 3314 419 3353 Deus
453 3322 635 3364 operetur
670 3314 893 3353 interiorem
921 3316 1103 3353 effectum
1135 3317 1374 3354 sacramenti.

349 1797 363 1819 A
368 1796 397 1831 ὴὲ

365 3429 394 3464 α)
412 3430 508 3457 causis.
524 3444 545 3450 -
561 3438 645 3456 causa
661 3432 743 3458 tertia.

365 3465 392 3535 βξ
410 3470 562 3499 operentur.
579 3481 599 3486 -
616 3467 730 3492 interius
748 3470 893 3500 operentur
912 3468 951 3492 ΡΙ.

363 3509 381 3534 γ
411 3501 494 3527 illum.
511 3515 531 3521 -
548 3502 634 3534 ipsum
653 3503 681 3528 P.

363 3535 390 3571 ὃ)
408 3537 537 3563 consistit.
550 3551 570 3556 —
581 3538 678 3565 existit
696 3538 792 3568 PGH13
811 3538 959 3564 consistit...
977 3539 1141 3565 sacramenti
1159 3538 1266 3572 effectus
1279 3545 1332 3564 om.
1345 3539 1377 3564 A.

453 3590 564 3615 Somnus
577 3591 680 3617 Tnnor..
700 3592 732 3617 D.
747 3591 863 3617 TnonAr.
882 3592 913 3617 T.
928 3593 970 3617 IX.

1476 1777 1701 1814 RESPONDEO
1720 1789 1903 1815 DtCENDUM
1921 1778 2030 1827 quod
2057 1779 2208 1828 operari
2236 1780 2405 1830 aliquem
2438 1783 2488 1820 es—

1423 1829 1564 1866 sectum
1595 1829 1777 1878 contingit
1804 1830 2024 1879 dupliciter:
2055 1844 2135 1869 uno
2164 1833 2297 1881 modo,
2317 1847 2387 1884 per
2405 1848 2488 1873 mo-

1425 1883 1521 1919 dum
1548 1882 1767 1932 principalis
1787 1883 1949 1931 agentis3
1978 1884 2052 1921 alio
2078 1886 2210 1932 modo,
2231 1899 2301 1936 per
2322 1889 2488 1926 modum

1424 1935 1678 1973 instrumenti.
1708 1936 1839 1973 Primo
1859 1937 1972 1986 igitur
1999 1939 2119 1975 modo
2148 1940 2252 1976 solus
2271 1941 2378 1978 Deus
2398 1954 2489 1992 ope-

1425 1997 1530 2026 ratur
1547 1989 1770 2026 interiorem
1790 1990 1971 2027 effectum
1998 1992 2234 2029 sacramenti.
2265 1994 2370 2031 Tum
2398 1995 2489 2044 quia

1425 2044 1529 2080 solus
1549 2043 1656 2080 Deus
1684 2042 1847 2080 illabitur
1865 2043 2018 2081 animae
2037 2044 2068 2090 ²¹³,
2098 2045 2137 2082 in
2165 2058 2243 2095 qua
2262 2048 2489 2085 sacramenti

1426 2096 1584 2133 effectus
1619 2096 1789 2133 consistit
1807 2095 1832 2133 ὃ.
1863 2098 1955 2134 Non
1991 2105 2122 2135 autem
2157 2107 2282 2148 potest
2313 2100 2458 2150 aliquid
2476 2107 2488 2123 ε

1425 2148 1647 2186 immediate
1668 2150 1818 2198 operari
1832 2150 1898 2187 ubi
1914 2162 1994 2187 non
2014 2159 2079 2188 est.
2095 2173 2121 2178 -
2132 2153 2238 2189 Tum
2252 2153 2344 2202 quia
2358 2155 2487 2202 gratia,

1426 2215 1527 2251 quae
1556 2211 1611 2239 est
1638 2202 1795 2240 interior
1822 2204 2049 2241 sacramenti
2078 2205 2247 2252 effectus,
2273 2214 2328 2243 est
2355 2220 2378 2244 a
2406 2209 2488 2245 solo

1426 2257 1511 2293 Deo
1525 2255 1558 2303 *,
1578 2263 1620 2292 ut
1639 2255 1679 2292 in
1699 2256 1878 2293 Secunda
1897 2257 2007 2294 Parte
2026 2256 2067 2279 ’¹⁸²¹‘
2085 2257 2261 2296 habitum
2289 2267 2353 2297 est.
2390 2261 2489 2298 Cha-

1427 2316 1548 2346 racter
1575 2309 1709 2356 etiarn,
1739 2309 1806 2358 qui
1834 2317 1890 2346 est
1916 2310 2074 2347 interior
2100 2313 2348 2360 quorundam
2368 2326 2490 2351 sacra-

1427 2370 1650 2400 mentorum
1670 2363 1840 2409 effectus,
1857 2371 1912 2399 est
1926 2363 2046 2401 virtus
2065 2363 2374 2414 instrumentalis,
2390 2379 2490 2416 quae

1427 2424 1559 2453 manat
1587 2428 1609 2452 a
1636 2415 1835 2465 principali
1864 2424 2007 2464 agente,
2037 2418 2144 2466 quod
2173 2426 2228 2454 est
2255 2419 2373 2456 Deus.

1482 2469 1664 2507 Secundo
1702 2477 1832 2506 autern
1870 2470 1990 2507 modo
2025 2471 2147 2508 homo
2182 2480 2307 2520 potest
2341 2473 2491 2522 operari

1429 2522 1477 2560 ad
1514 2522 1734 2559 interiorem
1772 2523 1953 2560 effectum
1985 2524 2229 2572 sacramenti,
2259 2525 2490 2574 inquantum

1429 2583 1610 2625 operatur
1636 2588 1706 2625 per
1733 2576 1898 2613 modum
1918 2576 2080 2614 ministri
2100 2576 2122 2614 t·
2152 2579 2257 2615 Nam
2277 2579 2414 2616 eadem
2434 2593 2490 2616 ra-

1427 2629 1480 2666 tio
1505 2637 1560 2665 est
1579 2628 1740 2665 ministri
1764 2637 1799 2665 et
1827 2629 2068 2666 instrumenti
2086 2630 2125 2667 *z
2156 2631 2355 2681 utriusque
2388 2633 2492 2670 enim

1429 2681 1526 2719 actio
1564 2682 1728 2719 exterius
1761 2682 1984 2728 adhibetur,
2022 2684 2090 2720 sed
2124 2684 2278 2721 sortitur
2312 2686 2492 2722 effectum

1428 2735 1649 2772 interiorem
1669 2747 1715 2772 ex
1734 2735 1871 2772 virtute
1894 2735 2112 2785 principalis
2132 2737 2287 2785 agentis,
2308 2739 2414 2787 quod
2439 2747 2493 2775 est

1429 2789 1547 2826 Deus.

1483 2843 1539 2878 An
1569 2853 1703 2878 PRIMUM
1739 2853 1837 2878 ERGO
1875 2854 2055 2878 mel-:NDUM
2085 2843 2191 2891 quod
2222 2843 2408 2891 purgatio,
2438 2857 2492 2880 se-

1430 2894 1604 2931 cundum
1624 2894 1731 2943 quod
1751 2893 1966 2931 attribuitur
1989 2894 2169 2931 ministris
2189 2896 2392 2942 Ecclesiae,
2413 2909 2489 2933 non

1430 2954 1485 2982 est
1513 2959 1535 2983 a
1563 2954 1740 2995 peccato:
1772 2947 1839 2983 sed
1858 2947 2038 2983 dicuntur
2061 2947 2211 2984 diaconi
2239 2960 2415 2996 purgare,
2436 2949 2491 2985 in-

1430 3006 1620 3047 quantum
1654 3000 1717 3035 vel
1753 2999 1978 3036 immundos
2011 2999 2164 3036 eiiciunt
2201 3013 2223 3037 a
2250 3009 2363 3038 coetu
2399 3001 2491 3038 fide-

1430 3052 1538 3098 lium,
1557 3053 1621 3088 vel
1639 3063 1705 3088 eos
1733 3051 1848 3088 sacris
1867 3052 2194 3089 admonitionibus
2214 3053 2424 3102 disponunt
2443 3055 2491 3092 ad

1430 3112 1761 3141 sacramentorum
1789 3105 2059 3154 receptionem.
2091 3105 2270 3142 Similiter
2297 3106 2411 3144 etiam
2435 3120 2491 3144 sa-

1431 3158 1603 3195 cerdotes
1630 3157 1845 3194 illuminare
1878 3158 2058 3195 dicuntur
2091 3171 2245 3196 sacrum
2281 3161 2490 3209 populum,

1430 3223 1511 3248 non
1539 3211 1698 3260 quidem
1717 3211 1877 3259 gratiam
1896 3211 2147 3259 infundendo,
2169 3213 2236 3249 sed
2255 3221 2492 3250 sacramenta

1430 3263 1569 3312 gratiae
1584 3264 1786 3301 tradendo:
1807 3271 1850 3301 ut
1863 3272 1965 3313 patet
1978 3277 2047 3314 per
2061 3265 2293 3315 Dionysium
2308 3265 2448 3303 ibidem
2460 3266 2490 3303 *.

1483 3318 1541 3354 AD
1569 3329 1759 3354 SECUNDUM
1777 3329 1959 3355 DICENDUM
1979 3319 2085 3367 quod
2105 3318 2296 3356 orationes
2315 3331 2414 3368 quae
2439 3319 2492 3356 di-

1486 3431 1510 3465 ε)
1528 3433 1640 3465 aliquid.
1651 3446 1671 3451 -
1687 3433 1784 3465 aliquis
1797 3433 1901 3465 aliquid
1914 3433 1944 3462 Β,
1957 3440 2010 3459 om.
2024 3433 2069 3462 bc:
2087 3433 2173 3459 Non...
2187 3433 2296 3465 operari
2307 3441 2361 3458 om.
2375 3433 2393 3457 P
2407 3441 2493 3458 errore

1432 3468 1662 3501 typographorum.

1485 3503 1510 3537 ζ)
1531 3503 1655 3528 ministri.
1673 3517 1692 3522 —-
1711 3504 1853 3528 ministerii
1872 3503 2045 3529 BCDEGHIb.
2066 3504 2103 3528 Cf.
2123 3509 2169 3529 art.
2190 3509 2212 3529 2.
2234 3503 2256 3536 β.

2516 2051 2526 2061 ·
2540 2048 2575 2070 Cf.
2591 2048 2620 2069 de
2638 2049 2728 2071 Eccles.

2516 2077 2601 2103 Dogm.
2610 2081 2660 2103 cap.
2670 2082 2691 2102 ι,
2698 2077 2727 2097 al.

2516 2108 2613 2124 Lxxxm.
2635 2113 2647 2117 -
2667 2102 2729 2124 Inter

2517 2130 2579 2157 Opp.
2593 2130 2654 2164 ΑΒΕ.

2613 2164 2627 2181 ο

2615 2201 2625 2217 ε

2517 2267 2526 2275 ·
2542 2266 2569 2286 D.
2586 2266 2639 2287 080.

2517 2292 2627 2319 “1³112W,
2634 2298 2729 2319 qu.cxn‚

2517 2322 2558 2340 art.
2578 2326 2595 2340 ι.

2615 2581 2629 2610 ζ

2520 2635 2529 2644 ·
2548 2632 2645 2654 Aristot.
2661 2632 2729 2654 Polit.

2520 2659 2640 2686 lib.1.cap.
2648 2664 2729 2685 11,n.4.

2521 2698 2530 2703 -
2542 2686 2566 2707 S.
2577 2685 2683 2707 Th.1eet.
2696 2691 2719 2706 n.

2520 3266 2625 3295 ·§3,6.
