2918 4088
27 964 29 966 -
46 947 114 971 uba
166 948 240 975 .L1v.

66 973 108 998 CX
173 991 179 1002 ‚
189 981 241 1003 cup.

8 2463 11 2477 η’
70 2473 73 2476 ’
93 2479 245 2509 deneardum

82 2543 91 2547 ,.
108 2524 117 2536 '⁴
142 2532 246 2562 mbr-

71 2689 245 2720 inm·

916 231 1179 277 QUAESTIO
1208 231 1368 278 LXXX,
1399 231 1689 269 ARTICULUS
1717 233 1797 269 VIII

265 307 376 354 teria,
406 307 583 344 nondum
611 308 723 356 plene
752 306 894 355 digesti.
933 308 1064 345 Minus
1095 316 1226 345 autem
1259 308 1327 345 irn-

266 359 462 410 pediretur
493 359 678 396 sobrietas
713 359 882 404 hominis
914 360 946 396 si
973 360 1012 396 in
1047 373 1162 397 mane
1190 372 1329 409 parum

267 412 506 458 comederet,
535 419 572 448 et
598 419 731 461 postea
758 411 858 448 circa
885 424 1031 449 nonam
1060 420 1227 449 sumeret
1255 413 1330 449 hoc

267 472 568 502 sacramentum:
607 476 699 501 cum
727 464 839 501 etiam
869 464 915 500 sit
942 465 1179 514 quandoque
1207 464 1331 501 maior

267 517 443 555 distantia
469 517 664 566 temporis.
701 518 804 565 Ergo
832 517 985 554 videtur
1012 518 1119 566 quod
1147 517 1229 554 talis
1257 516 1331 553 cibi

266 569 572 620 praeassumptio
605 581 686 607 non
720 569 904 619 impediat
934 570 1134 606 hominem
1171 569 1219 606 ab
1256 570 1331 606 hoc

267 630 519 660 sacramento.

320 676 357 712 6.
386 676 623 722 PRAETEREA,
651 687 733 712 non
760 675 888 712 minor
923 674 1135 711 reverentia
1170 675 1331 711 debetur

267 727 359 765 huic
393 736 632 766 sacramento
664 727 743 765 iarn
770 735 926 777 sumpto
959 739 1079 776 quam
1113 735 1199 764 ante
1229 739 1330 764 surn-

2364 234 2438 283 239

1384 320 1456 344 non
1473 309 1548 345 vult
1566 315 1762 358 expectare
1779 312 1881 357 alios,
1897 313 2090 349 manducet
2109 314 2210 350 domi
2225 327 2310 351 suos
2328 316 2438 360 cibos,

1383 360 1481 406 idest,
1491 373 1594 409 pane
1611 367 1758 398 terreno
1772 370 1971 411 pascatur.-
1990 377 2056 401 nec
2068 372 2151 413 post
2170 368 2438 403 Eucharistiam

1382 418 1513 449 sumat.
2136 441 2138 443 -

1437 466 1494 501 AD
1521 477 1679 503 TERTnJM
1707 479 1887 504 DtCENDUM
1914 469 2020 516 quod
2048 469 2256 517 capitulum
2275 470 2366 507 illud
2386 472 2439 507 lo-

1384 516 1514 565 quitur
1532 519 1747 555 secundum
1766 521 2084 557 consuetudinem
2104 521 2309 570 aliquando
2337 524 2440 571 apud

1385 569 1534 618 aliquos
1554 570 1808 618 observatam,
1828 579 1880 616 ut,
1902 572 1940 608 in
1960 573 2344 621 repraesentationem
2363 575 2440 611 Do-

1385 621 1548 659 minicae
1587 624 1731 669 Cenae,
1761 624 1824 661 illo
1857 624 1918 661 die
1960 637 1982 662 a
2018 637 2098 662 non
2133 625 2268 662 ieiunis
2302 638 2441 675 corpus

1387 674 1525 711 Christi
1553 683 1779 713 sumeretur.
1809 677 1885 714 Sed
1906 689 2009 713 nunc
2028 678 2103 714 hoc
2131 685 2186 714 est
2204 678 2440 726 abrogatum.

1386 728 1500 775 Nam,
1521 727 1617 765 sicut
1636 729 1871 776 Augustinus
1897 729 1936 766 in
1960 729 2055 766 libro
2083 730 2276 779 praedicto
2295 730 2315 752 '¹‘
2342 730 2441 778 dicit,

267 780 452 830 ptionem.
491 781 588 828 Sed,
617 789 774 830 sumpto
802 788 1059 826 sacramento,
1088 779 1172 817 licet
1199 779 1331 817 cibum
1380 792 1452 829 per
1471 782 1682 818 universum
1708 783 1835 818 orbem
1863 794 1943 819 mos
1962 784 2026 819 iste
2042 789 2221 829 servatur,
2241 790 2283 819 ut
2306 782 2443 820 scilicet

267 841 334 870 aut
360 841 499 883 potum
533 845 698 871 sumere.
737 834 838 882 Ergo
874 841 910 870 et
937 840 1023 870 ante
1056 833 1329 882 sumptionem.

322 887 396 924 SED
417 898 561 924 CONTRA
580 898 647 924 EST
665 887 773 936 quod
791 885 1028 934 Augustinus
1047 885 1147 929 dicit,
1167 886 1207 923 in
1235 885 1331 922 libro

265 940 564 989 Responsionum
600 939 652 976 ad
682 941 906 976 Ianuarium
929 939 966 975 ²¹⁸:
1004 939 1147 976 Placuit
1181 940 1335 988 Spiritui

266 993 402 1029 Sancto
430 998 480 1038 ut,
509 994 547 1029 in
574 993 756 1029 honorem
784 994 877 1029 tanti
901 994 1136 1038 sacramenti,
1158 993 1266 1041 prius
1294 993 1330 1028 in

266 1057 308 1082 os
329 1045 532 1082 Christiani
547 1046 787 1082 Dominicum
815 1057 950 1094 corpus
968 1046 1123 1082 intraret
1144 1057 1255 1094 quam
1274 1056 1332 1081 ce-

265 1099 338 1134 teri
362 1099 444 1134 cibi.

321 1151 546 1188 Respommo
566 1162 748 1188 DICENDUM
767 1151 875 1200 quod
895 1150 1038 1200 aliquid
1058 1150 1216 1200 impedit
1230 1163 1332 1187 sum-

265 1203 441 1253 ptionem
459 1203 577 1240 huius
605 1204 832 1240 sacramenti
851 1203 1061 1253 dupliciter.
1091 1204 1179 1241 Uno
1198 1203 1330 1246 mod0‚

267 1257 485 1294 secundum
504 1269 559 1293 se:
589 1256 686 1293 sicut
711 1264 913 1305 peccatum
941 1257 1113 1302 mortale,
1134 1256 1241 1305 quod
1266 1257 1332 1292 ha-

267 1309 333 1346 bet
360 1308 654 1359 repugnantiam
688 1309 738 1346 ad
774 1309 1030 1358 significatum
1067 1308 1183 1346 huius
1211 1321 1332 1346 sacra-

268 1361 403 1410 menti7
430 1360 617 1411 utsupra
634 1361 656 1384 ²¹²
683 1361 830 1399 dictum
858 1369 924 1399 est.

321 1414 408 1452 Alio
437 1415 576 1462 modo,
604 1422 762 1464 propter
797 1414 1097 1464 prohibitionem
1129 1413 1331 1455 Ecclesiae.

268 1467 318 1505 Et
345 1467 399 1504 sic
426 1467 635 1518 impeditur
662 1467 798 1517 aliquis
825 1480 848 1504 a
875 1467 1093 1517 sumptione
1128 1466 1244 1504 huius
1275 1479 1333 1504 sa—

269 1520 454 1558 cramenti
481 1527 569 1570 post
589 1519 721 1557 cibum
747 1521 810 1557 vel
830 1527 968 1569 potum
997 1527 1251 1569 assumptum,
1270 1519 1333 1556 tri-

260 1572 356 1623 -plici
374 1572 531 1610 ratione.
561 1573 691 1610 Primo
719 1572 890 1622 quidem,
911 1573 1006 1610 sicut
1024 1572 1259 1621 Augustinus
1278 1571 1333 1609 di-

268 1625 319 1664 cit
341 1625 374 1673 *,
407 1627 445 1663 in
480 1627 662 1663 honorem
698 1627 805 1663 huius
839 1627 1084 1663 sacramenti:
1119 1633 1161 1662 ut
1195 1625 1334 1662 scilicet

268 1678 310 1716 in
349 1691 394 1716 os
428 1678 598 1715 hominis
632 1677 743 1716 intret
778 1679 956 1716 nondum
993 1678 1121 1728 aliquo
1156 1677 1243 1715 cibo
1271 1678 1333 1715 vel

268 1738 366 1782 potu
398 1731 592 1768 infectum.
623 1754 648 1758 -
677 1731 874 1778 Secundo,
902 1739 1060 1781 propter
1093 1730 1332 1779 significatio-

268 1796 382 1822 nem:
419 1791 463 1821 ut
490 1783 630 1821 scilicet
665 1784 777 1821 detur
804 1783 956 1832 intelligi
993 1784 1101 1834 quod
1139 1783 1331 1830 Christus,

269 1837 338 1887 qui
374 1844 431 1874 est
467 1849 527 1873 res
562 1835 678 1874 huius
715 1836 961 1884 sacramenti,
996 1844 1032 1874 et
1065 1836 1198 1874 caritas
1232 1837 1331 1884 eius,

269 1889 383 1928 debet
414 1889 541 1939 primo
569 1889 721 1927 fundari
749 1889 788 1926 in
811 1889 991 1926 cordibus
1011 1889 1168 1936 nostris3
1198 1902 1332 1927 secun-

269 1943 364 1981 dum
402 1942 496 1980 illud
532 1943 667 1980 Matth.
694 1954 729 1979 Vl
747 1942 787 1979 *ε
816 1944 945 1979 Primo
974 1944 1137 1991 quaerite
1172 1954 1332 1993 regnum

268 1996 352 2034 Dei.
391 2018 417 2023 -
452 1995 605 2042 Tertio,
642 2003 799 2045 propter
834 1995 1049 2044 periculum
1086 1994 1255 2032 vomitus
1297 2003 1333 2032 et

269 2048 477 2096 ebrietatis,
513 2060 614 2098 quae
650 2048 886 2098 quandoque
923 2047 1148 2096 contingunt
1181 2060 1228 2085 ex
1256 2048 1333 2086 hoc

269 2101 379 2152 quod
396 2101 575 2139 homines
598 2101 812 2138 inordinate
840 2100 933 2138 cibis
961 2108 1139 2138 utuntur:
1173 2100 1269 2138 sicut
1297 2108 1333 2138 et

269 2156 479 2206 Apostolus
506 2153 615 2202 dicit,
644 2155 658 2191 I
691 2153 877 2191 Cor.xi*:
906 2154 1012 2190 Alius
1035 2154 1180 2203 quidem
1208 2155 1331 2200 esurit,

270 2209 366 2246 alius
393 2220 482 2246 vero
510 2209 632 2244 ebrius
659 2213 720 2244 est.

323 2261 384 2298 Ab
413 2261 486 2298 hac
512 2268 643 2297 tamen
669 2259 835 2308 generali
862 2261 991 2308 regula
1016 2258 1257 2308 excipiuntur
1275 2259 1331 2296 in-

269 2313 384 2362 firmi,
405 2314 473 2364 qui
501 2312 626 2350 statim
653 2311 967 2350 communicandi
985 2319 1085 2358 sunt,
1106 2311 1220 2349 etiam
1245 2319 1332 2361 post

270 2367 415 2415 cibum,
444 2366 475 2403 si
503 2366 551 2403 de
580 2378 717 2404 eorum
744 2365 915 2415 periculo
944 2364 1148 2412 dubitetur,
1173 2377 1222 2401 ne
1250 2364 1331 2402 sine

271 2419 550 2458 communione
570 2419 775 2456 decedant:
797 2417 887 2467 quia
906 2419 1098 2454 necessitas
1115 2418 1236 2467 Iegem
1256 2430 1330 2454 non

270 2474 380 2511 habet
388 2473 422 2521 ἓ.
451 2472 564 2510 Unde
584 2471 721 2509 dicitur
739 2471 784 2508 de
801 2473 986 2518 consecr„
1006 2470 1089 2507 dist.
1109 2471 1140 2507 II
1158 2469 1213 2507 *ἦ
1242 2471 1332 2507 Pre-

270 2527 398 2576 sbyter
424 2527 615 2574 infirmum
633 2526 754 2562 statim
782 2525 1037 2570 communicet,
1058 2536 1105 2560 ne
1126 2524 1206 2560 sine
1232 2535 1332 2560 com-

270 2580 450 2617 munione
475 2580 669 2616 moriatur.

325 2633 382 2670 An
410 2644 546 2669 prunum
574 2643 672 2668 ERGO
705 2642 885 2667 DICENDUM
917 2629 1043 2678 quod,
1073 2628 1168 2665 sicut
1202 2629 1332 2677 Augu-

272 2685 394 2724 stinus
428 2685 467 2722 in
495 2684 634 2722 eodem
669 2683 765 2720 libro
784 2682 804 2704 ’¹‘
831 2682 936 2730 dicit,
971 2694 1102 2731 neque,
1132 2683 1218 2731 quia
1249 2687 1334 2732 post

271 2741 395 2778 cibum
413 2739 598 2775 Dominus
625 2737 731 2782 dedit,
747 2741 946 2786 propterea
968 2736 1103 2784 pransi
1125 2740 1188 2771 aut
1214 2736 1336 2771 cenati

261 2794 407 2842 fratres
433 2791 485 2829 ad
509 2792 580 2828 hoc
605 2795 879 2827 sacramentum
916 2787 1170 2837 accipiendum
1202 2799 1333 2825 conve-

271 2847 355 2884 nire
373 2845 546 2890 debeant,
567 2849 630 2881 aut
652 2843 786 2880 mensis
811 2843 885 2878 suis
912 2842 1077 2886 miscere,
1103 2842 1195 2877 sicut
1211 2841 1333 2888 facie-

271 2900 362 2937 bant
380 2909 480 2948 ,quos
505 2896 701 2946 Apostolus
728 2896 854 2944 arguit
881 2900 914 2930 et
941 2893 1120 2930 emendat.
1158 2893 1335 2942 Namque

271 2951 461 2997 Salvator,
491 2962 563 3000 quo
590 2949 836 2987 vehementius
867 2946 1142 2984 commendaret
1168 2947 1337 2994 mysterii

272 3004 368 3043 illius
395 3003 634 3048 altitudinem,
654 3003 821 3038 ultimum
849 3001 919 3037 hoc
945 3000 1058 3037 voluit
1076 3000 1235 3048 infigere
1252 3011 1334 3036 cor-

272 3058 378 3096 dibus
394 3063 428 3094 et
445 3057 651 3093 memoriae
668 3053 942 3104 discipulorum.
967 3054 1015 3089 Et
1033 3052 1113 3088 ideo
1133 3064 1207 3088 non
1221 3064 1334 3101 prae-

273 3112 367 3160 cepit
393 3116 432 3147 ut
459 3110 629 3159 deinceps
659 3107 726 3144 tali
752 3106 882 3144 ordine
914 3110 1138 3142 sumeretur.-
1170 3110 1208 3141 ut
1233 3105 1333 3154 Apo-

271 3163 384 3210 stolis,
393 3175 467 3214 per
487 3174 577 3212 quos
590 3161 761 3199 ecclesias
779 3159 1015 3209 dispositurus
1033 3163 1124 3203 erat,
1142 3155 1335 3195 servaret?

247 3263 249 3265 ‚
273 3218 373 3254 hunc
399 3217 533 3254 Iocum.

327 3270 385 3306 An
413 3280 603 3306 SECUNDUM
630 3278 811 3304 met-:rmum
844 3264 951 3314 quod
980 3263 1072 3300 illud
1099 3262 1264 3300 verbum
1296 3262 1335 3299 in

275 3322 412 3360 Glossa
429 3321 450 3343 *
477 3321 530 3358 sic
549 3319 766 3370 exponitur:
797 3320 837 3356 Si
854 3319 933 3368 quis
951 3318 1071 3362 esurit,
1092 3321 1126 3352 et
1143 3317 1335 3366 impatiens

329 3436 355 3471 β)
374 3440 404 3462 ut
427 3436 587 3469 Apostolis...
610 3437 739 3460 servaret.
759 3448 779 3452 -
801 3434 835 3459 ab
859 3433 1019 3465 Apostolis...
1043 3435 1162 3456 servaret
1180 3431 1198 3462 1,
1217 3434 1247 3455 ut
1264 3431 1335 3462 Apo-

275 3473 365 3499 stoli...
381 3475 521 3498 servarent
539 3471 578 3497 bc.
595 3485 616 3490 —-
633 3470 673 3494 Ad
691 3470 784 3497 Iocum,
803 3469 846 3494 Al.
865 3469 972 3493 modum
992 3474 1081 3500 margo
1100 3467 1129 3492 P.

1386 844 1526 882 corpus
1557 833 1695 870 Christi
1723 846 1745 871 a
1773 834 1909 871 ieiunis
1937 843 2121 872 sumatur.

1439 887 1496 922 An
1523 898 1694 928 QUARTUM
1721 899 1902 925 DlCENDUM
1930 888 2048 936 quod,
2078 887 2172 924 sicut
2199 887 2238 924 in
2267 888 2444 925 Secunda

1387 939 1496 975 Parte
1515 939 1535 960 ’¹‘
1559 939 1738 976 habitum
1770 948 1844 986 est,
1873 940 2014 990 duplex
2047 948 2102 977 est
2128 939 2327 977 ieiunium.
2366 940 2444 977 Pri-

1386 1004 1498 1028 mum
1527 1000 1582 1028 est
1610 992 1797 1029 ieiunium
1826 1001 1999 1030 naturae:
2029 994 2137 1042 quod
2164 993 2342 1042 importat
2369 992 2444 1042 pri-

1387 1044 1583 1081 vationem
1602 1045 1880 1095 cuiuscumque
1900 1046 2177 1096 praeassumpti
2196 1058 2265 1095 per
2280 1046 2444 1083 modum

1386 1097 1460 1134 cibi
1479 1099 1540 1134 vel
1558 1105 1683 1147 potus.
1714 1099 1761 1135 Et
1779 1100 1850 1135 tale
1869 1098 2057 1135 ieiunium
2081 1098 2284 1148 requiritur
2301 1099 2350 1135 ad
2369 1099 2445 1135 hoc

1387 1158 1682 1196 sacramentum,
1702 1159 1859 1200 propter
1875 1151 2067 1201 praedicta
2085 1151 2115 1188 *.
2145 1153 2193 1188 Et
2210 1151 2298 1188 ideo
2317 1163 2444 1200 neque

1386 1210 1473 1252 post
1501 1203 1805 1253 assumptionem
1842 1216 1964 1253 aquae
1991 1206 2053 1241 vel
2088 1203 2239 1241 alterius
2274 1203 2347 1241 cibi
2379 1211 2445 1241 aut

1387 1263 1513 1305 potus,
1542 1257 1604 1292 vel
1631 1256 1746 1293 etiam
1773 1256 1997 1302 medicinae,
2017 1256 2056 1294 in
2085 1265 2443 1306 quantumcumque

1387 1321 1506 1357 parva
1526 1309 1744 1358 quantitate,
1764 1309 1847 1346 licet
1865 1309 2035 1359 accipere
2055 1310 2130 1347 hoc
2149 1317 2442 1347 sacramentum.

1387 1362 1470 1398 Nec
1498 1362 1608 1398 refert
1635 1370 1766 1399 utrum
1794 1362 1936 1412 aliquid
1965 1361 2188 1399 huiusmodi
2216 1361 2355 1399 nutriat
2382 1363 2445 1399 vel

1387 1426 1467 1451 non
1495 1414 1644 1461 nutriat,
1665 1422 1730 1452 aut
1756 1427 1825 1464 per
1844 1427 1883 1452 se
1903 1423 1968 1452 aut
1995 1427 2086 1452 cum
2113 1415 2204 1462 aliis,
2227 1415 2444 1452 dummodo

1382 1474 1562 1504 ⁴sumatur
1587 1480 1656 1517 per
1674 1468 1839 1504 modum
1867 1467 1940 1505 cibi
1959 1470 2020 1504 vel
2038 1476 2163 1518 potus.
2194 1491 2218 1494 —
2246 1467 2444 1517 Reliquiae

1387 1527 1516 1557 tamen
1535 1519 1610 1557 cibi
1629 1526 1894 1558 remanentesY
1913 1520 1952 1557 in
1971 1533 2048 1568 ore,
2065 1520 2095 1558 si
2114 1520 2312 1558 casualiter
2328 1528 2444 1558 trans-

1386 1572 1603 1621 glutiantur,
1623 1585 1704 1610 non
1731 1573 1946 1622 impediunt
1965 1573 2226 1622 sumptionem
2252 1572 2368 1610 huius
2387 1585 2444 1610 sa-

1387 1625 1587 1662 cramenti:
1618 1625 1709 1675 quia
1727 1638 1807 1663 non
1826 1625 2062 1663 traiiciuntur
2083 1638 2153 1675 per
2175 1626 2340 1663 modum
2359 1625 2443 1673 cibi,

1388 1678 1455 1715 sed
1481 1690 1552 1727 per
1578 1678 1744 1715 modum
1772 1678 1922 1716 salivae.
1952 1679 2001 1715 Et
2028 1679 2162 1716 eadem
2191 1678 2285 1716 ratio
2314 1685 2370 1715 est
2397 1678 2444 1715 de

1387 1730 1554 1780 reliquiis
1573 1743 1697 1780 aquae
1716 1732 1778 1768 vel
1795 1731 1875 1768 vini
1894 1731 2035 1780 quibus
2058 1744 2102 1768 os
2121 1731 2302 1768 abluitur:
2333 1731 2445 1768 dum-

1386 1784 1506 1821 modo
1533 1783 1765 1821 trajiciantur
1791 1796 1871 1821 non
1899 1783 1939 1821 in
1966 1795 2104 1832 magna
2131 1784 2349 1833 quantitate,
2378 1783 2444 1821 sed

1385 1836 1594 1886 permixtae
1623 1836 1775 1884 salivae,
1804 1837 1911 1886 quod
1938 1836 2047 1874 vitari
2074 1849 2155 1874 non
2182 1844 2316 1886 potest.

1439 1889 1556 1927 Aliud
1574 1897 1705 1927 autem
1733 1897 1788 1927 est
1814 1889 2003 1927 ieiunium
2030 1889 2231 1938 Ecclesiae,
2254 1889 2362 1939 quod
2389 1889 2445 1926 in-

1386 1942 1549 1979 stituitur
1579 1942 1628 1979 ad
1660 1942 1784 1979 carnis
1820 1942 2130 1980 macerationem.
2168 1943 2217 1980 Et
2249 1943 2320 1980 tale
2355 1941 2445 1979 ieiu-

1386 1994 1496 2032 nium
1529 2007 1600 2045 per
1626 1995 1820 2045 praedicta
1853 2007 1933 2032 non
1961 1995 2182 2045 impeditur:
2219 1995 2311 2045 quia
2336 2007 2444 2045 prae-

1386 2047 1484 2085 dicta
1512 2060 1592 2085 non
1620 2049 1787 2085 multum
1813 2047 2000 2095 nutriunt,
2030 2048 2098 2085 sed
2125 2047 2245 2096 magis
2279 2049 2328 2085 ad
2356 2049 2444 2086 alte-

1385 2101 1552 2138 randum
1579 2107 1797 2137 sumuntur.
2146 2108 2158 2118 ·

1437 2154 1494 2190 An
1514 2165 1674 2196 QUINTUM
1692 2165 1874 2191 mCENDUM
1892 2153 2011 2202 quod,
2040 2165 2131 2190 cum
2153 2153 2300 2201 dicitur,
2327 2155 2417 2191 Hoc
2430 2151 2444 2175 ὅ

1382 2211 1656 2243 sacramentum
1678 2207 1787 2256 prius
1823 2218 1934 2255 quam
1962 2206 2029 2243 alii
2053 2207 2127 2243 cibi
2151 2206 2255 2243 dehet
2287 2207 2381 2243 mitti
2405 2208 2443 2244 in

1384 2271 1425 2296 os
1447 2260 1648 2296 Christiani
1662 2258 1693 2305 ²⁸,
1713 2271 1794 2296 non
1813 2266 1868 2295 est
1886 2258 2172 2307 intelligendum
2195 2259 2367 2296 absolute
2387 2271 2444 2296 re-

1384 2319 1517 2361 spectu
1535 2311 1651 2348 totius
1669 2311 1871 2361 temporis:
1901 2310 2072 2360 alioquin
2091 2311 2158 2361 qui
2177 2313 2295 2349 semel
2319 2324 2445 2349 come-

1384 2365 1499 2402 disset
1518 2372 1554 2402 et
1572 2364 1742 2412 bibisset,
1770 2376 1974 2413 nunquam
1991 2371 2126 2413 postea
2143 2372 2273 2413 posset
2292 2365 2369 2402 hoc
2387 2377 2444 2402 sa-

1384 2425 1626 2455 cramentum
1643 2416 1827 2466 accipere.
1849 2417 1926 2454 Sed
1945 2424 1999 2453 est
2018 2416 2305 2465 intelligendum
2324 2429 2445 2466 quan-

1384 2478 1468 2507 tum
1496 2470 1546 2507 ad
1573 2469 1743 2507 eundem
1770 2469 1886 2506 diem.
1924 2470 1973 2506 Et
1999 2469 2084 2506 licet
2110 2469 2343 2519 principium
2370 2469 2446 2507 diei

1385 2523 1601 2560 secundum
1628 2522 1800 2559 diversos
1837 2521 2094 2559 diversimode
2132 2529 2324 2570 sumatur,
2353 2534 2446 2560 nam

1385 2576 1545 2626 quidam
1572 2588 1595 2612 a
1622 2574 1797 2621 meridie,
1827 2575 1987 2624 quidam
2018 2575 2067 2612 ab
2095 2587 2255 2623 occasu,
2285 2574 2446 2625 quidam

1385 2642 1408 2666 a
1435 2628 1563 2666 media
1590 2635 1722 2675 nocte,
1752 2627 1912 2677 quidam
1940 2628 1988 2665 ab
2017 2635 2103 2664 ortu
2140 2627 2229 2665 solis
2261 2628 2365 2665 diem
2392 2627 2446 2667 in-

1385 2681 1531 2731 cipiunt
1545 2686 1576 2728 Ε;
1597 2679 1766 2718 Ecclesia
1783 2688 1924 2727 tamen,
1945 2681 2161 2718 secundum
2176 2681 2376 2718 Romanos
2390 2680 2444 2729 μ’,

1386 2734 1490 2772 diem
1517 2746 1540 2771 a
1566 2733 1695 2771 media
1713 2740 1825 2770 nocte
1845 2732 1985 2782 incipit.
2015 2734 2063 2770 Et
2090 2733 2189 2780 ideo,
2210 2732 2240 2770 si
2260 2741 2347 2783 post
2365 2745 2446 2770 me-

1386 2787 1490 2824 diam
1517 2794 1672 2823 noctem
1699 2785 1835 2835 aliquis
1862 2785 2068 2835 sumpserit
2094 2785 2238 2835 aliquid
2265 2798 2336 2835 per
2361 2798 2446 2823 mo-

1386 2840 1482 2877 dum
1509 2839 1583 2876 cibi
1610 2839 1672 2876 vel
1698 2846 1825 2888 potus,
1854 2850 1934 2875 non
1961 2845 2086 2888 potest
2111 2838 2249 2875 eadem
2276 2838 2338 2875 die
2370 2839 2446 2876 hoc

1386 2904 1539 2930 sumere
1573 2899 1874 2928 sacramentum:
1912 2898 2036 2941 potest
2062 2902 2156 2928 vero
2184 2890 2214 2935 si
2242 2898 2328 2928 ante
2365 2903 2445 2928 me-

1386 2945 1491 2983 diam
1519 2951 1684 2981 noctem.

1438 2998 1523 3035 Nec
1542 2997 1652 3034 refert
1670 3004 1802 3033 utrum
1820 3003 1907 3045 post
1925 2995 2055 3033 cibum
2075 2997 2137 3033 vel
2154 3003 2292 3045 potum
2311 3001 2330 3023 η
2357 2996 2445 3033 dor-

1387 3050 1532 3096 mierit,
1561 3057 1626 3086 aut
1653 3049 1767 3086 etiam
1801 3048 1966 3097 digestus
1994 3049 2058 3096 sit,
2087 3056 2276 3098 quantum
2310 3049 2358 3086 ad
2387 3060 2445 3086 ra-

1386 3103 1532 3140 tionem
1550 3101 1752 3152 praecepti.
1782 3102 1909 3139 Refert
1927 3109 2057 3138 autem
2084 3109 2274 3150 quantum
2296 3101 2345 3138 ad
2363 3113 2446 3150 per-

1386 3155 1644 3193 turbationem
1663 3153 1801 3191 mentis
1814 3167 1932 3203 quam
1952 3153 2149 3203 patiuntur
2161 3153 2340 3191 homines
2358 3166 2446 3203 pro-

1387 3216 1470 3259 pter
1496 3207 1801 3245 insomnietatem
1822 3208 1884 3244 vel
1903 3205 2210 3255 indigestionem:
2239 3218 2287 3243 ex
2305 3206 2446 3256 quibus

1388 3261 1419 3299 si
1446 3273 1557 3298 mens
1585 3261 1751 3297 multum
1769 3259 2023 3309 perturbetur,
2043 3260 2165 3297 homo
2193 3258 2364 3296 redditur
2390 3259 2446 3297 in-

1388 3321 1498 3364 eptus
1526 3313 1575 3351 ad
1603 3312 1865 3362 sumptionem
1893 3311 2008 3349 huius
2036 3311 2272 3349 sacramenti.

1441 3428 1464 3461 ε)
1484 3428 1622 3460 incipiunt.
1639 3442 1659 3447 —
1678 3427 1750 3458 PFa;
1770 3426 1907 3459 incipiant.

1438 3464 1465 3498 ζ)
1484 3463 1626 3489 secundum
1646 3463 1789 3488 Romanos.
1806 3476 1826 3481 —
1843 3461 1914 3486 FlsG
1933 3466 1958 3486 et
1975 3468 2004 3492 c;
2022 3468 2076 3485 om.
2093 3460 2135 3489 ab,
2154 3466 2218 3486 uero
2230 3460 2264 3492 Η,
2276 3460 2400 3485 Romana
2418 3459 2446 3490 P,

327 3507 356 3541 γ)
373 3507 426 3533 cibi
449 3510 622 3532 remanentes.
645 3520 664 3524 -
687 3505 805 3534 PFGH1;
830 3506 994 3529 remanentes
1012 3503 1049 3532 bc,
1067 3502 1119 3527 cibi
1142 3501 1334 3527 remanentium
1388 3507 1448 3525 sero
1467 3499 1553 3524 ceteri.

277 3547 363 3612 meg-3
374 3577 441 3603 Hoc.
453 3591 472 3596 -
485 3576 556 3610 quod
574 3576 623 3601 hoc
641 3576 722 3600 tertia.
737 3575 787 3600 Pro
801 3574 879 3603 mitti,
899 3574 1002 3599 intrare
1020 3578 1079 3606 post
1097 3572 1242 3597 Christiani
1255 3571 1336 3597 tertia.

1442 3534 1470 3568 η)
1485 3538 1589 3566 potum.
1606 3547 1625 3552 —
1641 3537 1807 3565 assumptum
1825 3533 1921 3558 addunt
1940 3531 1988 3557 IsG
2006 3536 2031 3556 et
2050 3531 2185 3556 editiones.

2469 733 2480 743 ·
2496 732 2552 754 Loc.
2570 734 2609 755 cit.

2470 945 2481 955 ·
2504 944 2538 965 11·
2561 944 2618 969 11²⁶.
2641 951 2655 973 q
2674 961 2681 967 .

2471 976 2560 997 ext-vu,
2588 974 2630 992 art.
2676 988 2683 998 ,

2472 996 2500 1018 ad
2514 1003 2534 1018 ι.

2470 1156 2481 1167 ·
2495 1156 2520 1177 In
2535 1161 2641 1183 corpore.

2470 2267 2482 2279 ‘
2505 2267 2541 2289 cf.
2565 2272 2614 2295 arg.
2635 2266 2685 2289 Sed

2469 2295 2563 2315 tantm.

2541 2758 2546 2762 .
2553 2741 2683 2768 Consuluit,

2548 2768 2683 2826 εἱῑ-ἧὲἰῖἵιῖ

2471 2826 2513 2847 xn,
2518 2820 2548 2842 de
2552 2820 2631 2842 Fer-m
2639 2823 2684 2842 etc.

2472 2741 2537 2789 25²3

2471 2793 2523 2815 Iud.
