2878 4088
0 1377 13 1544 -v—-rw

111 412 218 443 'Aristqt.
226 411 321 440 Anam.

110 439 174 461 Post.
190 439 247 461 lnb.1
271 444 297 460 οι
316 454 322 459 .

110 471 169 513 1:¹0:-
177 454 266 513 εεπὲ
277 464 321 486 Τ·

109 544 120 555 ·
135 542 167 564 lv
180 542 254 569 Sent„
267 542 319 565 dist.

109 574 184 597 1,qu.¹
199 570 322 592 arun-Cf.

109 585 220 644 rav-„³112

735 201 997 247 QUAESTIO
1027 201 1198 248 XXXIV,
1218 199 1510 238 ARTICULUS
1533 199 1596 246 IV,
1615 199 1651 235 V
1669 220 1694 225 —
1714 198 1977 246 QUAESTIO
2006 201 2149 238 XXXV

405 277 467 308 Sim
492 287 614 308 CONTRA
638 287 701 314 esr,
719 278 794 318 quia
814 278 853 308 ab
877 279 1027 309 omnibus
1043 283 1247 309 enumeratur
1269 278 1351 309 inter
1366 287 1414 308 se-

350 326 439 362 ptem
462 322 623 352 Ecclesiae
647 327 851 352 sacramenta.

406 375 435 396 2.
459 365 655 402 PRAETEREA,
669 371 807 406 propter
822 366 909 406 quod
929 366 1186 407 unumquodque,
1203 371 1235 397 et
1249 365 1332 396 illud
1346 374 1414 396 ma-

348 409 402 450 gis
419 410 446 439 *.
471 409 534 440 Sed
557 416 688 450 propter
712 410 858 441 ordinem
881 410 917 440 fit
939 410 1040 440 homo
1057 409 1255 450 dispensator
1277 410 1414 440 aliorum

349 460 632 484 sacramentorum.
656 454 742 494 Ergo
759 454 839 485 ordo
855 455 951 485 habet
972 455 1073 494 magis
1088 455 1246 485 rationem
1270 453 1360 494 quod
1375 455 1414 484 sit

349 504 584 528 sacramentum
607 508 706 538 quam
729 499 825 529 etiam
848 498 918 529 alia.

403 542 592 573 Rsssponnsso
616 553 776 572 memnon
799 542 888 582 quod
910 547 1153 578 sacramentum,
1170 547 1207 572 ut
1229 551 1267 572 ex
1291 541 1381 572 dictis
1396 542 1413 558 ⁴*

348 590 444 625 patet,
461 587 540 616 nihil
563 592 610 617 est
633 586 720 617 aliud
743 596 841 627 quam
864 585 1022 626 quaedam
1052 586 1259 616 sanctificatio
1288 586 1413 616 homini

349 630 486 660 exhibita
509 640 584 661 cum
607 630 716 671 aliquo
748 631 840 671 signo
862 630 987 660 visibili.
1011 629 1125 666 Unde,
1151 639 1227 660 cum
1249 630 1283 659 in
1306 639 1413 660 susce-

347 674 459 714 ptione
475 674 594 705 ordinis
617 673 775 714 quaedam
791 674 989 705 consecratio
1012 674 1138 704 homini
1156 673 1340 704 exhibeatur
1355 683 1413 714 per

346 718 480 749 visibilia
502 719 600 759 signa,
618 723 742 749 constat
765 718 911 749 ordinem
934 727 1002 748 esse
1024 723 1267 748 sacramentum.

402 762 453 792 An
476 772 593 792 Panum
616 772 698 792 enno
722 772 881 792 mmmmm
905 761 1004 801 quod,
1022 762 1167 801 quamvis
1191 760 1271 791 ordo
1294 761 1328 791 in
1351 769 1411 791 suo

347 807 480 836 nomine
495 815 564 837 non
579 807 734 846 exprimat
748 805 881 846 aliquod
902 805 1064 836 materiale
1080 805 1287 840 elementum,
1303 810 1410 835 tamen

347 849 427 881 ordo
450 860 518 881 non
541 849 704 880 confertur
725 850 793 880 sine
817 850 925 889 aliquo
949 849 1109 879 elemento
1132 849 1295 879 materiali.

401 894 452 924 An
475 903 638 924 snctmmm
663 903 824 923 mcmvmm
854 892 943 933 quod
972 897 1144 932 potestates
1174 892 1412 933 proportionari

345 937 463 968 debent
484 937 545 968 illis
572 936 612 967 ad
634 946 716 976 quae
741 942 825 967 sunt.
857 936 1119 967 Communicatio
1150 942 1258 967 autem
1286 936 1411 967 divino-

344 990 427 1017 rum,
444 980 484 1011 ad
499 990 597 1021 quam
613 980 704 1011 datur
719 981 888 1020 spiritualis
910 986 1061 1021 potestas,
1077 991 1146 1011 non
1161 980 1197 1011 fit
1212 981 1332 1021 angelis
1354 990 1412 1021 per

344 1025 451 1064 aliqua
466 1024 625 1055 sensibilia
639 1025 738 1065 signa,
751 1025 832 1056 sicut
847 1026 880 1055 in
896 1025 1081 1056 hominibus
1094 1026 1260 1066 contingit.
1280 1025 1321 1056 Et
1335 1025 1409 1056 ideo

343 1073 484 1108 potestas
508 1069 688 1109 spiritualis,
715 1078 798 1109 quae
825 1074 872 1100 est
894 1068 985 1105 ordo,
1002 1079 1070 1100 non
1098 1069 1264 1100 adhibetur
1291 1069 1410 1110 angelis

344 1122 420 1143 cum
443 1113 602 1153 aliquibus
625 1113 721 1153 signis
744 1113 920 1144 visibilibus
944 1114 1026 1144 sicut
1048 1114 1244 1144 hominibus.
1273 1114 1314 1144 Et
1335 1113 1409 1144 ideo

343 1156 378 1187 in
400 1157 586 1187 hominibus
610 1162 657 1188 est
680 1157 760 1188 ordo
785 1163 1029 1194 sacramentum,
1053 1157 1108 1188 sed
1130 1167 1199 1188 non
1222 1158 1256 1188 in
1279 1158 1409 1198 angelis.

398 1201 450 1231 An
473 1211 608 1231 rem-nm
631 1211 790 1232 mmmmm
814 1201 904 1242 quod
918 1211 986 1232 non
1009 1203 1114 1232 omnis
1129 1202 1310 1233 benedictio
1327 1211 1410 1242 quae

343 1244 529 1275 hominibus
561 1245 745 1282 adhibetur,
768 1246 818 1276 vel
843 1247 1041 1276 consecratio
1054 1270 1062 1283 ,
1089 1251 1135 1276 est
1164 1251 1408 1277 sacramentum.

344 1288 430 1327 Quia
453 1294 484 1320 et
506 1290 658 1321 monachi
681 1296 712 1320 et
730 1290 858 1320 abbates
873 1289 1119 1321 benedicuntur:
1144 1295 1251 1321 tamen
1266 1290 1339 1321 illae
1354 1291 1409 1321 be-

342 1332 542 1366 nedictiones
565 1343 633 1364 non
656 1340 731 1364 sunt
753 1340 958 1365 sacramenta.
985 1334 1027 1364 Et
1049 1335 1191 1365 similiter
1214 1344 1274 1365 nec
1297 1335 1409 1375 regalis

342 1378 465 1408 unctio.
489 1377 575 1416 Quia
594 1387 652 1418 per
674 1375 860 1409 huiusmodi
878 1378 1117 1409 benedictiones
1139 1388 1208 1409 non
1223 1378 1410 1409 ordinantur

344 1421 443 1462 aliqui
466 1421 505 1452 ad
529 1421 798 1462 dispensationem
822 1422 1004 1454 divinorum
1027 1428 1308 1460 sacramentorum,
1327 1423 1410 1454 sicut

342 1474 401 1506 per
422 1465 662 1497 benedictiones
685 1466 814 1497 ordinis.

490 1533 590 1563 ART.
607 1533 661 1563 IV.
684 1543 790 1563 urium
812 1542 919 1563 ronna
946 1542 1037 1563 mnus
1067 1543 1260 1563 SACRAMENTI

542 1586 779 1607 CONVENIENTER
801 1587 834 1607 m
856 1586 988 1607 armna
1010 1586 1206 1607 EXPRIMATUR

406 1652 427 1672 1>
457 1652 606 1673 ouan'ruu
633 1653 679 1673 src
706 1653 910 1673 moenum-un.
940 1642 1075 1673 Videtur
1102 1642 1192 1683 quod
1218 1642 1321 1673 forma
1348 1643 1408 1674 hu-

342 1653 455 1716 Aius
484 1688 672 1717 sacramenti
697 1687 961 1717 inconvenienter
983 1687 1016 1717 in
1039 1687 1142 1717 littera
1162 1688 1179 1703 ⁴*
1203 1687 1406 1727 exprimatur.

341 1729 428 1768 Quia
450 1736 645 1761 sacramenta
669 1730 843 1761 efficaciam
866 1731 984 1761 habent
1007 1740 1045 1761 ex
1074 1730 1186 1761 forma.
1217 1730 1280 1761 Sed
1303 1730 1407 1761 effica-

342 1775 391 1805 cia
413 1780 686 1805 sacramentorum
709 1780 756 1805 est
780 1785 818 1805 ex
841 1775 959 1805 virtute
982 1774 1102 1811 divina,
1130 1784 1212 1815 quae
1235 1775 1269 1805 in
1292 1775 1337 1805 eis
1359 1785 1407 1806 se-

306 1839 314 1846 .
341 1818 460 1850 cretius
476 1824 632 1859 operatur
641 1819 778 1850 salutem
790 1820 816 1849 ὓ.
836 1819 922 1859 Ergo
939 1819 973 1849 in
988 1818 1092 1849 forma
1107 1819 1204 1849 huius
1219 1820 1408 1850 sacramenti

304 1860 317 1882 '-
342 1862 471 1894 deberet
493 1862 562 1894 fieri
591 1864 713 1894 mentio
738 1863 777 1894 de
800 1864 916 1893 virtute
950 1862 1056 1894 divina
1084 1873 1142 1904 per
1169 1864 1408 1894 invocationem

307 1919 314 1932 ν
342 1907 520 1938 Trinitatis:
545 1908 628 1938 sicut
649 1908 683 1938 in
706 1907 774 1938 aliis
797 1908 1010 1938 sacramentis.

398 1961 428 1982 2.
452 1952 648 1988 Prummu,
664 1952 820 1992 imperare
836 1957 883 1982 est
902 1952 970 1982 eius
994 1952 1050 1992 qui
1065 1952 1161 1982 habet
1176 1952 1406 1982 auctoritatem.

2482 201 2532 239 63

1470 287 1564 308 causa
1586 278 1618 308 in
1642 287 1759 318 genere
1790 287 1902 308 causae
1932 278 2043 310 finalis.
2078 281 2119 310 Et
2142 280 2215 312 ideo
2248 281 2426 313 secundum
2449 283 2531 314 hanc

1468 322 1626 352 rationem
1647 322 1727 362 poni
1749 327 1856 362 potest
1878 322 1912 352 in
1935 322 2121 354 definitione
2145 325 2273 356 ordinis.

1526 388 1626 418 ART.
1643 388 1681 418 V.
1706 398 1811 418 unum
1832 398 1897 418 noc
1920 398 2144 420 SACRAMENTUM
2167 401 2288 422 nAnnAT
2311 403 2470 423 MATEMAM

1435 464 1444 484 5
1533 463 1554 483 D
1574 463 1714 484 dumi-um
1729 463 1774 484 sm
1790 463 1994 483 paocamrua.
2011 453 2144 485 Videtur
2161 456 2250 495 quod
2268 458 2331 487 hoc
2354 468 2531 490 sacramen-

1470 465 1604 528 Atum
1626 507 1694 528 non
1716 498 1830 528 habeat
1852 498 2028 528 materiam.
2053 498 2137 536 Quia
2159 500 2192 529 in
2215 502 2305 531 omni
2334 509 2530 534 sacramento

1469 541 1557 581 quod
1573 542 1668 572 habet
1686 542 1860 578 materiam,
1876 542 1975 572 virtus
1996 551 2131 582 operans
2154 543 2187 573 in
2209 551 2405 576 sacramento
2429 552 2476 577 est
2498 548 2531 577 in

1466 586 1607 616 materia.
1643 585 1706 616 Sed
1728 586 1762 616 in
1784 586 1879 616 rebus
1901 586 2115 616 materialibus
2148 596 2230 627 quae
2253 588 2305 618 hic
2329 589 2530 627 adhibentur,

1468 629 1550 660 sicut
1572 635 1647 660 sunt
1670 630 1772 660 claves
1791 635 1823 660 et
1846 629 2032 660 candelabra
2056 636 2087 660 et
2107 631 2302 668 huiusmodi,
2319 642 2386 662 non
2408 633 2532 665 videtur

1428 683 1454 698 ιο
1468 682 1536 703 esse
1559 674 1666 714 aliqua
1688 675 1786 704 virtus
1810 673 2037 704 sanctificandi.
2061 674 2147 714 Ergo
2163 685 2231 705 non
2246 676 2341 706 habet
2355 679 2530 709 materiam.

1524 727 1552 747 2.
1577 717 1773 754 Prummu,
1796 718 1830 748 in
1853 718 1914 748 isto
1946 724 2144 749 sacramento
2173 719 2335 750 confertur
2363 721 2531 760 plenitudo

1465 761 1597 802 gratiae
1618 762 1825 802 septiformis,
1842 767 1878 792 ut
1900 762 1934 792 in
1957 762 2059 792 littera
2074 763 2091 779 *
2115 762 2238 800 dicitur,
2255 765 2336 794 sicut
2358 765 2392 794 in
2415 765 2531 796 confir-

1465 805 1617 835 matione.
1642 805 1706 836 Sed
1727 806 1859 836 materia
1881 805 2133 837 confirmationis
2155 808 2328 848 praeexigit
2357 809 2532 840 sanctifica-

1466 849 1599 879 tionem.
1625 848 1711 880 Cum
1735 859 1810 890 ergo
1835 859 1872 880 ea
1901 860 1985 890 quae
2007 851 2041 881 in
2064 851 2128 881 hoc
2158 857 2355 883 sacramento
2385 853 2532 884 videntur

1427 905 1449 925 ις
1466 902 1534 923 esse
1556 894 1739 930 materialia,
1755 903 1824 924 non
1847 895 1910 924 sint
1924 894 2203 934 praesanctificata,
2219 896 2344 927 videtur
2359 897 2449 937 quod
2463 907 2532 928 non

1466 937 1528 967 sint
1550 938 1681 968 materia
1703 938 1799 968 huius
1823 940 2020 969 sacramenti.

1522 981 1552 1012 3.
1576 982 1772 1019 Pnaarnana,
1789 983 1823 1012 in
1839 983 1984 1023 quolibet
1999 989 2198 1014 sacramento
2214 984 2350 1015 habente
2366 986 2531 1017 materiam

1465 1026 1635 1065 requiritur
1658 1031 1825 1057 contactus
1847 1028 1997 1058 materiae
2026 1027 2066 1058 ad
2090 1037 2166 1058 eum
2189 1029 2245 1068 qui
2274 1030 2406 1070 suscipit
2429 1039 2530 1060 sacra-

1464 1075 1621 1100 mentum.
1647 1070 1718 1107 Sed,
1735 1076 1771 1101 ut
1794 1081 1812 1101 a
1835 1071 2026 1111 quibusdam
2043 1071 2167 1109 dicitur,
2184 1078 2350 1104 contactus
2370 1073 2530 1105 dictorum

1424 1125 1451 1139 ιο
1464 1114 1676 1144 materialium
1699 1115 1738 1144 ab
1762 1124 1802 1145 eo
1827 1116 1883 1155 qui
1906 1116 2037 1155 suscipit
2060 1122 2304 1153 sacramentum,
2329 1127 2397 1148 non
2421 1124 2467 1149 est
2490 1118 2530 1149 de

1463 1159 1651 1188 necessitate
1673 1160 1870 1195 sacramenti,
1888 1159 1943 1190 sed
1966 1160 2072 1190 solum
2094 1162 2265 1200 porrectio.
2297 1162 2382 1202 Ergo
2405 1162 2529 1202 praedi-

1464 1207 1534 1232 ctae
1557 1212 1606 1232 res
1629 1203 1805 1234 materiales
1827 1213 1895 1234 non
1919 1209 1993 1234 sunt
2014 1205 2145 1234 materia
2168 1205 2263 1235 huius
2286 1207 2483 1237 sacramenti.

1520 1246 1582 1277 San
1607 1256 1730 1277 CONTRA
1753 1257 1817 1283 EST,
1835 1247 1911 1287 quia
1940 1257 2037 1278 omne
2067 1254 2300 1280 sacramentum
2330 1251 2473 1281 consistit
2495 1252 2529 1281 in

1463 1291 1558 1320 rebus
1582 1296 1613 1321 et
1634 1292 1748 1321 verbis.
1773 1291 1835 1322 Sed
1850 1301 1900 1322 res
1923 1292 1956 1322 in
1978 1292 2122 1332 quolibet
2145 1299 2342 1324 sacramento
2365 1300 2439 1325 sunt
2461 1305 2529 1325 ma-

1424 1347 1447 1367 25
1463 1335 1542 1364 teria
1563 1335 1673 1375 ipsius.
1697 1335 1783 1375 Ergo
1801 1341 1832 1365 et
1853 1345 1902 1366 res
1919 1345 2002 1376 quae
2025 1337 2058 1366 in
2078 1337 2141 1367 hoc
2164 1343 2360 1368 sacramento
2377 1338 2529 1370 adhiben-

1463 1384 1524 1415 tur,
1542 1384 1616 1409 sunt
1637 1380 1769 1409 materia
1791 1380 1887 1410 huius
1910 1382 2107 1411 sacramenti.

1519 1432 1549 1453 2.
1573 1423 1775 1459 PRAETEREA,
1799 1424 1872 1464 plus
1895 1425 2065 1464 requiritur
2087 1424 2127 1455 ad
2151 1425 2400 1466 dispensandum
2428 1437 2528 1457 sacra-

1462 1472 1571 1497 menta
1595 1476 1693 1507 quam
1716 1467 1756 1498 ad
1775 1468 2014 1508 suscipiendum
2034 1476 2238 1500 sacramenta.
2263 1470 2326 1501 Sed
2341 1471 2527 1511 baptismus,

1462 1511 1497 1541 in
1518 1520 1584 1550 quo
1601 1511 1693 1542 datur
1707 1517 1847 1552 potestas
1863 1511 1902 1542 ad
1924 1513 2164 1553 suscipiendum
2187 1520 2391 1551 sacramenta,
2407 1515 2529 1556 indiget

1424 1566 1450 1586 ³⁰
1462 1555 1603 1585 materia.
1638 1555 1724 1595 Ergo
1748 1561 1779 1586 et
1802 1555 1893 1592 ordo,
1917 1557 1951 1587 in
1975 1566 2041 1597 quo
2066 1557 2157 1588 datur
2179 1563 2319 1598 potestas
2342 1559 2382 1589 ad
2406 1569 2443 1590 ea
2466 1560 2528 1590 dis-

1461 1598 1635 1639 pensanda.

1516 1643 1706 1673 Rusponmzo
1730 1654 1888 1674 mmmmm
1912 1644 2001 1684 quod
2016 1646 2147 1675 materia
2168 1646 2202 1676 in
2225 1648 2427 1677 sacramentis
2443 1653 2529 1678 exte—

1462 1687 1527 1716 rius
1559 1687 1697 1717 adhibita
1729 1687 1884 1727 significat
1913 1689 2062 1719 virtutem
2092 1690 2125 1719 in
2149 1692 2350 1721 sacramentis
2381 1697 2528 1731 agentem

1463 1739 1501 1760 ex
1520 1731 1696 1761 extrinseco
1720 1732 1855 1762 omnino
1879 1732 2037 1763 advenire.
2071 1733 2174 1769 Unde,
2201 1744 2276 1764 cum
2300 1734 2431 1765 effectus
2453 1745 2528 1775 pro-

1423 1784 1446 1805 ες
1461 1774 1550 1814 prius
1572 1775 1668 1805 huius
1691 1777 1888 1812 sacramenti,
1905 1776 2024 1807 scilicet
2047 1777 2221 1814 character,
2245 1788 2313 1808 non
2335 1780 2528 1819 percipiatur

1463 1828 1501 1848 ex
1524 1818 1630 1859 aliqua
1654 1820 1842 1859 operatione
1864 1821 1964 1860 ipsius
1988 1821 2044 1860 qui
2067 1821 2106 1851 ad
2134 1828 2368 1853 sacramentum
2396 1823 2527 1860 accedit,

1462 1863 1544 1893 sicut
1560 1869 1625 1893 erat
1639 1864 1673 1893 in
1688 1864 1887 1903 poenitentia
1902 1866 1928 1901 θ’,
1946 1865 2001 1895 sed
2017 1866 2152 1896 omnino
2173 1876 2210 1896 ex
2234 1867 2410 1897 extrinseco
2434 1868 2528 1898 adve-

1462 1907 1545 1943 niat,
1577 1909 1732 1947 competit
1762 1909 1792 1938 ei
1818 1909 1983 1939 materiam
2015 1909 2141 1940 habere.
2166 1910 2290 1941 Tamen
2317 1911 2529 1942 diversimode

1463 1951 1501 1981 ab
1518 1951 1586 1981 aliis
1601 1953 1804 1982 sacramentis
1829 1962 1911 1993 quae
1926 1954 2091 1984 materiam
2106 1954 2233 1985 habent.
2258 1955 2343 1993 Quia
2359 1956 2423 1986 hoc
2439 1956 2528 1996 quod

342 1995 406 2027 Sed
429 1996 599 2027 auctoritas
620 2005 689 2026 non
711 1995 827 2026 residet
850 1995 937 2036 apud
960 2005 1036 2026 eum
1055 1997 1111 2036 qui
1135 2001 1330 2026 sacramenta
1346 1995 1408 2026 dis·
1422 2004 1449 2025 40
1462 1995 1496 2025 in
1519 2001 1717 2026 sacramento
1735 1996 1907 2033 confertur,
1924 1998 1957 2027 in
1973 1997 2040 2027 aliis
2063 1999 2266 2029 sacramentis
2286 1998 2444 2030 derivatur
2458 2006 2528 2031 tan-

340 2046 463 2081 pensat,
481 2039 537 2071 sed
555 2040 766 2070 ministerium
781 2046 916 2070 tantum.
940 2040 1026 2080 Ergo
1050 2050 1118 2070 non
1134 2040 1263 2070 deberet
1286 2041 1333 2070 uti
1347 2040 1408 2070 im-

341 2085 484 2125 perativo
507 2084 619 2120 modo,
635 2090 672 2115 ut
695 2084 813 2114 diceret
837 2085 897 2115 sic:
922 2084 1019 2125 Agite
1041 2084 1092 2114 vel
1110 2084 1334 2131 Accipite-hoc
1356 2084 1408 2114 vel

341 2128 431 2166 illud,
446 2129 498 2159 vel
522 2128 642 2169 aliquid
664 2128 860 2158 huiusmodi.

398 2173 428 2204 3.
450 2173 647 2208 Pnanrnmza,
663 2172 698 2202 in
716 2172 820 2202 forma
835 2172 1022 2202 sacramenti
1037 2181 1105 2202 non
1121 2171 1215 2202 debet
1234 2172 1303 2203 fieri
1317 2181 1408 2202 men-

1462 2044 1532 2069 tum
1556 2050 1574 2069 a
1597 2040 1678 2076 Deo,
1695 2050 1763 2070 non
1786 2050 1804 2073 a
1826 2041 1982 2078 ministr0‚
2006 2042 2063 2081 qui
2086 2048 2319 2074 sacramentum
2349 2043 2526 2084 dispensat:

1462 2083 1518 2113 sed
1541 2083 1620 2114 illud
1644 2084 1733 2124 quod
1755 2085 1788 2115 in
1811 2085 1875 2115 hoc
1898 2091 2095 2116 sacramento
2119 2086 2268 2123 traditur,
2295 2088 2415 2118 scilicet
2437 2089 2528 2129 spiri-

1462 2127 1555 2157 tualis
1571 2133 1721 2168 potestas,
1739 2128 1897 2159 derivatur
1920 2130 2015 2160 etiam
2031 2131 2070 2160 ab
2087 2140 2126 2160 eo
2143 2131 2199 2170 qui
2215 2137 2448 2162 sacramentum
2464 2132 2526 2169 dat,

1463 2172 1545 2201 sicut
1566 2177 1707 2212 potestas
1722 2173 1909 2213 imperfecta
1924 2183 1942 2203 a
1964 2173 2114 2214 perfecta.
2138 2175 2179 2205 Et
2197 2175 2270 2206 ideo
2288 2175 2428 2206 efficacia
2450 2177 2528 2207 alio—

340 2217 387 2247 tio
410 2217 472 2247 nisi
488 2216 528 2247 de
550 2217 610 2247 illis
627 2226 709 2256 quae
733 2222 807 2247 sunt
822 2216 862 2246 de
878 2217 1013 2246 essentia
1028 2217 1226 2247 sacramenti.
1252 2216 1315 2247 Sed
1330 2226 1408 2246 usus
1422 2224 1446 2245 45
1462 2225 1533 2246 rum
1558 2222 1829 2248 sacramentorum
1844 2218 2059 2258 principaliter
2078 2219 2220 2249 consistit
2234 2220 2268 2250 in
2287 2221 2427 2256 materia,
2445 2230 2528 2260 quae

341 2261 506 2301 potestatis
530 2266 679 2300 acceptae
701 2270 770 2291 non
794 2266 841 2291 est
863 2260 903 2290 de
927 2261 1062 2291 essentia
1083 2261 1180 2291 huius
1209 2261 1407 2297 sacramenti,

342 2304 398 2336 sed
421 2305 629 2345 consequitur
661 2304 701 2334 ad
732 2305 848 2344 ipsum.
880 2305 965 2345 Ergo
989 2315 1057 2335 non
1090 2305 1184 2335 debet
1207 2304 1247 2335 de
1270 2315 1310 2335 eo
1340 2304 1408 2335 fieri

341 2349 464 2379 mentio
487 2349 522 2379 in
543 2348 647 2378 forma
670 2349 765 2379 huius
787 2349 985 2379 sacramenti.

397 2402 429 2432 4.
452 2393 648 2429 Pramum,
665 2394 775 2423 omnia
796 2398 992 2423 sacramenta
1014 2392 1162 2423 ordinant
1185 2393 1224 2423 ad
1247 2398 1405 2424 aeternam

341 2438 644 2468 remunerationem.
675 2436 738 2468 Sed
761 2437 795 2467 in
827 2437 938 2468 formis
969 2437 1105 2467 aliorum
1134 2443 1407 2468 sacramentorum

341 2491 409 2511 non
425 2480 461 2511 fit
482 2482 605 2511 mentio
622 2480 661 2511 de
676 2482 943 2512 remuneratione.
967 2482 1053 2522 Ergo
1069 2491 1130 2512 nec
1145 2482 1179 2512 in
1194 2481 1297 2512 forma
1311 2482 1407 2512 huius

341 2526 529 2556 sacramenti
552 2524 680 2556 deberet
703 2525 742 2555 de
767 2535 804 2556 ea
825 2525 894 2556 fieri
927 2526 1067 2562 mentio,
1094 2527 1176 2556 sicut
1197 2525 1234 2556 fit
1261 2535 1337 2556 cum
1360 2526 1407 2557 di-

341 2570 438 2600 citur:
462 2569 645 2600 Habitarus
662 2574 791 2610 partem
814 2570 844 2601 si
855 2569 1011 2611 fideliter,
1036 2575 1097 2600 etc.

395 2614 584 2644 Rnspoumzo
608 2624 767 2644 mcanmm
790 2613 879 2654 quod
901 2615 965 2645 hoc
987 2619 1221 2645 sacramentum
1247 2615 1406 2655 principa-

340 2658 411 2688 liter
434 2658 578 2688 consistit
599 2659 633 2688 in
655 2663 813 2698 potestate
835 2658 957 2689 tradita.
980 2658 1123 2689 Potestas
1146 2664 1254 2689 autem
1277 2669 1295 2689 a
1314 2664 1406 2699 pote-

340 2707 420 2732 state
442 2701 617 2732 traducitur
644 2703 726 2732 sicut
748 2703 850 2733 simile
874 2712 912 2733 ex
935 2702 1040 2733 simili.
1064 2703 1106 2733 Et
1127 2703 1243 2733 iterum
1266 2709 1407 2744 potestas

340 2755 398 2786 per
413 2755 510 2776 usum
525 2747 711 2776 innotescit:
737 2747 812 2786 quia
826 2747 989 2787 potentiae
1009 2746 1215 2777 notificantur
1234 2757 1292 2787 per
1307 2753 1405 2778 actus.

341 2790 383 2821 Et
397 2789 470 2821 ideo
486 2791 520 2820 in
536 2790 639 2821 forma
655 2789 774 2821 ordinis
791 2791 976 2831 exprimitur
991 2800 1068 2821 usus
1089 2790 1208 2821 ordinis
1226 2801 1284 2831 per
1299 2797 1407 2822 actum

339 2834 398 2875 qui
419 2835 612 2875 imperatum
638 2840 669 2865 et
692 2835 878 2875 exprimitur
900 2834 1057 2866 traductio
1080 2836 1244 2875 potestatis
1266 2845 1324 2876 per
1346 2837 1406 2867 im-

340 2879 520 2919 perativum
542 2878 689 2909 modum.

395 2923 446 2953 An
469 2933 587 2953 ramum
610 2933 693 2953 aneo
722 2933 882 2953 meanz-uu
912 2922 1002 2963 quod
1025 2923 1085 2953 alia
1114 2929 1309 2954 sacramenta
1338 2934 1406 2955 non

341 2966 528 2998 ordinantur
559 2967 775 3007 principaliter
798 2967 837 2997 ad
861 2966 992 2998 effectus
1019 2967 1137 2998 similes
1169 2969 1319 3008 potestati
1349 2978 1407 3009 per

341 3020 440 3051 quam
463 3017 658 3042 sacramenta
674 3011 906 3051 dispensantur,
922 3012 1005 3042 sicut
1019 3012 1083 3042 hoc
1098 3017 1342 3043 sacramentum.
1365 3013 1407 3043 Et

339 3054 414 3086 ideo
438 3055 472 3086 in
494 3055 559 3086 hoc
582 3061 780 3086 sacramento
797 3061 844 3086 est
867 3056 957 3095 quasi
980 3055 1138 3096 quaedam
1154 3057 1406 3087 communicatio

341 3099 488 3130 univoca.
513 3099 606 3130 Unde
629 3100 663 3130 in
685 3100 753 3130 aliis
776 3100 979 3130 sacramentis
1009 3100 1194 3140 exprimitur
1225 3100 1345 3141 aliquid
1368 3110 1406 3131 ex
1419 3107 1444 3133 65

341 3149 430 3183 parte
453 3142 578 3174 divinae
599 3144 733 3180 virtutis,
750 3145 803 3174 cui
827 3143 957 3174 effectus
980 3145 1168 3175 sacramenti
1198 3145 1404 3176 assimilatur:

340 3196 410 3217 non
432 3192 540 3218 autem
561 3188 596 3218 in
618 3188 682 3218 hoc
705 3194 913 3219 sacramento.

397 3230 448 3260 An
471 3237 633 3262 summm
655 3242 814 3263 mcssnmm
830 3232 930 3273 quod,
947 3233 1092 3273 quamvis
1112 3233 1146 3263 in
1168 3233 1332 3274 episcopo,
1350 3235 1407 3274 qui

342 3278 391 3304 est
412 3274 555 3305 minister
576 3276 672 3307 huius
695 3277 893 3313 sacramenti,
908 3287 977 3307 non
1000 3277 1040 3307 sit
1063 3278 1233 3307 auctoritas
1259 3283 1406 3318 respectu

342 3317 522 3349 collationis
543 3319 639 3350 huius
654 3322 851 3357 sacramenti,
867 3326 975 3352 tamen
993 3322 1088 3352 habet
1111 3321 1252 3362 aliquam
1266 3327 1406 3362 potesta·
1420 3333 1447 3354 70

343 3367 409 3392 tem
432 3368 578 3402 respectu
599 3365 764 3403 potestatis
787 3365 906 3396 ordinis
926 3375 1008 3406 quae
1025 3364 1187 3396 confertur
1208 3375 1266 3406 per
1287 3366 1404 3407 ipsum,

343 3406 536 3446 inquantum
558 3416 577 3437 a
599 3417 656 3437 sua
677 3413 834 3448 potestate
857 3409 1024 3441 derivatur.

398 3450 449 3480 An
473 3459 607 3480 TER-mm
628 3460 787 3483 mmmmm
810 3453 899 3494 quod
922 3463 999 3484 usus
1021 3454 1186 3495 potestatis
1205 3459 1252 3485 est
1275 3453 1406 3485 effectus

343 3494 507 3534 potestatis
530 3494 564 3524 in
586 3504 702 3534 genere
734 3506 847 3528 causae
877 3497 1056 3529 efficientis:
1089 3504 1120 3529 et
1143 3499 1187 3529 sic
1214 3508 1282 3529 non
1311 3499 1407 3530 habet

342 3537 434 3579 quod
453 3538 486 3568 in
507 3537 692 3570 definitione
708 3539 826 3572 ordinis
841 3547 989 3582 ponatur.
1013 3542 1077 3574 Sed
1100 3548 1147 3574 est
1162 3542 1405 3584 quodammodo
1420 3557 1444 3578 75

1462 2261 1613 2290 virtutem
1641 2260 1780 2291 divinam
1811 2261 1967 2302 significat
1990 2267 2021 2292 et
2044 2263 2187 2293 continet
2210 2273 2248 2294 ex
2277 2264 2528 2295 sancn‘ficatione

1461 2313 1519 2344 per
1541 2305 1753 2335 ministerium
1781 2305 1930 2336 adhibita.
1962 2306 2188 2342 Sedefficacia
2215 2308 2311 2338 huius
2340 2311 2527 2339 sacramenti

1461 2349 1678 2389 principaliter
1700 2349 1815 2380 residet
1836 2360 1936 2390 penes
1960 2360 2035 2381 eum
2059 2352 2116 2391 qui
2139 2357 2373 2383 sacramentum
2400 2352 2527 2393 dispen-

1462 2398 1525 2422 sat:
1559 2394 1690 2424 materia
1713 2399 1820 2424 autem
1852 2394 2019 2425 adhibetur
2051 2396 2151 2435 magis
2179 2395 2219 2426 ad
2251 2396 2527 2428 determinandum

1423 2449 1448 2469 50
1461 2442 1672 2476 potestatem,
1697 2447 1781 2478 quae
1812 2438 1944 2469 traditur
1967 2439 2196 2479 particulariter
2227 2441 2266 2470 ab
2295 2441 2433 2471 habente
2456 2451 2527 2472 eam

1462 2481 1634 2521 complete,
1651 2491 1749 2522 quam
1773 2482 1813 2513 ad
1827 2488 2018 2522 potestatem
2042 2483 2244 2514 causandam.
2269 2484 2368 2523 Quod
2387 2491 2474 2526 patet
2490 2495 2528 2516 ex

1461 2525 1526 2555 hoc
1549 2525 1639 2565 quod
1661 2527 1793 2556 materia
1816 2527 1971 2567 competit
1990 2528 2063 2558 usui
2086 2529 2261 2568 potestatis.

1516 2570 1558 2599 Et
1579 2580 1637 2610 per
1659 2571 1723 2600 hoc
1745 2576 1832 2611 patet
1854 2571 1973 2602 solutio
1997 2571 2036 2602 ad
2059 2573 2209 2612 primum.

1515 2614 1567 2644 An
1590 2624 1752 2645 srecunnuu
1784 2625 1944 2645 manDnM
1967 2615 2057 2656 quod
2085 2617 2250 2647 materiam
2273 2618 2307 2647 in
2330 2617 2397 2648 aliis
2427 2627 2528 2648 sacra-

1422 2670 1444 2690 55
1460 2659 1577 2688 mentis
1598 2665 1728 2699 oportet
1750 2658 1939 2690 sanctificari
1970 2665 2102 2700 propter
2124 2661 2273 2691 virtutem
2297 2671 2395 2702 quam
2425 2663 2527 2693 conti-

1460 2707 1525 2733 net.
1550 2702 1614 2733 Sed
1635 2713 1703 2734 non
1727 2708 1774 2734 est
1795 2704 1839 2734 ita
1860 2704 1895 2734 in
1917 2705 2096 2744 proposito.

1516 2747 1567 2776 Ar>
1587 2757 1721 2778 mmmm
1744 2758 1904 2778 nrcnnmm
1920 2748 2019 2788 quod,
2036 2749 2222 2780 sustinendo
2239 2749 2318 2780 illud
2341 2749 2472 2787 dictum,
2489 2760 2527 2781 ex

1461 2789 1553 2821 dictis
1568 2792 1585 2808 ⁴*
1605 2797 1736 2832 apparet
1751 2802 1846 2823 causa
1862 2793 1940 2823 eius.
1965 2793 2050 2831 Quia
2065 2794 2152 2829 enim
2167 2798 2307 2834 potestas
2324 2794 2443 2824 ordinis
2459 2804 2526 2825 non

1461 2836 1616 2876 accipitur
1639 2846 1657 2866 a
1679 2837 1810 2867 materia
1833 2836 1889 2867 sed
1905 2847 1923 2867 a
1937 2838 2093 2873 ministr0‚
2110 2833 2184 2868 ideo
2200 2838 2360 2878 porrectio
2376 2840 2526 2869 materiae

1420 2885 1448 2906 6ο
1460 2880 1561 2920 magis
1578 2885 1625 2910 est
1641 2880 1680 2911 de
1693 2882 1828 2911 essentia
1844 2882 2031 2912 sacramenti
2048 2891 2143 2921 quam
2160 2887 2271 2912 tactus.
2284 2900 2307 2904 —
2318 2882 2443 2913 Tamen
2458 2883 2527 2923 ipsa

1460 2925 1556 2954 verba
1578 2923 1702 2955 formae
1724 2924 1872 2956 videntur
1895 2925 2063 2956 ostendere
2087 2925 2175 2966 quod
2190 2931 2292 2956 tactus
2314 2927 2464 2957 materiae
2488 2927 2527 2957 sit

1461 2967 1501 2998 de
1524 2970 1660 2999 essentia
1677 2970 1883 3000 sacramenti:
1909 2971 1983 3010 quia
2006 2969 2129 3006 dicitur,
2154 2971 2269 3010 Accipe
2284 2970 2348 3001 hoc
2370 2971 2421 3001 vel
2436 2971 2524 3002 illud.

1625 3033 1877 3076 QUAESTIO
1901 3035 2366 3079 TRIGESIMAQUINTA

1685 3093 1730 3118 DE
1750 3093 1907 3118 EFFECTU
1926 3093 2146 3118 SACRAMENTl
2165 3093 2302 3118 0RD1N1s

1523 3155 1616 3175 amna
1633 3145 1901 3177 considerandum
1918 3151 1964 3177 est
1979 3145 2019 3177 de
2035 3146 2150 3177 effectu
2165 3147 2260 3177 huius
2280 3147 2468 3177 sacramenti
2479 3148 2506 3177 ἓ.

1463 3157 1618 3220 DCirca
1641 3189 1731 3230 quod
1754 3196 1951 3230 quaeruntur
1974 3191 2128 3231 quinque.

1515 3234 1641 3264 Primo:
1667 3239 1775 3264 utrum
1797 3235 1831 3265 in
1854 3240 2052 3265 sacramento
2077 3235 2196 3265 ordinis
2211 3236 2309 3275 gratia
2332 3234 2522 3265 conferatur.

1516 3277 1682 3308 Secundo:
1708 3284 1817 3309 utrum
1840 3279 2040 3319 imprimatur
2063 3280 2231 3310 character.

1516 3322 1646 3352 Tertio:
1670 3327 1780 3353 utrum
1799 3323 1959 3354 character
1977 3323 2097 3361 ordinis
2112 3327 2350 3364 praesupponat
2366 3323 2524 3354 characte-

1548 3375 1617 3396 rem
1639 3366 1871 3407 baptismalem.

1515 3410 1658 3449 Quarto:
1692 3416 1801 3441 utrum
1833 3417 2074 3452 praesupponat
2108 3412 2321 3443 characterem
2354 3411 2524 3442 confirma-

1548 3455 1654 3485 tionis.

1516 3499 1659 3538 Quinto:
1684 3504 1792 3530 utrum
1822 3499 1982 3531 character
2011 3501 2107 3531 unius
2138 3500 2257 3531 ordinis
2285 3505 2525 3541 praesupponat

1549 3543 1763 3574 characterem
1786 3543 1922 3575 alterius.

2558 777 2568 787 ·
2574 776 2696 803 Βίειιιιν,
2702 782 2769 805 ειμι.

2555 1877 2566 1886 ·
2588 1875 2623 1897 Cf.
2643 1875 2676 1897 1v
2693 1875 2766 1903 Sem„

2556 1902 2610 1924 dist.
2618 1908 2676 1927 1111.
2692 1909 2730 1930 qu.
2742 1909 2767 1930 n,

2555 1932 2598 1951 art.
2614 1936 2632 1956 ι,
2647 1929 2692 1957 qu²
2708 1936 2726 1951 ι.

2554 2800 2565 2811 ·
2578 2799 2604 2821 In
2619 2805 2724 2828 corpore.

2551 3148 2669 3196 ingssdqu.
2683 3154 2763 3175 xxxxv,
