2918 4088
238 1539 249 1549 ·
262 1537 328 1559 Vere.
343 1537 378 1558 26.

239 1644 249 1654 ·
263 1643 312 1664 Art.
330 1649 348 1663 ι.

239 2386 249 2395 ·
265 2384 311 2412 Qu.
326 2390 394 2411 mxv,
409 2387 452 2406 art.

479 189 553 226 208

476 273 588 304 terra.
633 267 734 315 Ergo
770 274 806 303 et
832 267 956 304 forma
993 267 1109 304 huius
1146 266 1371 304 sacramenti
1399 277 1535 303 conve-

477 319 642 356 nientior
669 327 767 356 esset
793 331 863 369 per
889 319 1053 356 verbum
1073 319 1356 369 imperativum,
1377 326 1418 356 ut
1437 318 1536 355 dice-

478 380 599 410 retur:
629 373 718 410 Hoc
744 374 788 409 sit
815 385 949 422 corpus
977 385 1111 409 meum.

533 425 566 462 3.
588 426 820 470 PRAETEREA‚
850 437 919 474 per
946 424 1160 462 subiectum
1190 425 1308 462 huius
1335 422 1538 461 locutionis

478 478 707 527 importatur
720 478 812 515 illud
833 478 940 527 quod
959 477 1209 515 convertitur:
1231 477 1327 514 sicut
1345 489 1414 526 per
1432 488 1537 526 prae-

478 530 645 568 dicatum
677 531 905 580 importatur
931 530 1194 567 conversionis
1222 529 1418 567 terminus.
1448 529 1537 574 Sed,

478 583 575 621 sicut
602 591 658 621 est
685 583 983 621 determinatum
1011 583 1050 620 id
1078 583 1117 620 in
1137 583 1244 632 quod
1262 582 1306 619 fit
1325 581 1537 628 conversio,

478 649 559 674 non
587 635 691 674 enim
723 635 766 673 fit
797 636 998 673 conversio
1032 635 1103 672 nisi
1135 635 1175 672 in
1203 647 1344 684 corpus
1380 634 1537 680 Christi;

478 689 529 726 ita
556 697 612 726 est
639 689 935 726 determinatum
967 688 1005 725 id
1034 689 1140 738 quod
1169 687 1421 735 convertitur,
1459 699 1539 724 non

478 742 583 779 enim
616 742 850 779 convertitur
884 742 923 778 in
958 753 1098 791 corpus
1134 741 1273 778 Christi
1310 740 1381 777 nisi
1417 739 1538 789 panis.

478 796 600 842 Ergo,
630 794 726 831 sicut
753 806 800 831 ex
827 802 932 844 parte
960 793 1166 844 praedicati
1197 793 1354 843 ponitur
1381 804 1538 839 nomen,

478 847 529 885 ita
557 859 603 884 ex
630 854 737 896 parte
765 847 923 884 subiecti
959 847 1072 884 debet
1098 846 1193 896 poni
1222 858 1386 891 nornen,
1414 853 1457 883 ut
1484 845 1539 882 di-

478 908 602 937 catur:
633 901 710 937 Hic
732 901 844 949 panis
871 906 922 936 est
949 912 1083 949 corpus
1110 912 1245 936 meum.

531 965 567 1000 4.
589 954 819 998 Pmmenm,
849 950 945 988 sicut
964 952 1003 989 id
1022 952 1061 989 in
1080 951 1187 1000 quod
1206 950 1430 989 terminatur
1449 963 1539 988 con-

477 1005 603 1042 versio
626 1013 686 1041 est
710 1004 984 1041 determinatae
1003 1013 1173 1050 naturae,
1193 1004 1286 1053 quia
1305 1011 1359 1040 est
1378 1014 1538 1052 corpus;

477 1058 527 1094 ita
555 1057 669 1094 etiam
697 1065 753 1093 est
780 1057 1052 1094 determinatae
1081 1069 1280 1106 personae.
1309 1057 1411 1103 Ergo
1432 1062 1460 1102 α,
1490 1056 1538 1092 ad

476 1109 810 1147 determinandam
837 1121 1065 1158 personam,
1102 1110 1215 1146 debet
1243 1108 1334 1145 dici:
1372 1109 1462 1145 Hoc
1489 1114 1540 1145 est

477 1174 612 1211 corpus
644 1163 788 1198 Christi.

532 1216 565 1251 5.
587 1215 820 1261 PRAETEREA‚
841 1213 880 1250 in
899 1214 1027 1251 verbis
1045 1214 1192 1250 formae
1213 1226 1293 1251 non
1312 1212 1427 1250 debet
1444 1213 1539 1262 poni

476 1266 620 1316 aliquid
661 1267 768 1316 quod
803 1279 883 1303 non
919 1267 966 1303 sit
1007 1267 1054 1303 de
1092 1266 1303 1303 substantia
1339 1265 1432 1302 eius.
1479 1267 1538 1302 In-

476 1319 750 1358 convenienter
784 1331 875 1367 ergo
910 1319 1063 1356 additur
1099 1319 1138 1356 in
1166 1319 1401 1368 quibusdam
1435 1318 1539 1355 libris

476 1374 572 1410 haec
591 1371 810 1410 coniunctio
830 1375 940 1418 enim,
968 1384 1068 1421 quae
1087 1384 1167 1409 non
1187 1379 1242 1409 est
1261 1371 1309 1408 de
1328 1371 1538 1409 substantia

475 1425 635 1463 formae.

530 1479 604 1516 SED
628 1490 774 1516 CONTRA
798 1490 863 1515 issT
890 1478 999 1527 quod
1026 1478 1220 1515 Dominus
1247 1478 1321 1515 hac
1347 1477 1472 1514 forma
1499 1476 1539 1514 in

475 1532 740 1568 consecrando
769 1539 824 1568 est
852 1544 957 1578 usus,
987 1539 1030 1568 ut
1056 1539 1159 1580 patet
1185 1531 1321 1568 Matth.
1341 1543 1425 1567 xxvi
1444 1530 1474 1567 ²⁸.

530 1585 754 1622 Respommo
774 1595 954 1621 mcaNDUM
983 1584 1091 1633 quod
1116 1585 1211 1621 haec
1230 1591 1286 1620 est
1304 1583 1539 1620 conveniens

476 1636 601 1674 forma
637 1636 934 1674 consecrationis
967 1637 1089 1686 panis.
1134 1636 1290 1674 Dictum
1317 1644 1373 1673 est
1402 1636 1540 1674 enim*

475 1690 584 1739 quod
617 1691 714 1728 haec
748 1689 983 1727 consecratio
1016 1689 1186 1727 consistit
1218 1689 1259 1726 in
1286 1689 1539 1727 conversione

475 1742 708 1780 substantiae
736 1743 846 1792 panis
874 1741 914 1780 in
942 1755 1083 1792 corpus
1112 1742 1261 1780 Christi.
1292 1741 1454 1792 Oportet
1471 1755 1539 1780 au-

475 1803 555 1832 tem
588 1796 752 1833 formam
791 1796 1019 1833 sacramenti
1052 1795 1265 1844 significare
1293 1795 1333 1832 id
1365 1795 1473 1844 quod
1500 1795 1540 1832 in

476 1856 717 1886 sacramento
746 1849 918 1886 efficitur.
948 1849 1060 1886 Unde
1087 1857 1125 1885 et
1145 1849 1269 1886 forma
1288 1847 1540 1885 consecratio-

476 1901 535 1938 nis
562 1901 672 1950 panis
707 1901 820 1938 debet
847 1901 1059 1950 significare
1091 1900 1216 1951 ipsam
1244 1901 1540 1946 conversionem

476 1954 587 2003 panis
601 1954 641 1991 in
656 1966 796 2003 corpus
812 1953 961 1992 Christi.
981 1956 1023 1992 In
1043 1967 1121 2004 qua
1139 1954 1209 1992 tria
1228 1953 1538 1992 considerantur:

476 2007 615 2044 scilicet
647 2007 730 2057 ipsa
765 2006 987 2055 conversio,
1023 2016 1060 2044 et
1094 2006 1281 2045 terminus
1315 2020 1339 2045 a
1371 2019 1470 2056 quo,
1505 2014 1541 2044 et

476 2060 663 2097 terminus
689 2060 739 2097 ad
765 2070 898 2109 quern.

529 2113 744 2150 Conversio
762 2120 894 2150 autem
912 2120 1037 2162 potest
1056 2113 1288 2150 considerari
1318 2112 1539 2162 dupliciter:

477 2178 557 2203 uno
586 2166 723 2211 modo,
753 2174 795 2202 ut
822 2165 861 2202 in
877 2167 992 2215 fieri;
1020 2165 1094 2202 alio
1123 2166 1260 2212 modo,
1293 2173 1336 2202 ut
1367 2164 1407 2202 in
1431 2167 1541 2214 facto

477 2231 563 2256 esse.
593 2218 685 2256 Non
713 2226 843 2256 autern
871 2219 1004 2256 debuit
1037 2217 1239 2268 significari
1271 2219 1473 2256 conversio
1502 2219 1541 2256 in

478 2273 550 2308 hac
576 2272 701 2309 forma
720 2279 762 2308 ut
779 2269 820 2309 in
838 2271 932 2314 fieri.
952 2272 1020 2309 sed
1040 2279 1082 2309 ut
1099 2270 1139 2309 in
1158 2271 1256 2310 facto
1284 2284 1379 2309 esse.
1407 2271 1540 2310 Primo

475 2324 649 2374 quidem,
670 2324 761 2374 quia
787 2326 884 2362 haec
901 2325 1104 2362 conversio
1133 2336 1214 2362 non
1238 2332 1295 2362 est
1313 2325 1540 2372 successiva,

476 2385 521 2414 ut
546 2386 665 2427 supra
683 2378 702 2400 ¹⁸
730 2377 906 2414 habitum
931 2385 1000 2425 est,
1026 2378 1097 2414 sed
1125 2378 1382 2415 instantanea:
1411 2377 1451 2414 in
1470 2379 1541 2415 hu—

478 2429 647 2467 iusmodi
682 2438 813 2468 autem
844 2430 1122 2468 mutationibus
1149 2430 1233 2468 fieri
1261 2441 1342 2468 non
1379 2438 1434 2468 est
1470 2429 1543 2468 nisi

477 2481 620 2520 factum
649 2495 741 2520 esse.
770 2505 795 2509 —
825 2482 1018 2530 Secundo,
1041 2482 1132 2533 quia
1159 2483 1210 2521 ita
1238 2496 1278 2521 se
1306 2484 1450 2520 habent
1467 2482 1542 2521 for-

477 2548 566 2573 mae
583 2536 876 2573 sacramentales
894 2536 944 2574 ad
964 2534 1259 2584 significandum
1283 2537 1466 2574 effectum
1485 2549 1542 2574 sa-

476 2588 680 2636 cramenti,
710 2589 807 2626 sicut
838 2601 878 2626 se
910 2589 1054 2626 habent
1079 2590 1226 2626 formae
1254 2589 1466 2627 artificiales
1493 2589 1542 2627 ad

477 2641 843 2691 repraesentandum
881 2642 1063 2679 effectum
1097 2641 1197 2679 artis.
1236 2643 1380 2679 Forma
1411 2649 1542 2679 autem

478 2694 680 2731 artificialis
708 2702 763 2731 est
788 2694 998 2732 similitudo
1026 2693 1150 2732 ultimi
1178 2694 1336 2732 effectus
1364 2694 1403 2732 in
1423 2706 1539 2745 quem

477 2748 594 2784 fertur
612 2747 770 2784 intentio
790 2747 959 2784 artificis:
981 2747 1078 2784 sicut
1095 2748 1219 2785 forma
1247 2748 1335 2785 artis
1354 2748 1393 2785 in
1413 2755 1542 2785 mente

478 2799 729 2837 aedificatoris
758 2807 812 2837 est
839 2800 963 2837 forma
990 2801 1132 2838 domus
1160 2801 1380 2838 aedificatae
1403 2801 1541 2851 princi—

477 2853 621 2903 paliter,
637 2852 910 2890 aedificationis
929 2861 1059 2891 autem
1078 2866 1148 2903 per
1161 2866 1412 2904 consequens.
1429 2855 1541 2893 Unde

531 2985 558 3019 α)
579 2985 661 3018 Engo.
679 2998 698 3004 -
714 2985 784 3011 sicut
800 2984 838 3010 nl
851 2984 1089 3011 determinandum
1113 2988 1239 3011 namn·
1260 2986 1363 3012 dieitur
1383 2992 1482 3018 corpus
1500 2986 1540 3011 ita

478 3021 653 3090 addtssiytbliF-I:
667 3021 758 3082 Jdpg?
777 3021 860 3050 debet,
880 3021 986 3046 deberet
1004 3021 1084 3046 tertia.

1123 189 1386 236 QUAESTIO
1415 187 1621 234 LXXVIII,
1651 186 1943 224 ARTICULUS
1971 187 2000 223 II

1592 273 1628 302 et
1655 265 1694 302 in
1723 266 1795 301 hac
1822 265 1947 301 forma
1974 264 2087 301 debet
2119 264 2280 313 exprimi
2313 264 2515 302 conversio
2543 273 2586 302 ut
2613 264 2652 302 in

1592 318 1688 355 facto
1718 329 1798 355 esse
1817 317 1848 364 ²¹⁸,
1879 317 1927 354 ad
1956 317 2063 366 quod
2090 317 2207 354 fertur
2235 317 2404 355 intentio.

1645 371 1693 407 Et
1712 370 1803 419 quia
1821 370 1903 419 ipsa
1918 369 2120 406 conversio
2140 369 2364 419 exprimitur
2381 370 2421 407 in
2439 371 2512 408 hac
2530 370 2655 408 forma

1592 431 1634 460 ut
1661 423 1701 460 in
1728 423 1825 460 facto
1855 435 1948 469 esse,
1968 434 2123 459 necesse
2150 430 2205 459 est
2232 423 2340 471 quod
2367 431 2536 460 extrema
2563 435 2654 460 con-

1592 475 1779 513 versionis
1807 475 2066 524 significentur
2093 482 2135 511 ut
2162 487 2202 512 se
2231 475 2373 512 habent
2396 475 2436 512 in
2454 476 2552 513 facto
2573 488 2654 513 esse

1593 529 1865 566 conversionis.
1908 529 2023 565 Tunc
2051 535 2181 564 autern
2215 527 2402 565 terminus
2429 528 2468 565 in
2493 527 2508 558 β
2536 541 2655 578 quem

1594 582 1708 618 habet
1743 581 1938 631 propriam
1969 588 2147 618 naturam
2180 592 2271 617 suae
2301 580 2548 618 substantiae:
2588 581 2655 618 sed

1592 634 1779 671 terminus
1802 647 1824 671 a
1843 646 1923 684 quo
1952 646 2032 671 non
2051 641 2181 670 manet
2200 633 2416 670 secundum
2435 645 2548 671 suam
2566 634 2655 670 sub-

1593 687 1781 734 stantiam,
1805 687 1872 724 sed
1891 688 2019 724 solum
2038 686 2255 728 secundum
2274 685 2494 732 accidentia,
2514 686 2656 735 quibus

1594 740 1722 777 sensui
1746 740 1925 787 subiacet,
1955 747 1991 776 et
2010 740 2059 776 ad
2078 750 2237 776 sensum
2255 738 2500 776 determinari
2519 746 2655 788 potest.

1594 793 1705 830 Unde
1733 792 2007 830 convenienter
2033 792 2220 829 terminus
2248 791 2511 829 conversionis
2534 803 2557 828 a
2576 803 2656 841 quo

1594 846 1819 896 exprimitur
1844 858 1914 895 per
1941 857 2160 895 pronomen
2187 844 2535 882 demonstrativum
2562 845 2656 882 rela-

1593 906 1675 935 tum
1706 899 1754 935 ad
1783 898 1991 936 accidentia
2019 897 2221 944 sensibilia,
2242 909 2342 947 quae
2362 905 2531 935 manent.
2560 897 2656 934 Ter-

1593 951 1724 988 minus
1761 959 1891 988 autem
1924 951 1973 988 ad
2006 963 2125 1000 quem
2157 950 2384 1000 exprimitur
2413 962 2484 1000 per
2510 962 2657 987 nomen

1593 1003 1809 1052 significans
1837 1011 2016 1040 naturam
2043 1003 2125 1040 eius
2160 1003 2200 1040 in
2227 1004 2335 1052 quod
2362 1003 2406 1040 fit
2433 1002 2654 1040 conversio:

1593 1057 1701 1106 quod
1729 1056 1889 1105 quidem
1917 1064 1972 1093 est
1999 1063 2123 1093 totum
2152 1067 2293 1105 corpus
2322 1055 2483 1102 Christi,
2512 1063 2550 1092 et
2576 1068 2657 1093 non

1593 1110 1674 1146 sola
1693 1121 1782 1145 caro
1801 1109 1895 1156 eius,
1915 1117 1958 1146 ut
1985 1108 2130 1146 dictum
2150 1115 2205 1145 est
2222 1108 2254 1145 *.
2284 1108 2396 1146 Unde
2419 1109 2516 1146 haec
2533 1109 2658 1146 forma

1593 1169 1649 1198 est
1677 1161 2056 1198 convenientissima:
2086 1161 2176 1198 Hoc
2203 1167 2254 1197 est
2281 1173 2416 1210 corpus
2442 1173 2579 1198 meum.

1646 1215 1703 1250 AD
1733 1226 1868 1250 ΡκιΜυΜ
1896 1225 1995 1250 ERGO
2023 1225 2206 1250 DlCENDtJM
2239 1213 2347 1262 quod
2373 1212 2457 1250 fieri
2493 1225 2574 1251 non
2602 1221 2658 1251 est

1593 1266 1751 1303 ultimus
1772 1266 1930 1303 effectus
1949 1265 2065 1303 huius
2093 1265 2400 1312 consecrationis,
2420 1266 2489 1303 sed
2515 1266 2655 1304 facturn

1592 1330 1688 1364 esse,
1717 1326 1760 1356 ut
1781 1317 1926 1355 dictum
1945 1325 2002 1355 est
2019 1318 2050 1355 ²¹⁸.
2081 1319 2129 1355 Et
2148 1318 2236 1355 ideo
2255 1319 2331 1355 hoc
2349 1318 2478 1368 potius
2496 1318 2659 1368 exprimi

1593 1371 1707 1408 debet
1735 1371 1774 1408 in
1801 1371 1936 1408 forma.

1645 1426 1703 1461 An
1731 1436 1921 1462 SECUNDUM
1952 1436 2134 1462 monimum
2169 1424 2276 1474 quod
2309 1435 2437 1461 sermo
2466 1424 2538 1462 Dei
2567 1437 2658 1475 ope-

1593 1485 1696 1515 ratus
1724 1485 1780 1514 est
1807 1476 1846 1514 in
1874 1476 2065 1514 creatione
2094 1489 2236 1524 rerum,
2257 1476 2325 1527 qui
2344 1477 2458 1514 etiam
2478 1486 2660 1527 operatur

1593 1530 1632 1567 in
1651 1531 1725 1567 hac
1743 1529 2048 1567 consecratione:
2078 1529 2184 1567 aliter
2202 1538 2333 1568 tamen
2352 1538 2389 1567 et
2407 1530 2524 1568 aliter.
2553 1532 2659 1570 Nam

1593 1583 1656 1620 hic
1688 1591 1870 1633 operatur
1903 1582 2224 1621 sacramentaliter
2241 1588 2275 1629 Υ,
2311 1583 2407 1620 idest
2441 1584 2660 1622 secundum

1593 1636 1675 1673 vim
1700 1635 1997 1685 significationis.
2041 1636 2090 1673 Et
2117 1635 2204 1674 ideo
2233 1643 2384 1686 oportet
2411 1636 2451 1673 in
2479 1637 2555 1675 hoc
2581 1648 2658 1674 ser-

1593 1701 1711 1726 mone
1744 1687 1947 1738 significari
1983 1688 2166 1726 ultimum
2194 1688 2377 1726 effectum
2404 1688 2659 1728 consecratio-

1593 1741 1652 1779 nis
1679 1754 1749 1791 per
1775 1742 1942 1779 verbum
1969 1741 2254 1779 substantivum
2279 1741 2474 1781 indicativi
2493 1741 2604 1780 modi
2622 1750 2660 1780 et

1592 1794 1802 1845 praesentis
1823 1794 2020 1844 temporis.
2048 1795 2127 1832 Sed
2145 1794 2186 1832 in
2205 1794 2397 1833 creatione
2416 1806 2544 1833 nerum
2566 1807 2659 1846 ope-

1593 1856 1696 1885 ratus
1715 1855 1771 1884 est
1789 1849 1918 1885 solum
1937 1847 2128 1885 effective:
2159 1859 2259 1897 quae
2278 1847 2438 1897 quidem
2456 1847 2659 1886 efficientia

1592 1908 1648 1938 est
1679 1912 1749 1950 per
1783 1900 1993 1951 imperium
2023 1912 2118 1938 suae
2152 1900 2370 1950 sapientiae.
2412 1901 2462 1938 Et
2493 1900 2582 1938 ideo
2618 1900 2659 1938 in

1593 1953 1785 1991 creatione
1818 1965 1949 1991 rerum
1983 1953 2209 2003 exprimitur
2240 1965 2368 1990 sermo
2395 1952 2627 1992 Dominicus
2642 1951 2660 1977 ⁸

1593 2019 1663 2056 per
1695 2007 1861 2044 verbum
1894 2005 2112 2055 imperativi
2145 2005 2274 2044 modi:
2311 2006 2531 2044 secundum
2564 2004 2658 2045 illud

1596 2060 1690 2097 Gen.
1711 2071 1722 2096 1
1740 2059 1775 2096 *z
1804 2061 1889 2096 Fiat
1915 2060 1995 2105 lux,
2025 2065 2058 2096 et
2074 2060 2186 2107 facta
2214 2065 2265 2096 est
2291 2059 2370 2096 lux.

1647 2113 1705 2149 AD
1732 2122 1891 2150 'mamm
1918 2123 2101 2149 mesanum
2127 2112 2236 2162 quod
2257 2111 2447 2149 terminus
2468 2123 2492 2150 a
2510 2124 2592 2162 quo
2617 2111 2659 2150 in

1592 2163 1679 2215 ipso
1705 2165 1805 2203 facto
1834 2176 1916 2202 esse
1937 2164 2200 2202 conversionis
2226 2175 2309 2202 non
2327 2165 2462 2202 retinet
2480 2172 2659 2205 naturam

1594 2230 1687 2256 suae
1707 2218 1952 2266 substantiae,
1967 2218 2064 2256 sicut
2082 2217 2269 2256 terminus
2288 2218 2337 2256 ad
2351 2230 2482 2268 quem.
2502 2218 2552 2256 Et
2569 2217 2658 2257 ideo

1593 2283 1675 2309 non
1703 2279 1759 2308 est
1787 2270 1921 2308 simile.

1647 2325 1705 2361 An
1743 2335 1914 2367 Quam-nm
1951 2336 2133 2362 metianum
2151 2323 2276 2373 'quod
2311 2334 2381 2373 per
2411 2324 2488 2362 hoc
2515 2335 2658 2374 prono·

1594 2387 1687 2414 men
1714 2388 1852 2424 meum,
1881 2377 1989 2426 quod
2016 2376 2174 2414 includit
2191 2376 2560 2414 demonstrationem
2581 2377 2659 2428 pri-

1595 2441 1682 2467 mae
1710 2441 1910 2480 personae,
1938 2441 2040 2480 quae
2056 2437 2115 2466 est
2135 2441 2303 2479 persona
2320 2429 2525 2480 loquentis,
2553 2430 2659 2469 suffi-

1595 2482 1738 2520 cienter
1765 2480 1990 2532 exprimitur
2015 2495 2183 2532 persona
2201 2481 2352 2530 Christi,
2373 2493 2420 2520 ex
2439 2482 2550 2520 euius
2575 2494 2659 2535 per-

1595 2548 1692 2573 sona
1719 2537 1815 2573 haec
1840 2536 2099 2585 proferuntur,
2129 2543 2171 2573 ut
2198 2535 2345 2573 dictum
2374 2543 2429 2573 est
2446 2535 2478 2573 2.

1647 2590 1705 2626 An
1742 2600 1904 2631 QUIN'NJM
1940 2601 2123 2627 mesanum
2156 2589 2268 2638 quod
2304 2589 2402 2627 haec
2437 2588 2659 2629 coniunctio

1594 2643 1695 2679 enim
1720 2641 1930 2692 apponitur
1955 2641 1997 2678 in
2016 2642 2089 2679 hac
2109 2641 2234 2679 forma
2261 2641 2478 2679 secundum
2497 2653 2659 2680 consue-

1593 2694 1771 2733 tudinem
1798 2696 2000 2732 Romanae
2028 2694 2220 2732 Ecclesiae
2249 2706 2272 2732 a
2289 2694 2402 2733 beato
2419 2695 2535 2733 Petro
2554 2696 2658 2747 Apo-

1596 2748 1693 2785 stolo
1712 2747 1924 2785 derivatam
1937 2747 1968 2784 ⁸⁸.
1994 2748 2042 2785 Et
2061 2749 2137 2785 hoc
2155 2755 2312 2797 propter
2329 2746 2658 2787 continuationem

1595 2801 1644 2838 ad
1663 2801 1782 2838 verba
1800 2801 2078 2850 praecedentia.
2104 2802 2153 2838 Et
2171 2800 2259 2838 ideo
2278 2813 2359 2838 non
2374 2809 2429 2838 est
2447 2802 2495 2839 de
2513 2801 2655 2840 forma:

1595 2854 1692 2891 sicut
1719 2866 1792 2892 nec
1818 2854 2086 2904 praecedentia
2104 2859 2116 2876 ⁸
2144 2854 2322 2892 formam.

1645 2986 1672 3019 γ)
1691 2986 1929 3012 mammet.
1952 2999 1973 3005 -
1992 2985 2113 3019 5⁶⁶⁶oe
2136 2988 2163 3010 et
2185 2984 2222 3018 (et
2240 2992 2298 3010 om.
2320 2984 2400 3019 stro)
2424 2985 2658 3011 metaliter

1594 3022 1857 3090 Ρρῦδῗῖοηιίηἰευε.
1875 3071 1893 3075 -
1909 3056 2041 3082 divinitus
2059 3056 2108 3086 Da,
2129 3056 2236 3081 divinus
2254 3055 2283 3081 Ρ.

1643 3093 1666 3127 ε)
1682 3093 1882 3124 praecedentia.
1899 3106 1918 3111 -
1935 3092 2015 3117 verba
2029 3091 2221 3123 praecedentia
2240 3090 2376 3115 editiones.

2682 318 2692 327 ‘
2706 316 2734 338 D·
2748 322 2794 345 575-

2686 1115 2695 1125 ·
2708 1113 2755 1142 Qu.
2765 1119 2844 1142 mvi,
2853 1117 2899 1137 art.

2686 1147 2705 1167 ι,
2720 1140 2749 1162 nd
2762 1146 2783 1162 ι.

2685 1323 2696 1334 ·
2709 1321 2735 1345 In
2750 1327 2859 1351 eoi-pore.

2686 2059 2813 2090 'Verm30

2686 2537 2697 2548 ·
2710 2536 2761 2558 Art.
2778 2543 2797 2559 ι.

2685 2694 2696 2706 ·
2711 2692 2747 2716 ct.
2762 2693 2842 2716 innoc.
2856 2675 2911 2723 ΠΙ,>

2685 2719 2837 2774 Ξᾶἔῑῗέῗῖνῑ
2843 2719 2901 2776 21²5.

2684 2772 2899 2827 ὶῖἑηιιῗῗαεῶσῖ

2684 2825 2742 2848 lebr.
2756 2825 2825 2848 Min.

2781 2862 2794 2880 ι
