2918 4088
166 384 177 393 ·
198 381 233 404 Cf.
255 387 306 403 can.
329 381 379 402 Hoc

167 410 204 430 est
223 407 382 433 uoddicimus,

167 434 196 455 de
220 434 377 460 onsecr.,dist.

167 461 199 485 11;
215 461 333 482 Lanfranc.
351 460 380 481 de

168 486 237 514 Corp.
258 488 281 508 et
302 486 377 513 Sang.

165 513 247 540 Dom.,
262 519 311 540 cap.
328 519 377 534 x1v.

166 540 176 550 ‘
190 540 240 561 Art.
256 539 360 566 praeced.

259 1062 272 1086 ὃ

162 1119 371 1141 ‘Cfflalensswm

164 1146 243 1168 Theol.
253 1152 274 1194 ἶ.
284 1146 323 1172 IV,
332 1152 371 1173 qu.

163 1179 179 1199 1,
194 1179 254 1194 mem
274 1188 279 1194 .
296 1179 314 1194 i.

158 2333 168 2342 ·
183 2330 218 2352 Cf.
230 2330 269 2351 lib.
278 2330 307 2356 11,
319 2335 369 2357 cap.

159 2363 223 2384 xxix,
238 2362 260 2378 n.
278 2364 295 2378 ι.

161 2711 170 2720 ·
185 2710 235 2730 Art.
250 2715 270 2730 2.

162 3020 171 3030 ·
186 3019 253 3041 Vers.
269 3025 303 3046 24.

162 3127 170 3135 ·
187 3124 252 3146 Vers.
270 3131 302 3152 ¹7.

162 3283 173 3293 ·
181 3281 230 3303 Lib.
237 3281 321 3309 11,cap.
328 3288 373 3303 xix.

408 198 431 233 6
1076 190 1338 239 QUAESTIO
1368 190 1455 236 LX,
1486 186 1776 225 ARTICULUS
1805 186 1854 222 lV

409 283 463 311 est
490 276 631 324 duplex
660 287 718 311 res
747 273 963 322 significata,
993 271 1130 309 scilicet
1158 282 1298 319 corpus
1328 266 1465 305 Christi

408 340 545 364 verum
572 335 607 364 et
627 327 851 377 mysticum:
877 334 918 362 ut
937 324 1171 372 Augustinus
1183 322 1294 369 ,dicit,
1310 322 1349 358 in
1369 321 1464 358 libro

408 382 676 417 Sententiarum
703 381 878 428 Prosperi
896 379 926 414 ²¹⁶.

459 434 682 470 RESPONDEO
708 444 888 469 DICENDUM
914 431 1040 480 quod,
1070 429 1165 466 sicut
1187 427 1331 465 dictum
1360 434 1414 463 est
1433 426 1463 472 ²¹²,

407 493 686 522 sacramentum
715 484 869 534 proprie
898 484 1035 521 dicitur
1057 482 1163 531 quod
1192 480 1389 517 ordinatur
1417 479 1465 516 ad

406 537 696 585 significandam
724 544 894 573 nostram
923 534 1272 573 sanctificationem.
1311 534 1353 569 In
1389 544 1465 580 qua

404 590 473 627 tria
493 598 654 638 possunt
673 589 923 626 considerari:
953 587 1127 625 videlicet
1146 586 1227 635 ipsa
1247 598 1361 622 causa
1381 597 1464 621 san-

404 642 640 679 ctificationis
668 650 831 688 nostrae,
856 653 956 690 quae
985 648 1040 677 est
1075 639 1202 689 passio
1242 637 1399 683 Christi;
1430 645 1465 674 et

402 695 526 731 forma
553 702 704 731 nostrae
738 693 1063 739 sanctificationis,
1094 703 1193 741 quae
1229 690 1398 727 consistit
1425 690 1464 726 in

402 747 519 795 gratia
547 755 583 784 et
610 747 833 792 virtutibus;
863 754 899 783 et
917 746 1074 783 ultimus
1102 744 1189 781 finis
1209 751 1360 780 nostrae
1380 755 1464 779 san-

402 799 649 847 ctificationis,
671 800 738 848 qui
766 807 821 836 est
848 799 924 836 vita
950 806 1112 835 aeterna.
1143 798 1191 834 Et
1210 798 1305 833 haec
1333 795 1463 832 omnia

401 864 470 901 per
495 860 731 889 sacramenta
750 852 1019 900 significantur.
1049 850 1160 888 Unde
1180 856 1463 886 sacramentum

401 912 457 941 est
475 912 511 941 et
539 905 688 953 signum
710 903 1052 941 rememorativum
1071 909 1087 931 Υ
1116 902 1197 939 eius
1223 902 1330 951 quod
1354 913 1462 950 prae-

401 957 520 1004 cessit,
542 958 680 994 scilicet
707 957 894 1006 passionis
930 955 1087 1001 Christi3
1126 963 1162 991 et
1199 953 1463 991 demonstrati-

400 1022 496 1046 vum
524 1010 605 1047 eius
625 1011 731 1058 quod
750 1009 790 1046 in
818 1009 930 1046 nobis
949 1008 1111 1045 efficitur
1129 1019 1198 1056 per
1219 1006 1357 1044 Christi
1376 1019 1462 1055 pas-

400 1062 562 1109 sionem,
583 1063 721 1099 scilicet
748 1062 906 1110 gratiae3
942 1069 978 1097 et
1005 1059 1305 1109 prognosticum⁷
1325 1058 1338 1081 ὃ
1367 1059 1463 1095 idest

399 1115 762 1163 praenuntiativum‚
782 1115 930 1151 futurae
958 1113 1098 1161 gloriae
1113 1113 1144 1149 ²⁸.

452 1168 508 1203 AD
524 1179 658 1204 PmMUM
678 1179 776 1204 ERGO
796 1178 977 1203 DICENDUM
997 1166 1104 1214 quod
1123 1173 1215 1201 tunc
1235 1172 1289 1201 est
1309 1164 1461 1212 signum

450 1298 477 1333 γ)
495 1303 521 1325 et
539 1299 645 1332 signum
670 1299 913 1324 rememorativum.
930 1313 949 1316 —
967 1298 1027 1328 PH;
1051 1301 1077 1322 et
1096 1295 1160 1330 (om.
1179 1296 1229 1330 lbc)
1249 1297 1355 1329 signum
1376 1299 1402 1321 et
1421 1302 1461 1320 re—

398 1335 599 1360 memorativum
619 1335 691 1363 GIbc,
711 1338 737 1359 et
755 1335 860 1367 signum
880 1337 906 1358 et
924 1332 1111 1358 rememoratio
1131 1332 1216 1357 ceteri.

1519 266 1759 314 ambiguum,
1775 264 1963 314 praebens
1983 264 2225 301 occasionem
2244 265 2406 312 fallendi,
2422 267 2580 315 quando

1519 319 1701 367 significat
1720 319 1840 355 multa
1868 329 2038 366 quorum
2058 329 2183 353 unum
2211 329 2291 354 non
2315 318 2514 356 ordinatur
2531 319 2581 356 ad

1518 373 1631 409 aliud.
1673 372 1748 409 Sed
1786 370 1943 419 quando
1982 369 2166 417 significat
2206 372 2327 407 multa
2364 371 2581 408 secundum

1518 425 1624 474 quod
1645 437 1690 461 ex
1718 424 1771 461 eis
1791 423 1963 473 quodam
1992 422 2126 459 ordine
2151 422 2313 459 efficitur
2330 435 2468 471 unum,
2487 431 2581 460 tunc

1517 491 1597 515 non
1627 485 1681 514 est
1709 477 1861 525 signum
1899 475 2145 523 ambiguum,
2175 475 2242 511 sed
2277 483 2446 516 certum:
2485 475 2582 513 sicut

1517 532 1593 568 hoc
1621 542 1766 567 nomen
1802 531 1913 566 homo
1949 528 2133 577 significat
2169 527 2341 564 animam
2369 535 2405 564 et
2439 540 2581 577 corpus

1517 592 1632 633 prout
1651 596 1697 620 ex
1718 583 1770 620 eis
1799 581 2039 619 constituitur
2057 582 2231 617 humana
2254 587 2400 617 natura.
2430 581 2478 617 Et
2505 582 2582 618 hoc

1517 637 1637 673 modo
1666 643 1949 673 sacramentum
1978 633 2163 683 significat
2196 632 2266 670 tria
2303 632 2496 682 praedicta
2523 645 2580 669 se-

1517 690 1688 726 cundum
1719 689 1826 738 quod
1855 688 2028 737 quodam
2056 686 2190 724 ordine
2219 693 2308 729 sunt
2335 697 2473 722 unum.

1569 743 1626 779 AD
1661 753 1850 779 SECUNDUM
1878 753 2060 778 DICENDUM
2089 740 2195 789 quod
2224 746 2520 784 sacramentum,
2542 737 2582 774 in

1516 795 1591 831 hoc
1619 794 1727 844 quod
1755 793 1939 842 significat
1967 805 2049 830 rem
2082 791 2402 839 sanctificantem,
2432 798 2583 840 oportet

1516 848 1622 897 quod
1651 847 1834 895 significet
1868 846 2066 892 effectum,
2097 845 2164 894 qui
2191 844 2406 893 intelligitur
2433 844 2472 881 in
2500 843 2583 893 ipsa

1516 912 1631 937 causa
1659 905 1671 921 Ε
1709 899 1966 937 sanctificante
2009 906 2125 948 prout
2162 906 2217 934 est
2260 910 2375 935 causa
2418 896 2582 934 sanctifi-

1515 965 1617 989 cans.

1568 1007 1625 1042 AD
1653 1017 1811 1042 TERTmM
1839 1017 2020 1042 mOENDUM
2040 1005 2147 1053 quod
2167 1004 2305 1041 suffieit
2324 1004 2373 1040 ad
2393 1003 2582 1040 rationem

1516 1057 1742 1095 sacramenti
1761 1058 1868 1107 quod
1897 1057 2080 1106 significet
2100 1056 2375 1106 perfectionem
2401 1069 2502 1105 quae
2527 1064 2582 1093 est

1514 1111 1655 1147 forma:
1686 1122 1758 1147 nec
1786 1118 1936 1159 oportet
1963 1110 2071 1159 quod
2100 1111 2227 1147 solum
2247 1109 2432 1158 significet
2460 1109 2580 1159 perfe-

1514 1163 1682 1200 ctionem
1710 1175 1810 1212 quae
1839 1171 1894 1199 est
1921 1163 2020 1200 finis.

1568 1294 1594 1327 δ)
1609 1296 1822 1327 prognosticum.
1831 1309 1850 1313 —-
1863 1295 1898 1326 1³3
1910 1296 2110 1327 praenosticum
2124 1296 2191 1328 HpG
2206 1302 2231 1321 et
2245 1297 2286 1326 ab,
2296 1298 2483 1328 pronosticum
2497 1300 2583 1325 ceteri.

1569 1330 1591 1364 ε)
1612 1330 1670 1362 ipsa
1687 1337 1779 1355 causa.
1795 1344 1815 1349 —
1832 1331 1890 1362 ipso
1909 1331 1939 1355 E.
1957 1344 1976 1349 -
1992 1338 2075 1355 causa
2093 1336 2151 1355 ante
2169 1331 2340 1364 sanctificans
2358 1340 2412 1358 om.
2431 1333 2470 1359 ΡΙ.

1072 1403 1405 1436 Commentario.
1429 1402 1680 1435 Cardinalis
1702 1401 1905 1434 Caietam

456 1505 562 1525 rrums
586 1495 696 1524 clarus.
720 1511 743 1516 —
766 1493 801 1523 In
825 1501 960 1532 corpore
987 1501 1052 1522 una
1080 1491 1262 1527 conclusio,
1288 1500 1362 1521 cum
1392 1500 1459 1520 uno

399 1506 636 1569 Tcorollario.
670 1538 864 1568 Conclusio:
885 1536 1130 1566 Sacramentum
1151 1540 1198 1565 est
1216 1535 1346 1576 signum
1363 1535 1461 1565 trium

398 1593 516 1613 rerum.
541 1583 735 1612 Declaratur.
760 1582 1001 1612 Sacramentum
1025 1585 1072 1610 est
1095 1580 1222 1619 signum
1245 1584 1371 1609 nostrae
1390 1588 1461 1609 san-

398 1626 607 1662 ctificationis,
631 1627 664 1656 in
689 1636 752 1666 qua
776 1624 1015 1656 considerantur
1037 1624 1104 1654 tria.
1129 1624 1170 1653 Et
1185 1624 1264 1653 haec
1287 1632 1344 1663 per
1360 1633 1461 1653 sacra-

397 1676 505 1701 menta
528 1670 753 1710 significantur.
778 1670 874 1709 Ergo.

453 1715 667 1745 Corollarium
691 1719 757 1744 est:
782 1713 1026 1744 Sacramentum
1051 1717 1097 1742 est
1111 1712 1241 1753 signum
1265 1720 1460 1742 rememora-

1515 1490 1632 1525 tivum,
1657 1489 1957 1525 demonstrativum,
1982 1494 2013 1519 et
2035 1490 2297 1531 prognosticum.
2330 1491 2516 1522 Declaratur
2544 1502 2582 1523 ex

1514 1535 1613 1564 tribus
1636 1534 1826 1573 praemissis.

1569 1577 1707 1608 Adverte
1731 1578 1783 1607 hic
1807 1577 1896 1617 quod
1919 1578 2042 1608 Auctor
2065 1579 2163 1618 gratia
2185 1579 2335 1609 materiae
2363 1580 2483 1620 absque
2505 1590 2582 1621 pro-

1515 1623 1644 1652 batione
1677 1621 1832 1662 procedit,
1866 1621 2056 1652 declarando
2092 1632 2174 1662 quae
2209 1624 2329 1663 absque
2364 1626 2582 1656 controversia

1515 1671 1720 1706 acceptantur
1744 1666 1783 1696 de
1806 1667 2008 1696 sacramentis
2032 1667 2065 1696 in
2089 1668 2266 1698 communi.
2308 1669 2311 1672 ’

1175 1884 1494 1926 ARTICULUS
1525 1883 1799 1935 QUARTUS

816 1979 973 2010 UTRUM
998 1978 1332 2010 SACRAMENTUM
1357 1978 1526 2009 SEMPER
1549 1977 1615 2008 SIT
1639 1977 1806 2015 ALIQUA
1828 1977 1908 2008 RES
1932 1977 2160 2009 SENsn31L1s

725 2058 799 2088 infra,
819 2066 862 2090 qu.
882 2065 931 2088 Lxx,
951 2063 997 2083 art.
1019 2064 1047 2088 1;
1067 2058 1101 2082 1V
1121 2058 1204 2086 Sent„
1224 2057 1282 2082 dist.
1301 2065 1318 2088 1,
1338 2065 1382 2089 qu.
1400 2064 1418 2088 1,
1438 2062 1484 2081 art.
1506 2063 1529 2086 2,
1549 2057 1598 2088 qu⁸
1620 2062 1649 2087 ¹3
1668 2061 1714 2081 art.
1735 2055 1764 2087 35
1785 2056 1843 2081 dist.
1863 2064 1912 2088 xiv,
1932 2064 1978 2089 qu.
1995 2064 2013 2086 1,
2034 2061 2079 2081 art.
2101 2063 2124 2087 1,
2144 2057 2194 2090 qu⁸
2216 2064 2245 2090 1;

1089 2093 1123 2117 IV
1144 2094 1219 2118 Cont.
1241 2094 1327 2122 Germ,
1348 2099 1403 2124 cap.
1423 2098 1479 2122 LV1;
1499 2092 1529 2116 In
1550 2092 1633 2121 Ioan„
1653 2099 1708 2123 cap.
1727 2099 1765 2122 111,
1784 2092 1842 2117 lect.
1862 2099 1879 2117 1.

447 2202 473 2226 ,χ
605 2187 627 2211 D
644 2185 814 2216 QUARTUM
838 2185 889 2210 s1c
914 2185 1149 2210 PROCEDITUR.
1170 2173 1331 2209 Videtur
1349 2171 1457 2221 quod

455 2225 470 2248 ἶ
606 2234 890 2264 sacramentum
910 2238 990 2263 non
1010 2238 1163 2275 semper
1186 2225 1231 2262 sit
1251 2225 1379 2274 aliqua
1398 2237 1458 2261 res

514 2300 535 2324 ².
564 2300 573 2329 ἱ
588 2278 802 2316 sensibilis.
819 2279 922 2326 Quia
936 2279 1153 2316 secundum
1163 2278 1457 2328 Philosophum,

562 2325 646 2369 &in
665 2333 760 2369 libro
789 2334 966 2369 Priorum
985 2332 1016 2378 ³⁸,
1038 2331 1164 2369 omnis
1189 2332 1347 2369 effectus
1367 2343 1459 2368 suae

397 2397 534 2422 causae
563 2385 715 2434 signum
743 2392 808 2421 est.
840 2385 917 2422 Sed
945 2385 1040 2422 sicut
1068 2392 1157 2422 sunt
1182 2384 1342 2433 quidam
1371 2385 1459 2420 effe-

397 2445 479 2474 ctus
513 2438 725 2484 sensibiles,
755 2437 805 2474 ita
842 2438 956 2474 etiam
985 2445 1073 2474 sunt
1109 2437 1269 2486 quidam
1302 2438 1459 2474 effectus

397 2490 661 2538 intelligibiles:
683 2491 779 2527 sicut
798 2490 952 2527 scientia
972 2498 1026 2527 est
1046 2491 1203 2528 effectus
1223 2491 1459 2528 demonstra-

398 2543 522 2580 tionis.
552 2545 653 2592 Ergo
673 2556 754 2580 non
773 2555 890 2580 omne
910 2543 1063 2592 signum
1082 2551 1137 2580 est
1157 2543 1343 2580 sensibile.
1376 2543 1460 2580 Suf-

398 2595 476 2632 ficit
504 2604 633 2633 autem
661 2597 709 2633 ad
738 2596 926 2633 rationem
954 2596 1181 2634 sacramenti
1209 2597 1316 2646 quod
1345 2596 1390 2633 sit
1415 2596 1459 2633 si-

398 2661 519 2697 gnum
546 2649 704 2686 alicuius
732 2649 786 2686 rei
813 2661 942 2686 sacrae
977 2649 1207 2698 inquantum
1242 2650 1363 2686 homo
1392 2662 1462 2698 per

399 2714 486 2738 eam
522 2702 793 2748 sanctificatur,
824 2710 866 2738 ut
901 2714 1016 2751 supra
1035 2702 1054 2723 *
1081 2702 1227 2739 dictum
1259 2710 1324 2739 est.
1367 2703 1460 2739 Non

399 2766 488 2801 ergo
517 2754 720 2803 requiritur
747 2756 796 2792 ad
824 2762 1106 2792 sacramentum
1126 2755 1232 2804 quod
1261 2755 1307 2792 sit
1333 2755 1461 2804 aliqua

399 2819 458 2844 res
487 2807 683 2844 sensibilis.

453 2871 487 2896 2.
517 2861 747 2906 PRAETEREA,
768 2868 1004 2898 sacramenta
1022 2861 1211 2910 pertinent
1229 2862 1278 2898 ad
1298 2874 1460 2910 regnum

398 2912 470 2949 Dei
498 2920 534 2949 et
561 2914 707 2950 cultum
735 2913 807 2950 Dei
827 2919 854 2950 α.
886 2914 962 2951 Sed
995 2926 1054 2950 res
1083 2914 1278 2951 sensibiles
1297 2927 1378 2951 non
1405 2915 1460 2952 vi-

398 2966 536 3002 dentur
571 2966 759 3014 pertinere
796 2967 844 3003 ad
879 2968 1026 3003 cultum
1054 2967 1146 3004 Dei:
1185 2967 1323 3004 dicitur
1355 2968 1459 3005 enim

398 3019 500 3055 Ioan.
522 3031 556 3055 1v
574 3019 610 3055 *ς
641 3021 795 3068 Spiritus
823 3026 874 3056 est
891 3021 1012 3057 Deus:
1040 3026 1073 3056 et
1100 3033 1161 3057 eos
1180 3019 1196 3050 β
1221 3023 1285 3070 qui
1301 3021 1461 3058 adorant

399 3083 504 3116 eum,
533 3073 570 3107 in
606 3074 734 3120 spiritu
772 3078 805 3108 et
842 3074 992 3109 veritate
1028 3073 1190 3110 adorare
1227 3080 1389 3123 oportet,·
1425 3082 1461 3111 et

399 3124 509 3160 Rom.
534 3135 592 3159 xxv
610 3123 646 3160 *z
676 3126 766 3161 Non
795 3131 845 3161 est
877 3137 1036 3174 regnum
1064 3127 1137 3162 Dei
1172 3139 1255 3163 esca
1283 3133 1316 3163 et
1337 3133 1458 3176 potus.

401 3176 502 3223 Ergo
514 3187 572 3211 res
587 3176 781 3213 sensibiles
796 3189 875 3214 non
891 3178 1137 3226 requiruntur
1147 3179 1195 3215 ad
1210 3187 1458 3216 sacramenta.

456 3228 490 3264 3.
519 3229 749 3276 PRAETEREA,
766 3229 1000 3277 Augustinus
1020 3230 1120 3276 dicit,
1141 3230 1180 3267 in
1199 3231 1295 3268 libro
1315 3232 1360 3268 de
1378 3234 1458 3269 Lib.

401 3282 518 3317 Arbit.
539 3280 570 3326 ³¹⁸,
600 3282 706 3329 quod
743 3294 801 3318 res
827 3283 1012 3319 sensibiles
1038 3289 1121 3319 sunt
1157 3285 1313 3320 minima
1340 3286 1459 3330 bona,

455 3410 482 3445 α)
501 3412 538 3436 ad
557 3419 667 3444 regnum
687 3412 739 3436 Dei
757 3415 782 3436 et
799 3413 898 3437 cultum
913 3413 971 3438 Dei.
984 3428 1002 3431 -
1020 3414 1057 3438 ad
1075 3421 1185 3447 regnum
1201 3415 1252 3439 Dei
1264 3415 1293 3444 B,
1306 3415 1344 3439 ad
1361 3416 1460 3440 cultum

402 3446 454 3507 gei
472 3447 504 3506 ξι,
522 3447 559 3472 ad
578 3454 689 3480 regnum
709 3448 750 3472 vel
767 3448 866 3473 cultum
882 3449 934 3473 Dei
948 3449 1011 3478 Hbc,
1024 3449 1061 3474 ad
1079 3450 1177 3475 cultum
1197 3453 1223 3474 et
1235 3449 1287 3484 (vel
1299 3449 1330 3484 P)
1349 3458 1460 3484 regnum

430 3488 452 3505 et
506 3501 511 3507 .

1510 2173 1590 2208 sine
1617 2173 1746 2221 quibus
1773 2173 1885 2208 homo
1914 2178 2011 2208 recte
2038 2174 2162 2211 vivere
2183 2180 2313 2223 potest.
2353 2176 2429 2213 Sed
2458 2189 2579 2214 sacra-

1512 2232 1642 2261 menta
1671 2232 1760 2261 sunt
1787 2225 1835 2262 de
1873 2225 2095 2262 necessitate
2133 2226 2263 2264 salutis
2291 2228 2506 2276 humanae,
2537 2237 2579 2267 ut

1512 2277 1608 2315 infra
1626 2277 1646 2299 '¹‘
1673 2277 1832 2326 patebit:
1863 2285 1899 2314 et
1926 2277 1976 2315 ita
2004 2278 2085 2315 sine
2105 2279 2159 2316 eis
2187 2280 2309 2318 homo
2330 2289 2428 2318 recte
2447 2282 2579 2320 vivere

1513 2343 1594 2367 non
1621 2338 1756 2380 potest.
1786 2331 1879 2368 Non
1908 2343 1998 2379 ergo
2027 2344 2086 2368 res
2105 2332 2303 2370 sensibiles
2331 2335 2581 2384 requiruntur

1513 2384 1562 2421 ad
1590 2391 1839 2421 sacramenta.

1567 2437 1641 2474 SED
1671 2449 1814 2474 CONTRA
1843 2449 1908 2474 Esr
1936 2438 2043 2487 quod
2071 2438 2307 2486 Augustinus
2335 2440 2441 2489 dicit,
2469 2454 2582 2491 super

1512 2491 1621 2527 Ioan.
1642 2489 1678 2526 *ε
1707 2491 1859 2527 Accedit
1884 2493 2039 2528 verbum
2067 2492 2119 2528 ad
2139 2492 2371 2540 elementum,
2396 2500 2430 2531 et
2445 2497 2496 2543 fit
2522 2507 2581 2534 sa-

1513 2549 1757 2580 cramentum.
1801 2544 1849 2580 Et
1876 2543 2046 2593 loquitur
2080 2543 2132 2581 ibi
2160 2545 2208 2581 de
2243 2547 2434 2584 elemento
2463 2548 2581 2587 sensi-

1513 2595 1590 2642 bili,
1612 2597 1718 2645 quod
1738 2603 1794 2633 est
1812 2608 1924 2645 aqua.
1954 2598 2056 2646 Ergo
2085 2610 2144 2635 res
2164 2599 2360 2636 sensibiles
2379 2601 2581 2650 requirun-

1513 2656 1576 2686 tur
1603 2649 1652 2686 ad
1680 2657 1928 2687 sacramenta.

1568 2703 1793 2739 RESPONDEO
1812 2715 1994 2741 DICENDUM
2013 2705 2120 2753 quod
2140 2704 2271 2742 divina
2294 2706 2478 2755 sapientia
2496 2707 2581 2744 uni-

1515 2755 1654 2804 cuique
1683 2756 1737 2792 rei
1773 2756 1952 2805 providet
1986 2758 2200 2794 secundum
2239 2771 2357 2796 suum
2391 2759 2578 2799 modum:

1515 2816 1551 2845 et
1577 2816 1735 2858 propter
1762 2809 1837 2845 hoc
1865 2809 2013 2857 dicitur,
2041 2812 2127 2860 Sap.
2152 2823 2210 2848 vm
2228 2811 2260 2859 ³⁸,
2285 2812 2393 2861 quod
2419 2815 2581 2851 suaviter

1514 2862 1671 2911 disponit
1690 2863 1827 2899 omnia.
1848 2862 1960 2899 Unde
1980 2870 2016 2899 et
2034 2864 2169 2900 Matth.
2189 2876 2262 2901 xxv
2279 2864 2300 2886 ’¹‘
2318 2864 2455 2903 dicitur
2472 2866 2580 2915 quod

1514 2915 1638 2951 dividit
1661 2920 1676 2942 Υ
1711 2916 1908 2964 unicuique
1938 2917 2139 2953 secundum
2161 2918 2360 2966 propriam
2396 2919 2577 2956 virtutem.

1514 2969 1581 3005 Est
1608 2975 1738 3005 autem
1766 2968 1916 3005 homini
1944 2970 2191 3006 connaturale
2219 2977 2262 3006 ut
2287 2982 2358 3031 per
2389 2971 2580 3009 sensibilia

1512 3021 1711 3070 perveniat
1738 3020 1779 3058 in
1807 3021 2065 3070 cognitionem
2084 3021 2385 3070 intelligibilium.
2416 3023 2579 3072 Signum

1513 3082 1644 3111 autem
1672 3081 1727 3110 est
1753 3086 1823 3123 per
1850 3074 1958 3123 quod
1985 3074 2120 3123 aliquis
2148 3074 2302 3114 devenit
2329 3075 2368 3112 in
2396 3076 2578 3125 cognitio-

1514 3139 1605 3163 nem
1633 3126 1797 3163 alterius.
1840 3127 1972 3174 Unde,
2002 3139 2093 3163 cum
2122 3139 2181 3164 res
2209 3140 2337 3167 sacrae
2373 3141 2473 3178 quae
2509 3142 2580 3179 per

1514 3187 1752 3216 sacramenta
1770 3179 2041 3227 significantur,
2063 3179 2137 3216 sint
2155 3181 2349 3231 quaedam
2372 3181 2580 3231 spiritualia

1515 3239 1551 3268 et
1578 3231 1820 3280 intelligibilia
1847 3233 1950 3269 bona
1978 3232 2119 3281 quibus
2147 3234 2269 3273 homo
2304 3234 2577 3282 sanctificatur,

1515 3296 1756 3333 consequens
1784 3293 1839 3322 est
1866 3292 1908 3322 ut
1934 3297 2003 3334 per
2039 3285 2185 3336 aliquas
2213 3298 2273 3323 res
2308 3287 2503 3325 sensibiles
2530 3289 2578 3325 si-

1570 3415 1595 3450 β)
1614 3423 1666 3442 eos.
1684 3431 1703 3436 -
1722 3417 1796 3445 PFa;
1815 3424 1905 3442 omnes
1924 3417 1942 3447 1,
1961 3424 2019 3442 eum
2039 3417 2131 3448 ceteri3
2151 3425 2198 3450 pro
2216 3419 2341 3449 adorant,
2361 3419 2461 3445 adorat
2479 3421 2542 3446 Hbc.

1569 3451 1595 3486 γ)
1616 3452 1719 3478 dividit.
1738 3466 1758 3471 -·
1775 3452 1849 3477 dedit
1867 3453 1888 3476 E
1907 3458 1933 3477 et
1951 3453 2031 3478 tertia.

2607 2292 2616 2303 ·
2628 2290 2676 2318 Qu.
2691 2296 2740 2318 ιιι,
2748 2293 2790 2312 nrt.
2802 2297 2823 2312 ι.

2608 2503 2619 2513 ·
2632 2501 2711 2525 'ri-act.
2726 2500 2824 2523 Lxxx„

2607 2820 2618 2830 '
2632 2819 2699 2842 Vers.
2715 2826 2734 2842 ι.

2607 2873 2618 2884 ·
2632 2871 2699 2895 Vers.
2716 2878 2748 2900 ¹5.
