2878 4088
398 188 467 213 112

446 257 496 286 An
521 267 638 286 PRIMUM
666 266 749 287 aizoo
777 252 938 287 1>1eaNi>um
966 257 1055 297 quod
1079 257 1231 297 obligatio
1256 255 1294 286 ad
1318 262 1458 295 poenam

391 301 518 331 talionis
533 301 629 331 habet
644 301 754 331 locum
771 301 902 341 quando
919 307 1085 332 accusatur
1107 310 1244 341 persona
1260 299 1299 330 de
1316 298 1457 331 crimine,

393 345 468 384 quia
490 350 568 375 tunc
592 346 695 385 agitur
718 345 757 376 ad
780 346 984 386 punitionem
1012 346 1089 376 eius.
1121 345 1183 375 Sed
1211 342 1340 383 quando
1365 350 1458 371 accu-

392 395 477 420 satur
501 389 631 426 factum,
647 395 725 420 tunc
747 399 815 420 non
839 391 942 430 agitur
957 390 996 420 ad
1012 399 1151 430 poenam
1174 387 1327 422 facientis,
1345 384 1400 415 sed
1419 383 1459 413 ad

392 433 634 474 impediendum
660 433 749 474 quod
776 439 822 465 est
848 435 1004 465 illicitum.
1036 434 1076 464 Et
1098 433 1172 463 ideo
1196 433 1228 461 in
1251 428 1457 460 matrimonio
1480 434 1490 454 5

393 484 558 508 accusator
581 488 649 509 non
673 488 706 508 se
730 479 849 519 obligat
879 479 918 509 ad
949 479 1087 517 aliquam
1117 484 1273 516 poenam:
1305 472 1360 503 sed
1389 471 1458 521 talis

393 523 553 553 accusatio
577 528 684 563 potest
707 528 738 553 et
761 524 863 553 verbis
888 528 918 553 et
941 523 1058 561 scripto
1083 520 1161 554 fieri,
1178 520 1221 549 ita
1243 517 1332 557 quod
1356 524 1459 555 expri-

393 572 498 597 matur
521 572 552 598 et
574 577 712 607 persona
735 577 886 597 accusans
909 565 1149 596 matrimonium
1174 561 1263 602 quod
1282 565 1457 595 accusatur,

395 616 426 642 et
447 611 716 651 impedimentum
740 617 870 651 propter
894 609 982 650 quod
1005 613 1179 639 accusatur.

449 656 500 686 An
525 666 687 686 SECUNDUM
703 665 862 686 DicaNDum
878 653 967 694 quod
983 652 1122 683 extranei
1137 660 1205 681 non
1221 654 1357 690 possunt
1380 648 1459 678 scire
1474 654 1500 668 ¹⁰

395 701 703 740 consanguinitatem
727 700 786 729 nisi
810 709 866 739 per
890 697 1156 736 consanguineos,
1181 694 1220 725 de
1244 694 1361 733 quibus
1385 701 1459 743 pro-

394 744 529 774 babilius
546 750 592 775 est
608 744 697 784 quod
717 744 825 773 sciant.
843 741 946 777 Unde,
964 739 1094 780 quando
1110 739 1171 779 ipsi
1186 743 1302 774 tacent,
1319 745 1459 777 suspicio

394 789 528 819 habetur
551 794 661 819 contra
685 793 869 818 extraneum
891 785 980 825 quod
996 794 1033 814 ex
1049 783 1275 814 malevolentia
1297 780 1459 822 procedat,

394 833 455 863 nisi
478 842 535 872 per
558 832 813 871 consanguineos
839 831 974 870 probare
998 828 1144 858 voluerit.
1177 827 1270 858 Unde
1298 826 1461 866 repellitur

395 877 434 907 ab
458 877 661 907 accusatione
685 874 814 915 quando
845 880 918 904 sunt
941 872 1172 912 consanguinei
1199 872 1256 911 qui
1281 875 1404 906 tacent,
1430 875 1461 900 et
1476 876 1498 896 ¹5

395 930 452 960 per
468 930 550 960 quos
573 921 707 960 probare
723 929 790 949 non
810 923 925 958 potest.
950 917 1013 948 Sed
1029 916 1270 956 consanguinei,
1288 920 1460 955 quantum-

396 974 536 1004 cumque
564 965 625 994 sint
649 963 838 1003 propinqui,
864 972 931 992 non
961 961 1159 1001 repelluntur
1189 961 1227 991 ab
1259 959 1461 990 accusatione

396 1008 525 1048 quando
549 1013 714 1038 accusatur
737 1007 978 1037 matrimonium
1009 1010 1141 1046 propter
1170 1004 1303 1044 aliquod
1325 1002 1461 1043 impedi-

394 1058 541 1083 mentum
566 1057 777 1092 perpetuum,
803 1050 892 1090 quod
920 1049 1053 1090 impedit
1081 1048 1336 1080 contrahendum
1361 1053 1392 1078 et
1415 1046 1461 1077 di-

157 1104 167 1113 ·
189 1102 245 1128 Cap.
275 1101 368 1122 Videtur

156 1129 237 1154 nobis,
253 1127 300 1155 Qui
318 1133 366 1148 ma-

157 1155 367 1176 trimon.accusare

153 1187 218 1209 poss.

395 1141 509 1171 dicitur
531 1150 599 1170 non
622 1139 718 1170 fuisse
742 1145 953 1175 contractum,
970 1145 1047 1169 tunc
1070 1143 1216 1179 parentes
1240 1143 1394 1177 tanquam
1409 1145 1462 1166 su-

394 1185 492 1224 specti
517 1190 590 1215 sunt
612 1183 805 1224 repellendi:
830 1184 891 1214 nisi
908 1193 946 1214 ex
962 1189 1050 1223 parte
1073 1183 1158 1213 illius
1182 1182 1238 1222 qui
1263 1187 1309 1212 est
1331 1180 1462 1211 inferior

395 1229 544 1269 dignitate
562 1234 592 1259 et
608 1228 733 1264 divitiis,
751 1228 790 1258 de
807 1229 923 1268 quibus
947 1228 1152 1268 probabiliter
1175 1226 1333 1257 aestimari
1356 1230 1463 1266 potest

156 1277 209 1300 ·(ὶι
227 1277 325 1304 -Super
338 1282 366 1297 0⁰
395 1272 484 1313 quod
507 1273 641 1304 libenter
664 1273 782 1303 vellent
806 1272 895 1313 quod
918 1273 1161 1303 matrimonium
1184 1277 1279 1302 staret
1294 1271 1320 1301 ἦ

172 1310 203 1326 uo
228 1310 243 1325 a
253 1304 327 1329 nobis,
339 1303 368 1324 de

156 1331 264 1379 Sta-{tibus
275 1330 365 1352 etAtte-

395 1361 473 1392 dum
501 1367 547 1392 est
577 1367 794 1398 contractum,
820 1361 876 1392 sed
905 1361 1065 1402 sponsalia
1094 1366 1236 1397 tantum,
1260 1369 1328 1390 non
1357 1364 1464 1399 potest

395 1407 552 1442 accusari,
577 1407 652 1446 quia
675 1416 743 1436 non
767 1411 933 1437 accusatur
964 1405 1054 1446 quod
1083 1415 1151 1436 non
1179 1410 1235 1436 est.
1268 1403 1332 1435 Sed
1358 1408 1465 1444 potest

396 1450 575 1481 denuntiari
590 1450 869 1491 impedimentum,
886 1460 928 1481 ne
951 1451 1194 1481 matrimonium
1218 1449 1421 1480 contrahatur
1436 1449 1463 1478 ’ἢ

450 1496 500 1525 An
522 1505 669 1525 unaarum
692 1506 852 1525 mcaNDUM
869 1494 959 1535 quod
974 1495 1027 1525 ille
1044 1495 1100 1534 qui
1116 1495 1215 1525 tacuit
1230 1494 1346 1534 primo,
1363 1502 1465 1533 quan-

157 1454 296 1503 {offepn'azfnf
302 1498 309 1507 ,
317 1454 368 1501 alde

157 1508 271 1535 Despons.
282 1507 367 1535 Impub.

396 1539 504 1579 doque
521 1539 648 1570 auditur
662 1545 784 1580 postea,
798 1540 824 1570 si
840 1540 915 1570 velit
930 1540 1173 1570 matrimonium
1190 1548 1348 1574 accusare,
1364 1547 1465 1578 quan-
1481 1547 1506 1567 ³0

156 1588 167 1599 ⁸
190 1587 245 1609 Cum
269 1587 293 1608 in
313 1589 352 1608 tua
360 1603 368 1613 ‚

158 1614 206 1642 Qui
216 1614 318 1635 matrim.
329 1619 368 1635 ac-

157 1646 242 1662 cusare
252 1646 319 1668 poss.

396 1583 504 1624 doque
527 1584 700 1624 repellitur.
726 1584 825 1622 Quod
849 1590 936 1624 patet
952 1594 989 1614 ex
1007 1583 1156 1615 decretali
1167 1585 1194 1620 ἢ
1212 1593 1294 1623 quae
1311 1583 1355 1613 sic
1372 1582 1464 1613 dicit:

397 1628 432 1658 Si
448 1633 527 1668 post
548 1634 749 1659 contractum
774 1629 1016 1659 matrimonium
1044 1629 1162 1669 aliquis
1189 1632 1346 1669 appareat
1371 1636 1466 1658 accu-

396 1678 496 1709 sator,
519 1683 591 1703 cum
616 1683 680 1703 non
699 1673 864 1713 prodierit
886 1674 918 1704 in
937 1673 1103 1714 publicum
1126 1673 1267 1714 quando,
1291 1671 1466 1703 secundum

397 1717 676 1753 consuetudinem,
703 1719 734 1748 in
758 1718 913 1748 Ecclesiis
943 1718 1120 1748 edebatur:
1155 1722 1263 1748 utrum
1294 1726 1359 1747 vox
1388 1725 1468 1747 suae

398 1762 615 1792 accusationis
638 1762 750 1793 debeat
772 1762 914 1798 admitti,
939 1762 1053 1793 merito
1078 1763 1192 1802 quaeri
1216 1766 1332 1802 potest.
1364 1761 1505 1801 Super„

398 1816 461 1846 quo
487 1807 715 1847 respondemus
742 1807 843 1847 quod,
867 1807 896 1837 si
924 1812 1066 1847 tempore
1097 1806 1351 1837 denuntiationis
1369 1815 1467 1846 prae-

399 1851 514 1881 missae
542 1851 569 1881 is
596 1852 651 1892 qui
682 1852 746 1882 iam
777 1852 967 1882 coniunctos
998 1851 1134 1891 impetit,
1166 1855 1260 1881 extra
1298 1850 1467 1880 dioecesim

399 1895 562 1931 existebat,
587 1897 637 1926 vel
660 1896 744 1926 alias
768 1896 974 1926 denunciatio
1000 1905 1064 1926 non
1087 1896 1197 1935 potuit
1219 1895 1262 1925 ad
1285 1895 1354 1925 eius
1377 1895 1468 1925 deve-

400 1940 470 1970 nire
494 1940 651 1976 notitiam,
670 1946 705 1970 ut
719 1946 801 1980 puta
817 1941 846 1970 si
862 1941 980 1970 nimiae
1004 1940 1201 1981 infirmitatis
1215 1940 1356 1981 fervore
1380 1939 1468 1969 labo-

399 1993 477 2014 rans
500 1994 600 2014 sanae
627 1985 741 2014 mentis
763 1985 950 2024 patiebatur
973 1985 1122 2020 exilium,
1148 1985 1198 2014 vel
1223 1984 1254 2014 in
1279 1984 1374 2014 annis
1398 1989 1469 2014 erat
1482 1998 1509 2017 40

399 2033 463 2058 tam
487 2029 605 2059 teneris
628 2029 819 2059 constitutus
842 2029 930 2069 quod
951 2028 995 2059 ad
1018 2029 1332 2069 comprehensionem
1354 2028 1467 2058 talium

398 2073 467 2103 eius
490 2078 579 2103 aetas
601 2073 751 2114 sufficere
775 2083 840 2103 non
865 2073 1000 2108 valebat,
1024 2083 1080 2103 seu
1104 2073 1172 2103 alia
1196 2082 1294 2103 causa
1323 2072 1467 2113 legitima

389 2117 500 2158 suerit
530 2118 713 2158 impeditus,
738 2118 807 2148 eius
830 2118 995 2148 accusatio
1024 2118 1114 2148 debet
1142 2117 1262 2148 audiri.
1295 2117 1466 2157 Alioquin,

399 2167 551 2202 tanquam
574 2167 738 2202 suspectus
762 2167 809 2193 est
825 2162 946 2202 procul
969 2162 1064 2193 dubio
1086 2162 1308 2202 repellendus:
1331 2161 1394 2191 nisi
1401 2162 1467 2202 fir-

399 2207 536 2237 maverit
557 2207 739 2237 iuramento
763 2207 849 2247 quod
866 2211 944 2247 post
966 2206 1116 2237 didicerit
1138 2216 1176 2237 ea
1200 2216 1284 2247 quae
1307 2206 1466 2242 obiecerit,
1482 2218 1506 2239 45

398 2256 429 2282 et
451 2251 494 2282 ad
516 2252 578 2282 hoc
600 2261 642 2282 ex
665 2252 789 2282 malitia
814 2261 878 2282 non
898 2251 1066 2292 procedat.

608 2317 707 2348 ART.
731 2318 785 2348 XI.
810 2328 915 2348 uranu
938 2328 970 2348 1N
994 2328 1064 2348 TALI
1090 2327 1187 2348 CAUSA
1211 2327 1257 2348 srr

488 2372 716 2392 PROCEDENDUM
739 2373 796 2392 PER
820 2373 939 2399 rastas,
963 2373 1049 2393 s1cur
1073 2372 1104 2392 1N
1128 2372 1206 2392 ALns
1230 2372 1333 2392 causis

403 2438 484 2503 Ab
501 2438 682 2458 mortemon
699 2439 744 2458 sm
760 2438 965 2459 paocanrrua.
989 2428 1123 2459 Videtur
1143 2428 1233 2468 quod
1249 2429 1282 2458 in
1298 2429 1352 2459 tali
1373 2438 1468 2459 causa
1483 2441 1508 2462 ςο

465 2482 532 2503 non
560 2474 600 2503 sit
622 2472 866 2512 procedendum
890 2483 947 2513 per
969 2478 1075 2516 testes,
1099 2474 1182 2503 sicut
1204 2474 1237 2503 in
1261 2473 1329 2504 aliis
1353 2474 1466 2504 causis.

401 2516 486 2554 Quia
508 2517 542 2547 in
558 2517 625 2547 aliis
650 2518 752 2548 causis
776 2516 978 2548 adducuntur
1001 2517 1040 2548 ad
1060 2517 1295 2548 testificandum
1319 2518 1467 2558 quicum-

401 2570 465 2601 que
489 2567 562 2591 sunt
586 2562 675 2591 omni
704 2562 892 2601 exceptione
923 2563 1069 2592 maiores.
1104 2561 1167 2592 Sed
1189 2563 1242 2592 hic
1264 2572 1331 2592 non
1355 2561 1468 2593 admit-

400 2610 511 2635 tuntur
535 2606 674 2636 extranei
689 2607 716 2642 ἦ
741 2606 887 2646 quamvis
910 2606 972 2637 sint
995 2607 1085 2637 omni
1109 2607 1297 2647 exceptione
1321 2607 1466 2637 maiores.

401 2649 498 2690 Ergo,
523 2655 582 2681 etc.

163 2605 215 2628 ·Cf.
230 2610 273 2628 art.
289 2611 373 2633 praec„

163 2632 191 2654 ad
206 2639 226 2654 2.

458 2704 487 2724 2.
511 2694 707 2731 Pmaraaaa,
729 2700 824 2726 testes
847 2695 987 2735 suspecti
1003 2694 1043 2726 de
1059 2696 1182 2735 privato
1199 2695 1276 2726 odio
1292 2696 1343 2726 vel
1359 2705 1469 2727 amore

402 2748 419 2768 a
434 2739 619 2769 testimonio
643 2739 841 2779 repelluntur
856 2740 881 2769 *.
907 2739 969 2770 Sed
986 2740 1123 2771 maxime
1139 2745 1275 2780 possunt
1294 2741 1470 2781 propinqui

402 2792 470 2813 esse
493 2783 633 2823 suspecti
657 2783 696 2814 de
720 2793 828 2814 amore
858 2790 1005 2824 respectu
1035 2785 1131 2815 unius
1154 2785 1250 2825 partis
1274 2790 1305 2815 et
1329 2785 1405 2815 odio
1430 2784 1469 2816 ad

401 2833 523 2867 partem
554 2828 693 2858 alteram.
730 2828 814 2868 Ergo
843 2838 911 2859 non
939 2835 986 2860 est
1014 2828 1211 2860 audiendum
1239 2838 1354 2860 eorum
1383 2830 1469 2860 testi-

401 2881 559 2902 monium.

457 2916 486 2946 3.
511 2917 707 2952 Priamum,
731 2917 974 2948 matrimonium
990 2923 1037 2948 est
1053 2917 1257 2948 favorabilius
1277 2928 1375 2959 quam
1391 2919 1469 2949 aliae

401 2969 524 2997 causae,
541 2962 574 2991 in
594 2962 710 3002 quibus
735 2961 774 2992 de
797 2962 892 2992 rebus
915 2971 995 3002 pure
1020 2962 1240 3003 corporalibus
1264 2963 1376 3003 agitur.
1407 2962 1470 2994 Sed

400 3005 434 3034 in
457 3005 518 3035 illis
541 3015 607 3035 non
632 3011 737 3046 potest
760 3005 846 3036 idern
870 3016 938 3036 esse
961 3007 1048 3037 testis
1065 3013 1096 3038 et
1112 3013 1287 3038 accusator.
1307 3007 1392 3047 Ergo
1408 3017 1469 3038 nec

402 3049 434 3078 in
457 3050 672 3081 matrimonio.
694 3050 745 3080 Et
767 3051 810 3080 ita
833 3050 957 3081 videtur
985 3051 1074 3091 quod
1097 3061 1165 3082 non
1189 3052 1418 3082 convenienter
1436 3052 1469 3082 in

402 3102 496 3123 causa
519 3094 576 3124 ista
599 3104 656 3134 per
679 3100 773 3125 testes
796 3094 997 3135 procedatur.

458 3137 519 3168 San
544 3148 676 3175 CONTRA,
693 3144 787 3169 testes
803 3139 999 3170 inducuntur
1013 3141 1048 3170 in
1064 3141 1166 3171 causis
1190 3146 1226 3171 ut
1248 3150 1344 3181 super
1366 3141 1414 3171 his
1430 3140 1470 3172 de

404 3182 520 3221 quibus
536 3182 697 3213 dubitatur
712 3183 767 3214 fiat
782 3183 881 3214 iudici
896 3183 985 3214 fides.
1011 3184 1074 3215 Sed
1089 3185 1132 3215 ita
1148 3184 1293 3216 facienda
1309 3190 1356 3216 est
1371 3185 1470 3216 iudici

403 3225 482 3256 fides
506 3227 539 3257 in
563 3237 657 3257 causa
680 3228 739 3258 ista
762 3228 843 3258 sicut
866 3229 900 3258 in
924 3228 991 3259 aliis
1022 3230 1140 3260 causis:
1173 3230 1248 3269 quia
1277 3239 1346 3260 non
1375 3229 1470 3260 debet

404 3271 610 3310 praecipitare
641 3272 831 3302 sententiam
861 3272 900 3303 de
929 3282 968 3303 eo
998 3273 1088 3313 quod
1118 3283 1186 3304 non
1214 3279 1348 3304 constat.
1383 3274 1469 3314 Ergo

404 3314 645 3354 procedendum
669 3321 716 3346 est
738 3316 790 3346 hic
815 3326 853 3346 ex
875 3317 1019 3354 testibus,
1043 3318 1126 3348 sicut
1147 3318 1180 3348 in
1205 3318 1273 3348 aliis
1297 3318 1410 3349 causis.

459 3359 648 3390 Rasponmzo
673 3370 832 3390 nicaNntm
856 3360 946 3400 quod
968 3362 1001 3391 in
1024 3362 1083 3392 hac
1107 3371 1202 3392 causa
1229 3368 1358 3402 oportet
1381 3362 1471 3402 quod

163 2741 285 2763 'CamSus
303 2743 374 2767 ectos,

163 2772 185 2790 et
205 2774 256 2790 can.
292 2773 374 2789 ccusa-

163 2797 229 2816 tores
243 2795 281 2816 vel
294 2796 373 2820 testes,

165 2827 228 2843 caus.
243 2821 283 2848 111,
298 2827 336 2848 qu.
353 2828 373 2842 v.

169 3411 243 3442 {sita
261 3411 377 3442 msumm.
406 3412 462 3442 per
485 3408 579 3434 testes
602 3404 716 3434 veritas
739 3404 878 3444 patefiat,
894 3406 976 3435 sicut
993 3411 1024 3435 et
1039 3406 1072 3436 in
1089 3406 1166 3437 aliis.
1191 3406 1327 3442 Tamen,
1343 3412 1380 3438 ut
1394 3407 1471 3438 iuri-

169 3438 324 3486 22·1,¹,·,5,}}{;
335 3444 378 3486 ἓξὲξ
406 3452 471 3477 stae
495 3447 614 3483 dicunt,
631 3448 664 3477 in
679 3448 739 3478 hac
763 3457 858 3478 causa
880 3449 980 3479 multa
1003 3450 1150 3489 specialia
1173 3450 1394 3482 inveniuntur:
1411 3451 1471 3481 sci-

168 3491 226 3539 sie&
235 3491 380 3540 arg-garg:
406 3490 490 3527 licet,
507 3491 596 3531 quod
614 3491 700 3522 idem
723 3497 829 3531 potest
851 3502 919 3523 esse
943 3499 1108 3524 accusator
1124 3499 1156 3524 et
1171 3495 1258 3525 testis
1273 3495 1309 3530 ’ς
1334 3500 1365 3525 et
1381 3494 1471 3535 quod

167 3545 238 3566 tumn.

394 1097 479 1126 rimit
506 1102 706 1126 contractum
722 1097 748 1125 *.
783 1094 845 1125 Sed
874 1094 1004 1135 quando
1033 1099 1199 1124 accusatur
1223 1103 1261 1123 ex
1284 1093 1347 1123 hoc
1372 1090 1462 1132 quod
1475 1102 1502 1116 20

448 1317 499 1347 AD
523 1327 658 1348 Tannum
680 1327 840 1347 mcaNnuu
857 1316 956 1357 quod,
974 1316 1105 1357 quando
1122 1315 1364 1347 matrimonium
1379 1323 1462 1344 non·
1477 1325 1501 1345 25

698 179 961 225 QUAESTIO
991 180 1071 226 LV,
1098 175 1391 216 ARTICULUS
1419 175 1470 211 XI
1489 196 1514 200 -
1534 174 1798 220 QUAESTIO
1827 176 1923 219 LVI,
1945 175 2238 212 ARTICULUS
2267 176 2281 212 Ι

1513 258 1543 282 et
1567 253 1656 293 quod
1684 255 1916 293 consanguinei
1944 253 2155 284 admittuntur
2178 253 2217 284 ad
2240 253 2476 284 testificandum
2492 255 2526 291 *;
2551 260 2583 285 et
2611 257 2620 267 ”
2628 256 2698 304 ¹9⁸9·
2724 256 2823 285 0¹⁴⁰&ss

1513 297 1603 335 quod
1626 307 1693 327 non
1718 299 1904 328 observatur
1927 299 2062 328 omnino
2081 297 2160 328 ordo
2182 298 2366 329 iudiciarius
2381 299 2408 335 ξ
2426 299 2511 339 quia,
2527 299 2582 335 tali
2610 288 2645 330 ἐἷ’
2663 283 2822 332 'iiisiluftrm'

1514 339 1756 371 denuntiatione
1784 341 1881 378 facta,
1906 348 2079 372 contumax
2102 347 2209 382 potest
2232 343 2504 373 excommunicari
2527 343 2582 373 lite
2609 336 2766 389 befflffflffle
2774 336 2824 384 ,ζ’(ξξ

1513 393 1580 414 non
1605 390 1781 415 contestata
1796 387 1831 422 *3
1857 391 1888 416 et
1910 387 1993 416 valet
2015 387 2067 416 hic
2090 387 2312 417 testimonium
2336 386 2376 418 de
2399 387 2511 418 auditu
2526 388 2581 424 **;
2610 391 2707 427 §We-⁹1·

1514 433 1545 457 et
1567 434 1641 468 post
1664 430 1918 469 publicationem
1941 431 2070 461 testium
2094 436 2189 461 testes
2212 436 2349 471 possunt
2370 431 2480 462 induci
2495 432 2522 462 *.
2542 431 2584 462 Et
2602 415 2824 470 s}2}{¹·r;,‘}}2;‚⁷}¹⁴2,‘‚

2611 468 2640 490 Gl
2645 474 2692 490 oss.

1513 472 1577 502 hoc
1600 478 1706 503 totum
1730 480 1777 504 est
1800 480 1836 505 ut
1858 480 2028 514 peccatum
2051 475 2253 515 impediatur,
2279 475 2368 515 quod
2385 476 2420 506 in
2435 476 2490 506 tali
2505 485 2584 506 con·-
2612 495 2692 518 ”cnm
2698 494 2734 517 De
2753 500 2823 516 am-

1513 517 1678 548 iunctione
1703 527 1771 549 esse
1794 524 1910 558 potest.

1569 561 1610 591 Et
1633 571 1690 602 per
1711 563 1776 593 hoc
1799 569 1886 603 patet
1909 564 2029 594 solutio
2054 564 2093 594 ad
2117 564 2252 594 obiecta.

1614 625 1867 670 QUAESTIO
1892 627 2483 672 QUINQUAGESIMASEXTA

1656 681 1700 705 DE
1722 682 1958 707 lMPEDIMENTO
1978 682 2213 718 COGNATIONIS
2232 682 2443 707 SPIRITUALIS

1519 749 1670 811 Damna
1695 739 1963 770 considerandum
1992 746 2038 770 est
2062 739 2101 771 de
2124 740 2359 780 impedimento
2383 740 2584 780 cognationis

1578 784 1747 823 spiritualis
1763 785 1789 814 ἦ

1516 826 1609 858 Circa
1633 827 1723 868 quod
1746 834 1943 868 quaeruntur
1967 829 2122 869 quinque.

1568 872 1691 903 Primo:
1703 878 1812 904 utrum
1823 874 1992 914 spiritualis
2005 875 2155 914 cognatio
2168 873 2411 904 matrimonium
2421 872 2585 912 impediat.

1569 916 1736 948 Secundo:
1762 927 1800 948 ex
1824 927 1889 958 qua
1912 928 2007 949 causa
2031 919 2245 949 contrahatur.

1569 961 1698 992 Tertio:
1722 963 1805 993 inter
1828 972 1921 1002 quos.

1570 1005 1710 1043 Quarto:
1735 1011 1844 1037 utrum
1868 1012 2005 1037 transeat
2028 1017 2046 1037 a
2068 1008 2137 1037 viro
2161 1007 2193 1037 in
2218 1016 2363 1037 uxorem.

1570 1050 1711 1088 Quinto:
1729 1056 1838 1081 utrum
1850 1057 1987 1082 transeat
1999 1051 2039 1082 ad
2050 1051 2133 1082 filios
2146 1051 2286 1082 carnales
2298 1051 2393 1091 patris
2406 1050 2586 1091 spiritualis.

2611 628 2641 650 ct.
2657 628 2736 650 Gioss.

2614 809 2676 832 trud.

1716 1125 1817 1156 ART.
1842 1126 1865 1156 1.
1889 1136 1994 1156 UTRUM
2018 1136 2203 1157 srmrruams
2227 1136 2386 1157 cOGNA'rIo

1852 1180 2072 1201 mramomuu
2102 1181 2248 1201 maumr

1880 1221 1965 1249 Quodl.
1983 1221 2023 1247 VI,
2038 1227 2078 1248 qu.
2095 1227 2129 1246 ιιι,
2145 1225 2186 1243 art.
2202 1227 2223 1242 2.

1583 1282 1603 1302 D
1627 1282 1745 1302 muium
1769 1282 1814 1302 stc
1837 1282 2042 1303 nocam-run.
2063 1272 2198 1303 Videtur
2221 1271 2312 1312 quod
2341 1272 2513 1312 spiritualis
2533 1282 2589 1303 co-

1521 1284 1692 1357 Agnatio
1709 1317 1952 1347 matrimonium
1968 1326 2037 1347 non
2051 1316 2215 1357 impediat.
2241 1316 2329 1347 Nihil
2349 1317 2437 1347 enim
2451 1316 2587 1357 impedit

1518 1362 1760 1392 matrimonium
1792 1362 1853 1392 nisi
1884 1361 1974 1401 quod
2004 1362 2214 1392 contrariatur
2244 1361 2339 1392 alicui
2366 1361 2455 1392 bono
2482 1361 2590 1392 matri-

1518 1407 1631 1437 monii.
1649 1405 1712 1437 Sed
1727 1406 1898 1446 spiritualis
1914 1406 2064 1446 cognatio
2080 1415 2148 1436 non
2165 1406 2375 1437 contrariatur
2390 1405 2485 1436 alicui
2500 1406 2589 1436 bono

1518 1451 1724 1482 matrimonii.
1749 1451 1835 1491 Ergo
1858 1460 1926 1481 non
1949 1450 2084 1490 impedit
2107 1451 2360 1481 matrimonium.

1577 1505 1606 1526 2.
1640 1496 1843 1531 Pramum,
1875 1495 2145 1535 impedimentum
2172 1500 2367 1535 perpetuum
2394 1494 2592 1526 matrimonii

1520 1550 1588 1571 non
1616 1545 1723 1580 potest
1753 1546 1834 1570 stare
1863 1540 1959 1570 simul
1990 1549 2066 1570 cum
2096 1540 2314 1570 matrimonio,
2349 1538 2413 1570 Sed
2440 1539 2591 1579 cognatio

1521 1585 1691 1625 spiritualis
1721 1590 1780 1615 stat
1810 1585 1906 1615 simul
1937 1583 2110 1624 aliquando
2142 1593 2218 1615 cum
2245 1584 2471 1620 matrimonio,
2495 1589 2532 1614 ut
2556 1583 2592 1615 in

1521 1630 1623 1660 littera
1638 1630 1655 1646 ⁴*
1679 1629 1811 1660 dicitur:
1836 1629 1919 1660 sicut
1943 1638 2018 1659 cum
2042 1629 2156 1669 aliquis
2179 1629 2214 1659 in
2228 1638 2314 1666 ‚casu
2336 1628 2532 1659 necessitatis
2554 1627 2592 1658 fi-

1521 1674 1601 1705 liurn
1625 1683 1720 1704 suum
1748 1674 1903 1714 baptizat;
1929 1674 2005 1713 quia
2033 1679 2112 1704 tunc
2142 1672 2178 1703 fit
2207 1674 2300 1704 uxori
2330 1682 2407 1703 suae
2437 1672 2593 1713 spirituali

2618 1630 2833 1686 {Distat-2535.

1522 1719 1716 1759 cognatione
1740 1719 1943 1754 coniunctus,
1959 1727 2020 1748 nec
2035 1723 2145 1748 tamen
2160 1717 2403 1748 matrimonium
2418 1723 2592 1757 separatur.

1522 1763 1608 1803 Ergo
1632 1763 1802 1803 spiritualis
1826 1763 1976 1802 cognatio
2000 1762 2243 1793 matrimonium
2266 1771 2335 1792 non
2357 1761 2502 1802 impedit.

1580 1808 1609 1838 3.
1634 1808 1830 1843 PRAETEREA,
1845 1807 1922 1837 unio
1939 1807 2067 1847 spiritus
2082 1816 2150 1837 non
2166 1807 2276 1837 transit
2290 1807 2324 1837 in
2340 1815 2469 1836 carnem
2480 1806 2508 1837 “.
2529 1804 2594 1837 Sed

1522 1853 1764 1882 matrimonium
1789 1857 1835 1882 est
1858 1851 1990 1882 carnalis
2013 1851 2211 1882 coniunctio.
2235 1851 2332 1891 Ergo,
2350 1860 2426 1882 cum
2442 1850 2592 1891 cognatio

1523 1897 1692 1936 spiritualis
1716 1897 1755 1926 sit
1778 1897 1857 1926 unio
1882 1896 2020 1936 spiritus,
2043 1905 2111 1926 non
2135 1901 2242 1935 potest
2267 1896 2400 1926 transire
2423 1894 2464 1926 ad
2485 1895 2594 1926 matri-

1523 1942 1672 1971 monium
1695 1939 1948 1981 impediendum.

1578 1994 1610 2023 4.
1634 1985 1830 2020 Pnan'rimm,
1848 1985 2082 2015 contrariorum
2105 1994 2174 2014 non
2197 1990 2272 2014 sunt
2294 1983 2393 2014 iidem
2416 1983 2549 2015 effectus
2564 1984 2592 2014 ⁵.
2620 2013 2678 2036 vm
2801 2013 2810 2036 ι

1524 2029 1587 2060 Sed
1610 2029 1778 2069 spiritualis
1807 2029 1958 2068 cognatio
1981 2028 2107 2059 videtur
2135 2038 2203 2058 esse
2234 2028 2392 2059 contraria
2421 2027 2596 2068 disparitati
2621 2019 2837 2070 ,ῃόξρἶἑιξωῗῖ

1523 2074 1644 2104 cultus:
1666 2083 1741 2104 cum
1757 2073 1926 2113 spiritualis
1942 2073 2092 2113 cognatio
2109 2073 2148 2103 sit
2158 2072 2388 2113 propinquitas
2397 2073 2596 2114 proveniens

1523 2128 1564 2149 ex
1587 2117 1718 2148 datione
1743 2117 1949 2153 sacramenti,
1966 2118 2017 2148 vel
2040 2117 2185 2148 tensione
2207 2117 2251 2148 ad
2274 2117 2357 2148 idem
2373 2118 2406 2154 ’ς
2431 2116 2595 2157 disparitas

1523 2168 1631 2193 autem
1660 2162 1765 2193 cultus
1793 2162 1937 2192 consistit
1959 2163 1993 2192 in
2017 2161 2206 2192 sacramenti
2236 2162 2391 2198 carentia,
2415 2167 2452 2192 ut
2474 2162 2562 2202 prius
2577 2162 2595 2179 ⁶

1523 2206 1645 2238 dictum
1662 2212 1718 2237 est.
1737 2206 1823 2237 Cum
1840 2216 1915 2246 ergo
1933 2205 2096 2247 disparitas
2113 2206 2218 2237 cultus
2233 2206 2477 2237 matrimonium
2491 2206 2596 2247 impe-

1523 2251 1604 2288 diat,
1628 2251 1754 2282 videtur
1783 2250 1874 2291 quod
1904 2250 2074 2291 spiritualis
2105 2251 2256 2292 cognatio
2278 2260 2347 2282 non
2369 2251 2484 2281 habeat
2506 2251 2596 2283 hunc

1523 2295 1684 2327 effectum.

1579 2340 1641 2371 San
1674 2350 1814 2376 CONTRA,
1846 2345 1968 2380 quanto
1999 2339 2132 2380 aliquod
2162 2339 2329 2371 vinculum
2359 2340 2499 2370 sanctius
2529 2345 2594 2376 eet.

1523 2390 1612 2416 tanto
1636 2386 1736 2425 magis
1758 2390 1805 2415 est
1823 2384 2082 2415 custodiendum.
2108 2384 2172 2415 Sed
2186 2383 2354 2415 vinculum
2369 2384 2533 2425 spirituale
2548 2388 2596 2416 est

1523 2430 1662 2460 sanctius
1686 2439 1784 2470 quam
1808 2429 1985 2470 corporale.
2011 2429 2097 2460 Cum
2121 2438 2198 2469 ergo
2213 2429 2381 2460 vinculum
2403 2429 2596 2469 propinqui-

1522 2475 1593 2504 tatis
1610 2474 1784 2515 corporalis
1803 2474 2046 2504 matrimonium
2070 2473 2234 2514 impediat,
2250 2473 2377 2504 videtur
2392 2473 2488 2504 etiam
2505 2472 2596 2514 quod

1523 2519 1673 2559 cognatio
1697 2518 1867 2559 spiritualis
1890 2518 1977 2549 idem
2001 2517 2104 2549 faciat.

1580 2573 1609 2594 2.
1634 2563 1830 2598 Puni-anna,
1852 2563 1885 2594 in
1909 2563 2116 2593 matrimonio
2141 2563 2328 2593 coniunctio
2353 2563 2532 2593 animarum
2549 2567 2596 2593 est

1523 2608 1730 2648 principalior
1759 2617 1858 2648 quam
1890 2608 2077 2638 coniunctio
2108 2616 2300 2647 corporum:
2331 2607 2407 2647 quia
2434 2606 2597 2648 praecedit

1523 2653 1636 2692 ipsam.
1650 2653 1735 2693 Ergo
1748 2652 1852 2683 multo
1869 2651 1983 2683 fortius
1999 2651 2169 2692 spiritualis
2186 2652 2337 2692 cognatio
2353 2651 2596 2683 matrimonium

1523 2696 1680 2737 impedire
1703 2702 1810 2737 potest
1833 2706 1931 2738 quam
1955 2696 2098 2727 carnalis.

1578 2742 1770 2772 Rusponmzo
1794 2751 1955 2772 meaNnun
1981 2740 2086 2781 quod,
2111 2741 2193 2772 sicut
2215 2749 2273 2781 per
2296 2740 2456 2771 carnalem
2478 2749 2597 2781 propa-

1523 2787 1687 2826 gationem
1710 2786 1812 2816 homo
1840 2786 1956 2826 accipit
1985 2794 2053 2816 esse
2081 2791 2230 2822 naturae,
2254 2786 2297 2816 ita
2319 2794 2378 2825 per
2399 2789 2598 2816 sacramenta

1524 2831 1639 2871 accipit
1663 2840 1730 2861 esse
1755 2830 1924 2871 spiritualis
1947 2831 2075 2870 gratiae.
2100 2830 2204 2866 Unde,
2221 2830 2304 2861 sicut
2318 2829 2486 2860 vinculum
2505 2827 2597 2870 quod

1525 2884 1562 2905 ex
1591 2876 1693 2905 carnis
1721 2875 1953 2916 propagatione
1982 2875 2196 2911 contrahitur,
2221 2880 2268 2905 est
2297 2874 2423 2905 homini
2451 2872 2596 2905 naturale

1523 2920 1717 2959 inquantum
1742 2925 1788 2950 est
1811 2929 1861 2950 res
1885 2919 2043 2959 quaedam
2070 2924 2219 2955 naturae;
2250 2919 2294 2950 ita
2315 2918 2482 2949 vinculum
2505 2915 2596 2958 quod

1524 2964 1722 2995 contrahitur
1737 2974 1775 2995 ex
1791 2969 2065 2994 sacramentorum
2081 2963 2296 3004 susceptione,
2310 2968 2356 2993 est
2368 2962 2477 3003 aliquo
2493 2961 2594 2992 modo

1523 3009 1666 3039 naturale
1682 3008 1777 3039 alicui
1794 3009 1988 3048 inquantum
2004 3013 2051 3038 est
2066 3008 2249 3038 membrum
2261 3006 2432 3038 Ecclesiae.
2452 3006 2494 3037 Et
2508 3005 2594 3042 ideo,

1524 3053 1606 3083 sicut
1623 3053 1755 3084 carnalis
1771 3053 1922 3093 cognatio
1938 3051 2073 3093 impedit
2088 3051 2341 3087 matrimonium,
2354 3051 2397 3081 ita
2413 3050 2594 3091 spiritualis,

1525 3107 1563 3128 ex
1586 3097 1750 3128 Ecclesiae
1772 3102 1890 3128 statuto
1906 3097 1933 3127 ⁹.

1580 3142 1705 3172 Tamen
1722 3140 1984 3181 distinguendum
2001 3146 2048 3171 est
2063 3139 2102 3171 de
2118 3139 2274 3180 spirituali
2288 3139 2492 3179 cognatione.
2509 3139 2596 3178 Quia

1525 3192 1580 3217 aut
1602 3186 1773 3226 praecessit
1799 3185 2059 3221 matrimonium;
2089 3189 2145 3215 aut
2171 3183 2325 3224 sequitur.
2357 3183 2391 3215 Si
2413 3184 2594 3224 praecessit,

1525 3230 1659 3271 impedit
1682 3229 1938 3261 contrahendum
1961 3234 1992 3259 et
2015 3228 2133 3259 dirimit
2156 3233 2367 3259 contractum.
2388 3227 2421 3259 Si
2440 3229 2595 3268 sequitur,

1524 3280 1603 3306 tunc
1626 3284 1694 3305 non
1717 3274 1836 3305 dirimst
1858 3273 2025 3304 vinculum
2048 3273 2262 3303 matrimonii:
2295 3272 2350 3304 sed
2374 3278 2533 3313 quantum
2556 3271 2597 3304 ad

1525 3324 1633 3350 actum
1656 3318 1852 3349 matrimonii
1875 3322 1922 3348 est
1943 3316 2214 3357 distinguendum.
2239 3316 2325 3355 Quia
2348 3322 2402 3347 aut
2425 3317 2596 3357 spiritualis

1525 3363 1676 3403 cognatio
1710 3362 1874 3393 inducitur
1907 3370 2002 3392 causa
2034 3361 2246 3398 necessitatis,
2280 3362 2362 3392 sicut
2396 3371 2472 3392 cum
2506 3366 2596 3402 pater

1524 3408 1663 3447 baptizat
1693 3405 1797 3438 filium
1826 3407 1862 3436 in
1887 3405 2022 3436 articulo
2052 3406 2174 3436 mortis.
2205 3406 2246 3436 Et
2269 3411 2346 3436 tunc
2369 3415 2438 3436 non
2460 3405 2596 3447 impedit

1525 3457 1633 3481 actum
1656 3450 1852 3481 matrimonii
1876 3459 1913 3480 ex
1935 3454 2048 3479 neutra
2071 3454 2170 3489 parte.
2190 3468 2210 3472 —
2234 3450 2301 3481 Aut
2323 3450 2486 3481 inducitur
2509 3455 2596 3482 extra

1525 3504 1635 3526 casum
1658 3494 1862 3530 necessitatis,
1879 3503 1917 3524 ex
1935 3494 2114 3534 ignorantia
2136 3499 2254 3526 tamen.
2278 3495 2319 3526 Et
2334 3500 2422 3531 tunc,
2439 3495 2466 3525 si
2487 3494 2540 3526 ille
2557 3504 2595 3525 ex

2620 1813 2631 1824 ·
2641 1811 2699 1834 Can.
2706 1810 2765 1833 Poet
2772 1816 2833 1832 uxo-

2620 1838 2666 1893 2¹¹}
2676 1843 2744 1887 1ενι-ιιι.
2759 1837 2835 1865 XXX,

2622 2118 2698 2142 '808⁸
2741 2117 2834 2141 Sanun.

2622 2145 2663 2169 lib.
2680 2145 2691 2168 1
2719 2161 2727 2173 ‚
2741 2145 2776 2168 tit.
2791 2151 2834 2177 '¹¹0

2622 2242 2836 2306 extat-st}

2622 2306 2834 2335 mmmmm-5.

406 3544 474 3565 non
489 3535 610 3566 iuratur
625 3535 664 3566 de
681 3536 849 3572 calumnia,
866 3546 941 3567 cum
965 3538 1004 3567 sit
1027 3547 1122 3568 causa
1145 3539 1235 3578 quasi
1256 3539 1469 3579 spiritualis*;
1484 3550 1509 3571 75
1526 3540 1617 3571 cuius
1641 3544 1714 3569 actu
1737 3537 1909 3574 inducitur,
1926 3537 2123 3578 diligendam
2146 3538 2301 3575 adhibuit,
2318 3545 2366 3570 est
2382 3538 2495 3570 eadem
2513 3539 2595 3570 ratio

2621 1988 2633 2000 ⁶
2645 1987 2760 2010 houm.
2775 1991 2833 2009 sect.
2858 2004 2861 2006 .

2872 404 2878 463 ,...-..
2871 348 2878 378 μ..
2871 265 2878 334 -..ο-.

2611 521 2729 548 telumue
2753 521 2823 548 XXV,
2876 510 2878 531 ἶ

2611 553 2650 585 3¹¹:
2659 555 2694 575 νι;
2704 549 2734 570 ef.
2740 548 2822 580 (flou.

2613 574 2828 627 τὲἓὲὶῗὶἳὶἕξῶῒ-
2875 591 2878 632 3

2614 786 2622 794 ·
2638 783 2674 805 Cf.
2689 788 2730 811 qu.
2740 788 2772 810 u,
2786 781 2827 804 ln-
2876 809 2878 818 Ι
