2918 4088
231 242 242 252 ·
256 240 288 261 lV
302 239 375 265 Seue..
389 238 441 261 dist.

232 273 265 297 xi,
281 272 318 296 qu.
330 272 364 293 m,
378 270 420 288 art.
434 273 441 288 ι

232 292 351 321 principai.

229 634 244 645 ⁴
258 633 314 655 Loc.
329 633 368 655 cit.
381 639 444 655 num.

234 660 340 688 praeced.

234 767 245 777 ·
252 765 288 788 Cf.
297 769 339 787 art.
347 773 365 793 ι,
374 765 446 787 Com-

234 796 304 813 meni.
327 798 390 813 num.
412 798 444 818 lx,

233 824 270 844 xi:
285 822 326 840 art.
337 824 358 845 a,
373 818 446 840 Com-

234 849 304 867 menl.
325 851 388 867 num.
403 850 444 867 vu.

238 3284 248 3293 ·
263 3282 362 3304 Meteor.
376 3281 416 3303 lib.
431 3281 450 3308 1,

238 3315 296 3356 «θ’».
308 3313 449 3356 {aare

237 3342 370 3410 ἰειέιιηιὲιεῐιῑ.
377 3349 449 3383 8:th

236 3498 248 3507 “
262 3496 332 3518 Num.
348 3502 365 3519 ι,

474 158 545 194 166

470 236 663 278 respondere
695 236 792 267 Scoto
812 237 843 273 “,
877 241 908 266 et
941 235 1093 267 continue
1126 235 1247 276 digredi
1279 235 1318 266 de
1351 244 1465 275 genere
1497 235 1531 264 in

472 291 582 322 genus.

528 325 579 356 III.
603 325 718 355 Postea
741 324 880 355 excludit
901 325 1024 355 Auctor
1047 324 1225 355 secundum
1248 323 1448 359 membrum,
1473 323 1532 353 sci-

472 370 555 406 licet,
572 369 802 400 resolutionem
818 368 886 399 fieri
901 369 935 399 in
951 369 1117 399 elementa.
1137 368 1177 398 Et
1193 369 1308 408 primo,
1325 368 1358 397 in
1375 367 1531 397 elementa

471 414 643 444 manentia.
678 413 764 451 Quia
794 413 852 443 sub
882 413 1049 452 speciebus
1072 412 1259 443 sacramenti
1288 411 1367 441 nihil
1390 416 1532 441 remanet

471 458 533 488 nisi
557 467 674 497 corpus
698 462 729 487 et
751 457 878 497 sanguis
903 456 1029 487 Christi.

528 501 688 538 Secundo,
712 501 746 532 in
770 501 926 532 elementa
945 500 1145 541 egredientia.
1170 500 1254 538 Quia
1278 509 1419 539 egressus
1443 497 1533 529 fieret

472 555 530 587 per
551 551 679 576 motum
701 545 853 575 localem:
879 550 910 575 et
932 546 977 575 sic
1000 555 1095 575 sensu
1117 545 1343 585 perciperetur.

527 590 568 620 Et
591 595 726 629 utraque
750 589 889 620 exclusio
912 589 1034 628 optima
1053 594 1108 619 est.
1132 588 1200 619 Nec
1224 598 1263 618 ex
1284 587 1431 618 molestia
1455 586 1532 617 Sco-

472 634 534 664 tica
549 635 566 651 ⁴*
589 634 781 670 concutitur,
806 632 883 663 dum
907 633 1010 663 obstat
1034 642 1071 663 ex
1087 631 1192 662 divina
1216 631 1450 672 omnipotentia
1473 640 1531 671 po-

471 683 558 709 tente
581 677 684 708 facere
712 686 787 707 cum
811 686 946 717 corpore
970 676 1087 707 Christi
1116 685 1244 713 manere
1272 675 1365 706 aliam
1388 676 1533 705 substan-

471 722 559 758 tiam,
584 727 615 753 et
637 731 704 752 non
727 721 849 761 percipi
872 721 1008 751 localem
1032 729 1203 760 egressum.
1235 720 1336 759 Saepe
1360 720 1446 749 enirn
1469 719 1532 748 iam

473 766 595 797 dictum
618 771 665 796 est
679 767 696 783 ⁴‘
720 765 810 805 quod
832 775 900 795 non
918 770 1088 795 tractamus
1104 764 1143 795 de
1160 764 1266 795 divina
1281 763 1531 804 omnipotentia:

472 810 528 841 sed
552 810 630 850 quid
653 810 733 840 ordo
757 809 918 839 institutus
941 819 959 839 a
982 809 1053 839 Deo
1076 809 1206 845 habeat,
1234 814 1298 839 tarn
1321 808 1355 838 in
1377 807 1533 848 mysteriis

473 864 571 894 quam
594 855 627 885 in
650 853 856 884 naturalibus.

528 899 580 929 IV.
604 898 725 928 Rursus
748 898 916 937 impugnat
938 896 1062 926 Auctor
1088 895 1273 926 huiusmodi
1300 897 1535 936 praeiacentem

471 943 636 973 materiam
660 951 698 972 ex
714 941 781 971 aliis
797 941 962 980 capitibus.
987 940 1028 970 Et
1051 940 1166 979 primo,
1190 946 1391 970 manentem:
1416 949 1454 970 ex
1469 940 1533 969 hoc

472 985 562 1026 quod
584 995 651 1016 non
675 990 722 1015 est
745 984 817 1014 dare
841 983 972 1023 aliquod
994 984 1114 1013 instans
1137 984 1170 1014 in
1194 993 1261 1023 quo
1285 985 1324 1014 sit
1346 984 1390 1013 ibi
1412 983 1533 1023 praeia-

472 1039 546 1060 cens
568 1029 708 1059 materia.
734 1027 833 1066 Quod
855 1028 1008 1067 probatur
1031 1036 1069 1057 ex
1093 1037 1133 1057 eo
1157 1027 1256 1067 quod,
1280 1036 1384 1067 usque
1403 1026 1443 1057 ad
1461 1027 1533 1057 ulti-

470 1083 562 1104 mum
591 1074 710 1103 instans
740 1072 1005 1106 consecrationis,
1037 1075 1084 1101 est
1105 1071 1150 1101 ibi
1172 1071 1280 1110 panis;
1309 1076 1340 1100 et
1362 1072 1395 1101 in
1418 1071 1532 1100 ultimo

470 1117 599 1148 instanti
622 1121 669 1147 est
691 1116 736 1146 ibi
759 1125 876 1155 corpus
899 1114 1032 1150 Christi;
1057 1124 1093 1144 ac
1108 1124 1166 1154 per
1181 1115 1244 1144 hoc
1259 1119 1346 1154 patet
1362 1113 1451 1154 quod
1466 1123 1533 1144 non

471 1166 518 1191 est
539 1160 614 1191 dare
636 1159 767 1199 aliquod
789 1159 908 1189 instans
924 1159 957 1188 in
974 1167 1040 1197 quo
1065 1158 1103 1187 sit
1125 1158 1169 1188 ibi
1192 1158 1374 1198 praeiacens
1393 1158 1532 1188 materia.

525 1205 567 1235 Et
589 1205 668 1234 scito
693 1202 783 1244 quod
805 1203 937 1238 Auctor,
963 1202 1094 1232 claritati
1124 1202 1264 1238 studens,
1292 1210 1359 1232 non
1387 1201 1447 1231 fuit
1470 1201 1534 1231 sol-

470 1249 575 1280 licitus
602 1253 638 1278 ut
660 1248 846 1288 loqueretur
876 1246 1116 1286 philosophice,
1147 1251 1183 1276 ut
1207 1247 1245 1276 ab
1269 1246 1420 1276 omnibus
1442 1245 1534 1275 intel—

469 1294 628 1333 ligeretur.
662 1292 710 1322 Ex
734 1291 882 1331 exemplo
909 1296 1016 1321 tamen
1042 1290 1264 1330 generationis,
1293 1290 1331 1320 ab
1359 1290 1534 1319 exercitatis

470 1339 504 1368 in
533 1337 739 1377 philosophia
761 1345 828 1366 rem
851 1335 954 1375 ipsam
984 1334 1116 1374 intelligi
1145 1334 1248 1364 voluit
1270 1343 1361 1364 more
1390 1334 1534 1374 philoso-

469 1382 584 1422 phico:
609 1381 727 1411 sciebat
751 1380 837 1410 enim
859 1389 928 1410 non
951 1378 1017 1409 dari
1040 1378 1192 1408 ultimum
1214 1379 1333 1408 instans
1356 1378 1534 1418 generatio-

470 1426 529 1456 nis.
563 1425 605 1455 Et
627 1424 854 1465 philosophico
878 1433 969 1453 more
993 1421 1166 1453 dicendum
1196 1421 1269 1453 fuit:
1302 1422 1337 1452 In
1361 1427 1430 1452 toto
1454 1427 1535 1452 tem—

470 1479 550 1511 pore
573 1468 820 1500 consecrationis
844 1472 890 1498 est
912 1467 956 1497 ibi
975 1467 1148 1497 substantia
1171 1467 1277 1507 panis;
1298 1471 1329 1497 et
1347 1467 1379 1496 in
1396 1467 1533 1496 termino

470 1514 554 1544 illius
570 1518 617 1543 est
633 1522 749 1553 corpus
765 1511 893 1547 Christi,
911 1511 967 1551 qui
986 1512 1140 1541 terminus
1157 1516 1205 1541 est
1222 1511 1363 1551 primum
1380 1519 1447 1541 esse
1464 1519 1534 1541 cor-

471 1559 557 1599 poris
573 1557 692 1588 Christi
714 1557 747 1587 in
763 1561 972 1592 sacramento,
990 1561 1022 1586 et
1035 1556 1177 1595 primum
1193 1564 1345 1586 non-esse
1361 1555 1469 1595 panis3
1494 1555 1535 1585 si-

472 1607 526 1633 cut
541 1602 575 1632 in
590 1602 726 1632 termino
742 1601 955 1641 generationis
971 1605 1018 1630 est
1040 1600 1181 1640 primum
1200 1609 1267 1630 esse
1290 1600 1336 1630 rei
1351 1599 1485 1639 genitae,
1504 1604 1535 1629 et

470 1647 612 1687 primurn
634 1654 786 1676 non—esse
809 1645 854 1675 rei
870 1649 1048 1684 corruptae.
1073 1644 1113 1674 Et
1137 1644 1163 1674 si
1185 1644 1231 1674 sic
1247 1644 1374 1674 Auctor
1397 1643 1532 1679 dixisset,

470 1691 567 1731 pauci
589 1690 816 1720 intellexissent
838 1689 955 1729 ipsum.

526 1735 565 1765 V.
588 1733 749 1769 Secundo,
766 1734 934 1773 impugnat
949 1733 1182 1773 praeiacentem
1198 1732 1362 1762 materiam
1378 1732 1411 1761 in
1423 1736 1532 1761 motu:

473 1784 513 1815 et,
538 1779 696 1809 brevitatis
719 1778 826 1818 gratia,
851 1777 946 1807 simul
969 1777 1137 1816 impugnat
1158 1781 1224 1806 tam
1246 1781 1373 1806 motum
1397 1775 1533 1806 localem

471 1824 537 1854 sive
559 1823 650 1863 panis
673 1823 738 1852 sive
761 1822 920 1858 materiae,
945 1830 1043 1861 quam
1065 1826 1193 1851 motum
1208 1819 1426 1855 resolutionis;
1451 1829 1533 1859 quo—

470 1868 558 1898 niam
581 1867 753 1906 utrobique
776 1875 841 1896 una
864 1868 905 1896 et*
919 1864 1030 1896 eadem
1054 1870 1100 1895 est
1122 1865 1201 1895 ratio
1227 1874 1264 1895 ex
1283 1869 1376 1894 motu
1394 1869 1531 1904 sumpta.

471 1912 513 1942 Et
536 1916 582 1941 est
604 1911 683 1941 ratio
707 1910 787 1940 talis.
823 1910 855 1941 Si
882 1908 1067 1940 huiusmodi
1096 1914 1204 1940 motus
1236 1908 1449 1944 interveniret,
1479 1913 1533 1938 aut

471 1955 626 1995 inciperet
649 1956 682 1984 in
705 1954 831 1984 instanti
855 1954 1045 1984 terminante
1069 1953 1358 1988 consecrationem,
1383 1957 1438 1982 aut
1460 1957 1534 1982 ante

471 1999 551 2030 illud
573 2000 702 2029 instans.
738 1998 771 2028 Si
794 1998 924 2038 incipiat
945 1998 979 2028 in
1002 1998 1130 2028 instanti
1156 1997 1345 2027 terminante
1369 2005 1534 2026 consecra—

471 2044 604 2079 tionem,
622 2052 696 2074 cum
719 2042 753 2072 in
775 2042 831 2072 illo
855 2042 982 2072 instanti
1007 2051 1124 2081 corpus
1140 2040 1257 2071 Christi
1280 2041 1319 2070 sit
1338 2041 1396 2071 sub
1420 2040 1532 2076 hostia,

469 2093 503 2118 et
518 2088 551 2117 in
569 2087 684 2117 eodem
707 2087 746 2116 sit
768 2086 858 2126 panis
881 2086 1037 2126 incipiens
1055 2086 1179 2116 moveri
1194 2090 1287 2115 motu
1302 2084 1397 2115 locali
1419 2084 1470 2114 vel
1485 2093 1534 2114 re-

471 2132 650 2168 solutionis,
667 2135 853 2171 sequeretur
876 2130 966 2170 quod
988 2130 1084 2160 simul
1106 2135 1211 2160 essent
1226 2138 1343 2169 corpus
1371 2128 1488 2159 Christi
1505 2134 1535 2158 et

471 2176 643 2207 substantia
662 2175 762 2215 panis.
787 2173 887 2213 Quod
903 2179 1010 2205 autem
1032 2174 1123 2214 panis
1153 2174 1187 2204 in
1210 2173 1265 2204 illo
1289 2173 1418 2203 instanti
1442 2178 1533 2209 esset,

470 2221 623 2261 probatur
658 2229 695 2250 ex
728 2228 767 2250 eo
792 2217 882 2259 quod
905 2224 1012 2249 motus
1042 2218 1155 2258 incipit
1182 2227 1239 2258 per
1268 2217 1471 2257 negationem
1496 2216 1534 2247 de

470 2264 628 2305 praesenti
652 2269 683 2294 et
705 2263 900 2303 positionem
925 2262 963 2293 de
996 2262 1124 2293 futuro:
1149 2262 1212 2292 hoc
1237 2267 1299 2297 est,
1324 2261 1400 2302 quia
1424 2270 1534 2292 verum

471 2314 554 2339 esset
573 2307 688 2344 dicere,
704 2307 804 2338 Panis
826 2317 912 2338 nunc
935 2317 1000 2337 non
1024 2311 1180 2342 movetur,
1205 2310 1236 2336 et
1262 2305 1443 2336 immediate
1459 2310 1537 2346 post

471 2353 533 2383 hoc
548 2352 734 2382 movebitur.
759 2351 800 2382 Et
815 2352 890 2391 quia
905 2356 1014 2381 motus
1028 2360 1096 2381 non
1111 2350 1148 2381 fit
1170 2351 1203 2380 in
1222 2350 1360 2386 instanti,
1377 2349 1432 2380 sed
1447 2350 1535 2390 prius

471 2397 593 2427 mobile
608 2396 758 2435 relinquit
774 2405 872 2426 unam
890 2401 1014 2435 partem
1037 2405 1135 2436 quarn
1159 2395 1262 2430 aliam,
1279 2399 1465 2434 sequeretur
1487 2394 1535 2424 ul-

471 2441 580 2476 terius,
596 2445 719 2480 praeter
735 2439 928 2470 simultatem
950 2440 1182 2470 instantaneam
1205 2437 1409 2478 praedictam,
1425 2438 1535 2469 simul-

472 2490 519 2515 tas
545 2484 738 2524 temporalis.
763 2483 804 2514 Et
827 2484 871 2514 sic
895 2484 953 2514 sub
970 2483 1076 2524 aliqua
1091 2488 1178 2523 parte
1194 2482 1316 2513 hostiae
1337 2487 1418 2512 esset
1440 2482 1535 2513 simul

472 2534 619 2569 tempore
636 2537 752 2568 corpus
776 2527 893 2558 Christi
917 2537 991 2558 cum
1011 2527 1184 2558 substantia
1205 2527 1306 2567 panis.
1331 2526 1372 2557 Et
1395 2525 1435 2556 ad
1450 2527 1535 2556 viam

471 2573 555 2603 hanc
570 2573 744 2613 respein'sse
766 2570 891 2602 videtur
913 2572 1037 2602 Auctor
1051 2572 1085 2602 in
1108 2571 1209 2602 littera
1230 2571 1389 2611 explicans
1406 2575 1535 2610 partem

473 2617 605 2648 hostiae.

530 2661 563 2692 Si
585 2670 662 2691 vero
685 2659 872 2691 huiusmodi
895 2665 1002 2690 motus
1026 2660 1157 2699 incipiat
1180 2665 1252 2690 ante
1268 2660 1441 2690 terminum
1458 2668 1535 2689 con-

475 2705 669 2741 secrationis,
693 2710 781 2741 tunc,
807 2714 881 2735 curn
900 2705 981 2734 inter
1000 2704 1160 2744 quaelibet
1175 2704 1323 2734 instantia
1346 2704 1385 2734 sit
1407 2709 1535 2744 tempus

474 2749 715 2785 intermedium,
746 2750 779 2779 in
803 2758 870 2789 quo
893 2747 948 2779 fiet
974 2749 1034 2778 iste
1062 2753 1189 2784 motus,
1215 2753 1246 2778 et
1268 2749 1302 2779 in
1326 2757 1392 2788 quo
1415 2747 1536 2778 mobile

474 2794 632 2834 relinquet
654 2794 831 2824 successive
853 2798 957 2833 partes
973 2793 1111 2822 hostiae:
1136 2797 1287 2832 sequetur
1310 2791 1400 2832 quod
1422 2793 1456 2822 in
1478 2792 1535 2822 illo

474 2844 619 2878 tempore
652 2847 717 2878 quo
741 2838 848 2877 aliqua
876 2837 998 2867 hostiae
1021 2846 1092 2876 pars
1122 2836 1230 2867 relicta
1254 2842 1317 2872 est,
1348 2845 1455 2876 neque
1479 2837 1536 2866 erit

474 2882 648 2913 substantia
668 2882 769 2922 panis,
787 2891 869 2921 quae
884 2882 948 2911 iam
964 2880 1149 2921 particulam
1165 2881 1252 2911 illam
1268 2881 1405 2920 reliquit,
1429 2889 1535 2920 neque

476 2936 592 2966 corpus
617 2926 752 2962 Christi,
778 2925 884 2966 quod,
908 2931 981 2955 ante
1004 2926 1123 2955 instans
1147 2925 1236 2965 quod
1259 2925 1407 2955 terminat
1429 2929 1536 2955 totum

474 2972 538 3001 hoc
561 2976 688 3009 tempus
711 2969 865 3005 medium,
890 2979 957 2999 non
981 2975 1027 2999 est
1050 2970 1109 3000 sub
1133 2969 1245 2999 hostia.

530 3014 571 3045 Et
592 3013 674 3050 vide,
691 3014 830 3050 Novitie,
848 3023 886 3044 ex
906 3018 1058 3044 contextu
1081 3013 1211 3049 litterae,
1236 3014 1319 3043 hanc
1334 3018 1536 3053 argumenta-

476 3059 599 3088 tionem
632 3058 742 3088 induci
772 3057 971 3088 excludendo
1006 3058 1251 3098 responsionem
1281 3057 1441 3088 dicentem
1467 3056 1536 3088 fieri

476 3102 680 3133 resolutionis
695 3102 746 3132 vel
762 3111 903 3142 egressus
919 3107 1046 3133 motum
1069 3102 1222 3142 paulatim
1242 3101 1418 3132 deserendo
1432 3106 1536 3141 partes

476 3146 608 3176 hostiae.
631 3147 675 3176 At
694 3147 720 3176 si
742 3147 924 3185 posuissent
944 3146 1150 3176 resolutionis
1169 3151 1296 3176 motum
1318 3145 1387 3176 fieri
1411 3155 1536 3176 succes-

472 3190 542 3220 :sive
566 3189 697 3229 quidem
721 3195 752 3220 et
774 3199 831 3229 per
854 3195 956 3230 partes
979 3190 1150 3220 intensivas
1176 3195 1311 3226 tantum,
1335 3190 1379 3220 ita
1397 3189 1488 3229 quod
1502 3190 1536 3220 in

472 3234 613 3264 :termino
636 3239 704 3264 tota
733 3234 827 3263 simul
854 3234 957 3264 hostia
990 3233 1111 3264 deserta
1134 3239 1216 3264 esset
1241 3233 1417 3274 (contingit
1439 3234 1535 3269 enim,

475 3277 581 3317 inquit
603 3277 787 3308 Aristoteles
802 3278 833 3313 θ,
858 3282 959 3307 totum
981 3277 1077 3308 simul
1100 3277 1302 3318 coagulari):
1324 3282 1402 3308 tunc
1425 3277 1538 3308 militat

475 3320 669 3362 praecedens
685 3326 919 3361 argumentum,
932 3320 1022 3360 quod
1033 3321 1215 3360 praeiacens
1226 3321 1357 3352 materia
1369 3329 1537 3360 nunquam

477 3370 560 3396 esset
573 3365 634 3396 sub
648 3366 762 3396 hostia.
781 3365 822 3395 Et
837 3366 863 3395 si
878 3365 941 3395 hoc
956 3364 1137 3400 affirmatur,
1154 3370 1342 3395 succurrunt
1357 3369 1537 3404 postremae

478 3409 560 3440 duae
589 3409 747 3445 rationes,
776 3409 895 3440 scilicet
925 3407 1014 3448 quod
1040 3408 1161 3438 tollitur
1185 3409 1368 3444 conversio,
1394 3413 1425 3439 et
1447 3407 1537 3448 quod

476 3454 608 3494 ponitur
632 3452 762 3494 effectus
786 3453 855 3483 sine
878 3461 982 3484 causa.

1134 156 1397 204 QUAESTIO
1426 154 1586 202 LXXV,
1616 152 1907 191 ARTICULUS
1934 152 1979 188 111

1585 234 1704 264 scilicet
1727 232 1964 268 annihilatione,
1988 231 2186 272 improbatur
2216 231 2291 271 quia
2320 231 2403 262 tollit
2432 241 2540 262 veram
2566 240 2643 262 con-

1584 278 1764 308 versionem
1788 276 1978 306 substantiae
1994 276 2085 315 panis
2102 276 2136 306 in
2153 284 2269 315 corpus
2286 274 2420 306 Christi:
2445 285 2482 306 ac
2497 284 2554 316 per
2568 275 2642 311 hoc,

1585 321 1667 351 tollit
1690 320 1825 351 modum
1853 329 1918 360 quo
1944 329 2060 359 corpus
2084 319 2201 349 Christi
2225 324 2271 349 est
2292 319 2326 349 in
2349 320 2412 350 hoc
2435 324 2643 350 sacramento.

1585 366 1626 395 Et
1648 366 1682 395 in
1705 365 1767 395 hoc
1791 364 1963 395 convenire
1987 363 2101 394 dicitur
2125 372 2199 393 cum
2223 363 2328 403 primo
2351 364 2508 400 membro,
2525 362 2645 393 scilicet

1585 409 1791 439 resolutione.

1641 454 1682 483 Et
1705 453 1836 483 demum
1868 457 2042 491 utrumque
2068 451 2191 482 Auctor
2217 451 2365 491 reprobat
2379 452 2412 481 *x
2445 451 2520 491 quia
2542 450 2646 482 forma

1585 498 1773 528 sacramenti
1796 501 1947 527 neutrum
1969 496 2087 526 horum
2106 495 2280 526 effectuum
2303 494 2467 535 significat.

1639 541 1707 572 VII.
1733 541 1825 572 Circa
1841 541 2084 581 responsionem
2101 539 2140 570 ad
2155 539 2294 575 tertium,
2319 538 2445 569 adverte
2462 538 2552 579 quod
2567 538 2646 570 Sco-

1585 591 1646 621 tuS,
1670 595 1737 616 non
1762 590 1931 615 contentus
1954 583 2140 614 huiusmodi
2156 584 2375 623 responsione,
2393 583 2468 623 quia
2483 582 2551 613 sola
2565 591 2646 613 voce

1586 629 1830 660 conversionem
1854 628 1996 665 affirmat,
2020 634 2132 658 tenens
2155 637 2289 668 panem,
2318 627 2462 667 quamvis
2485 635 2542 667 per
2565 627 2647 657 acci-

1586 673 1674 709 dens,
1698 674 1797 713 redigi
1820 674 1853 703 in
1877 673 2023 709 nihilum,
2041 672 2106 703 duo
2122 672 2287 712 potissima
2302 671 2427 702 videtur
2441 671 2558 701 habere
2573 669 2647 701 fun-

1586 717 1743 753 damenta,
1767 718 1800 747 in
1824 717 2012 757 quaestione
2035 722 2146 757 quarta
2168 726 2199 747 xr
2217 714 2434 746 *distinctionis
2449 716 2476 745 “.
2503 714 2648 745 Primum

1587 767 1651 797 est,
1676 762 1751 801 quia
1773 761 1933 792 invenitur
1957 761 2008 791 hic
2031 762 2179 791 transitus
2201 769 2259 800 per
2283 769 2317 790 se
2340 760 2379 790 ab
2403 768 2471 790 esse
2494 759 2585 799 panis
2609 758 2649 789 ad

1586 815 1737 836 non-esse
1753 806 1861 846 panis;
1887 810 1918 836 et
1934 805 2012 835 alius
2028 806 2176 835 transitus
2191 814 2210 834 a
2224 804 2485 844 non-praesentia
2505 802 2648 843 corporis

1587 849 1704 880 Christi
1727 850 1779 880 hic
1810 849 1848 880 ad
1882 850 2092 890 praesentiam
2120 849 2219 889 ipsius
2243 849 2305 879 hic.
2341 848 2382 878 Et
2407 853 2485 878 tunc
2508 847 2649 887 arguitur

1586 895 1639 924 sic.
1675 893 1708 924 Si
1731 893 1890 924 secundus
1917 893 2064 923 transitus
2094 903 2162 923 non
2193 892 2464 923 concomitaretur
2486 892 2647 932 primum,

1586 939 1708 978 primus
1734 943 1816 968 esset
1831 938 2026 968 annihilatio.
2051 937 2136 977 Ergo
2161 942 2192 967 et
2214 936 2315 967 modo
2338 936 2513 967 formaliter
2531 941 2578 966 est
2593 945 2649 966 an-

1586 982 1747 1012 nihilatio:
1773 982 1848 1021 quia
1870 982 1950 1011 ratio
1970 982 2038 1011 eius
2060 991 2129 1011 non
2151 981 2288 1011 variatur
2310 986 2442 1021 propter
2457 979 2537 1010 illud
2559 979 2650 1020 quod

1586 1035 1644 1065 per
1667 1025 1813 1055 accidens
1837 1026 2080 1055 concomitatur.

1642 1069 1802 1105 Secundo,
1828 1070 1882 1099 sic.
1907 1069 1940 1099 Si
1962 1070 2053 1109 panis
2077 1069 2313 1104 annihilaretur,
2337 1074 2368 1099 et
2391 1077 2509 1108 corpus
2531 1067 2650 1098 Christi

1586 1118 1760 1152 poneretur
1782 1113 1834 1143 hic
1850 1122 2008 1153 praesens,
2025 1113 2115 1144 omni
2132 1112 2248 1143 eodem
2263 1112 2364 1143 modo
2383 1122 2416 1143 se
2432 1112 2562 1142 haberet
2583 1117 2650 1142 tarn

1586 1157 1677 1196 panis
1702 1166 1799 1196 quam
1823 1165 1940 1196 corpus
1957 1155 2084 1192 Christi,
2109 1161 2266 1196 quantum
2289 1156 2328 1186 ad
2344 1166 2476 1186 ornnem
2491 1155 2650 1186 conditio-

1587 1210 1663 1230 nem
1685 1206 1750 1230 tam
1774 1210 1842 1230 esse
1866 1209 1964 1240 quam
1986 1209 2054 1230 non
2078 1209 2156 1236 esse,
2181 1201 2263 1230 sicut
2285 1199 2385 1230 modo
2409 1209 2442 1230 se
2456 1200 2561 1230 habet.
2585 1198 2650 1229 Sed

1588 1244 1678 1284 quod
1702 1243 1770 1280 fuit,
1795 1249 1827 1274 et
1849 1244 1939 1274 omni
1963 1243 2078 1274 eodem
2100 1243 2200 1274 modo
2230 1253 2264 1274 se
2286 1244 2382 1274 habet
2411 1244 2494 1274 sicut
2519 1243 2546 1273 si
2568 1247 2651 1273 esset

1587 1288 1807 1324 annihilatum,
1825 1293 1872 1318 est
1887 1287 2107 1318 annihilatum.
2131 1287 2217 1327 Ergo
2240 1288 2331 1327 panis
2353 1286 2505 1327 redigitur
2519 1287 2554 1317 in
2568 1287 2651 1318 nihi-

1587 1333 1665 1363 lum.
1681 1350 1705 1355 —
1719 1333 1824 1362 Prima
1847 1332 2026 1372 propositio
2050 1331 2217 1362 manifesta
2233 1337 2294 1362 est:
2320 1332 2405 1372 quia,
2422 1331 2447 1361 si
2462 1332 2554 1371 panis
2569 1335 2651 1361 esset

1587 1377 1788 1412 annihilatus,
1812 1385 1872 1406 nec
1896 1375 1999 1406 forma
2021 1385 2082 1406 nec
2105 1376 2236 1406 materia
2259 1376 2327 1406 eius
2349 1381 2510 1412 maneret3
2535 1375 2651 1407 eodem

1587 1426 1695 1451 autem
1718 1420 1818 1451 modo
1842 1430 1902 1450 nec
1926 1430 2014 1451 nunc
2037 1425 2155 1450 manet.

1642 1465 1724 1495 VIII.
1748 1464 1799 1495 Ad
1822 1465 1939 1495 horum
1963 1470 1995 1494 et
2017 1465 2169 1495 similium
2193 1463 2395 1500 evidentiam,
2420 1462 2564 1494 doctrina
2579 1472 2651 1494 san-

1587 1515 1714 1540 ctorum
1736 1509 1866 1539 Patrum
1893 1508 2084 1539 resumenda
2106 1513 2162 1539 est.
2197 1508 2388 1538 Ambrosius
2411 1507 2587 1548 siquidem,
2611 1507 2652 1538 de

1587 1554 1805 1584 Sacramentis
1820 1554 1847 1589 ἦ
1872 1558 1904 1584 et
1918 1553 2052 1583 habetur
2066 1553 2100 1583 in
2115 1553 2268 1589 Decretis,
2285 1552 2325 1583 de
2342 1552 2506 1588 Consecr„
2527 1552 2598 1583 dist.
2611 1552 2650 1589 11,

1586 1599 1620 1628 in
1644 1608 1713 1638 cap.
1729 1598 1869 1633 Revera,
1894 1602 1926 1627 et
1949 1597 2062 1628 clarius
2085 1597 2118 1627 in
2142 1606 2211 1637 cap.
2231 1596 2331 1627 Panis
2353 1601 2418 1632 est,
2447 1596 2543 1627 docet
2564 1595 2651 1628 unde

1586 1641 1739 1683 figmenta
1760 1642 1839 1672 haec
1863 1647 1894 1672 et
1914 1641 2028 1672 similia
2043 1640 2213 1677 eliduntur,
2238 1640 2362 1672 dicens:
2387 1641 2424 1671 Si
2439 1645 2530 1672 tanta
2542 1641 2590 1672 vis
2605 1645 2653 1672 est

1587 1687 1619 1716 in
1643 1696 1791 1717 sermone
1814 1685 1948 1716 Domini
1964 1685 2037 1716 Iesu
2062 1690 2097 1715 ut
2119 1685 2274 1726 inciperet
2295 1694 2362 1716 esse
2385 1685 2472 1726 quod
2487 1694 2552 1716 non
2569 1689 2650 1723 erat,

1586 1735 1706 1772 quanto
1724 1730 1829 1772 magis
1846 1729 2051 1771 operatorius
2066 1734 2114 1760 est
2129 1734 2164 1760 ut
2178 1730 2244 1760 sint
2257 1739 2340 1770 quae
2355 1734 2452 1760 erant
2465 1734 2496 1760 et
2511 1729 2543 1760 in
2560 1729 2653 1760 aliud

1587 1774 1850 1806 commutentur?
1871 1774 1915 1804 Et
1935 1774 1982 1804 sic
2005 1774 2091 1815 quod
2106 1778 2178 1804 erat
2186 1774 2295 1814 panis,
2312 1773 2378 1804 iam
2396 1783 2515 1814 corpus
2531 1773 2653 1805 Christi

1586 1825 1641 1855 est,
1665 1819 1742 1860 quia
1764 1828 1870 1850 sermo
1897 1818 2018 1848 Christi
2040 1823 2224 1848 creaturam
2247 1823 2359 1854 mutat,
2384 1823 2445 1848 etc.

1641 1864 1704 1894 Ubi
1726 1868 1813 1899 nota,
1829 1863 1945 1903 primo,
1969 1862 2001 1903 ly
2022 1867 2058 1892 ut
2071 1862 2137 1892 sint
2157 1870 2240 1902 quae
2255 1867 2350 1892 erant
2364 1867 2395 1892 et
2410 1862 2442 1892 in
2459 1861 2551 1892 aliud
2565 1870 2653 1892 com-

1586 1912 1758 1938 mutentur.

1587 1951 1676 1992 quod
1691 1956 1766 1982 sunt
1781 1960 1863 1991 quae
1887 1955 1984 1986 erant,
2002 1955 2033 1980 et
2048 1951 2082 1980 in
2097 1949 2183 1980 aliud
2199 1955 2273 1980 sunt
2289 1954 2496 1980 commutata.
2520 1948 2562 1980 Et
2575 1949 2653 1980 hinc

1587 2001 1717 2036 apparet
1739 1994 1930 2036 figmentum
1947 2004 2014 2025 esse
2030 1994 2135 2024 dicere
2155 1993 2245 2034 quod
2261 2003 2343 2034 quae
2367 1999 2456 2024 erant
2471 1998 2502 2024 et
2517 1994 2551 2024 in
2566 1992 2653 2024 aliud

1586 2045 1660 2070 sunt
1683 2044 1889 2075 commutata,
1913 2039 1992 2069 nihil
2015 2043 2098 2068 sunt.
2131 2038 2224 2074 Nam,
2248 2039 2274 2068 si
2297 2043 2381 2075 sunt,
2404 2043 2441 2069 ut
2462 2037 2652 2068 AmMoffius

1587 2084 1705 2120 asserit,
1729 2084 1874 2123 sequitur
1897 2081 1987 2123 quod
2008 2092 2076 2113 non
2099 2087 2174 2113 sunt
2195 2081 2284 2113 nihil.
2560 2109 2561 2112 ,

1642 2127 1813 2164 Secundo,
1844 2132 1921 2158 nota
1944 2126 2191 2157 declarationem
2214 2131 2246 2157 et
2268 2135 2398 2158 sensum
2427 2127 2542 2167 prioris
2565 2125 2650 2164 dicti,

1588 2172 1667 2204 dum
1689 2171 1872 2203 immediate
1895 2171 2049 2207 subditur,
2073 2171 2117 2201 Et
2130 2171 2178 2202 sic
2191 2170 2279 2212 quod
2293 2175 2365 2201 erat
2373 2170 2481 2212 panis,
2498 2170 2563 2202 iam
2578 2179 2651 2203 cor-

1582 2227 1647 2258 pus
1665 2216 1785 2247 Christi
1801 2221 1855 2247 est.
1879 2215 1965 2246 Hinc
1981 2216 2068 2245 enim
2083 2220 2215 2256 apparet
2230 2219 2349 2255 quanta
2363 2215 2558 2256 perspicacia
2571 2214 2652 2246 haec

1587 2260 1701 2292 viderit
1723 2260 1931 2296 Ambrosius,
1963 2258 2042 2290 dum
2067 2268 2135 2289 non
2163 2258 2239 2289 dixit
2270 2257 2359 2299 quod
2379 2258 2479 2300 panis
2501 2263 2549 2290 est
2576 2263 2652 2299 post

1589 2305 1873 2340 consecrationem,
1890 2313 1950 2334 nec
1973 2303 2050 2334 dixit
2073 2302 2163 2343 quod
2179 2303 2279 2343 panis
2300 2303 2357 2344 qui
2362 2303 2444 2344 fuit,
2469 2308 2517 2334 est
2533 2311 2652 2344 corpus

1589 2350 1730 2380 Christi:
1752 2348 1809 2379 sed
1831 2348 1909 2379 dixit
1932 2346 2022 2388 quod
2044 2347 2078 2377 id
2099 2347 2186 2388 quod
2208 2352 2280 2378 erat
2296 2347 2405 2387 panis,
2430 2347 2494 2378 iam
2510 2352 2558 2378 est
2578 2356 2652 2378 cor—

1582 2403 1647 2435 pus
1672 2393 1802 2424 Christi.
1831 2393 1872 2423 Et
1894 2392 1927 2432 ly
1950 2391 1984 2422 id
2006 2391 2093 2432 quod
2115 2391 2311 2422 demonstrat
2335 2397 2366 2422 et
2388 2391 2484 2422 refert
2506 2392 2652 2423 subsum-

1587 2438 1683 2469 tiam:
1708 2437 1863 2478 quoniam
1885 2435 2059 2466 substantia
2082 2440 2128 2466 est
2151 2445 2233 2476 quae
2251 2441 2297 2466 est
2313 2441 2509 2466 commutata
2531 2436 2566 2466 in
2581 2445 2652 2467 cor-

1588 2491 1649 2522 pus
1674 2481 1800 2512 Christi.

1644 2526 1696 2556 IX.
1721 2525 1814 2556 Unde
1837 2534 1904 2555 non
1928 2524 2055 2555 aliunde
2080 2534 2178 2564 quarn
2202 2534 2240 2554 ex
2255 2524 2417 2554 Ambrosii
2432 2523 2577 2555 doctrina
2599 2533 2652 2557 ex-

1589 2569 1747 2600 cludenda
1776 2574 1850 2600 sunt
1881 2573 1912 2599 et
1938 2568 2114 2609 detegenda
2143 2568 2296 2609 figmenta
2325 2569 2414 2599 haec.
2449 2568 2579 2599 Falsum
2604 2571 2653 2606 aa

1588 2615 1684 2654 igitur
1714 2613 1804 2654 quod
1833 2613 1938 2653 primo
1970 2613 2139 2643 assumitur
2165 2622 2183 2643 a
2209 2612 2308 2643 Scoto
2327 2613 2354 2649 “,
2381 2612 2571 2643 intervenire
2598 2612 2653 2648 fla

1588 2659 1755 2689 transitum
1771 2667 1828 2698 per
1843 2667 1876 2688 se
1893 2658 1931 2687 ab
1948 2667 2016 2687 esse
2039 2658 2130 2697 panis
2146 2656 2185 2687 ad
2201 2666 2353 2687 non-esse
2372 2657 2472 2697 panis.
2496 2656 2580 2687 Nam

1588 2712 1622 2733 se
1645 2702 1799 2733 terminus
1822 2701 1862 2732 ad
1885 2711 1983 2742 quem
2007 2706 2054 2732 est
2076 2710 2144 2732 esse
2168 2701 2311 2741 corporis
2335 2700 2470 2732 Christi:
2496 2705 2543 2731 est
2564 2701 2651 2736 mim

1589 2747 1756 2777 conversio
1780 2745 1838 2776 ista
1861 2746 1942 2776 inter
1965 2746 2118 2777 terminos
2141 2746 2297 2785 positivos
2319 2754 2377 2786 per
2392 2754 2426 2775 se
2447 2744 2652 2785 primo,-hoc

1589 2797 1645 2827 est,
1670 2791 1708 2821 ab
1733 2800 1801 2821 esse
1824 2790 1914 2830 panis
1938 2789 1978 2820 ad
2001 2799 2118 2830 corpus
2141 2789 2277 2826 Christi,
2308 2794 2340 2820 et
2361 2788 2402 2819 ad
2423 2788 2515 2819 illum
2536 2797 2595 2832 per
2617 2798 2651 2819 se

1588 2836 1693 2876 primo
1716 2835 1899 2870 terminum,
1927 2833 1967 2864 ad
1983 2843 2082 2874 quem
2104 2843 2172 2864 non
2188 2834 2332 2874 sequitur
2354 2832 2423 2863 sola
2437 2832 2565 2873 negatio
2581 2841 2651 2863 esse

1589 2880 1698 2921 panis,
1730 2878 1785 2909 sed
1809 2879 1952 2919 sequitur
1975 2877 2142 2908 affirmatio
2165 2887 2222 2908 seu
2244 2877 2362 2918 positio
2386 2876 2455 2907 eius
2477 2875 2565 2919 quod
2577 2876 2652 2918 fuit

1583 2924 1691 2965 panis.
1717 2923 1798 2955 Sunt
1821 2923 1907 2953 enim
1929 2928 2003 2963 post
2025 2922 2299 2952 consecrationem
2321 2921 2558 2962 propositiones
2573 2921 2651 2951 istae

1590 2968 1702 2999 ambae
1726 2977 1834 3003 verae,
1866 2967 2003 2997 scilicet:
2036 2966 2135 2997 Panis
2158 2975 2223 2996 non
2247 2970 2312 3001 est,
2337 2970 2385 3001 et,
2409 2964 2449 2995 Id
2470 2964 2558 3008 quod
2576 2965 2652 3006 fuit

1584 3013 1692 3053 panis,
1716 3017 1771 3047 est,
1797 3011 1872 3052 quia
1896 3016 1943 3042 est
1965 3019 2083 3050 corpus
2106 3009 2232 3041 Christi.
2257 3009 2308 3040 Ad
2331 3014 2555 3048 argumentum
2574 3018 2651 3050 ergo

1589 3057 1704 3088 dicitur
1727 3055 1817 3096 quod
1839 3055 1956 3086 falsum
1979 3054 2111 3085 assumit
2127 3063 2185 3084 seu
2199 3053 2364 3094 supponit,
2381 3053 2501 3085 scilicet
2515 3053 2651 3084 inveniri

1589 3102 1642 3132 hic
1665 3100 1877 3131 mutationem
1904 3108 1962 3130 seu
1989 3098 2156 3129 transitum
2185 3106 2243 3137 per
2268 3106 2303 3128 se
2329 3097 2367 3127 ab
2395 3106 2463 3130 esse
2493 3098 2584 3137 panis
2611 3097 2652 3129 ad

1589 3153 1741 3176 non-esse
1764 3144 1858 3175 illius.

1644 3188 1696 3220 Ad
1707 3187 1886 3219 secundum
1898 3191 2006 3218 autem
2017 3185 2131 3217 dicitur
2143 3184 2232 3225 quod
2249 3184 2473 3217 conditionalis
2489 3190 2651 3226 assumpta

1591 3236 1637 3263 e‘st
1660 3232 1746 3263 falsa.
1771 3232 1812 3262 Et
1834 3231 1875 3262 ad
1896 3230 2120 3271 probationem
2142 3229 2236 3265 illius,
2260 3229 2379 3261 scilieet
2398 3230 2473 3269 quia
2487 3239 2575 3260 nunc
2590 3235 2652 3262 nec

1590 3281 1733 3307 remanet
1755 3276 1886 3307 materia
1907 3274 1999 3315 panis
2021 3283 2081 3304 nec
2104 3272 2216 3309 forma,
2241 3278 2272 3304 et
2293 3273 2437 3306 similiter
2458 3279 2540 3304 esset
2554 3274 2581 3305 si
2596 3283 2652 3306 an—

1591 3321 1792 3351 nihilaretur:
1824 3317 2034 3359 respondetur
2060 3316 2208 3357 negando
2236 3316 2325 3357 quod
2352 3317 2495 3348 similiter
2521 3323 2603 3349 esset
2625 3318 2652 3349 si

1591 3364 1825 3395 annihilaretur.
1850 3362 2015 3400 Quoniam
2037 3361 2110 3401 plus
2133 3362 2303 3402 requiritur
2324 3361 2363 3392 ad
2378 3362 2652 3398 annihilationem,

1591 3409 1657 3439 sive
1679 3416 1737 3447 per
1759 3416 1794 3438 se
1814 3407 1881 3437 sive
1899 3415 1956 3446 per
1971 3405 2133 3436 accidens:
2158 3406 2292 3446 exigitur
2307 3406 2393 3436 enim
2409 3406 2499 3446 quod
2513 3405 2547 3436 id
2562 3405 2652 3446 quod

1562 3450 1566 3491 Ι
1592 3456 1657 3482 erat
1679 3450 1768 3486 illud,
1791 3450 1831 3481 sit
1850 3450 1950 3480 modo
1965 3450 2054 3486 nihil,
2079 3459 2145 3485 seu,
2161 3459 2229 3482 non
2244 3450 2285 3480 sit
2299 3449 2429 3490 aliquid.
2454 3449 2556 3482 Cuius
2572 3459 2652 3481 con.-

531 3497 584 3527 VI.
609 3497 726 3535 Quoad
749 3497 877 3527 tertium
893 3498 924 3533 *‚
950 3495 989 3526 de
1013 3496 1110 3526 altero
1135 3495 1355 3526 disiunctionis
1378 3496 1535 3531 membro,
1562 3493 1565 3529 l
1591 3495 1721 3525 trarium
1744 3495 1776 3524 in
1799 3494 1968 3534 proposito
1991 3494 2165 3524 invenitur:
2197 3503 2288 3531 nam,
2313 3493 2491 3525 secundum
2513 3494 2652 3524 Ambro-

2672 455 2683 466 ·
2697 453 2734 476 ef.
2748 453 2807 477 ibid.

2674 717 2686 729 '¹
2701 716 2785 744 Quarti
2800 716 2866 739 Senl.

2677 1549 2822 1601 πίω
2834 1556 2895 1600 ,τν-

2677 1593 2735 1626 et'er.
2744 1593 2795 1626 etin
2808 1603 2838 1626 de
2877 1588 2891 1596 ⁹

2678 1630 2763 1658 tiana„
2781 1635 2832 1659 etp.
2846 1635 2880 1654 ιι.

1796 1907 1856 1937 Hic
1881 1907 1967 1937 en'im
1993 1905 2160 1936 manifeste
2190 1906 2286 1936 habes
2310 1906 2518 1937 Ambrosium
2547 1904 2653 1936 dicere
2678 1915 2680 1944 j

2679 2611 2691 2621 ¹
2702 2606 2775 2631 Num.
2789 2613 2837 2630 vu.

2873 3411 2883 3420 α

2906 3458 2918 3619 hr--ae—.-fl—
2912 3407 2918 3439 1-
2916 3375 2918 3388 ..
2916 3356 2918 3360 .
