2878 4088
1029 199 1293 247 QUAESTIO
1323 197 1498 243 LXXIV,
1533 198 1826 236 ARTICULUS
1855 199 1880 244 Ι,
1902 199 1932 235 II

400 284 507 308 autem
530 278 780 309 vicissitudinem
811 279 1044 319 cogitationum
1075 279 1113 309 ab
1145 280 1188 309 eis
1212 277 1375 309 beatitudo
1400 287 1468 307 non

399 323 491 352 tollit.
509 322 602 353 Unde
619 322 694 353 dicit
706 323 906 363 Augustinus
917 324 934 340 θ’
951 322 1041 364 quod
1057 323 1147 354 Deus
1163 328 1270 354 movet
1283 326 1467 353 creaturam

399 367 599 407 spiritualem
617 377 680 407 per
703 373 857 408 tempora.
1523 365 1586 395 hoc
1611 365 1700 405 quod
1730 365 1945 405 spiritualibus
1976 365 2132 395 ditentur:
2163 371 2194 396 et
2223 365 2299 397 inde
2325 366 2472 397 videmus
2501 366 2591 407 quod

454 411 505 441 Ab
529 421 691 442 sncmmum
714 422 875 442 mmmmm
892 412 982 452 quod
998 411 1166 442 admiratio
1182 411 1264 442 solet
1281 420 1348 441 esse
1364 409 1403 440 de
1419 410 1467 439 his
1523 409 1595 439 loca
1617 410 1650 439 in
1674 409 1791 449 quibus
1821 409 1927 449 aliqua
1958 410 2091 440 crimina
2112 415 2186 440 sunt
2210 411 2391 447 commissa,
2406 420 2477 442 non
2495 421 2591 452 repu-

400 465 482 495 quae
512 461 655 486 nostram
686 455 908 487 conditionem
938 456 1097 487 excedunt
1120 457 1171 486 vel
1202 455 1395 485 facultatem.
1427 453 1468 483 Et
1491 457 1499 476 ⁵
1523 458 1630 483 tantur
1645 453 1763 483 idonea
1777 453 1817 484 ad
1833 453 1938 494 aliqua
1954 463 2040 483 sacra
2057 453 2233 484 exercenda
2256 455 2289 484 in
2313 455 2368 491 eis,
2390 455 2452 485 nisi
2475 465 2590 495 purga-

399 499 577 530 seeundum
608 501 671 531 hoc
700 501 832 531 virtutes
863 501 1026 532 caelorum
1057 500 1297 531 admirabuntur
1327 498 1467 529 divinam
1523 497 1611 527 tione
1640 497 1779 538 quadam
1809 498 1991 538 praemissa.
2025 498 2065 528 Et
2089 497 2268 528 secundum
2291 499 2365 535 hoc,
2383 508 2421 528 ex
2452 501 2591 539 peccatis

399 545 548 575 virtutem
571 545 645 575 talia
669 545 848 581 facientem,
873 546 1067 586 inquantum
1092 545 1130 575 ab
1155 545 1223 574 eius
1242 544 1420 574 imitatione
1437 547 1468 572 et
1523 542 1694 572 hominum
1719 541 1879 582 quandam
1898 541 2141 572 inidoneitatem
2157 542 2197 572 ad
2212 543 2333 582 gloriae
2351 545 2591 583 susceptionem

399 590 688 629 comprehensione
712 589 881 620 deficiunt:
906 599 963 630 per
983 599 1081 630 quern
1105 588 1241 619 modum
1265 587 1342 618 dixit
1359 587 1467 627 Agnes
1522 595 1594 626 pars
1624 585 1736 616 mundi
1767 587 1880 627 recipit
1910 596 1993 626 quae
2021 587 2054 616 in
2077 595 2174 617 usum
2197 592 2343 617 nostrum
2372 586 2465 618 cedit.
2497 587 2592 618 Unde

409 201 479 247 164

1526 277 1640 316 culpae
1664 278 1793 317 proprie
1817 286 1883 307 esse
1905 286 1973 307 non
1995 278 2106 317 possit,
2122 283 2229 308 tamen
2253 287 2290 308 ex
2314 279 2409 319 culpa
2433 279 2591 319 quaedam

159 333 371 359 weomadlitt„
1523 322 1741 361 incongruitas
1757 321 1790 351 in
1806 321 1901 351 rebus
1925 321 2144 361 corporalibus
2161 323 2318 362 corruptis
2341 322 2532 363 relinquitur
2551 323 2592 354 ad

159 360 265 386 lib.V111,
277 365 327 386 cap.
334 365 372 380 xx.

158 612 370 668 gasslft'nshfggnfrlY
399 633 488 673 quod
518 634 586 664 eius
609 634 863 674 pulcritudinem
887 635 938 665 sol
961 639 992 664 et
1015 634 1094 664 luna
1122 633 1286 663 mirantur
1300 633 1327 662 ᾖ.
1358 631 1400 661 Et
1422 631 1467 661 sic
1523 636 1680 670 quantum
1694 630 1733 661 ad
1749 631 1813 661 hoc
1828 630 2040 661 mundatione
2054 630 2185 670 indiget.
2198 649 2221 653 —
2233 630 2384 662 Similiter
2396 631 2491 662 etiam
2507 632 2591 662 circa

158 666 370 718 iersssffflpfiolssffi'.
398 687 466 708 non
489 679 620 718 ponitur
642 679 675 708 in
700 679 814 718 angelo
845 679 1038 718 ignorantia,
1064 677 1120 708 sed
1147 677 1269 708 tollitur
1293 677 1353 706 Dei
1377 685 1467 706 com·
1483 684 1508 698 ¹⁰
1523 674 1667 705 medium
1690 675 1810 711 locum,
1827 681 1959 715 propter
1988 675 2222 705 elementor-um
2246 681 2447 712 contactum,
2470 676 2591 707 multae

157 719 276 767 ᾗξξῑωξζςυ
290 718 326 740 ‘³³⁸
346 725 369 740 ²¹
398 723 580 762 prehensio.
1522 724 1596 749 sunt
1612 720 1834 759 corruptiones
1859 725 1890 749 et
1912 719 2143 759 generationes,
2166 725 2197 749 et
2221 720 2422 750 alterationes
2450 720 2590 751 elemen-

158 773 167 783 ·
182 773 207 793 1n
224 778 329 799 corpore.
1520 769 1639 799 torum,
1656 773 1739 804 quae
1755 765 1884 804 puritati
1905 773 2020 794 eorum
2039 763 2203 804 derogant.
2221 764 2263 794 Et
2277 763 2352 794 ideo
2368 764 2407 794 ab
2427 764 2477 794 his
2493 773 2590 805 opor-

1521 813 1566 838 tet
1578 808 1736 839 elementa
1751 809 1889 848 purgari,
1903 807 1942 838 ad
1958 809 2021 839 hoc
2038 808 2127 848 quod
2144 807 2294 838 decenter
2309 809 2484 848 suscipiant
2498 809 2590 839 novi-

454 767 504 797 An
528 777 662 797 ‘reanum
685 772 772 807 patet
795 767 962 807 responsio
988 776 1025 797 ex
1050 766 1141 797 dictis
1157 767 1183 796 *.

492 830 743 874 QUAESTIO
773 829 1370 874 SEPTUAGESIMAQUARTA

600 884 643 908 DE
663 883 743 908 IGNE
763 884 916 908 ULT1MAE
936 884 1265 909 CONFLAGRATIONJS

461 952 552 971 amna
584 941 852 971 considerandum
880 947 927 971 est
954 941 993 972 de
1025 943 1099 982 igne
1130 942 1261 972 ultimae
1290 940 1464 981 conflagra-

460 987 555 1016 tionis
578 985 692 1015 mundi
707 986 733 1014 ⁴⁶.

1520 857 1618 882 tatem
1641 853 1771 892 gloriae.

1481 905 1503 924 ις
1527 904 1528 907 ’
1575 897 1626 926 An
1650 907 1767 926 immun
1797 907 1880 927 ERGO
1911 906 2071 927 mensuum
2102 896 2208 937 quod,
2233 906 2308 927 cum
2340 896 2455 927 dicitur
2485 897 2591 927 omnis

1520 946 1663 971 creatura
1678 941 1739 971 Dei
1755 950 1822 971 esse
1838 941 1959 971 munda
1974 942 2001 977 ἢ
2018 941 2081 971 hoc
2103 940 2347 981 intelligendum
2364 946 2410 971 est
2426 942 2501 981 quia
2522 950 2590 972 non

1519 985 1615 1014 habet
1638 985 1671 1015 in
1695 986 1869 1015 substantia
1899 995 1956 1015 sua
1980 986 2114 1016 alicuius
2138 985 2276 1016 malitiae
2307 986 2589 1016 commixtionem:

399 1029 491 1060 Circa
515 1029 603 1069 quod
627 1035 823 1069 quaeruntur
846 1039 975 1059 novem.
1519 1029 1602 1058 sicut
1625 1029 1789 1068 ponebant
1813 1029 2002 1065 Manichaei,
2027 1029 2168 1060 dicentes
2191 1030 2316 1060 bonum
2337 1035 2368 1060 et
2383 1030 2506 1060 malurn
2522 1039 2590 1060 esse

452 1074 576 1103 Primo:
602 1079 711 1103 utrum
735 1073 841 1113 aliqua
864 1073 978 1103 mundi
1000 1074 1148 1113 purgatio
1173 1074 1212 1103 sit
1236 1073 1351 1103 futura.
1519 1071 1598 1102 duas
1629 1073 1818 1103 substantias
1851 1074 1968 1103 alicubi
2000 1073 2115 1104 divisas
2148 1079 2179 1104 et
2208 1075 2325 1105 alicubi
2357 1075 2546 1105 commixtas
2562 1076 2589 1104 ἦ

452 1117 619 1148 Secundo:
645 1123 752 1147 utrum
776 1126 833 1157 per
856 1117 965 1157 ignem
989 1118 1028 1147 sit
1051 1117 1167 1147 futura.
1479 1127 1505 1142 πο
1519 1116 1594 1146 Non
1625 1122 1732 1146 autem
1756 1123 1939 1147 removetur
1970 1118 2049 1157 quin
2077 1118 2182 1158 aliqua
2210 1124 2351 1149 creatura
2377 1119 2492 1149 habeat
2519 1127 2590 1159 per-

452 1162 579 1192 Tertio:
605 1167 713 1192 utrum
737 1161 790 1192 ille
814 1162 894 1201 ignis
919 1162 958 1191 sit
981 1161 1126 1192 eiusdem
1150 1162 1267 1202 speciei
1292 1170 1367 1190 cum
1390 1161 1464 1200 igne
1519 1160 1709 1190 mixtionem
1738 1166 1870 1191 naturae
1901 1167 2083 1192 extraneae:
2116 1171 2199 1202 quae
2229 1163 2325 1193 etiam
2354 1167 2467 1193 natura
2495 1164 2529 1193 in
2557 1172 2591 1194 se

485 1206 678 1236 elementari.
1519 1205 1605 1234 bona
1629 1209 1692 1240 est,
1717 1204 1773 1234 sed
1795 1204 1986 1244 perfectioni
2016 1205 2203 1236 huiusmodi
2235 1212 2395 1237 creaturae
2422 1212 2589 1247 repugnat.

451 1250 591 1288 Quarto:
609 1256 717 1280 utrum
734 1250 814 1289 ignis
827 1250 879 1280 ille
892 1251 931 1280 sit
944 1250 1049 1280 caelos
1066 1250 1245 1290 superiores
1261 1254 1463 1290 purgaturus.
1520 1247 1670 1279 Similiter
1693 1258 1760 1279 non
1785 1254 1968 1279 removetur
1991 1258 2028 1279 ex
2051 1250 2115 1279 hoc
2139 1251 2218 1290 quin
2241 1250 2363 1280 malum
2387 1250 2482 1281 alicui
2505 1260 2591 1282 crea-

451 1294 589 1332 Quinto:
607 1300 716 1325 utrum
731 1294 784 1325 ille
799 1295 880 1334 ignis
897 1295 936 1324 sit
952 1294 1011 1325 alia
1028 1294 1186 1325 elementa
1202 1299 1463 1334 consumpturus.
1519 1298 1608 1323 turae
1639 1293 1776 1323 accidat:
1808 1294 1954 1333 quamvis
1976 1303 2045 1324 non
2069 1294 2108 1324 sit
2130 1295 2325 1334 permixtum
2350 1295 2378 1325 ei
2402 1295 2493 1335 quasi
2519 1304 2592 1335 pars

2619 949 2629 958 ·
2644 946 2680 968 ef.
2693 946 2704 968 1
2713 946 2748 968 ad
2762 946 2831 974 Tin„

159 986 280 1034 ἱῃὶῐΐὲἀςιι.
303 992 370 1013 unx,
2619 979 2668 1001 cap.
2684 978 2716 1000 ιν,
2733 979 2792 996 ven.
2807 980 2831 1000 ⁴-

2617 1072 2832 1126 ἐξέωῒξὲὶιῇῗ

452 1338 564 1369 Sexto:
590 1344 698 1369 utrum
723 1340 832 1369 omnia
856 1339 1014 1369 elementa
1036 1340 1076 1369 sit
1099 1344 1300 1379 purgaturus.
1480 1349 1503 1369 ες
1520 1337 1713 1367 substantiae
1735 1338 1845 1377 ipsius.

451 1383 596 1423 Septimo
611 1395 617 1413 ε
659 1389 767 1414 utrum
805 1383 858 1414 ille
898 1384 978 1424 ignis
1017 1383 1186 1424 praecedat
1223 1383 1379 1414 iudicium
1414 1382 1465 1413 vel
1573 1381 1623 1411 Ao
1640 1391 1803 1412 SECUNDUM
1818 1391 1978 1412 mcanun
1990 1381 2090 1422 quod,
2102 1383 2246 1422 quamvis
2263 1383 2420 1414 elementa
2436 1392 2593 1424 corporea

484 1434 643 1468 sequatur.
1520 1426 1702 1456 subiectum
1725 1426 1840 1466 culpae
1863 1436 1931 1456 esse
1954 1435 2022 1456 non
2045 1427 2180 1466 possint,
2204 1432 2312 1458 tamen
2333 1437 2371 1458 ex
2388 1428 2482 1468 culpa
2497 1428 2531 1458 in
2547 1428 2593 1458 eis

453 1471 576 1502 Octavo
591 1483 597 1502 ε
638 1478 747 1503 utrum
785 1482 842 1512 per
876 1472 967 1503 illurn
1005 1473 1114 1513 ignem
1153 1471 1365 1503 consumendi
1404 1473 1466 1502 sint
1521 1471 1693 1501 commissa
1709 1470 1849 1511 aliquam
1864 1470 2112 1511 ineptitudinem
2135 1477 2271 1512 possunt
2293 1472 2450 1512 consequi
2466 1471 2506 1503 ad
2520 1481 2593 1513 per-

484 1517 642 1547 homines.
1521 1513 1695 1546 sectionem
1718 1515 1838 1555 gloriae
1862 1514 2108 1555 suscipiendam.

452 1561 567 1591 Nono:
592 1567 700 1591 utrum
724 1571 781 1602 per
805 1571 880 1592 eum
903 1561 1089 1593 involvendi
1113 1563 1175 1592 sint
1197 1562 1334 1602 reprobi.
1482 1571 1507 1591 30
1576 1559 1627 1589 An
1651 1569 1785 1590 TERTIUM
1809 1569 1968 1590 nrcanum
1995 1559 2085 1600 quod
2108 1559 2212 1591 forma
2234 1561 2324 1592 mixti
2348 1566 2379 1591 et
2402 1559 2506 1591 forma
2529 1561 2593 1592 ele—

1520 1604 1621 1634 menti
1637 1609 1773 1644 possunt
1793 1603 1961 1644 dupliciter
1984 1603 2186 1635 considerari.
2211 1604 2278 1645 Aut
2293 1610 2451 1646 quantum
2467 1605 2507 1636 ad
2521 1614 2593 1646 per-

1521 1647 1696 1679 fectionem
1720 1649 1854 1688 speciei:
1880 1654 1911 1679 et
1927 1649 1972 1679 sic
1988 1658 2106 1689 corpus
2129 1649 2266 1679 mixtum
2289 1649 2430 1680 nobilius
2446 1655 2503 1680 est.
2526 1650 2594 1681 Aut

1522 1697 1679 1732 quantum
1703 1692 1742 1723 ad
1764 1694 2011 1733 perpetuitatem
2035 1693 2220 1724 durationis.
2245 1694 2285 1724 Et
2309 1695 2353 1724 sic
2377 1703 2495 1735 corpus
2518 1694 2593 1725 sim—

462 1636 561 1666 ART.
587 1636 609 1666 1.
634 1646 738 1666 UTRUM
762 1646 878 1667 amona
901 1646 1001 1666 nuum
1026 1646 1183 1667 PURGATIO
1208 1646 1254 1667 sn·
1278 1646 1400 1667 FUTURA

749 1687 781 1708 1v
797 1687 865 1709 Cant.
880 1687 957 1713 Gent„
975 1693 1026 1715 cap.
1041 1693 1112 1709 xcvu.

158 1875 168 1884 ·
183 1873 249 1895 Vers.
266 1880 274 1895 ι
278 1879 297 1902 5.

400 1749 481 1813 An
511 1748 627 1768 prunum
657 1749 701 1768 stc
730 1748 934 1768 Pxocnm‘rua.
966 1737 1101 1769 Videtur
1130 1738 1220 1778 quod
1243 1739 1331 1774 nulla
1353 1738 1467 1769 mundi

462 1784 609 1823 purgatio
633 1783 672 1812 sit
696 1782 811 1813 futura.
840 1783 917 1813 Non
942 1783 1029 1813 enim
1052 1783 1243 1823 purgatione
1264 1782 1384 1823 indiget
1406 1784 1467 1814 nisi
1483 1793 1505 1813 35

398 1828 488 1868 quod
512 1833 558 1858 est
580 1827 796 1857 immundum.
821 1826 883 1858 Sed
900 1832 1062 1858 creaturae
1078 1827 1139 1857 Dei
1155 1837 1222 1858 non
1237 1833 1311 1858 sunt
1326 1828 1467 1858 immun-

398 1872 474 1903 dae:
499 1871 586 1902 unde
610 1870 724 1902 dicitur
747 1872 815 1902 Act.
840 1882 859 1902 x
875 1873 908 1901 *z
937 1871 1033 1908 Quod
1056 1871 1146 1902 Deus
1168 1872 1344 1908 mundavit,
1370 1877 1403 1903 tu
1428 1883 1468 1903 ne

398 1926 566 1947 commune
581 1916 712 1952 dixeris,
730 1915 811 1946 idest
827 1915 1043 1947 immundum.
1069 1916 1155 1956 Ergo
1177 1922 1338 1947 creaturae
1354 1916 1467 1947 mundi

398 1971 465 1991 non
488 1961 719 2001 purgabuntur.

455 2015 483 2035 2.
507 2005 713 2040 PRAETEREA,
747 2005 895 2044 purgatio
929 2004 1109 2035 secundum
1142 2004 1282 2035 divinam
1314 2006 1466 2036 iustitiam
1482 2014 1508 2034 4⁰

398 2049 561 2080 ordinatur
577 2048 616 2079 ad
632 2048 843 2079 auferendum
866 2048 1104 2079 immunditiam
1121 2049 1251 2089 culpae:
1276 2050 1358 2080 sicut
1380 2055 1467 2090 patet

398 2094 437 2124 de
453 2094 643 2134 purgatione
660 2098 734 2133 post
749 2098 898 2123 mortem.
923 2093 986 2124 Sed
1002 2094 1035 2123 in
1052 2093 1218 2124 elementis
1242 2094 1337 2124 huius
1353 2094 1467 2124 mundi

397 2138 484 2168 nulla
507 2143 613 2177 potest
637 2147 704 2168 esse
729 2138 842 2177 culpae
866 2137 1008 2168 infectio.
1034 2138 1120 2177 Ergo
1138 2138 1262 2168 videtur
1285 2138 1375 2178 quod
1390 2147 1466 2178 pur—

397 2183 525 2222 gatione
548 2191 616 2212 non
639 2181 811 2222 indigeant.

454 2227 483 2257 3.
507 2226 710 2262 PRAETEREA,
740 2226 1001 2267 unumquodque
1033 2226 1147 2257 dicitur
1177 2227 1305 2266 purgari
1335 2226 1465 2267 quando
1481 2234 1505 2255 45

398 2276 558 2312 separatur
589 2270 679 2311 quod
709 2275 755 2301 est
787 2276 972 2301 extraneum
1005 2271 1043 2301 ab
1074 2271 1145 2311 ipso
1176 2270 1332 2302 inducens
1361 2281 1395 2302 m
1426 2281 1466 2302 eo

397 2315 646 2356 ignobilitatem:
680 2316 837 2355 separatio
865 2316 951 2345 enim
980 2316 1047 2346 eius
1075 2315 1165 2356 quod
1191 2316 1391 2347 nobilitatem
1418 2317 1466 2346 in—

398 2359 501 2395 ducit,
529 2369 597 2389 non
632 2359 747 2390 dicitur
776 2360 941 2400 purgatio,
970 2359 1025 2390 sed
1055 2360 1156 2400 magis
1187 2360 1369 2391 diminutio.
1403 2360 1466 2392 Sed

398 2405 460 2434 hoc
485 2403 524 2434 ad
545 2403 777 2444 perfectionem
800 2410 831 2434 et
846 2404 1047 2435 nobilitatem
1071 2405 1307 2435 elementorum
1330 2405 1466 2445 pertinet

1521 1737 1595 1776 plex
1618 1737 1758 1768 nobilius
1778 1743 1838 1768 est:
1861 1738 1937 1778 quia
1958 1747 2027 1768 non
2050 1738 2145 1768 habet
2159 1738 2193 1768 in
2209 1739 2315 1778 seipso
2338 1738 2426 1769 unde
2449 1747 2593 1770 corrum-

1521 1786 1625 1821 patur,
1649 1782 1711 1812 nisi
1733 1782 1801 1812 eius
1825 1782 1989 1822 corruptio
2013 1781 2069 1812 fiat
2092 1782 2130 1812 ab
2151 1782 2259 1822 aliquo
2284 1783 2450 1820 exteriori;
2475 1792 2593 1824 corpus

1522 1831 1630 1856 autem
1654 1826 1791 1856 mixtum
1813 1827 1847 1856 in
1870 1826 1975 1866 seipso
1999 1826 2095 1856 habet
2118 1836 2247 1857 causam
2271 1828 2486 1867 corruptionis
2505 1837 2592 1864 suae,

1522 1869 1642 1900 scilicet
1665 1871 1937 1911 compositionem
1961 1871 2204 1901 contrariorum.
2229 1871 2270 1901 Et
2285 1871 2359 1902 ideo
2384 1881 2502 1912 corpus
2518 1872 2593 1903 sim-

1522 1914 1612 1954 plex,
1638 1915 1695 1945 etsi
1725 1915 1764 1945 sit
1799 1915 2005 1955 corruptibile
2035 1915 2214 1946 secundum
2243 1921 2383 1956 partem,
2409 1921 2456 1946 est
2485 1922 2593 1947 tamen

1522 1959 1763 1999 incorruptibile
1787 1958 1967 1990 secundum
1990 1965 2112 1990 totum:
2138 1959 2227 2000 quod
2251 1959 2290 1990 de
2313 1961 2414 1990 mixto
2439 1959 2501 1991 dici
2525 1970 2593 1991 non

1521 2008 1637 2042 potest.
1662 2003 1703 2033 Et
1719 2004 1793 2043 quia
1816 2004 2015 2043 incorruptio
2036 2008 2083 2034 est
2097 2003 2137 2034 de
2152 2003 2351 2044 perfectione
2374 2004 2504 2044 gloriae,
2521 2014 2593 2045 per-

1522 2046 1619 2077 fectio
1637 2048 1780 2087 corporis
1796 2047 1948 2087 simplicis
1968 2049 2069 2088 magis
2093 2049 2244 2079 convenit
2266 2048 2457 2088 perfectioni
2472 2049 2593 2089 gloriae

1522 2101 1619 2131 quam
1642 2091 1797 2131 perfectio
1822 2093 1966 2132 corporis
1989 2093 2095 2122 mixti:
2120 2093 2181 2123 nisi
2197 2093 2293 2123 etiam
2317 2101 2434 2134 corpus
2457 2094 2593 2125 mixtum

1521 2136 1555 2165 in
1579 2145 1613 2166 se
1636 2136 1750 2166 habeat
1773 2135 1905 2176 aliquod
1927 2136 2178 2176 incorruptionis
2201 2137 2407 2178 principium,
2429 2138 2511 2168 sicut
2532 2138 2594 2169 hu-

1521 2189 1665 2216 manum,
1679 2180 1771 2210 cuius
1787 2179 1890 2210 forma
1907 2185 1954 2210 est
1968 2181 2227 2221 incorruptibilis.
2241 2181 2459 2212 Nihilominus
2474 2186 2592 2219 tamen,

1522 2225 1668 2264 quamvis
1696 2225 1805 2265 aliquo
1829 2224 1930 2255 modo
1955 2234 2073 2266 corpus
2102 2225 2238 2256 mixtum
2262 2226 2302 2256 sit
2324 2226 2465 2257 nobilius
2495 2235 2594 2267 quam

1522 2268 1667 2309 simplex,
1684 2269 1825 2299 nobilius
1848 2275 1956 2300 tamen
1980 2278 2048 2300 esse
2071 2270 2167 2300 habet
2190 2279 2308 2310 corpus
2329 2270 2464 2311 simplex
2480 2280 2594 2302 secun-

1522 2312 1600 2344 dum
1624 2323 1657 2343 se
1682 2314 1818 2344 existens
1839 2323 1937 2354 quam
1966 2315 2102 2345 existens
2125 2315 2158 2345 in
2182 2315 2299 2345 mixto:
2332 2315 2407 2356 quia
2433 2315 2466 2346 in
2492 2315 2593 2346 mixto

1522 2363 1596 2388 sunt
1613 2367 1749 2398 corpora
1764 2358 1920 2399 simplicia
1940 2358 2184 2398 quodammodo
2199 2359 2234 2389 in
2249 2360 2409 2399 potentia;
2433 2360 2468 2390 in
2483 2360 2594 2401 seipsis

1522 2407 1630 2432 autem
1655 2403 1819 2433 existentia
1846 2408 1919 2433 sunt
1943 2403 1975 2433 in
1999 2403 2111 2434 ultima
2135 2404 2182 2434 sui
2207 2403 2414 2444 perfectione.

399 2448 487 2489 quod
518 2448 637 2488 aliquid
668 2454 833 2479 extraneae
864 2454 995 2479 naturae
1026 2455 1072 2479 est
1096 2450 1140 2480 eis
1165 2449 1358 2480 admixtum:
1390 2450 1466 2490 quia
1482 2457 1507 2476 5⁰

398 2493 502 2523 forma
525 2494 668 2533 corporis
692 2494 781 2524 mixti
806 2499 852 2524 est
875 2493 1015 2524 nobilior
1039 2503 1137 2534 quarn
1169 2493 1271 2524 forma
1301 2494 1464 2535 simplicis.
1567 2477 1667 2508 ΛΒΤ·
1693 2478 1729 2508 Π·
1755 2488 1858 2508 υῃωΜ
1881 2488 1963 2508 HAEC
1986 2488 2142 2509 PURGATK'
2162 2489 2208 2510 ⁵¹³
2227 2489 2349 2510 rurum
2371 2489 2429 2510 ΡΗ
2451 2490 2549 2510 mm

398 2537 483 2577 Ergo
510 2537 634 2567 videtur
665 2538 753 2578 quod
785 2538 941 2568 elementa
974 2539 1070 2569 huius
1099 2533 1213 2569 mundi
1243 2539 1334 2570 nullo
1364 2538 1465 2569 modo
1873 2528 1906 2550 IV
1921 2528 1989 2551 ΟΜ·
2006 2528 2082 2556 Gen¹⁹
2098 2535 2149 2557 “⁸¹''
2165 2534 2236 2552 “³¹¹¹

399 2582 626 2612 convenienter
649 2583 776 2622 purgari
799 2583 932 2622 possint.
1524 2593 1606 2654 At>
1636 2594 1798 2614 SECUNDUM
1827 2594 1871 2614 sxc
1900 2594 2105 2615 rxocnmrtm.
2136 2584 2271 2615 Videtur
2299 2585 2388 2626 quod
2411 2585 2489 2616 haec
2517 2595 2592 2627 pur-

455 2625 517 2656 Snn
542 2636 674 2662 CONTRA,
700 2627 804 2657 omnis
828 2627 993 2656 innovatio
1013 2626 1049 2656 fit
1067 2637 1125 2667 per
1141 2627 1280 2667 aliquam
1302 2628 1466 2668 purgatio·
1586 2629 1672 2669 gatio
1701 2638 1769 2659 non
1793 2629 1832 2659 sit
1856 2627 1962 2660 futura
1985 2638 2043 2669 per
2065 2630 2183 2669 ignem.
2220 2629 2303 2670 Ignis
2327 2630 2424 2666 enim,
2450 2639 2526 2661 cum
2554 2631 2594 2662 sit

160 2674 170 2683 '
187 2672 251 2694 Vers·
269 2679 287 2694 ¹-
398 2679 484 2700 nem.
502 2670 564 2701 Sed
580 2671 736 2701 elementa
759 2671 1016 2701 innovabuntur:
1043 2671 1130 2702 unde
1150 2672 1248 2712 Apoc.
1266 2682 1318 2702 xxx
1334 2673 1366 2708 *‚
1396 2672 1467 2703 Vidi
1482 2678 1504 2698 55
1521 2680 1594 2710 pars
1617 2673 1740 2709 mundi,
1764 2674 1954 2713 purgatione
1978 2673 2108 2713 indiget,
2129 2674 2211 2704 sicut
2235 2678 2266 2704 et
2289 2674 2368 2704 aliae
2390 2679 2505 2715 partes.
2530 2674 2593 2706 Sed

400 2715 523 2745 caelum
552 2724 668 2745 novum
693 2721 723 2745 et
746 2721 867 2746 terram
897 2723 1037 2746 novam:
1064 2716 1209 2756 primum
1233 2716 1318 2746 enim
1342 2717 1466 2747 caelum
1521 2725 1589 2747 non
1614 2717 1708 2748 debet
1732 2727 1800 2748 esse
1823 2717 1908 2748 idem
1932 2727 2071 2758 purgans
2095 2724 2126 2748 et
2148 2723 2330 2758 purgatum.
2360 2718 2445 2759 Ergo
2468 2718 2594 2750 videtur

399 2764 430 2789 et
446 2759 556 2799 prima
580 2764 668 2789 terra
691 2760 778 2790 abiit.
803 2760 888 2800 Ergo
913 2760 1071 2790 elementa
1094 2761 1323 2801 purgabuntur.
1522 2761 1612 2801 quod
1635 2762 1716 2802 ignis
1740 2771 1807 2792 non
1830 2762 1987 2802 purgabit.

163 2806 172 2814 ·
188 2803 253 2825 Vers.
268 2810 300 2832 3¹·
456 2813 484 2833 2.
508 2803 704 2840 PRAETEREA,
730 2804 741 2834 Ι
761 2804 836 2835 Cor.
855 2815 907 2840 vn,
925 2814 1021 2845 super
1037 2804 1116 2835 illud
1131 2806 1158 2840 ἡ
1175 2805 1336 2836 Praeterit
1347 2805 1467 2846 figura
1580 2816 1609 2836 2.
1634 2806 1837 2842 PRAETEREA,
1862 2807 1944 2837 sicut
1973 2807 2054 2847 ignis
2084 2807 2180 2838 habet
2202 2807 2352 2838 virtutem
2382 2807 2592 2848 purgativam,

162 2848 371 2902 {fffr‘ssssf'sss-'efff‘cgss
398 2847 493 2878 huius
516 2847 635 2883 mundi,
654 2847 728 2879 dicit
744 2847 858 2879 Glossa
873 2850 906 2879 *z
931 2849 1121 2880 Pulcritudo
1138 2849 1234 2880 huius
1249 2849 1362 2880 mundi
1376 2859 1468 2880 mun·
1523 2850 1566 2880 ita
1594 2856 1624 2881 et
1652 2861 1744 2891 aqua.
1779 2851 1865 2882 Cum
1897 2860 1972 2891 ergo
2002 2860 2070 2882 non
2101 2852 2211 2882 omnia
2241 2852 2303 2882 sint
2330 2852 2507 2892 purgabilia
2535 2861 2593 2892 per

164 2904 211 2922 tra.
399 2892 559 2922 danorum
579 2892 703 2933 ignium
727 2893 990 2934 conflagratione
1006 2893 1136 2934 peribit.
1161 2894 1201 2924 Et
1217 2895 1261 2924 sic
1277 2894 1363 2925 idem
1379 2894 1469 2935 quod
1483 2902 1510 2922 ⁶0
1523 2895 1641 2935 ignem,
1658 2895 1714 2926 sed
1735 2895 1892 2936 quaedam
1916 2905 2047 2926 necesse
2070 2897 2109 2926 sit
2132 2906 2214 2936 aqua
2237 2896 2375 2936 purgari,
2392 2896 2475 2927 sicut
2497 2896 2593 2927 etiam

399 2937 495 2976 prius.
1523 2945 1615 2970 vetus
1638 2939 1688 2970 lex
1712 2939 1877 2980 distinguit
1892 2941 1928 2977 *;
1957 2939 2083 2971 videtur
2106 2940 2195 2981 quod
2220 2941 2302 2981 ignis
2325 2949 2393 2971 non
2415 2945 2531 2980 purget
2553 2939 2594 2970 ad

454 2981 642 3011 Rnspommo
664 2991 823 3011 mensuum
848 2982 946 3023 quod,
973 2983 1047 3023 quia
1070 2982 1211 3013 mundus
1235 2983 1343 3023 aliquo
1367 2982 1467 3014 modo
1523 2984 1630 3015 minus
1653 2984 1879 3015 universaliter.
1970 3012 1971 3015 ,

400 3030 531 3064 propter
552 3025 719 3055 hominem
743 3025 844 3056 factus
868 3032 923 3062 est,
950 3032 1079 3067 oportet
1102 3026 1202 3068 quod,
1220 3027 1350 3068 quando
1366 3028 1467 3058 homo
1578 3029 1607 3059 3.
1621 3028 1816 3065 Proxumum,
1830 3030 1977 3069 purgatio
1994 3029 2034 3060 ad
2050 3029 2113 3060 hoc
2125 3028 2249 3060 videtur
2263 3029 2423 3069 pertinere
2437 3033 2474 3059 ut
2488 3033 2593 3069 partes

401 3077 456 3108 per
487 3078 603 3108 corpus
634 3069 878 3109 glorificabitur,
904 3072 998 3101 etiam
1029 3071 1089 3102 alia
1120 3071 1233 3102 mundi
1263 3081 1399 3112 corpora
1429 3071 1469 3103 ad
1523 3072 1637 3103 mundi
1661 3074 1699 3103 ab
1723 3074 1861 3104 invicem
1885 3079 2066 3114 segregatae
2089 3074 2234 3114 puriores
2257 3072 2437 3103 reddantur.
2463 3071 2526 3103 Sed
2545 3082 2593 3103 se-

401 3113 567 3143 meliorem
591 3119 707 3144 statum
730 3120 910 3151 mutentur,
936 3121 971 3146 ut
994 3116 1033 3146 sit
1057 3121 1089 3146 et
1111 3116 1202 3146 locus
1226 3116 1469 3147 convenientior
1483 3125 1507 3150 ες
1523 3118 1664 3158 gregario
1692 3118 1831 3158 partium
1857 3117 1970 3148 mundi
1994 3118 2032 3148 ab
2055 3118 2194 3148 invicem
2217 3118 2251 3148 in
2273 3116 2387 3148 mundi
2410 3117 2502 3147 initio
2525 3117 2593 3148 sola

402 3162 432 3186 et
456 3162 601 3197 aspectus
625 3157 850 3189 delectabilior.
875 3159 926 3190 Ad
949 3160 1013 3190 hoc
1037 3165 1145 3191 autem
1169 3160 1258 3201 quod
1282 3161 1383 3191 homo
1399 3161 1468 3201 glo·
1524 3163 1639 3192 virtute
1670 3161 1776 3192 divina
1806 3161 1888 3192 facta
1919 3168 1981 3192 est:
2013 3162 2088 3202 quia
2116 3171 2155 3192 ex
2177 3162 2237 3192 hac
2267 3170 2350 3201 opus
2381 3160 2593 3193 distinctionis

402 3202 480 3230 riam
497 3202 639 3242 corporis
656 3209 879 3243 consequatur,
897 3210 1025 3244 oportet
1048 3206 1137 3245 prius
1160 3206 1318 3236 removeri
1333 3214 1371 3236 ea
1386 3215 1469 3246 quae
1524 3206 1752 3237 determinatur
1766 3207 1793 3236 ἦ
1818 3206 1912 3237 Unde
1936 3211 1967 3237 et
1981 3206 2185 3246 Anaxagoras
2208 3206 2461 3246 segregationem
2483 3206 2594 3246 posuit

402 3245 520 3284 gloriae
544 3252 762 3286 opponuntur.
788 3247 880 3285 Quae
903 3254 978 3279 sunt
1001 3248 1078 3286 duo,
1095 3249 1216 3280 scilicet
1239 3250 1413 3290 corruptio,
1438 3255 1470 3280 et
1524 3256 1632 3281 actum
1656 3250 1836 3282 intellectus
1866 3251 2025 3282 moventis
2055 3250 2165 3281 omnia
2179 3251 2206 3280 '.
2238 3249 2324 3290 Ergo
2351 3249 2476 3281 videtur
2503 3249 2594 3291 quod

2620 2945 2832 2975 'Nm.enp.xxxr,

2620 2979 2679 2996 veru.
2694 2979 2733 3000 2²,
2747 2979 2781 3001 ²3-

2620 3212 2631 3222 “
2645 3208 2705 3232 vide
2726 3209 2786 3232 Part.
2808 3210 2832 3237 1,

2620 3239 2833 3292 samaras

168 3288 177 3297 ·
193 3286 257 3308 Vers.
273 3293 310 3314 5⁰·
403 3288 532 3319 infectio
564 3290 695 3331 culpae:
728 3292 819 3331 quia,
844 3297 879 3322 ut
903 3292 1017 3323 dicitur
1041 3294 1053 3324 Ι
1080 3293 1156 3324 Cor.
1181 3304 1222 3324 xv
1236 3295 1269 3330 *‚
1301 3294 1467 3335 corruptio
1523 3296 1557 3325 in
1581 3294 1645 3326 fine
1668 3295 1781 3326 mundi
1804 3295 1952 3336 purgatio
1976 3293 2031 3325 fiat
2053 3293 2237 3325 immediate
2261 3304 2278 3324 a
2299 3294 2381 3331 Deo,
2399 3299 2430 3325 et
2452 3303 2520 3325 nou
2536 3303 2593 3335 per
2620 3288 2832 3346 gf'ff’gffissss:

405 3333 655 3373 incorruptelam
679 3344 743 3365 non
762 3336 939 3375 possidebit
946 3344 958 3374 ;
981 3343 1013 3367 et
1032 3348 1049 3368 a
1070 3339 1196 3369 civitate
1210 3339 1331 3378 gloriae
1355 3348 1469 3370 omnes
1483 3351 1510 3372 70
1523 3340 1641 3380 ignem.
2620 3342 2672 3365 ’Μ
2687 3347 2727 3364 ¹¹·

168 3381 177 3390 ·
193 3379 260 3400 Vers-
277 3384 308 3406 ¹5-
318 3389 329 3394 -
341 3378 378 3401 Cf·
404 3377 561 3407 immundi
569 3379 662 3419 foris
678 3385 779 3415 erunt,
793 3381 890 3420 Apoc.
905 3381 961 3411 ult.
975 3382 991 3398 ⁴*
1013 3382 1054 3412 Et
1069 3383 1212 3413 similiter
1229 3383 1324 3413 etiam
1341 3388 1469 3424 oportet

1569 3383 1631 3414 San
1649 3394 1772 3414 coum
1788 3393 1842 3415 irs-r
1857 3382 1948 3424 quod
1963 3384 1996 3413 in
2011 3382 2139 3413 Psalmo
2159 3384 2175 3400 ⁴*
2199 3382 2331 3413 dicitur:
2357 3383 2450 3425 Ignis
2466 3383 2499 3413 in
2515 3392 2592 3414 con·
2619 3385 2831 3415 'Pamma-

1523 3433 1631 3469 spectu
1644 3429 1712 3459 eius
1724 3427 1898 3463 exardebit,
1913 3432 1944 3458 et
1955 3427 1987 3457 in
2000 3427 2138 3458 circuitu
2151 3427 2220 3458 eius
2236 3432 2404 3468 tempestas
2419 3427 2547 3458 valida:
2561 3432 2593 3458 et

406 3474 503 3504 quam
525 3466 558 3495 in
581 3467 721 3497 novitate
748 3467 866 3506 gloriae
897 3469 1110 3507 adducantur,
1135 3471 1416 3512 proportionaliter
1440 3472 1469 3502 ei
1524 3478 1636 3513 postea
1652 3473 1666 3489 ⁴‘
1691 3473 1834 3512 sequitur
1857 3471 1897 3502 de
1912 3470 2050 3508 iudicio,
2073 3471 2252 3502 Advocabit
2273 3472 2398 3502 caelum
2424 3471 2592 3502 desursum

407 3508 495 3548 quod
515 3508 553 3539 de
577 3510 708 3540 homine
733 3510 853 3541 dictum
877 3518 933 3542 est.
1525 3522 1556 3547 et
1578 3521 1699 3547 terram
1722 3516 1905 3547 discernere
1925 3515 2084 3556 populum
2111 3525 2214 3546 suum.
2246 3515 2332 3556 Ergo
2355 3515 2480 3546 videtur
2502 3515 2592 3557 quod

463 3551 616 3590 Quamvis
649 3560 756 3584 autem
788 3565 836 3585 res
869 3557 1042 3596 corporalis
1074 3559 1254 3590 subiectum
1285 3559 1468 3591 infectionis
1484 3572 1507 3592 75
1524 3561 1638 3591 ultima
1659 3561 1807 3601 purgatio
1830 3560 1944 3591 mundi
1968 3561 2007 3590 sit
2029 3559 2136 3591 futura
2158 3569 2216 3601 per
2238 3561 2357 3600 ignem.

168 3410 378 3433 cap.xxs,vers.27.
406 3421 562 3451 elementa
584 3422 696 3452 mundi
719 3425 845 3463 purgari
870 3435 886 3454 a
907 3427 1070 3456 contrariis
1095 3426 1358 3467 dispositionibus
1381 3432 1468 3458 ante-

2619 3473 2712 3496 ’να-ι.
2725 3480 2749 3502 4.
