2878 4088
954 187 1218 234 QUAEsrlo
1247 187 1346 234 X1x,
1368 186 1662 224 ARTICULUS
1690 187 1748 233 111,
1769 188 1831 234 lv,
1852 189 1886 224 v
2457 190 2505 239 39

379 262 430 293 An
454 272 616 293 sncuuotm
639 274 799 294 memnon
818 265 908 305 quod
932 265 1028 296 clavis
1051 266 1104 296 illa
1123 275 1221 305 quam
1244 266 1389 296 Christus
1444 266 1503 296 nis.
1527 265 1590 296 Sed
1613 266 1822 296 committitur
1844 267 1970 297 mulieri
1998 268 2110 307 aliquis
2133 278 2209 299 usus
2237 269 2388 300 clavium:
2423 271 2505 300 sicut

323 306 452 342 habuit,
476 316 544 340 non
568 312 634 338 erat
665 309 916 345 sacramentalis,
941 309 994 340 sed
1026 311 1260 340 sacramentalis
1293 310 1388 341 clavis
1444 309 1559 339 habere
1583 310 1815 340 correctionem
1837 310 1871 339 in
1894 310 2033 341 subditas
2057 312 2214 348 mulieres,
2231 319 2361 353 propter
2379 314 2504 354 pericu-

322 350 527 390 principium.
1444 353 1511 383 lum
1536 353 1626 393 quod
1640 354 1808 383 imminere
1823 359 1931 393 posset
1954 355 1979 384 si
2002 356 2059 385 viri
2075 356 2260 387 mulieribus
2277 358 2503 388 cohabitarent.

398 415 498 445 ART.
516 415 572 446 ΙΙΙ.4
592 426 697 447 unum
720 427 789 448 som
812 428 1007 450 SACERDOTES
1031 430 1145 450 cnavns
1167 430 1310 451 HABEANT
1493 419 1592 450 ART.
1610 419 1662 450 IV.
1676 429 1784 450 ornum
1799 429 1893 450 ΕτῐΑΜ
1910 430 2017 450 SANcn
2032 430 2166 452 nominis
2182 432 2245 452 NON
2261 433 2454 454 sacnnno‘rsss

334 468 449 496 I’VSent.‚
465 469 572 509 distavn,
586 476 623 518 qu
639 475 724 518 tullian.
742 479 760 498 ι,
775 473 820 500 qu*
833 478 859 500 3:
874 473 927 495 dist.
942 479 1008 500 xviii,
1019 480 1058 512 qu.
1074 480 1099 501 ιι,
1109 477 1151 496 art.
1167 480 1187 514 ζ,
1203 474 1248 513 qu*
1265 482 1283 502 ι,
1297 475 1326 496 nd
1343 482 1364 501 ις
1409 452 1418 472 5
1795 473 1875 494 USUM
1899 474 2032 494 CLAVIUM
2054 475 2196 495 HABEANT

487 499 1220 555 ‘³¹{fis'i'3}„,¹12u,¹⁸1‘.2‚¹2²1¹it‚⁸¹{¹,'{1⁷13};²'1n¹‘iui1'ttin¹.',t'c2'p.‘⁸¹2¹ffl.²’
1506 539 1526 559 n
1551 539 1699 559 QUARTUM
1723 540 1768 560 src
1787 539 1990 560 pnocnmruss.
2020 530 2151 561 Videtur
2174 531 2263 571 quod
2286 533 2381 563 etiam
2403 534 2503 563 sancti

321 578 406 640 An
429 578 564 599 run-rum
587 580 632 600 src
655 580 859 602 pnocnnrrun.
890 571 1025 603 Videtur
1051 572 1142 612 quod
1163 583 1230 603 non
1254 573 1315 603 soli
1337 583 1386 603 sa·
1506 573 1653 604 homines
1674 583 1743 604 non
1765 573 1945 604 sacerdotes
1975 583 2071 604 usum
2101 574 2238 605 clavium
2268 576 2413 606 habeant.
2437 578 2502 606 Ab-

81 619 293 648 firmanum,
386 612 530 644 cerdotes
560 614 664 644 claves
694 615 841 645 habeant.
876 615 961 646 Dicit
989 616 1075 646 enim
1098 617 1237 647 Isidorus
1256 618 1273 633 ⁴*
1297 617 1387 656 quod
1440 617 1558 647 solutio
1577 618 1664 648 enim
1679 623 1711 648 et
1725 618 1845 657 ligatio,
1862 627 1945 658 quae
1968 617 2004 648 fit
2018 627 2076 658 per
2091 618 2204 655 claves,
2222 618 2393 650 efficaciam
2409 621 2503 651 habet

29 663 31 666 ⁴
81 651 107 694 ‘0'
125 646 292 701 ξ’ῗ,ἰ,”ᾗξξῖξ
320 657 448 687 ostiarii
463 658 548 688 inter
569 658 671 689 bonos
693 664 724 689 et
745 660 850 690 malos
867 659 984 690 habent
1006 660 1179 690 iudicium:
1201 660 1320 702 dignos
1335 670 1385 691 re·
1402 672 1426 686 ιο
1441 671 1479 691 ex
1493 662 1608 691 merito
1624 662 1780 701 passionis
1796 661 1924 692 Christi.
1944 661 2006 692 Sed
2021 662 2066 692 illi
2081 663 2218 693 maxime
2234 664 2373 703 passioni
2386 664 2503 694 Christi

78 704 116 720 xv.
319 701 451 741 cipiunt,
476 702 629 743 indignos
652 703 812 733 reiiciunt.
837 703 900 734 Sed
915 704 995 734 haec
1011 709 1059 734 est
1074 703 1219 734 definitio
1235 704 1384 741 clavium,
1440 704 1683 736 conformantur
1698 706 1754 745 qui
1773 715 1830 745 per
1852 707 2038 746 patientiam
2054 712 2084 736 et
2100 706 2174 736 alias
2190 707 2320 737 virtutes
2340 707 2501 738 Christum

78 746 290 775 Ὠιι-Μυκα-
318 751 355 775 ut
371 755 409 775 ex
425 745 516 776 dictis
531 747 548 763 ⁴*
563 751 661 786 patet.
685 747 771 787 Ergo
786 757 855 778 non
878 747 985 778 solum
1003 747 1194 784 sacerdotes,
1210 748 1267 778 sed
1289 749 1384 779 etiam
1439 758 1569 788 passum
1592 755 1780 789 sequuntur.
1805 750 1890 790 Ergo
1914 750 2038 780 videtur
2061 750 2166 790 quod,
2191 751 2286 781 etiam
2309 752 2335 781 si
2356 761 2425 782 non
2446 752 2501 782 ha-

319 790 437 820 ostiarii
460 790 583 820 clavem
605 791 733 820 habent.
1439 793 1534 823 beant
1549 793 1777 824 sacerdotalem
1794 794 1950 830 ordinem,
1967 794 2058 834 quod
2072 795 2196 834 possint
2210 795 2307 835 ligare
2323 801 2354 826 et
2369 796 2500 826 solvere.

374 843 404 864 2.
428 834 624 870 Puer-nana,
641 834 745 864 claves
767 834 985 865 sacerdotibus
1005 834 1120 866 dantur
1142 835 1221 866 dum
1243 845 1301 876 per
1323 846 1384 867 un·
1495 846 1524 867 2.
1548 837 1751 873 Pmrnnssa,
1776 837 1859 868 Heb.
1882 848 1926 868 vn
1941 839 1958 855 ⁴*
1981 838 2112 869 dicitur:
2137 839 2213 869 Sine
2241 840 2309 870 ulla
2339 840 2501 870 contradi·
2529 847 2539 856 ·
2554 845 2619 868 Vers-
2635 852 2654 874 7-

318 877 460 908 ctionem
483 883 675 918 potestatem
698 877 850 908 divinitus
873 879 1045 919 accipiunt.
1088 879 1151 910 Sed
1173 889 1264 920 reges
1288 881 1383 911 etiam
1399 891 1421 911 ¹5
1438 881 1552 917 ctione,
1568 882 1655 922 quod
1677 882 1784 912 minus
1807 887 1854 912 est
1875 892 1896 913 a
1919 883 2037 913 maiori
2059 883 2264 914 benedicitur.
2297 883 2359 915 Sed
2382 885 2415 914 in
2439 885 2501 924 spi-

316 926 508 961 potestatem
531 923 565 952 in
587 922 748 962 populum
771 921 901 953 fidelem
924 922 1075 954 divinitus
1107 924 1244 961 habent,
1269 930 1300 955 et
1322 935 1383 956 un-
1437 925 1620 962 ritualibus,
1645 926 1824 957 secundum
1847 927 2064 967 Augustinum
2080 928 2115 963 ὓ,
2139 927 2200 958 Ιιοε
2229 933 2276 959 est
2304 929 2409 959 maius
2435 938 2502 959 esse
2531 934 2539 944 ·
2555 933 2591 955 De
2610 933 2738 960 Trin.,1ib.

317 965 424 996 ctione
436 965 683 996 sanctificantur.
695 966 781 1006 Ergo
794 976 861 997 non
874 967 935 997 soli
946 968 1126 999 sacerdotes
1138 969 1256 999 habent
1267 969 1382 1000 claves.
1437 969 1523 1010 quod
1546 970 1669 1001 melius.
1693 971 1778 1010 Ergo
1802 971 1968 1007 meliores,
1989 972 2044 1011 qui
2067 971 2187 1002 scilicet
2208 972 2281 1012 plus
2305 972 2344 1003 de
2374 973 2500 1003 caritate
2529 960 2691 987 V1,cap.v1n.

372 1009 402 1039 3.
425 1009 622 1046 annrnnna,
638 1010 854 1041 sacerdotium
877 1017 924 1042 est
947 1011 1028 1042 ordo
1052 1013 1109 1043 uni
1137 1013 1288 1053 singulari
1310 1023 1382 1054 per-
1436 1014 1564 1050 habent,
1579 1020 1715 1054 possunt
1738 1015 1816 1045 alios
1840 1015 2027 1046 benedicere
2050 1015 2256 1047 absolvendo.
2283 1016 2324 1047 Et
2347 1017 2392 1047 sic
2414 1016 2500 1047 idem

315 1062 414 1083 sonae
437 1055 643 1085 conveniens.
675 1054 739 1086 Sed
763 1055 885 1086 clavem
914 1056 1087 1096 aliquando
1118 1056 1244 1088 videtur
1265 1058 1382 1089 habere
1437 1058 1526 1098 quod
1548 1059 1646 1099 prius.

314 1102 383 1127 tota
405 1107 471 1128 una
495 1099 718 1138 congregatio:
743 1099 819 1139 quia
842 1100 999 1140 quaedam
1023 1101 1162 1141 capitula
1194 1111 1382 1133 excommu-
1396 1115 1422 1129 ιο
1491 1102 1553 1133 Snn
1578 1112 1711 1139 CONTRA,
1728 1104 1820 1134 cuius
1834 1109 1882 1134 est
1890 1104 2047 1144 potentia,
2064 1105 2133 1135 eius
2148 1109 2195 1135 est
2209 1105 2304 1140 actio,
2321 1104 2499 1135 secundum

314 1141 512 1173 nicationem
534 1142 650 1173 inferre
673 1149 826 1183 possunt,
852 1144 942 1184 quod
965 1144 1006 1175 ad
1028 1151 1220 1185 potestatem
1243 1146 1381 1178 clavium
1435 1147 1669 1187 Philosophum
1685 1149 1711 1177 ὓ.
1736 1147 1799 1178 Sed
1815 1148 1919 1184 clavis,
1937 1157 2019 1188 quae
2036 1154 2082 1179 est
2097 1154 2237 1189 potestas
2257 1149 2435 1189 spiritualis,
2453 1155 2499 1179 est
2526 1155 2738 1178 ·Desomn.etv1·-

50 1187 81 1227 ’Μ
314 1186 462 1226 pertinet.
486 1187 572 1227 Ergo
595 1197 664 1217 non
687 1187 748 1218 soli
770 1188 951 1219 sacerdotes
974 1189 1097 1220 clavem
1119 1190 1247 1221 habent.
1435 1196 1560 1221 tantum
1583 1191 1785 1222 sacerdotum
1800 1193 1826 1222 ἥ.
1851 1193 1936 1232 Ergo
1953 1198 1984 1223 et
2006 1202 2083 1223 usus
2099 1193 2166 1223 eius
2189 1203 2256 1223 non
2272 1194 2333 1223 nisi
2352 1193 2498 1224 sacerdo·
2523 1182 2673 1231 ffssffisst‘f‘ss'
2687 1196 2697 1201 ”
2712 1183 2736 1205 S·

42 1243 45 1274 ᾗ
369 1239 401 1268 4.
425 1230 622 1267 Pallanum,
637 1232 754 1262 mulier
767 1242 835 1263 non
859 1238 907 1263 est
921 1233 1123 1264 sacerdotalis
1139 1234 1259 1266 ordinis
1275 1245 1381 1266 susce·
1435 1235 1520 1265 tibus
1543 1236 1715 1266 convenire
1737 1241 1854 1276 potest.
2526 1236 2536 1246 “
2550 1235 2585 1257 Cf·
2601 1239 2642 1257 ’Π-
2656 1242 2684 1269 3·,

314 1274 418 1313 ptiva:
444 1275 520 1315 quia
543 1276 573 1306 ei
595 1275 713 1306 docere
735 1286 803 1307 non
835 1278 1010 1317 competit,
1033 1278 1212 1309 secundum
1239 1280 1381 1319 Aposto-
1490 1280 1679 1310 Rnsrounno
1703 1290 1863 1310 mmmmm
1892 1280 1981 1320 quod
2011 1290 2106 1320 agens
2128 1291 2186 1322 per
2209 1291 2242 1311 se
2269 1287 2301 1311 et
2330 1291 2426 1321 agens
2449 1282 2497 1312 in-

69 1319 288 1370 hvffiwwl
314 1317 526 1355 luminam
534 1328 588 1351 ΧΠ
602 1321 629 1351 “.
663 1319 727 1351 Sed
749 1321 875 1361 aliquae
906 1322 1056 1353 mulieres
1087 1322 1234 1354 videntur
1265 1324 1381 1355 habere
1395 1336 1418 1356 ²5
1436 1323 1641 1354 strumentale
1655 1325 1689 1354 in
1704 1325 1768 1354 hoc
1792 1324 1941 1355 differunt
1956 1324 2046 1365 quod
2064 1335 2160 1365 agens
2175 1326 2414 1356 instrumentale
2430 1335 2498 1356 non

73 1379 135 1396 m..
150 1351 246 1396 21:⁰¹⁹·
262 1352 288 1374 ¹⁵³
315 1360 434 1393 claves:
459 1364 541 1394 sicut
563 1365 748 1401 abbatissae,
774 1374 857 1405 quae
880 1366 999 1396 habent
1021 1367 1218 1407 spiritualem
1240 1373 1380 1408 potesta—
1435 1367 1558 1398 inducit
1580 1369 1614 1398 in
1638 1367 1754 1399 'effectu
1777 1369 2018 1400 similitudinem
2047 1379 2154 1406 suam,
2178 1369 2234 1400 sed
2257 1369 2498 1400 similitudinem

314 1410 381 1437 tem
402 1408 437 1438 in
459 1407 610 1439 subditas.
634 1409 720 1448 Ergo
736 1419 803 1439 non
827 1410 888 1440 soli
911 1410 1090 1441 sacerdotes
1106 1411 1225 1442 habent
1247 1412 1379 1443 clavem.
1434 1412 1616 1452 principalis
1639 1413 1776 1452 agentis;
1801 1413 1975 1453 principale
1999 1419 2107 1444 autem
2129 1423 2225 1453 agens
2243 1413 2366 1444 inducit
2388 1414 2497 1444 simili-

40 1491 41 1494 Ἴ
69 1450 286 1494 ‘mmm-1,
370 1451 432 1482 Sin>
457 1462 581 1483 con-rm
603 1463 658 1483 κεἰ·
677 1453 767 1493 quod
781 1453 972 1485 Ambrosius
996 1454 1072 1485 dicit
1087 1456 1120 1485 ἐ
1144 1455 1221 1486 Hoc
1243 1456 1303 1492 ius,
1320 1457 1394 1487 sci-.
1434 1455 1579 1486 tudinem
1603 1466 1703 1487 suam.
1727 1457 1768 1487 Et
1790 1456 1864 1487 ideo
1890 1467 1927 1487 ex
1950 1458 2013 1488 hoc
2036 1457 2156 1497 aliquid
2187 1458 2389 1488 constituitur
2411 1458 2497 1498 prin-

37 1503 41 1518 ·.
67 1483 126 1507 α’·
139 1483 164 1502 ¹¹⁸
313 1494 389 1526 licet
410 1495 529 1536 ligandi
544 1502 576 1527 et
594 1497 749 1533 solvendi,
765 1498 871 1528 solum
887 1499 1107 1530 sacerdotibus
1122 1505 1170 1530 est
1183 1510 1379 1532 concessum.
1434 1500 1536 1540 cipale
1559 1510 1655 1540 agens
1678 1500 1768 1540 quod
1790 1501 1885 1531 habet
1908 1501 2048 1541 aliquam
2070 1501 2208 1532 formam
2240 1511 2337 1541 quam
2360 1503 2394 1532 in
2421 1502 2497 1532 alte-

369 1549 400 1570 2.
423 1539 620 1577 Pan-renna,
637 1550 695 1581 per
716 1547 908 1581 potestatem
936 1543 1074 1573 clavium
1105 1543 1239 1574 efficitur
1265 1545 1380 1585 aliquis
1395 1555 1420 1575 ιο
1433 1554 1506 1574 rum
1528 1544 1748 1575 transfundere
1771 1550 1893 1584 potest:
1917 1555 1986 1576 non
2009 1551 2117 1576 autem
2140 1555 2178 1576 ex
2207 1547 2271 1576 hoc
2294 1547 2497 1577 constituitur

312 1583 438 1614 medius
461 1585 544 1615 inter
564 1585 727 1625 populum
750 1591 782 1616 et
805 1586 922 1617 Deum.
953 1586 1017 1617 Sed
1039 1588 1103 1618 hoc
1130 1593 1255 1619 tantum
1278 1599 1380 1620 sacer·
1434 1597 1530 1628 agens
1559 1589 1816 1623 instrumentale.
1843 1589 1899 1620 sed
1922 1599 1960 1620 ex
1983 1590 2046 1620 hoc
2070 1590 2159 1629 quod
2183 1595 2230 1620 est
2259 1590 2456 1630 applicatum
2479 1600 2497 1620 a

313 1626 442 1659 dotibus
465 1629 631 1668 competit,
655 1630 712 1669 qui
734 1630 977 1661 constituuntur
1006 1631 1039 1661 in
1062 1631 1112 1662 his
1134 1641 1217 1672 quae
1238 1638 1316 1663 sunt
1337 1634 1380 1664 ad
1432 1633 1599 1672 principali
1622 1638 1734 1672 agente
1758 1633 1798 1663 ad
1821 1632 1971 1664 effectum
1994 1634 2135 1673 aliquem
2157 1633 2386 1665 inducendum.
2411 1633 2497 1665 Cum

310 1670 427 1708 Deum,
452 1677 488 1702 ut
510 1672 654 1713 offerant
667 1673 762 1704 'dona
785 1679 818 1704 et
837 1675 999 1716 sacrificia
1016 1685 1082 1715 pro
1099 1676 1252 1716 peccatis,
1273 1683 1309 1707 ut
1332 1677 1379 1708 di-
1433 1685 1509 1716 ergo
1525 1677 1559 1707 in
1574 1682 1648 1706 actu
1664 1677 1801 1707 clavium
1817 1678 1991 1717 principale
2011 1687 2106 1717 agens
2127 1678 2167 1708 sit
2187 1677 2341 1714 Christus,
2358 1684 2394 1708 ut
2409 1678 2496 1708 Deus

38 1739 42 1742 .
66 1715 164 1741 ’νει
178 1723 199 1741 ι-
311 1715 394 1746 citur
415 1715 498 1746 Heb.
515 1726 536 1746 v
550 1717 578 1747 ³.
601 1717 688 1757 Ergo
711 1718 772 1748 soli
795 1718 975 1750 sacerdotes
999 1719 1103 1750 claves
1125 1720 1253 1751 habent.
1432 1729 1490 1760 per
1511 1721 1734 1751 auctoritatem
1757 1726 1789 1751 et
1811 1727 1847 1751 ut
1869 1721 1970 1752 homo
1994 1731 2051 1761 per
2066 1723 2225 1757 meritum,
2243 1732 2281 1752 ex
2303 1723 2372 1762 ipsa
2394 1722 2496 1762 pleni-

39 1755 41 1759 '
365 1759 555 1791 Rnsronnno
579 1771 740 1792 mcssnnuu
756 1762 846 1802 quod
869 1763 965 1793 clavis
981 1769 1028 1794 est
1051 1763 1180 1803 duplex.
1204 1765 1276 1795 Una
1295 1774 1378 1805 quae
1394 1774 1416 1794 ις
1432 1763 1543 1794 tudine
1575 1764 1700 1795 divinae
1734 1765 1884 1795 bonitatis
1915 1766 1949 1796 in
1973 1775 2012 1796 eo
2037 1771 2068 1796 et
2091 1775 2129 1796 ex
2151 1765 2348 1805 perfectione
2380 1767 2497 1806 gratiae

309 1813 344 1835 se
368 1804 510 1835 extendit
532 1804 572 1835 ad
594 1805 702 1845 ipsum
725 1806 851 1836 caelum
873 1807 1072 1844 immediate,
1095 1808 1294 1839 removendo
1317 1810 1378 1840 im-
1433 1809 1641 1848 consequitur
1657 1808 1747 1849 quod
1761 1810 1862 1849 possit
1877 1810 1911 1839 in
1927 1815 2034 1840 actum
2051 1809 2199 1840 clavium.
2223 1809 2286 1840 Sed
2300 1811 2400 1841 homo
2417 1810 2496 1841 alius

309 1847 494 1888 pedimenta
516 1849 665 1880 introitus
688 1851 722 1880 in
745 1850 871 1881 caelum
900 1861 958 1891 per
990 1853 1211 1883 remissionem
1243 1855 1376 1893 peccati.
1432 1862 1500 1883 non
1522 1858 1629 1892 potest
1643 1853 1677 1883 in
1701 1858 1808 1883 actum
1825 1853 1962 1884 clavium
1978 1854 2060 1884 sicut
2079 1863 2136 1894 per
2155 1863 2189 1884 se
2208 1863 2320 1894 agens:
2346 1855 2422 1894 quia
2435 1863 2496 1885 nec

310 1892 352 1924 Et
373 1893 453 1924 haec
475 1899 610 1924 vocatur
632 1894 733 1925 clavis
765 1895 900 1926 ordinis.
935 1896 977 1926 Et
999 1897 1082 1927 hanc
1105 1897 1165 1927 soli
1197 1897 1378 1928 sacerdotes
1432 1897 1501 1936 ipse
1524 1897 1613 1928 alteri
1635 1897 1778 1937 gratiam,
1795 1907 1860 1937 qua
1881 1899 2086 1929 remittuntur
2107 1903 2248 1938 peccata,
2274 1898 2346 1929 dare
2369 1904 2494 1938 potest,

115 1950 118 1955 ·
150 1952 153 1953 ν
309 1936 444 1968 habent:
469 1938 545 1977 quia
567 1938 629 1978 ipsi
651 1938 712 1969 soli
735 1938 923 1970 ordinantur
946 1941 1071 1980 populo
1094 1941 1128 1971 in
1152 1941 1200 1972 his
1225 1951 1308 1982 quae
1331 1942 1377 1973 di·
1431 1951 1492 1971 nec
1516 1941 1707 1972 sufficienter
1729 1942 1854 1972 mereri.
1886 1942 1927 1972 Et
1950 1942 2022 1972 ideo
2046 1952 2114 1973 non
2139 1948 2185 1973 est
2207 1943 2268 1972 nisi
2291 1943 2372 1973 sieut
2400 1952 2496 1982 agens

65 1984 82 2001 '-
94 1983 132 2007 α
149 1989 199 2013 ⁸²1·
219 1983 271 2007 Sd
308 1986 395 2012 recte
417 1987 493 2012 sunt
515 1981 558 2012 ad
579 1982 685 2013 Deum
701 1983 727 2013 ἢ
1391 1995 1418 2015 4ο
1431 1985 1681 2016 instrumentale.
1706 1985 1800 2016 Unde
1815 1986 1868 2017 ille
1885 1987 1941 2026 qui
1957 1986 2107 2017 effectum
2123 1987 2261 2018 clavium
2277 1988 2493 2027 consequitur,

63 2010 188 2034 m*
362 2025 436 2056 Alia
459 2026 554 2057 clavis
578 2031 626 2057 est
649 2036 732 2067 quae
755 2036 823 2058 non
847 2027 964 2059 directe
988 2038 1021 2059 se
1045 2029 1185 2060 extendit
1208 2029 1247 2060 ad
1270 2030 1377 2070 ipsum
1431 2039 1499 2060 non
1522 2029 1711 2060 assimilatur
1734 2030 1836 2061 utenti
1868 2030 2025 2066 clavibus,
2050 2030 2105 2062 sed
2128 2030 2267 2062 Christo.
2302 2031 2343 2061 Et
2364 2036 2495 2071 propter

309 2070 445 2106 caelum,
462 2070 519 2101 sed
533 2070 694 2102 mediante
709 2072 866 2102 militante
889 2073 1042 2109 Ecclesia,
1059 2083 1116 2113 per
1141 2083 1239 2113 quam
1262 2074 1377 2115 aliquis
1431 2074 1504 2109 hoc,
1521 2079 1822 2114 quantumcumque
1845 2074 1958 2114 aliquis
1980 2075 2094 2105 habeat
2117 2074 2156 2105 de
2175 2075 2282 2115 gratia,
2298 2084 2366 2105 non
2389 2081 2495 2115 potest

308 2113 349 2145 ad
372 2114 498 2145 caelum
521 2115 622 2145 vadit:
648 2115 726 2146 dum
744 2125 802 2155 per
825 2126 896 2146 eam
917 2116 1031 2156 aliquis
1055 2117 1234 2148 excluditur
1256 2114 1306 2148 v*el
1322 2118 1376 2149 ad·
1430 2118 1609 2157 pertingere
1625 2117 1665 2148 ad
1680 2117 1831 2149 effectum
1846 2118 1984 2148 clavium
1999 2119 2060 2149 nisi
2079 2119 2255 2158 applicetur
2270 2118 2310 2149 ad
2324 2119 2388 2150 hoc
2404 2120 2495 2159 quasi

307 2159 444 2190 mittitur
467 2158 507 2189 ad
530 2160 730 2190 consortium
749 2160 912 2191 Ecclesiae
930 2161 1093 2191 militantis
1115 2171 1173 2202 per
1189 2171 1376 2193 excommu-
1430 2162 1573 2192 minister
1595 2171 1652 2201 per
1675 2161 1794 2193 ordinis
1817 2163 2065 2202 susceptionem.

307 2203 504 2234 nicationem
528 2209 559 2234 et
574 2203 820 2235 absolutionem.
844 2205 885 2234 Et
908 2205 986 2235 haec
1001 2211 1134 2236 vocatur
1157 2207 1258 2237 clavis
1280 2207 1376 2238 iuris-
1389 2219 1414 2240 45
1485 2206 1536 2236 AD
1559 2216 1676 2236 PRIMUM
1699 2215 1782 2237 ERGO
1802 2216 1961 2237 DlCENDUM
1984 2206 2083 2246 quod,
2100 2207 2182 2237 Sicut
2198 2208 2280 2238 inter
2301 2207 2494 2238 instrumen-

307 2246 459 2278 dictionis
482 2248 514 2277 in
529 2248 616 2288 foro
633 2257 816 2278 causarum.
841 2249 882 2279 Et
904 2249 978 2280 ideo
994 2250 1257 2281 non-sacerdotes
1281 2252 1376 2282 etiam
1430 2255 1500 2280 tum
1523 2255 1554 2280 et
1578 2249 1728 2281 effectum
1743 2260 1811 2281 non
1827 2251 1960 2291 exigitur
1983 2250 2158 2281 similitudo
2174 2250 2353 2282 secundum
2375 2261 2493 2282 conve-

308 2291 391 2322 hanc
413 2291 530 2322 habere
553 2297 705 2331 possunt:
733 2293 816 2323 sicut
838 2293 1063 2328 archidiaconi,
1087 2300 1119 2324 et
1142 2295 1244 2331 electi,
1269 2301 1300 2325 et
1323 2296 1376 2326 alii
1429 2295 1583 2324 nientiam
1613 2294 1647 2324 in
1677 2294 1798 2331 forma,
1822 2294 1878 2325 sed
1901 2294 2079 2325 secundum
2102 2296 2346 2335 proportionem
2377 2296 2492 2326 instru-

309 2335 366 2375 qui
388 2337 668 2366 excommunicare
691 2342 836 2376 possunt.
861 2337 923 2368 Sed
938 2347 1006 2368 non
1030 2339 1159 2378 proprie
1175 2338 1290 2370 dicitur
1313 2340 1375 2370 cla·
1429 2339 1530 2369 menti
1553 2338 1593 2369 ad
1616 2338 1782 2375 effectum
1812 2340 1856 2370 ita
1879 2339 1974 2369 etiam
1996 2349 2057 2370 nec
2079 2340 2162 2370 inter
2190 2340 2439 2371 instrumentum
2462 2346 2493 2370 et

308 2379 355 2410 vis
379 2380 468 2416 caeli,
485 2380 541 2416 sed
565 2380 723 2420 quaedam
746 2380 914 2421 dispositio
937 2381 977 2412 ad
999 2383 1112 2422 ipsam.
1428 2382 1604 2423 principale
1628 2393 1733 2423 agens.
1758 2383 1800 2413 Et
1821 2383 1890 2413 talis
1920 2382 2095 2414 similitudo
2126 2389 2172 2414 est
2194 2384 2228 2414 in
2251 2384 2365 2414 sanctis
2388 2384 2493 2414 homi-

363 2423 414 2454 An
438 2433 555 2454 ramum
578 2434 661 2455 nnoo
678 2435 838 2455 memnon
861 2425 951 2466 quod
971 2427 1089 2457 ostiarii
1112 2427 1230 2458 habent
1253 2428 1375 2458 clavem
1390 2439 1415 2459 5⁰
1429 2427 1523 2457 nibus
1546 2426 1586 2457 ad
1609 2427 1773 2458 Christum
1795 2436 1935 2466 passum.
1968 2427 2010 2458 Et
2032 2427 2101 2458 talis
2131 2427 2305 2458 similitudo
2330 2429 2374 2458 eis
2396 2438 2492 2459 usum

308 2467 510 2499 custodiendi
534 2478 571 2499 ea
593 2478 676 2509 quae
699 2470 732 2499 in
759 2470 882 2510 templo
915 2471 1068 2501 materiali
1099 2473 1319 2508 continentur;
1344 2478 1375 2503 et
1429 2471 1567 2501 clavium
1589 2481 1658 2502 non
1681 2471 1815 2502 confert.

308 2513 426 2543 habent
448 2511 605 2543 iudicium
629 2523 646 2543 a
669 2514 723 2543 tali
746 2514 868 2554 templo
894 2514 1083 2545 excludendi
1107 2521 1138 2546 et
1167 2515 1373 2553 admittendi,
1483 2515 1534 2545 An
1558 2526 1721 2546 sneunnun
1739 2525 1899 2546 mmmmm
1915 2515 2016 2556 quod,
2033 2517 2177 2556 quamvis
2193 2526 2292 2556 purus
2308 2516 2408 2546 homo
2424 2526 2492 2546 non

308 2566 376 2587 non
399 2556 531 2597 quidem
554 2567 611 2587 sua
634 2558 820 2588 auctoritate
843 2558 1020 2589 iudicantes
1043 2561 1100 2599 qui
1123 2561 1186 2590 sint
1213 2560 1300 2600 digni
1323 2561 1374 2591 vel
1429 2560 1530 2599 possit
1552 2560 1640 2590 alteri
1659 2569 1697 2590 ex
1713 2559 1875 2599 condigno
1898 2561 2013 2590 mereri
2027 2561 2169 2600 gratiam,
2185 2566 2294 2590 tamen
2314 2561 2410 2590 unius
2424 2570 2492 2590 me-

307 2599 440 2640 indigni,
458 2601 513 2631 sed
528 2601 684 2632 iudicium
709 2602 912 2633 sacerdotum
937 2609 1147 2643 exequentes;
1171 2610 1208 2635 ut
1222 2605 1268 2635 sic
1292 2615 1374 2645 quo·
1428 2605 1524 2634 ritum
1547 2610 1654 2644 potest
1684 2605 1850 2644 cooperari
1872 2603 1912 2634 ad
1935 2605 2070 2635 salutem
2099 2605 2235 2635 alterius.
2271 2604 2347 2635 Ideo
2375 2604 2493 2644 duplex

308 2644 483 2676 dammodo
508 2651 694 2676 executores
717 2647 882 2686 potestatis
905 2647 1076 2678 sacerdotis
1099 2648 1275 2679 videantur.
1389 2660 1411 2681 55
1429 2654 1476 2678 est
1498 2647 1691 2679 benedictio.
1722 2649 1794 2679 Una
1817 2658 1900 2688 quae
1924 2654 1971 2679 est
1993 2649 2032 2679 ab
2055 2649 2127 2688 ipso
2150 2649 2283 2679 homine
2305 2658 2388 2688 puro
2411 2649 2494 2679 sicut

361 2689 413 2719 An
437 2700 599 2720 sncmmuu
614 2700 774 2720 monimum
797 2691 886 2731 quod
901 2701 990 2731 reges
1013 2701 1080 2722 non
1100 2693 1218 2723 habent
1233 2693 1374 2733 aliquam
1427 2698 1571 2723 merente
1593 2702 1650 2733 per
1673 2693 1841 2733 proprium
1857 2698 1974 2723 actum.
1998 2693 2039 2723 Et
2062 2694 2132 2723 talis
2150 2698 2256 2733 potest
2278 2692 2347 2723 fieri
2369 2703 2387 2723 a
2411 2702 2492 2733 quo—

307 2738 498 2773 potestatem
522 2735 555 2764 in
578 2735 802 2774 spiritualibus,
824 2741 855 2765 et
877 2735 951 2766 ideo
976 2736 1097 2766 clavem
1120 2738 1209 2777 regni
1232 2738 1374 2768 caelestis
1427 2737 1505 2767 libet
1527 2742 1649 2773 sancto,
1666 2737 1700 2778 in
1723 2746 1790 2777 quo
1815 2736 1960 2768 Christus
1979 2738 2098 2768 habitat
2121 2747 2178 2777 per
2199 2737 2341 2777 gratiam.
2366 2737 2407 2767 Et
2429 2738 2493 2767 hoc

307 2787 375 2808 non
391 2778 571 2818 accipiunt:
596 2778 652 2809 sed
667 2779 774 2809 solum
789 2780 823 2809 in
838 2780 1078 2820 temporalibus,
1096 2790 1178 2820 quae
1195 2782 1290 2812 etiam
1305 2792 1374 2813 non
1427 2781 1559 2821 requirit
1581 2781 1793 2811 maioritatem
1809 2782 1958 2811 bonitatis
1981 2781 2020 2811 ad
2043 2782 2150 2812 minus
2168 2782 2360 2821 inquantum
2382 2782 2492 2811 huius-

65 2820 78 2832 “
92 2818 159 2842 Vm·
175 2826 195 2843 ¹·
306 2822 368 2852 nisi
391 2832 409 2852 a
432 2822 503 2853 Deo
528 2832 596 2853 esse
619 2828 735 2862 potest,
752 2829 788 2854 ut
810 2829 897 2863 patet
911 2824 1004 2854 Rom.
1021 2835 1075 2855 xm
1091 2826 1117 2855 ⁴⁶.
1142 2825 1210 2856 Nec
1233 2835 1291 2865 per
1313 2836 1373 2857 un·
1427 2825 1526 2855 modi.
1542 2844 1565 2848 —
1587 2826 1659 2855 Alia
1683 2831 1729 2856 est
1752 2825 1932 2856 benedictio
1950 2835 2013 2866 qua
2036 2826 2136 2856 homo
2156 2825 2315 2855 benedicit
2337 2831 2373 2855 ut
2396 2826 2492 2855 bene-

307 2867 449 2897 ctionem
463 2867 497 2897 in
516 2867 626 2907 aliquo
643 2867 755 2898 ordine
771 2874 1014 2899 consecrantur:
1041 2868 1097 2899 sed
1113 2870 1299 2900 excellentia
1313 2880 1373 2911 po-
1387 2880 1414 2900 ⁶0
1428 2869 1602 2900 dictionem
1627 2879 1709 2910 quae
1733 2875 1780 2900 est
1803 2879 1841 2900 ex
1861 2870 1976 2900 metito
2001 2869 2118 2900 Christi
2134 2869 2414 2899 instrumentaliter
2437 2869 2491 2899 ali-

306 2911 425 2941 testatis
448 2911 594 2951 ipsorum
617 2921 635 2941 a
663 2911 791 2942 Christo
825 2912 1016 2943 descendere
1045 2913 1255 2953 significatur,
1284 2920 1315 2945 et
1337 2921 1374 2946 ut
1428 2914 1481 2944 cui
1504 2914 1678 2954 applicans.
1703 2914 1744 2944 Et
1772 2919 1929 2954 quantum
1959 2913 1999 2944 ad
2021 2914 2103 2944 hanc
2133 2914 2303 2954 requiritur
2332 2914 2491 2943 maioritas

306 2955 368 2995 ipsi
391 2955 450 2986 sub
475 2954 603 2986 Christo
627 2956 660 2986 in
683 2956 808 2996 populo
833 2956 1015 2987 Christiano
1035 2963 1176 2997 regnent.
1427 2957 1557 2994 ordinis,
1575 2964 1606 2988 et
1628 2968 1696 2988 non
1719 2959 1851 2989 virtutis.

341 2994 350 3003 ¹
361 2999 412 3030 An
432 3009 567 3030 rum-nm
582 3010 742 3030 monimum
758 3000 857 3041 quod,
875 3002 957 3031 sicut
971 3002 1005 3031 in
1020 3002 1159 3041 politicis
1175 3002 1372 3043 quandoque

306 3043 402 3074 iudex
424 3044 519 3074 habet
541 3050 643 3075 totam
666 3050 867 3084 potestatem,
891 3046 973 3075 sicut
1003 3051 1049 3076 est
1072 3046 1106 3076 in
1128 3055 1246 3086 “331¹OE
1271 3056 1372 3087 quan-
1448 3029 1547 3060 ART.
1563 3030 1603 3060 V.
1623 3040 1727 3060 ornum
1750 3039 1824 3060 Mam
1847 3039 2041 3060 SAcanorns
2066 3039 2145 3059 usum
2169 3039 2302 3060 eLAanM
2325 3039 2468 3059 HABEANT

129 3121 141 3124 ,⁷
307 3086 415 3128 doque
439 3093 547 3119 autem
562 3089 656 3119 multi
678 3089 712 3119 in
736 3089 865 3119 diversis
889 3089 1001 3120 officiis
1017 3091 1192 3127 constituti,
1208 3090 1260 3121 vel
1276 3092 1372 3122 etiam
1385 3100 1409 3126 ες
1785 3084 1810 3106 Ῐ”
1825 3084 1900 3111 [Μ”υ
1917 3090 1967 3112 ⁰⁸⁹·
1983 3090 2020 3110 '‘¹“
2037 3084 2088 3106 ιω·
2105 3089 2135 3105 ¹v·

66 3129 153 3161 ·c·p.*
167 3138 196 3160 ¹,
210 3139 234 3155 ¹¹·
249 3132 279 3159 δῦ
307 3141 346 3163 ex
368 3141 485 3172 aequo,
501 3138 537 3163 ut
560 3132 675 3164 dicitur
689 3133 760 3163 VIII
776 3134 880 3164 Ethic.
898 3135 928 3164 *z
954 3134 996 3164 ita
1020 3135 1115 3165 etiam
1131 3135 1300 3174 spiritualis
1322 3137 1371 3166 iu-
1490 3145 1511 3165 ι)
1536 3144 1675 3165 numum
1704 3144 1750 3164 s1c
1779 3143 1983 3164 PROCEDITUR.
2013 3133 2146 3164 Videtur
2169 3133 2258 3174 quod
2287 3134 2362 3164 mali
2389 3144 2491 3165 sacer-

65 3184 92 3207 s.
112 3172 119 3180 ”
139 3164 280 3208 Ἲέοἶὶῗὶῖ.
306 3175 447 3208 risdictio
470 3182 578 3217 potest
599 3177 708 3208 haberi
731 3178 770 3208 ab
794 3188 861 3208 uno
877 3178 959 3214 solo,
976 3179 1058 3209 sicut
1081 3179 1120 3208 ab
1143 3179 1316 3219 episcopm
1340 3185 1372 3210 et
1491 3178 1582 3209 dotes
1597 3188 1694 3209 usum
1717 3179 1856 3209 clavium
1877 3188 1945 3210 non
1963 3179 2109 3209 habeant.
2134 3178 2220 3208 Ioan.
2236 3188 2277 3208 xx
2293 3179 2319 3214 ³⁶,
2336 3179 2392 3208 ubi
2414 3188 2490 3209 usus
2519 3187 2528 3196 ·
2544 3185 2608 3207 Vera.
2623 3191 2700 3213 22.23.

306 3220 451 3260 pluribus
473 3221 579 3258 simul,
596 3222 678 3252 sicut
697 3232 715 3252 a
738 3222 889 3262 capitulo.
913 3222 954 3252 Et
977 3223 1021 3252 sic
1044 3223 1162 3253 habent
1178 3223 1300 3254 clavem
1322 3225 1372 3254 iu-
1426 3223 1564 3254 clavium
1579 3222 1745 3262 Apostolis
1768 3222 1910 3259 traditur,
1927 3223 2061 3263 Spiritus
2081 3222 2188 3253 Sancti
2211 3222 2334 3252 donum
2357 3223 2490 3262 promit-

306 3264 508 3302 risdictionis‚
523 3275 592 3296 non
613 3271 721 3296 tamen
745 3266 867 3297 clavem
891 3266 1020 3303 ordinis,
1037 3267 1133 3297 simul
1152 3277 1275 3298 omnes,
1425 3268 1510 3298 titur.
1535 3266 1598 3298 Sed
1620 3267 1696 3297 mali
1719 3276 1787 3297 non
1809 3267 1928 3297 habent
1950 3267 2104 3308 Spiritum
2130 3267 2292 3298 Sanctum.
2316 3266 2402 3306 Ergo
2423 3276 2491 3297 non

361 3309 412 3338 Ar>
438 3319 585 3339 oum-run
600 3319 759 3340 DICRNDUM
782 3310 872 3351 quod
891 3311 1016 3347 mulier,
1033 3311 1212 3342 secundum
1229 3312 1371 3352 Aposto-
1385 3326 1412 3346 7⁰
1425 3312 1544 3342 habent
1565 3321 1662 3341 usum
1685 3311 1833 3342 clavium.

26 3365 30 3368 ·
67 3350 141 3373 ‘¹⁶⁴¹
149 3351 213 3379 cor„
227 3357 279 3379 ααψ·
306 3353 376 3384 lum
389 3354 416 3389 *‚
433 3358 480 3384 est
502 3354 536 3384 in
558 3359 642 3384 statu
664 3355 882 3391 subiectionis,
899 3361 930 3386 et
952 3355 1026 3386 ideo
1042 3365 1110 3386 non
1133 3361 1240 3396 potest
1254 3356 1371 3387 habere
1482 3365 1511 3386 2.
1536 3355 1739 3391 mmmm,
1767 3355 1875 3386 nullus
1904 3356 2030 3396 sapiens
2058 3365 2111 3386 rex
2141 3355 2411 3395 dispensationem
2441 3356 2490 3385 sui

66 3378 280 3453 :ff’rae'cssffnuf
307 3397 445 3437 aliquam
470 3397 666 3437 spiritualem
684 3398 957 3430 iurisdictionem:
982 3400 1057 3439 quia
1073 3400 1169 3430 etiam
1193 3400 1372 3431 secundum
1425 3400 1565 3430 thesauri
1587 3409 1646 3430 suo
1670 3399 1802 3430 inimico
1826 3401 2008 3431 committit.
2034 3399 2096 3430 Sed
2119 3409 2195 3430 usus
2219 3399 2356 3429 clavium
2378 3400 2412 3429 in
2428 3398 2490 3429 dis-

67 3421 279 3486 ἔξηῖῗξᾌέηζ
306 3441 559 3481 Philosophum,
582 3442 618 3472 in
639 3442 712 3472 VIII
733 3443 837 3474 Ethic.
861 3444 894 3479 ³,
919 3445 1083 3484 corruptio
1114 3445 1297 3475 urbanitatis
1325 3450 1372 3475 est
1425 3445 1613 3484 pensatione
1637 3444 1780 3474 consistit
1807 3444 1946 3474 thesauri
1973 3444 2114 3475 caelestis
2137 3444 2248 3483 Regis,
2274 3444 2330 3482 qui
2354 3448 2400 3473 est
2423 3444 2491 3483 ipsa

26 3494 27 3499 ¹
66 3483 111 3532 3*
142 3489 280 3534 ·{¹e2“¹¹·¹{··
307 3485 438 3525 quando
470 3484 511 3516 ad
541 3485 709 3516 mulierem
740 3486 922 3518 dominium
953 3489 1107 3528 pervenit.
1141 3488 1234 3519 Unde
1257 3489 1372 3519 mulier
1426 3489 1587 3528 Sapientia
1602 3489 1628 3518 *.
1653 3488 1738 3527 Ergo
1761 3488 1853 3539 mali,⁸
1872 3489 1929 3528 qui
1952 3498 2008 3528 per
2030 3494 2161 3528 peccata
2184 3493 2258 3518 sunt
2281 3487 2348 3518 eius
2372 3487 2489 3523 hostes,
2517 3493 2728 3545 i-{ssffffsss‘''⁰³⁹'''

306 3539 374 3561 non
396 3530 492 3560 habet
514 3539 621 3570 neque
637 3529 759 3561 clavem
775 3531 894 3563 ordinis
913 3541 1020 3573 neque
1036 3533 1158 3564 clavem
1181 3533 1372 3564 iurisdictio·
1385 3548 1409 3568 75
1426 3542 1493 3563 non
1516 3533 1634 3562 habent
1657 3542 1752 3564 usum
1776 3532 1924 3563 clavium.
