2878 4088
168 495 179 504 ·
192 494 248 521 Arg.
263 492 312 515 Sed
325 498 379 514 con-

172 1375 183 1384 ·
192 1371 291 1394 Aristot.
305 1371 383 1399 Topic-

172 1398 262 1447 ijibhw,
273 1404 323 1426 cap.
334 1404 383 1426 vni,

406 206 457 242 94

407 281 445 302 ex
461 273 593 307 ratione,
614 281 697 311 quae
712 277 835 302 rectum
851 281 946 302 usum
970 271 1060 308 facit;
1084 273 1127 302 ita
1149 273 1244 302 etiam
1261 271 1417 301 ordinatio
1434 269 1473 300 ad

407 315 538 356 aliquod
559 317 682 346 bonum
699 316 776 346 utile
791 321 897 356 potest
919 315 1022 346 facere
1041 316 1216 346 bonitatem
1239 314 1411 345 honestatis
1435 323 1473 343 ex

406 361 438 390 vi
461 360 590 390 rationis
615 359 753 390 debitam
777 360 1012 390 ordinationem
1035 359 1187 390 facientis.
1223 359 1263 388 Et
1286 359 1348 388 hoc
1372 356 1472 387 modo

406 404 663 440 matrimonium,
687 413 724 434 ex
747 405 811 434 hoc
835 404 924 444 quod
947 404 1110 434 ordinatur
1132 403 1171 433 ad
1191 402 1325 442 prolem,
1343 406 1374 430 et
1395 400 1472 430 utile

408 453 464 483 est,
482 453 513 478 et
535 448 745 478 nihilominus
768 449 950 482 honesturn,
967 449 1159 486 inquantum
1178 446 1282 475 debite
1299 444 1471 474 ordinatur.

463 492 513 522 AD
530 501 682 522 summum
697 493 714 509 ⁴*
737 502 896 522 memnon
913 490 1011 531 quod,
1028 491 1109 520 sicut
1134 490 1282 528 Magister
1299 488 1383 524 dicit,
1400 498 1473 518 xxm

369 557 379 561 -
409 534 478 566 dist.
496 536 513 552 ⁴*
529 535 572 566 IV
588 535 685 571 Sent„
701 541 938 566 sacramentum
969 544 1036 564 non
1060 533 1174 563 dicitur
1196 533 1248 562 hic
1276 533 1383 572 ipsum
1406 542 1473 561 ma-

408 580 608 615 trimonium,
624 579 680 610 sed
702 579 950 620 inseparabilitas
974 579 1056 612 eim,
1084 586 1166 616 quae
1190 582 1236 606 est
1260 575 1404 606 eiusdem
1427 575 1472 606 rei

409 624 537 664 signum
561 624 652 654 cuius
680 629 711 654 et
733 623 983 654 matrimonium.

468 668 528 698 Vel
552 667 725 698 dicendum
749 667 851 707 quod,
878 665 1022 705 quamvis
1045 664 1287 694 matrimonium
1310 664 1349 693 sit
1372 673 1474 694 sacra-

410 717 567 747 mentum,
583 716 691 741 tamen
715 710 800 741 aliud
823 715 869 740 est
891 709 1096 739 matrimonio
1125 717 1193 738 esse
1216 708 1472 744 matrimonium,

411 761 442 786 et
465 755 551 786 aliud
575 761 621 785 est
637 756 665 785 ei
689 764 756 785 esse
773 758 1021 784 sacramentum:
1047 752 1123 791 quia
1145 761 1213 782 non
1229 752 1336 782 solum
1356 751 1395 782 ad
1410 752 1474 782 hoc

411 805 459 829 est
481 800 661 829 institutum
676 804 712 829 ut
734 799 773 828 sit
795 799 828 828 in
844 797 970 836 signum
993 796 1038 825 rei
1061 805 1178 832 sacrae,
1195 795 1250 826 sed
1266 797 1362 826 etiam
1385 801 1420 826 ut
1435 796 1475 826 sit

410 844 444 873 in
468 843 610 873 officium
627 847 766 872 naturae.
791 842 832 871 Et
846 840 920 870 ideo
944 840 1024 869 ratio
1048 841 1235 870 sacramenti
1252 845 1298 870 est
1317 840 1474 880 quaedam

411 886 554 917 conditio
578 886 748 916 adveniens
772 884 976 915 matrimonio
1000 883 1179 914 secundum
1202 894 1236 914 se
1263 884 1473 921 considerato,

411 940 449 960 ex
473 939 539 970 quo
564 931 658 960 etiam
680 930 879 959 honestatem
909 928 1013 957 habet.
1049 927 1090 957 Et
1112 927 1186 958 ideo
1210 929 1474 959 sacramentalitas

412 975 488 1009 eius,
507 979 542 1003 ut
564 974 606 1003 ita
630 973 749 1008 dicam,
773 972 903 1012 ponitur
926 971 1007 1001 inter
1030 971 1115 1001 bona
1138 972 1339 1002 honestantia
1368 974 1474 1003 matri-

410 1018 567 1049 monium.
602 1017 642 1047 Et
665 1016 843 1047 secundum
876 1016 940 1045 hoc
963 1015 996 1045 in
1020 1016 1113 1045 tertio
1137 1017 1226 1046 bono
1257 1017 1473 1054 matrimonii,

410 1061 529 1091 scilicet
551 1066 764 1096 sacramento,
781 1069 847 1089 non
871 1059 977 1089 solum
1000 1059 1187 1100 intelligitur
1209 1061 1474 1100 inseparabilitas,

410 1105 465 1135 sed
489 1105 583 1134 etiam
607 1105 716 1134 omnia
740 1113 822 1144 quae
838 1103 878 1133 ad
900 1102 1167 1143 significationem
1182 1105 1282 1144 ipsius
1304 1106 1473 1144 pertinent.

519 1170 618 1200 ART.
637 1170 688 1200 111.
712 1180 817 1200 UTRUM
840 1179 1065 1200 SACRAMENTUM
1089 1180 1134 1200 sn·
1153 1180 1363 1200 PRINCIPALIUS

734 1224 826 1244 mrim
853 1223 936 1244 BONA
964 1223 1150 1244 MATRIMONII

475 1290 495 1310 n
519 1290 653 1310 TERTIUM
669 1290 714 1310 s1c
735 1289 940 1310 PROCRDITUR.
971 1279 1105 1310 Videtur
1128 1279 1218 1320 quod
1236 1286 1475 1311 sacramentum

411 1293 542 1355 Anon
565 1325 604 1354 sit
626 1324 832 1364 principalius
852 1324 934 1354 inter
957 1325 1043 1354 bona
1066 1325 1271 1355 matrimonii.
1296 1325 1380 1363 Quia
1391 1326 1476 1367 finis

411 1373 457 1399 est
473 1369 676 1409 potissimum
693 1369 724 1398 in
742 1378 935 1409 unoquoque
950 1369 976 1398 “.
1001 1368 1064 1399 Sed
1086 1369 1192 1409 proles
1213 1374 1260 1399 est
1281 1370 1476 1401 matrimonii

410 1412 492 1443 finis.
516 1413 602 1452 Ergo
620 1413 733 1453 proles
756 1418 803 1443 est
825 1412 1031 1452 principalius
1054 1413 1250 1443 matrimonii
1273 1414 1407 1444 bonurn.

467 1466 496 1487 2.
520 1457 716 1493 Pmnmnn,
733 1457 940 1497 principalius
966 1457 1000 1487 in
1023 1458 1146 1487 ratione
1175 1458 1293 1497 speciei
1317 1463 1364 1488 est
1387 1458 1475 1489 diffe-

410 1502 520 1537 rentia,
537 1510 620 1541 quae
644 1502 785 1541 complet
808 1501 968 1541 speciem,
997 1510 1095 1541 quam
1118 1511 1235 1542 genus:
1267 1502 1350 1533 sicut
1372 1502 1476 1534 forma

411 1555 509 1586 quam
524 1546 655 1576 materia
669 1546 703 1575 in
726 1546 954 1576 constitutione
970 1546 1015 1575 rei
1030 1546 1190 1576 naturalis.
1215 1545 1277 1577 Sed
1292 1556 1476 1578 sacramen-

412 1595 478 1620 tum
502 1590 657 1630 competit
679 1590 886 1620 matrimonio
911 1599 949 1620 ex
971 1590 1094 1620 ratione
1121 1591 1171 1620 sui
1201 1591 1343 1630 generis;
1361 1593 1475 1632 proles

412 1639 519 1664 autem
543 1639 575 1664 et
586 1634 675 1674 fides
699 1643 736 1664 ex
758 1634 881 1664 ratione
905 1633 1109 1670 differentiae,
1130 1635 1322 1674 inquantum
1346 1641 1393 1666 est
1414 1637 1476 1667 tale

413 1682 657 1717 sacramentum.
681 1678 766 1718 Ergo
783 1678 843 1708 alia
866 1678 932 1708 duo
949 1683 1023 1709 sunt
1044 1679 1144 1718 magis
1159 1679 1346 1719 principalia
1361 1681 1393 1711 in
1410 1690 1477 1711 ma—

412 1723 565 1752 trimonio
593 1731 692 1762 quam
715 1727 958 1752 sacramentum.

469 1766 499 1796 3.
523 1766 719 1802 Palma-raam,
741 1767 822 1796 sicut
844 1767 1004 1797 invenitur
1031 1767 1273 1798 matrimonium
1295 1769 1364 1799 sine
1387 1770 1478 1809 prole

415 1815 446 1840 et
478 1809 542 1840 fide
555 1833 563 1846 ,
590 1811 633 1840 ita
669 1811 829 1840 invenitur
862 1811 930 1840 sine
959 1811 1241 1851 inseparabilitate:
1278 1813 1359 1843 sicut
1392 1819 1479 1853 patet

384 1870 387 1873 ,
415 1853 544 1894 quando
561 1854 638 1884 alter
661 1855 838 1894 coniugum
861 1860 933 1885 ante
953 1856 1195 1886 matrimonium
1218 1862 1478 1888 consummatum

177 2476 362 2503 ‘Distaxvmea
382 2491 388 2497 .

176 2502 237 2524 Sunt
249 2509 316 2531 ergo.
327 2514 336 2518 —
371 2503 388 2524 f.

178 2535 217 2557 qu.
231 2535 295 2556 xuv,
311 2533 353 2552 art.
368 2536 388 2558 3.

179 2647 189 2658 ⁸
198 2645 278 2668 laidor.
289 2645 389 2675 Etym01.

179 2672 218 2694 lib.
229 2672 269 2700 VI,
278 2679 328 2701 cap.
342 2679 389 2696 xix.

414 1897 454 1928 ad
477 1898 665 1938 religionem
687 1899 805 1928 transit.
830 1899 916 1939 Ergo
935 1908 995 1929 nec
1020 1909 1057 1929 ex
1080 1899 1139 1930 hac
1154 1901 1278 1931 ratione
1301 1910 1479 1933 sacramen-

413 1947 484 1972 tum
504 1948 550 1972 est
572 1943 606 1972 in
628 1943 833 1972 matrimonio
857 1943 1072 1983 principalius.

1049 193 1311 240 QUAESTIO
1341 192 1474 238 XLIX,
1494 188 1786 227 ARTICULUS
1814 188 1872 233 III,
1892 187 1942 223 IV

1528 267 1622 308 quod·
1640 266 1776 306 separari
1799 275 1868 295 non
1900 264 2034 304 possint.
2068 263 2110 294 Et
2131 263 2208 294 inde
2240 269 2287 294 est
2310 263 2401 303 quod
2429 263 2593 294 matrimo-

1527 313 1618 342 nium
1641 319 1808 349 nunquam
1839 309 2000 339 invenitur
2023 309 2091 339 sine
2121 308 2402 348 inseparabilitate:
2433 308 2594 338 invenitur

1528 361 1635 385 autem
1658 355 1726 384 sine
1749 353 1813 383 fide
1837 358 1868 383 et
1891 352 1992 392 prole,
2010 353 2086 392 quia
2116 361 2184 382 esse
2206 352 2253 382 rei
2274 361 2342 382 non
2371 351 2532 392 dependet
2554 352 2593 381 ab

1527 409 1589 430 usu
1612 407 1683 429 suo.
1708 398 1749 427 Et
1771 396 1950 427 secundum
1973 397 2037 426 hoc
2059 401 2298 427 sacramentum
2322 401 2370 426 est
2398 395 2594 426 essentialius

1495 453 1504 472 ς
1527 442 1734 473 matrimonio
1758 450 1856 481 quam
1869 441 1957 482 fides
1981 446 2012 471 et
2028 441 2152 481 proles.
2433 456 2435 458 -

1582 487 1657 517 Alio
1681 485 1782 516 modo
1806 490 1942 525 possunt
1973 485 2166 515 considerari
2193 483 2273 514 fides
2297 488 2328 514 et
2350 483 2458 524 proles
2480 493 2594 514 secun-

1528 531 1606 562 dum
1630 530 1720 571 quod
1743 530 1867 560 suntin
1889 529 1954 559 suis
1970 529 2152 569 principiis:
2177 533 2213 558 ut
2235 537 2295 568 pro
2305 528 2404 568 prole
2422 528 2595 568 accipiatur

1527 576 1663 606 intentio
1687 574 1796 615 prolis,
1813 579 1845 604 et
1867 583 1927 613 pro
1940 573 2013 614 fide
2036 573 2181 604 debitum
2203 571 2349 602 servandi
2380 571 2489 602 fidem.
2520 571 2595 602 Sine

1528 620 1646 660 quibus
1670 620 1765 649 etiam
1788 618 2031 648 matrimonium
2047 626 2115 647 esse
2138 626 2206 647 non
2221 621 2343 656 potest:
2369 616 2446 656 quia
2467 616 2546 646 haec
2561 616 2595 646 in

1489 675 1514 689 ιο
1527 665 1591 694 hoc
1614 663 1821 694 matrimonio
1842 671 1879 692 ex
1902 663 1971 702 ipsa
1986 662 2136 702 pactione
2161 661 2322 700 coniugali
2341 665 2529 696 causantur;
2552 660 2597 689 ita

1529 708 1628 749 quod,
1641 709 1667 738 si
1679 706 1801 747 aliquid
1817 706 2012 737 contrarium
2028 706 2124 736 huius
2139 706 2368 745 exprimeretur
2384 705 2418 734 in
2435 713 2597 735 consensu

1529 754 1586 792 qui
1608 752 1850 783 matrimonium
1873 750 1967 787 facit,
1993 760 2060 781 non
2084 755 2166 780 esset
2197 759 2310 779 verum
2340 749 2594 779 matrimonium.

1528 798 1570 828 Et
1592 798 1636 827 sic
1660 795 1848 836 accipiendo
1872 794 1970 826 fidem
1994 800 2025 825 et
2047 794 2183 835 prolem,
2202 794 2315 834 proles
2338 798 2385 823 est
2408 792 2597 823 essentialis-

1529 842 1647 872 simum
1669 842 1703 871 in
1726 840 1950 875 matrimonio,
1975 845 2006 869 et
2029 838 2172 869 secundo
2186 838 2284 879 fides,
2309 843 2340 868 et
2362 838 2456 868 tertio
2484 845 2596 868 sacra-

1490 897 1512 917 ις
1528 890 1690 916 mentum:
1713 885 1795 915 sicut
1818 885 1913 914 etiam
1936 883 2062 914 homini
2086 888 2132 914 est
2145 882 2353 913 essentialius
2374 891 2442 912 esse
2465 886 2598 911 naturae

1529 939 1628 970 quam
1652 939 1720 960 esse
1743 929 1870 969 gratiae,
1887 929 2033 968 quamvis
2057 937 2125 958 esse
2148 928 2266 967 gratiae
2289 927 2329 957 sit
2352 926 2488 966 dignius.

1583 974 1635 1004 At>
1658 983 1775 1004 pamma
1797 982 1881 1003 mmo
1904 982 2064 1002 monimum
2087 971 2177 1012 quod
2200 971 2272 1001 finis
2291 970 2471 1001 secundum
2493 970 2597 1000 inten—

1529 1018 1653 1048 tionem
1676 1023 1723 1047 est
1746 1017 1887 1057 primum
1909 1017 1942 1046 in
1966 1026 2019 1052 re,
2042 1016 2098 1046 sed
2121 1015 2299 1046 secundum
2332 1015 2597 1045 consecutionem

1530 1067 1577 1092 est
1592 1062 1743 1092 ultimum
1755 1062 1782 1091 *.
1806 1061 1848 1091 Et
1863 1060 2007 1091 similiter
2016 1061 2130 1100 proles
2145 1070 2179 1090 se
2194 1060 2290 1090 habet
2305 1060 2387 1090 inter
2401 1058 2598 1090 matrimonii

1489 1116 1515 1130 20
1529 1107 1625 1136 bona.
1649 1106 1691 1136 Et
1713 1105 1787 1135 ideo
1811 1104 2056 1145 quodammodo
2081 1109 2128 1135 est
2149 1104 2367 1144 principalius,
2385 1109 2416 1134 et
2439 1102 2597 1144 quodam-

1529 1150 1630 1180 modo
1653 1159 1731 1180 non.

1585 1194 1636 1224 An
1661 1202 1824 1224 secuuntur
1845 1202 2006 1222 mmmmm
2029 1191 2120 1232 quod
2148 1196 2397 1227 sacramentum,
2417 1189 2518 1232 prout
2537 1200 2598 1231 po-

1529 1239 1616 1269 nitur
1631 1239 1760 1268 textium
1775 1237 1972 1267 matrimonii
1988 1237 2123 1272 bonum,
2139 1237 2277 1277 pertinet
2299 1235 2338 1266 ad
2354 1236 2598 1266 matrimonium

1529 1283 1653 1313 ratione
1676 1291 1752 1312 suae
1780 1280 1992 1320 differentiae:
2027 1280 2141 1311 dicitur
2173 1281 2259 1311 enim
2289 1284 2528 1310 sacramentum
2560 1289 2598 1309 ex

1490 1337 1513 1357 ²⁵
1530 1318 1763 1368 significatione
1786 1326 1881 1356 huius
1905 1326 1950 1355 rei
1982 1334 2088 1355 sacrae
2112 1325 2340 1356 determinatae
2369 1333 2468 1364 quam
2490 1324 2598 1354 matri-

1529 1372 1679 1402 monium
1702 1369 1868 1411 significat.

1585 1416 1636 1446 An
1660 1424 1795 1445 ran-rrum
1817 1424 1978 1445 melinum«
2002 1413 2092 1454 quod
2114 1414 2257 1454 nuptiae,
2281 1412 2462 1444 secundum
2484 1412 2598 1452 Augu·

1530 1461 1650 1491 stinum
1665 1461 1692 1496 ⁴⁶,
1709 1464 1784 1490 sunt
1805 1460 1891 1489 bona
1905 1458 2106 1489 mortalium:
2130 1457 2218 1489 unde
2233 1458 2266 1488 in
2291 1457 2529 1488 resurrectione
2544 1465 2599 1487 ne·-

1530 1514 1591 1546 que
1615 1505 1734 1535 nubent
1756 1513 1857 1544 neque
1881 1503 2057 1539 nubentur,
2081 1508 2118 1533 ut
2141 1502 2256 1533 dicitur
2279 1502 2391 1532 Matth.
2411 1511 2476 1532 nm
2496 1502 2522 1532 ³.
2557 1501 2599 1531 Et

1491 1558 1516 1578 ³⁰
1530 1549 1604 1580 ideo
1627 1548 1795 1579 vinculum
1817 1548 2013 1578 matrimonii
2035 1557 2103 1577 non
2127 1557 2161 1578 se
2184 1545 2325 1577 extendit
2341 1546 2422 1576 ultra
2443 1546 2543 1576 vitam
2564 1545 2599 1576 in

1532 1603 1596 1634 qua
1619 1593 1831 1624 contrahitur:
1857 1598 1888 1622 et
1902 1591 1976 1622 ideo
1997 1591 2112 1622 dicitur
2126 1591 2347 1631 inseparabile,
2364 1592 2440 1631 quia
2455 1599 2524 1621 non
2538 1598 2599 1630 po-

1530 1643 1592 1668 test
1613 1638 1647 1668 in
1670 1638 1730 1667 hac
1745 1637 1810 1667 vita
1832 1637 1978 1676 separari.
2003 1636 2067 1667 Sed
2081 1645 2139 1676 per
2161 1641 2300 1666 mortem
2316 1636 2453 1676 separari
2475 1639 2598 1675 potest:

1531 1683 1598 1713 sive
1621 1681 1832 1722 corporalem,
1858 1686 1932 1721 post
1955 1681 2114 1711 carnalem
2137 1680 2422 1717 coniunctionem3
2447 1680 2513 1710 sive
2536 1679 2600 1720 spi-

1531 1726 1688 1762 ritualem,
1705 1731 1779 1766 post
1801 1725 1998 1765 spiritualem
2021 1730 2156 1755 tantum.

1586 1771 1638 1800 An
1663 1779 1811 1800 cumr-tm
1834 1779 1992 1799 mensumn
2023 1769 2113 1809 quod
2126 1792 2133 1805 ,
2159 1770 2305 1809 quamvis
2337 1777 2513 1799 consensus
2544 1767 2601 1808 qui

1532 1814 1608 1846 facit
1630 1814 1888 1850 matrimonium,
1914 1823 1981 1844 non
2005 1814 2045 1844 sit
2067 1819 2243 1853 perpetuus
2275 1813 2496 1849 materialiter,
2519 1811 2602 1843 idest

1533 1864 1691 1900 quantum
1715 1858 1755 1888 ad
1778 1858 1986 1888 substantiam
2014 1863 2120 1894 actus,
2149 1858 2226 1898 quia
2247 1857 2301 1888 ille
2325 1863 2413 1888 actus
2446 1862 2547 1888 cessat
2570 1861 2602 1888 et

1532 1909 1639 1944 potest
1662 1903 1839 1933 contrarius
1862 1902 2049 1939 succedere3
2074 1908 2192 1938 tamen,
2217 1901 2391 1932 formaliter
2413 1901 2600 1942 loquendo,

1534 1954 1581 1979 est
1603 1953 1788 1988 perpetuus,
1806 1947 1881 1987 quia
1905 1953 1951 1976 est
1974 1946 2014 1976 de
2037 1947 2249 1986 perpetuitate
2271 1946 2410 1977 vinculi:
2435 1946 2510 1976 alias
2533 1955 2602 1977 non

468 1995 499 2024 4.
524 1986 719 2022 PRAETEREA‚
737 1986 867 2017 effectus
890 1996 958 2017 non
981 1992 1087 2027 potest
1103 1997 1171 2018 esse
1194 1989 1399 2028 principalior
1422 1999 1479 2020 sua
1493 2003 1519 2023 40
1533 1992 1652 2023 faceret
1674 1991 1932 2027 matrimonium;
1956 2000 2024 2021 non
2049 1991 2134 2021 enim
2158 2000 2335 2020 consensus
2354 1990 2395 2021 ad
2416 1996 2545 2031 tempus
2567 1991 2602 2021 in

414 2039 517 2060 causa.
543 2029 606 2060 Sed
622 2040 806 2066 consensus,
824 2031 879 2070 qui
896 2036 942 2061 est
965 2041 1059 2062 causa
1074 2033 1279 2068 matrimonii,
1296 2032 1479 2073 frequenter

413 2075 609 2104 immutatur.
633 2074 719 2114 Ergo
744 2080 775 2104 et
797 2075 1039 2105 matrimonium
1063 2075 1144 2105 solvi
1166 2082 1282 2116 potest.
1307 2077 1348 2107 Et
1363 2078 1408 2107 sic
1430 2078 1478 2108 in-

413 2118 627 2158 separabilitas
650 2128 718 2148 non
741 2128 867 2158 semper
891 2119 1061 2149 comitatur
1083 2120 1335 2150 matrimonium.

470 2163 498 2192 5.
523 2162 719 2198 Pam-raam,
736 2168 931 2193 sacramenta
950 2173 1033 2203 quae
1057 2164 1174 2194 habent
1192 2163 1342 2195 effectum
1365 2174 1478 2206 perpe-

1534 2037 1674 2076 aliquam
1697 2035 1939 2065 matrimonium
1955 2034 2040 2065 facit.
2063 2035 2105 2065 Et
2121 2034 2194 2065 dico
2201 2035 2405 2076 formaliter,
2422 2034 2603 2066 secundum

1534 2080 1624 2120 quod
1647 2085 1736 2109 actus
1760 2079 1876 2119 accipit
1899 2079 2040 2119 speciem
2059 2080 2098 2109 ab
2122 2079 2261 2109 obiecto.
2286 2079 2328 2109 Et
2343 2079 2523 2110 secundum
2538 2079 2602 2110 hoc

1533 2124 1776 2155 matrimonium
1799 2133 1838 2153 ex
1861 2132 2022 2153 consensu
2045 2123 2346 2163 inseparabilitatem
2369 2124 2495 2164 accipit.

1589 2168 1640 2199 Au
1670 2177 1809 2198 nummu
1839 2177 1998 2197 meantum
2024 2167 2113 2207 quod
2136 2168 2170 2198 in
2200 2168 2405 2198 sacramentis
2427 2168 2461 2198 in
2485 2167 2602 2208 quibus

413 2211 516 2242 tuum,
542 2207 731 2246 imprimunt
755 2207 977 2237 characterem.
1013 2207 1075 2238 Sed
1106 2209 1140 2238 in
1172 2209 1378 2239 matrimonio
1410 2219 1479 2241 non
1493 2221 1517 2242 ⁴5
1533 2213 1727 2253 imprimitur
1743 2212 1912 2248 character,
1929 2210 2061 2242 traditur
2075 2217 2216 2252 potestas
2239 2211 2279 2242 ad
2301 2218 2391 2243 actus
2406 2213 2600 2253 spirituales:

412 2251 606 2290 imprimitur
637 2251 806 2281 character.
842 2251 927 2291 Ergo
951 2261 1019 2282 non
1049 2251 1136 2282 adest
1169 2253 1199 2283 ei
1230 2253 1479 2293 inseparabilitas

413 2299 577 2334 perpetua.
602 2295 643 2324 Et
665 2294 750 2331 ideo,
773 2296 854 2325 sicut
879 2301 925 2325 est
947 2296 1189 2327 matrimonium
1212 2297 1279 2327 sine
1296 2298 1412 2338 prole,
1436 2299 1479 2329 ita

413 2344 519 2378 potest
543 2348 610 2369 esse
632 2339 700 2369 sine
722 2344 936 2370 sacramento.
961 2340 1002 2370 Et
1025 2341 1069 2370 sic
1092 2340 1178 2371 idem
1202 2340 1292 2381 quod
1314 2342 1411 2382 prius.

470 2382 532 2413 SED
557 2392 698 2419 CONTRA,
725 2383 804 2413 illud
828 2383 917 2423 quod
940 2384 1071 2423 ponitur
1093 2385 1126 2415 in
1155 2384 1342 2416 definitione
1364 2387 1410 2416 rei
1433 2393 1480 2418 est

1534 2257 1590 2288 sed
1613 2257 1646 2287 in
1678 2257 1885 2287 matrimonio
1909 2255 1948 2286 ad
1971 2261 2061 2286 actus
2094 2256 2286 2297 corporales.
2322 2256 2416 2288 Unde
2439 2258 2603 2289 matrimo-

1533 2302 1635 2337 nium,
1652 2301 1775 2331 ratione
1798 2301 1963 2340 potestatis
1987 2310 2085 2340 quam
2108 2301 2142 2331 in
2161 2310 2194 2331 se
2218 2302 2356 2332 invicem
2373 2302 2528 2343 coniuges
2550 2311 2603 2333 ac-

1534 2347 1668 2386 cipiunt,
1686 2345 1837 2375 convenit
1853 2354 1928 2375 cum
1943 2346 2148 2376 sacramentis
2167 2346 2200 2376 in
2224 2346 2341 2385 quibus
2358 2347 2520 2377 character
2541 2346 2602 2377 im-

1533 2390 1694 2430 primitur,
1721 2395 1752 2419 et
1776 2399 1814 2419 ex
1837 2389 1900 2419 hoc
1923 2389 2018 2420 habet
2048 2390 2367 2430 inseparabilitatem,
2394 2396 2431 2421 ut
2454 2391 2604 2432 Magister

413 2427 473 2457 sibi
495 2427 632 2457 maxime
655 2427 830 2457 essentiale.
855 2427 918 2458 Sed
937 2428 1096 2464 indivisio,
1114 2438 1197 2468 quae
1212 2430 1349 2469 pertinet
1372 2430 1412 2461 ad
1426 2441 1479 2462 sa·
1494 2446 1520 2467 ςο
1534 2434 1611 2465 dicit
1626 2435 1659 2464 *z
1685 2433 1740 2463 sed
1764 2433 1867 2464 differt
1890 2434 1928 2463 ab
1957 2434 2002 2464 eis
2030 2434 2223 2474 inquantum
2253 2440 2393 2475 potestas
2416 2435 2470 2466 illa
2493 2441 2540 2466 est
2562 2435 2603 2467 ad

414 2476 623 2507 crumentum,
643 2472 774 2510 ponitur
796 2472 828 2501 in
853 2471 1040 2503 definitione
1064 2482 1159 2513 supra
1174 2474 1191 2490 ¹*
1207 2473 1247 2504 de
1274 2475 1479 2506 matrimonio

416 2514 496 2551 data,
513 2524 580 2544 non
603 2521 711 2545 autem
720 2516 834 2555 proles
854 2516 904 2546 vel
918 2516 1015 2556 fides.
1040 2517 1125 2557 Ergo
1141 2523 1379 2549 sacramentum
1399 2521 1480 2551 inter

416 2559 476 2589 alia
499 2564 545 2588 est
567 2559 773 2589 matrimonio
797 2560 1002 2590 essentialius.

473 2612 501 2632 2.
526 2602 720 2639 Proxumum,
742 2603 844 2634 virtus
867 2604 986 2640 divina,
1011 2614 1094 2644 quae
1118 2606 1150 2635 in
1173 2607 1384 2637 sacramentis
1407 2618 1478 2648 ope-

417 2651 512 2677 ratur
526 2647 552 2682 *,
570 2652 617 2676 est
640 2646 797 2677 efficacior
820 2657 918 2688 quam
936 2649 1035 2678 virtus
1058 2649 1207 2680 humana.
1233 2650 1295 2681 Sed
1312 2652 1426 2691 proles
1449 2658 1480 2683 et
1494 2667 1517 2687 ςς

405 2690 495 2732 fides
523 2691 683 2730 pertinent
712 2691 751 2721 ad
780 2692 1022 2722 matrimonium
1050 2694 1229 2724 secundum
1257 2695 1345 2734 quod
1378 2702 1424 2726 est
1446 2698 1479 2727 in

417 2734 560 2765 officium
580 2740 710 2765 naturae
725 2735 901 2772 humanae;
924 2743 1162 2768 sacramentum
1178 2744 1285 2769 autem
1301 2740 1479 2772 secundum

417 2778 506 2819 quod
538 2784 584 2809 est
608 2788 645 2809 ex
667 2779 867 2810 institutione
900 2780 1015 2811 divina.
1051 2781 1136 2822 Ergo
1164 2789 1402 2814 sacramentum
1433 2791 1480 2816 est

414 2823 619 2863 principalius
642 2824 676 2853 in
698 2824 903 2854 matrimonio
928 2834 1025 2865 quam
1049 2826 1108 2856 alia
1131 2826 1207 2857 duo.

1534 2484 1623 2509 actus
1647 2478 1839 2518 corporales.
1863 2478 1904 2508 Et
1926 2483 2058 2518 propter
2080 2479 2144 2510 hoc
2166 2488 2234 2509 non
2257 2479 2412 2520 imprimit
2441 2480 2602 2511 characte—

1534 2532 1603 2553 rem
1626 2522 1832 2563 spiritualem.

1605 2597 1704 2627 ART.
1722 2597 1775 2627 IV.
1799 2607 1904 2627 urium
1927 2607 2023 2628 acws
2046 2607 2232 2628 nar-amomi
2255 2608 2358 2629 Possrr
2381 2609 2531 2630 excusam

1624 2651 1681 2672 PER
1705 2651 1787 2671 BONA
1807 2651 1979 2672 PRABDICTA
2002 2652 2041 2672 UT
2056 2652 2121 2672 NON
2145 2652 2191 2673 sn·
2214 2652 2335 2673 OMNINO
2351 2653 2512 2674 Pace-«TUM

1633 2691 1654 2713 11
1669 2691 1742 2717 Sem„
1758 2691 1811 2713 dist.
1827 2698 1865 2717 xx,
1880 2691 1967 2719 Expos.
1983 2692 2039 2718 litt:
2055 2692 2096 2718 lV,
2111 2692 2164 2714 dist.
2180 2699 2243 2718 xxvu,
2258 2699 2297 2721 qu.
2313 2699 2329 2720 ι,
2344 2697 2387 2715 ιη.
2400 2700 2420 2722 3,
2436 2694 2466 2716 nd
2480 2701 2507 2721 4:

1890 2718 1900 2739 1
1914 2718 1948 2739 ad
1962 2718 2027 2746 Cor„
2041 2724 2092 2747 cap.
2108 2725 2148 2745 vn,
2163 2719 2216 2741 lect.
2230 2725 2244 2741 ι.

1535 2796 1619 2859 ΑΙ)
1651 2796 1799 2817 onan-run
1830 2797 1875 2817 stc
1905 2797 2110 2818 rnocnmrun.
2145 2787 2280 2819 Videtur
2305 2788 2395 2829 quod
2422 2795 2511 2820 actus
2533 2799 2602 2821 ma-

1598 2831 1740 2861 trimonii
1768 2841 1836 2861 non
1870 2832 1972 2871 possit
2006 2832 2148 2862 excusari
2178 2841 2236 2872 per
2266 2833 2351 2863 bona
2378 2833 2539 2874 praedicta
2565 2840 2602 2865 ut

470 2867 659 2897 Rusponnno
683 2877 843 2898 DICENDUM
866 2868 956 2908 quod
981 2869 1101 2910 aliquid
1125 2870 1239 2901 dicitur
1261 2872 1294 2902 in
1316 2882 1350 2903 re
1374 2873 1479 2914 aliqua
1493 2886 1520 2906 σο
1533 2884 1601 2905 non
1625 2876 1663 2906 sit
1687 2875 1823 2906 omnino
1845 2881 2025 2916 peccatum.
2057 2876 2142 2914 Quia
2165 2877 2364 2917 quicumque
2389 2878 2523 2909 sustinet
2546 2878 2600 2909 da-

414 2911 630 2951 principalius,
648 2911 746 2942 altero
763 2911 902 2943 duorum
922 2913 1115 2944 modorum:
1140 2920 1195 2945 aut
1214 2916 1289 2956 quia
1308 2917 1406 2948 altero
1431 2928 1479 2948 es-

415 2955 594 2992 sentialius;
619 2961 674 2986 aut
697 2957 772 2996 quia
796 2956 931 2997 dignius.
956 2957 989 2988 Si
1006 2959 1081 2998 quia
1105 2958 1242 2999 digniuS,
1259 2961 1304 2991 sic
1327 2962 1479 2993 omnibus

415 2998 519 3029 modis
542 3005 779 3030 sacramentum
803 3007 850 3031 est
872 3002 1078 3042 principalius
1101 3003 1183 3034 inter
1206 3005 1264 3034 tria
1291 3005 1377 3036 bona
1401 3016 1479 3037 con-

415 3043 502 3083 iugii.
527 3043 612 3081 Quia
641 3045 778 3084 pertinet
800 3045 840 3075 ad
862 3047 1104 3077 matrimonium
1136 3047 1328 3088 inquantum
1357 3055 1404 3080 est
1431 3061 1478 3081 sa-

1533 2929 1647 2950 mnum
1670 2920 1800 2950 maioris
1823 2920 1901 2950 boni
1923 2926 2055 2960 propter
2077 2921 2185 2951 minus
2208 2921 2347 2958 bonum,
2371 2927 2499 2962 peccat:
2525 2923 2601 2963 quia

1532 2963 1713 2994 inordinate
1736 2964 1879 2994 sustinet.
1905 2964 1967 2995 Sed
1990 2965 2115 2995 bonum
2138 2965 2278 3001 rationis,
2296 2965 2386 3006 quod
2409 2965 2544 2997 laeditur
2566 2967 2600 2998 in

1532 3008 1604 3048 ipso
1628 3013 1702 3038 actu
1726 3008 1886 3048 coniugali
1901 3007 1933 3045 *,
1958 3014 2005 3039 est
2027 3009 2130 3039 maius
2153 3018 2251 3049 quam
2275 3009 2352 3040 haec
2376 3010 2434 3040 tria
2458 3011 2600 3052 coniugii

1533 3052 1628 3083 bona.
1653 3053 1739 3092 Ergo
1762 3052 1923 3093 praedicta
1945 3053 2031 3084 bona
2049 3063 2117 3084 non
2140 3053 2304 3084 sufficiunt
2319 3053 2358 3084 ad
2382 3055 2600 3086 excusandum

416 3093 614 3118 eramentum
632 3089 759 3128 gratiae.
783 3089 855 3119 Alia
877 3100 954 3120 vero
972 3091 1038 3121 duo
1061 3092 1222 3131 pertinent
1237 3092 1277 3123 ad
1300 3094 1407 3133 ipsum
1430 3095 1478 3125 in·
1491 3106 1516 3132 65
1533 3097 1737 3136 coniugalem
1760 3097 1981 3128 concubitum.

416 3136 573 3170 quantum
596 3137 642 3162 est
665 3133 829 3172 quoddam
851 3139 982 3165 naturae
1006 3134 1159 3166 officium.
1190 3136 1347 3168 Perfectio
1371 3144 1478 3170 autern

415 3175 532 3215 gratiae
556 3181 602 3206 est
626 3175 752 3216 dignior
773 3177 971 3217 perfectione
994 3185 1135 3210 naturae.

471 3218 503 3249 Si
527 3225 634 3250 autem
658 3220 779 3251 dicatur
802 3222 1008 3262 principalius
1027 3224 1116 3264 quod
1140 3229 1186 3255 est
1209 3226 1416 3263 essentialius,
1433 3228 1477 3258 sic

416 3262 676 3303 distinguendum
693 3271 748 3295 est.
773 3265 857 3303 Quia
870 3267 959 3307 fides
982 3273 1013 3298 et
1022 3269 1135 3308 proles
1158 3275 1294 3309 possunt
1310 3270 1478 3310 dupliciter

1590 3150 1618 3171 2.
1643 3141 1839 3177 Pasa-ranna,
1856 3141 1882 3171 si
1905 3141 2030 3171 bonum
2050 3141 2137 3171 malo
2161 3140 2295 3178 additur,
2311 3141 2345 3171 in
2360 3151 2477 3182 genere
2500 3144 2600 3175 moris

1532 3189 1638 3215 totum
1654 3184 1789 3215 efficitur
1803 3185 1935 3221 malum,
1952 3194 2020 3215 non
2036 3190 2143 3215 autem
2159 3190 2265 3216 totum
2281 3185 2422 3217 bonum:
2444 3187 2519 3227 quia
2534 3197 2600 3219 una

1533 3229 1769 3259 circumstantia
1791 3228 1874 3259 mala
1897 3228 1972 3259 facit
2002 3234 2109 3259 actum
2139 3229 2260 3260 malum
2274 3253 2281 3266 ‚
2305 3239 2373 3260 non
2397 3237 2505 3262 autem
2534 3242 2600 3263 una

1532 3273 1618 3303 bona
1634 3272 1708 3303 facit
1723 3274 1830 3313 ipsum
1849 3273 1974 3303 bonum
1989 3273 2015 3303 “.
2040 3272 2103 3303 Sed
2119 3278 2207 3304 actus
2227 3275 2403 3315 coniugalis
2419 3275 2599 3308 secundum

417 3307 617 3338 considerari.
634 3308 709 3339 Uno
725 3309 837 3345 modo,
849 3311 883 3340 in
899 3312 1019 3351 seipsis.
1036 3312 1077 3342 Et
1092 3313 1137 3343 sic
1152 3313 1312 3353 pertinent
1327 3314 1367 3345 ad
1382 3324 1478 3346 usum
1492 3331 1518 3352 70
1533 3326 1567 3347 se
1591 3321 1638 3347 est
1660 3316 1780 3347 malus:
1805 3316 1880 3346 alias
1904 3317 2109 3347 excusatione
2131 3326 2198 3347 non
2214 3317 2379 3358 indigeret.
2403 3320 2489 3360 Ergo
2513 3321 2599 3352 bona

416 3351 622 3400 matrimonii,
638 3362 695 3392 per
711 3362 809 3392 quem
826 3359 856 3384 et
879 3355 985 3395 proles
1001 3356 1198 3395 producitur,
1216 3363 1247 3388 et
1270 3359 1376 3398 pactio
1400 3369 1478 3390 con-

416 3394 528 3434 iugalis
544 3401 693 3426 servatur.
714 3397 777 3427 Sed
792 3397 1031 3435 indivisibilitas,
1050 3409 1147 3440 quam
1165 3407 1403 3433 sacramentum
1418 3403 1479 3433 im-

417 3443 531 3476 portat,
548 3440 685 3478 pertinet
701 3440 740 3470 ad
755 3442 862 3480 ipsum
877 3443 1119 3474 matrimonium
1134 3445 1312 3476 secundum
1328 3455 1378 3476 se:
1404 3447 1480 3486 quia

418 3490 456 3511 ex
478 3481 542 3512 hoc
565 3483 636 3522 ipso
661 3483 750 3523 quod
772 3494 829 3524 per
847 3487 1030 3524 pactionem
1054 3489 1256 3528 coniugalem
1272 3490 1322 3520 sui
1339 3495 1479 3530 potesta-

1532 3360 1728 3390 matrimonii
1751 3359 1900 3390 adiuncta
1918 3369 1986 3390 non
2009 3366 2146 3400 possunt
2168 3361 2275 3402 ipsum
2291 3363 2415 3394 bonum
2439 3363 2553 3396 facere.

1589 3404 1618 3434 3.
1643 3404 1848 3440 Prummu,
1874 3404 2072 3444 ubicumque
2096 3410 2143 3435 est
2165 3405 2390 3438 immoderatio
2421 3409 2597 3448 passionis,

1532 3447 1576 3477 ibi
1600 3453 1647 3478 est
1669 3448 1783 3478 vitium
1805 3447 1839 3477 in
1854 3448 2008 3478 moribus.
2034 3448 2096 3479 Sed
2112 3449 2198 3480 bona
2220 3451 2416 3482 matrimonii
2431 3462 2499 3483 non
2522 3462 2598 3494 pos-

1533 3496 1607 3521 sunt
1631 3490 1755 3521 efficere
1788 3491 1867 3531 quin
1890 3491 2058 3522 delectatio
2091 3493 2176 3524 illius
2199 3500 2288 3525 actus
2312 3496 2351 3526 sit
2377 3496 2597 3529 immoderata.

417 3529 483 3555 tem
506 3526 565 3556 sibi
583 3527 722 3558 invicem
744 3528 778 3558 in
793 3535 986 3569 perpetuum
1010 3532 1163 3571 coniuges
1182 3532 1319 3570 tradunt,
1336 3535 1480 3574 sequitur
1492 3550 1517 3571 75
1533 3535 1619 3574 Ergo
1643 3544 1710 3565 non
1734 3540 1871 3575 possunt
1894 3545 2043 3567 excusare
2067 3538 2145 3577 quin
2169 3539 2208 3569 sit
2230 3545 2410 3579 peccatum.

2625 1062 2636 1072 ·
2650 1060 2687 1083 Cf.
2696 1060 2795 1083 Aristot.
2804 1058 2838 1082 Ε-

2625 1087 2679 1109 thie.
2692 1087 2838 1135 ub'mssfl‘

2625 1120 2659 1141 ιιι,
2674 1120 2698 1136 n.
2710 1119 2746 1140 ης
2762 1119 2783 1135 ι.

2625 1141 2677 1162 lect.
2691 1146 2746 1162 vm·
2761 1139 2839 1162 ueta-
2871 1165 2874 1168 ‚

2622 1156 2814 1196 phymllbss'lffia
2832 1181 2839 1187 .

2625 1199 2700 1242 31:¹¹²·
2733 1198 2790 1242 ⁷122}
2808 1207 2840 1241 η·

2629 2439 2640 2450 ·
2649 2437 2710 2460 mat.
2717 2442 2783 2466 nu,
2790 2443 2845 2466 etp.

2629 2464 2767 2493 Separatio.

2628 3017 2638 3028 ²
2653 3016 2688 3039 Cf.
2703 3020 2746 3039 m.
2762 3025 2781 3040 ι.

2625 3279 2841 3336 nef-sarsi?

2627 3339 2658 3356 iv.
2667 3346 2679 3352 -
2693 3333 2718 3356 S.
2725 3333 2770 3356 Th.
2785 3333 2840 3356 lect.
