2918 4088
230 326 241 335 ·
250 324 306 351 Cap.
316 329 441 350 xxtx‚vers.

231 455 240 464 ·
255 452 321 474 Vers.
339 452 372 474 ¹8.

327 771 345 797 λ

231 823 240 832 ·
259 821 311 842 lsai.
335 828 385 849 cap.
405 828 443 849 w,

229 854 289 870 vers.
303 854 323 876 3.

230 880 239 890 '
247 879 326 901 Matth.
336 885 386 906 cap.
394 885 442 906 xxi,

230 911 288 927 vers.
305 911 326 933 9,
344 911 374 933 ²5.

229 1139 238 1149 ·
256 1138 319 1159 Vei-s,
335 1143 354 1159 2.

229 2901 238 2910 ·
254 2899 301 2926 Qu.
314 2904 383 2925 van,
399 2902 440 2920 arr.

229 2932 254 2951 ²;
264 2932 302 2972 ςὲυ.
309 2931 390 2951 Lxxm,
398 2928 440 2946 art.

229 2958 268 2980 ΒΑ
289 2955 439 2980 &Ut-&qu-

229 2984 308 3005 Lxxxx,
323 2981 365 3000 art.
382 2985 399 3000 ι.

471 160 545 207 278

471 249 507 277 et
526 240 644 276 oratio
673 236 890 282 sacerdotis,
911 236 978 285 qui
997 236 1088 285 petit
1106 245 1148 273 ut
1168 237 1308 274 oblatio
1333 236 1467 286 populi
1487 235 1532 272 sit

470 294 555 329 Deo
584 298 748 339 accepta.
788 289 911 335 Unde,
941 291 955 326 I
982 290 1183 339 Paralip.'²
1202 290 1234 336 ²¹⁴,
1263 290 1355 327 dixit
1387 288 1529 326 David:

469 347 555 395 Ego
575 346 611 380 in
626 343 856 393 simplicitate
874 343 995 379 cordis
1014 344 1089 378 mei
1106 343 1220 379 obtuli
1237 345 1409 380 universa
1428 343 1530 386 haec,

470 405 503 434 et
515 397 698 447 populum
726 402 829 432 tuum
849 398 913 444 qui
929 397 988 432 hic
1008 401 1171 444 repertus
1190 401 1251 442 est,
1271 396 1347 433 vidi
1373 407 1458 431 cum
1476 396 1531 430 in-

469 453 573 501 genti
589 449 730 499 gaudio
753 450 819 485 tibi
836 448 974 497 offerre
993 448 1171 485 donaria.-
1198 455 1234 484 et
1252 455 1385 497 postea
1398 447 1418 469 '¹‘
1438 454 1531 492 orat,

471 503 620 540 dicens:
659 503 822 539 Domine
848 503 969 547 Deus,
999 501 1141 537 custodi
1165 502 1263 537 hanc
1295 501 1530 538 voluntatem.

523 555 692 601 Deinde,
722 555 821 591 circa
848 553 1194 600 consecrationem,
1224 565 1324 602 quae
1353 564 1532 602 superna·

469 609 580 646 turali
608 607 746 644 virtute
774 606 906 655 agitur,
926 606 1053 655 primo
1083 605 1265 643 excitatur
1291 607 1460 655 populus
1483 605 1533 641 ad

470 660 719 699 devotionem
738 660 778 696 in
791 661 1049 709 praefatione.-
1075 659 1179 695 unde
1201 667 1237 695 et
1255 667 1436 695 monetur
1452 670 1532 695 sur-

469 728 551 752 sum
579 713 694 751 corda
730 714 867 749 habere
895 713 945 749 ad
969 713 1186 748 Dominum.
1216 712 1264 748 Et
1292 711 1397 758 ideo,
1426 710 1534 747 finita

469 767 714 817 praefatione,
743 767 912 815 populus
941 776 1032 801 cum
1054 764 1260 801 devotione
1280 763 1293 786 λ
1321 765 1451 801 laudat
1478 763 1532 800 di-

469 821 668 858 vinitatem
697 818 836 855 Christi
865 829 956 854 cum
984 817 1124 865 angelis
1143 818 1174 865 ²¹⁴,
1204 817 1345 865 dicens,
1366 819 1532 862 Sanctus,

470 876 636 920 Sanctus,
658 873 834 915 Sanctus,·
861 878 898 907 et
925 870 1204 907 humanitatem
1233 883 1322 907 cum
1351 870 1481 919 pueris
1501 869 1532 916 ²¹²,

469 926 611 972 dicens,
640 925 858 963 Benedictus
891 925 955 971 qui
979 926 1086 959 venit.
1117 946 1142 950 —
1170 923 1319 959 Deinde
1356 923 1533 960 sacerdos

469 987 614 1016 secreto
632 982 909 1023 commemorat,
925 975 1052 1024 primo
1073 976 1243 1024 quidem,
1259 976 1342 1012 illos
1361 988 1432 1024 pro
1453 975 1534 1024 qui-

469 1033 542 1068 bus
561 1033 637 1068 hoc
665 1029 896 1067 sacrificium
924 1028 1094 1074 offertur,
1125 1027 1263 1064 scilicet
1281 1040 1352 1076 pro
1379 1028 1533 1064 univer-

469 1084 536 1120 sali
564 1082 750 1128 Ecclesia,
780 1088 815 1117 et
846 1092 918 1128 pro
951 1080 1011 1116 his
1044 1080 1111 1128 qui
1139 1082 1176 1116 in
1205 1082 1425 1116 sublimitate
1451 1085 1534 1116 sunt

468 1138 658 1181 constituti,
688 1137 702 1171 Ι
726 1135 820 1170 Tim.
846 1145 866 1169 11
885 1133 920 1179 *3
950 1140 986 1168 et
1014 1132 1225 1181 specialiter
1252 1133 1444 1180 quosdam
1473 1133 1536 1180 qui

468 1189 630 1238 offerunt
669 1188 728 1225 vel
763 1198 836 1235 pro
879 1186 1008 1234 quibus
1049 1185 1216 1234 offertur.
1259 1206 1284 1211 —-
1332 1185 1532 1229 Secundo,

468 1245 735 1279 commemorat
759 1244 916 1284 sanctos,
937 1250 1108 1286 quorum
1125 1237 1337 1287 patrocinia
1356 1238 1535 1287 implorat

466 1308 538 1346 pro
567 1292 780 1344 praedictiS,
811 1304 902 1328 cum
929 1291 1029 1335 dicit,
1063 1292 1388 1328 communicantes
1407 1298 1440 1328 et
1459 1303 1534 1327 me-

467 1351 629 1386 moriam
647 1351 875 1391 venerantes,
898 1351 965 1381 ete.
988 1366 1012 1370 —
1033 1343 1178 1391 Tertio,
1197 1344 1423 1393 petitionem
1443 1356 1534 1380 con·

467 1402 604 1448 cludit,
634 1412 726 1437 cum
753 1397 860 1446 dicit,
889 1399 1006 1434 Hanc
1041 1399 1156 1446 igitur
1192 1398 1415 1434 oblationem
1451 1405 1533 1445 etc„

468 1463 510 1492 ut
536 1455 603 1491 fiat
631 1452 772 1490 oblatio
793 1457 809 1479 μ
837 1462 909 1500 pro
938 1450 1080 1500 quibus
1108 1450 1268 1487 offertur
1295 1451 1479 1487 salutaris.

521 1507 670 1545 Deinde
707 1503 852 1542 accedit
879 1503 928 1540 ad
955 1504 1079 1553 ipsam
1113 1503 1453 1541 consecrationem.
1492 1505 1534 1540 In

468 1575 546 1613 qua
583 1559 710 1609 primo
747 1557 839 1607 petit
877 1556 1174 1593 consecrationis
1212 1558 1413 1603 effectum,
1443 1569 1535 1593 cum

468 1615 568 1661 dicit,
595 1615 716 1655 Quam
745 1611 967 1647 oblationem
986 1616 1023 1646 tu
1041 1611 1154 1647 Deus.
1176 1632 1201 1636 -
1229 1611 1422 1658 Secundo,
1443 1622 1534 1647 con-

468 1666 722 1706 secrationem
759 1663 903 1713 peragit
933 1675 1004 1712 per
1030 1663 1150 1700 verba
1187 1663 1413 1710 Salvatoris,
1443 1676 1535 1701 cum

468 1721 569 1768 dicit,
597 1721 671 1762 Qui
688 1718 823 1768 pridie,
844 1724 913 1753 etc.
943 1738 968 1742 —
997 1716 1141 1764 Tertio,
1163 1724 1317 1753 excusat
1335 1729 1535 1766 praesum-

467 1775 642 1826 ptionem
669 1783 739 1821 per
767 1768 1027 1807 obedientiam
1055 1770 1103 1806 ad
1131 1770 1361 1807 mandatum
1382 1770 1534 1815 Christi,

468 1840 559 1866 cum
583 1825 683 1871 dicit,
713 1824 819 1862 Unde
837 1829 870 1860 et
889 1835 1083 1860 memores.
1114 1846 1139 1850 —
1168 1824 1328 1870 Quarto,
1349 1823 1441 1872 petit
1460 1824 1536 1860 hoc

468 1879 699 1919 sacrificium
726 1884 927 1926 peractum
964 1887 1046 1912 esse
1075 1877 1160 1913 Deo
1193 1884 1414 1925 acceptum,
1444 1888 1536 1913 cum

468 1934 573 1980 dicit,
608 1934 731 1981 Supra
767 1942 862 1980 quae
883 1931 1064 1978 propitio,
1095 1937 1163 1966 etc.
1194 1952 1219 1956 —
1248 1929 1415 1978 Quinto,
1444 1929 1536 1979 petit

469 1987 585 2025 huius
622 1983 796 2022 sacrificii
833 1991 869 2020 et
906 1982 1132 2020 sacramenti
1168 1983 1368 2019 effectum:
1407 1983 1535 2032 primo

469 2041 640 2090 quidem,
662 2045 851 2087 quantum
881 2036 930 2072 ad
958 2035 1062 2085 ipsos
1090 2043 1298 2082 sumentes,
1319 2047 1410 2072 cum.
1434 2035 1534 2084 dicit,

468 2094 656 2144 Supplices
674 2098 708 2128 te
727 2101 923 2140 rogamus3
949 2089 1133 2137 secundo,
1154 2097 1345 2138 quantum
1364 2089 1414 2126 ad
1433 2101 1535 2126 mor-

468 2155 574 2193 tuos,
603 2145 671 2195 qui
699 2145 776 2181 iam
805 2154 958 2180 sumere
993 2154 1074 2179 non
1105 2150 1285 2192 possunt,
1315 2154 1406 2179 cum
1434 2142 1534 2190 dicit,

468 2202 660 2238 Memento
689 2200 811 2243 etiam,
841 2197 1015 2241 Domine,
1045 2203 1137 2243 etc.;
1166 2195 1294 2239 tertio,
1325 2195 1536 2245 specialiter

468 2261 660 2303 quantum
688 2251 736 2288 ad
765 2249 868 2299 ipsos
888 2249 1104 2292 sacerdotes
1133 2249 1348 2296 offerentes,
1370 2261 1462 2286 cum
1481 2249 1534 2286 di-

468 2307 527 2354 cit,
557 2307 676 2344 Nobis
703 2316 847 2354 quoque
869 2304 1126 2353 peccatoribus
1154 2310 1222 2339 etc.

521 2359 671 2396 Deinde
706 2357 828 2405 agitur
855 2356 904 2393 de
931 2356 1177 2405 perceptione
1215 2354 1454 2392 sacramenti.
1488 2356 1537 2391 Et

468 2413 595 2465 primo
634 2411 812 2461 quidem,
846 2417 1096 2458 praeparatur
1132 2409 1301 2458 populus
1334 2408 1383 2444 ad
1415 2407 1535 2457 perci-

469 2466 669 2517 piendum.
708 2464 840 2501 Primo
869 2462 1050 2511 quidem,
1079 2474 1149 2511 per
1181 2461 1396 2498 orationem
1430 2472 1535 2498 com-

468 2530 631 2557 munem
658 2517 773 2554 totius
795 2515 942 2566 populi,
964 2527 1063 2564 quae
1092 2522 1148 2551 est
1171 2515 1298 2552 Oratio
1321 2514 1534 2560 Dominica,

469 2573 509 2610 in
538 2584 615 2621 qua
642 2570 810 2620 petimus
832 2581 972 2618 panem
1002 2574 1168 2605 nostrum
1188 2567 1442 2617 quotidianum
1470 2579 1535 2604 no-

468 2628 523 2664 his
551 2626 652 2668 dari;
681 2631 717 2660 et
745 2622 859 2659 etiam
878 2622 1079 2671 privatam,
1101 2633 1221 2670 quam
1249 2619 1460 2669 specialiter
1478 2632 1535 2657 sa-

469 2678 603 2716 cerdos
631 2689 702 2726 pro
730 2676 878 2725 populo
907 2675 1029 2720 offert,
1050 2686 1142 2711 cum
1161 2673 1261 2720 dicit,
1291 2675 1428 2710 Libera
1455 2686 1534 2720 nos,

469 2742 701 2782 quaesumus,
722 2730 894 2766 Domine.
925 2751 950 2754 —
980 2727 1172 2774 Secundo,
1193 2734 1444 2776 praeparatur
1472 2738 1535 2775 po-

468 2786 583 2835 pulus
619 2795 689 2832 per
716 2794 874 2832 pacem,
904 2793 1004 2830 quae
1042 2781 1154 2818 datur
1188 2780 1373 2827 dicendo,
1401 2780 1536 2829 Agnus

468 2840 542 2875 Dei
548 2852 559 2874 .-
587 2844 642 2874 est
661 2836 765 2873 enim
785 2836 861 2872 hoc
880 2841 1164 2871 sacramentum
1192 2832 1345 2870 unitatis
1364 2840 1400 2869 et
1418 2832 1534 2881 pacis,

468 2900 510 2929 ut
543 2902 659 2939 supra
676 2890 696 2911 ‘¹‘
725 2888 871 2925 dictum
906 2895 972 2924 est.
1011 2889 1053 2924 In
1081 2885 1206 2923 missis
1241 2894 1371 2923 autem
1404 2886 1535 2923 defun-

469 2952 632 2989 ctorum,
662 2943 701 2979 in
730 2942 871 2991 quibus
904 2943 979 2978 hoc
1008 2939 1239 2977 sacrificium
1268 2940 1428 2977 offertur
1455 2951 1536 2976 non

468 3009 539 3046 pro
567 3009 662 3046 pace
690 2994 891 3045 praesenti,
918 2995 984 3031 sed
1012 3005 1084 3043 pro
1113 2992 1245 3042 requie
1274 3001 1534 3039 mortuorum,

468 3062 543 3100 pax
571 3048 836 3086 intermittitur.

522 3102 672 3139 Deinde
704 3101 877 3150 sequitur
903 3099 1097 3149 perceptio
1126 3099 1373 3136 sacramenti:
1407 3098 1534 3148 primo

469 3155 702 3204 percipiente
731 3154 937 3200 sacerdote,
958 3160 994 3190 et
1013 3152 1267 3202 postmodum
1295 3151 1376 3189 aliis
1404 3152 1535 3197 dante;

523 3264 549 3299 κ)
570 3266 689 3297 Paralip.
711 3279 730 3283 —
757 3265 858 3289 XXIX
881 3265 978 3289 addunt
998 3265 1016 3288 F
1036 3269 1062 3288 et
1079 3265 1161 3289 tertia.
1186 3277 1206 3282 -
1232 3265 1300 3288 Ante
1327 3264 1411 3288 obtuli
1438 3264 1537 3288 addunt

471 3301 569 3326 diletus
588 3301 620 3330 H,
638 3301 723 3325 laetus
742 3305 826 3324 cetera
843 3299 926 3324 tertia.

524 3335 553 3369 λ)
571 3343 630 3361 cum
650 3335 796 3360 devotione.
813 3349 834 3353 -
852 3334 992 3359 devotione
1009 3337 1136 3365 concepta
1155 3334 1172 3362 1.
1185 3336 1312 3365 concepta
1331 3333 1470 3358 devotione
1488 3333 1535 3361 sG.

472 3372 566 3396 devote
585 3372 608 3395 H
628 3376 653 3395 et
672 3371 805 3395 editiones.

526 3405 554 3440 μ)
574 3406 653 3430 Hanc
671 3406 757 3438 igitur
773 3405 933 3429 oblationem
952 3407 1010 3432 etc„
1026 3407 1055 3428 ut
1067 3404 1121 3436 flat
1138 3403 1247 3428 oblatio.
1263 3417 1283 3421 —
1300 3403 1365 3427 haec
1383 3402 1481 3427 oblatio
1499 3402 1536 3427 sit

471 3442 500 3471 F.
521 3445 550 3466 ut
568 3441 632 3466 haec
651 3441 748 3466 oblatio
767 3440 799 3470 Ic,
820 3442 849 3464 ut
866 3440 930 3464 haec
949 3439 1047 3463 oblatio
1065 3439 1101 3463 sit
1119 3439 1172 3463 illis
1190 3439 1218 3469 P,
1232 3437 1274 3471 (ut
1290 3445 1371 3470 super
1388 3437 1451 3471 ras.)
1470 3438 1535 3462 haec

471 3477 571 3502 oblatio
588 3477 625 3501 sit
643 3476 695 3501 illis
714 3477 775 3508 (pro
795 3476 888 3507 quibus
907 3474 1020 3508 offertur
1037 3474 1176 3505 salutaris)
1190 3481 1249 3498 cum
1270 3473 1335 3498 dicit
1353 3473 1432 3497 Hanc
1451 3472 1535 3505 igitur

472 3512 519 3544 sG,
539 3512 602 3537 haec
621 3511 719 3537 oblatio
738 3510 822 3536 ceteri.

1109 159 1372 206 QUAESTIO
1401 157 1609 199 LXXXIII,
1639 156 1933 194 ARTICULUS
1962 157 2011 193 IV

1586 237 1687 285 quia,
1717 244 1759 273 ut
1787 236 1875 273 dicit
1903 235 2122 285 Dionysius,
2152 247 2184 272 111
2212 247 2294 285 cap.
2315 236 2335 257 '³‘
2362 236 2501 273 Eccles.
2525 237 2648 282 Ilien,

1587 289 1653 338 qui
1673 289 1753 326 aliis
1773 289 1902 326 divina
1921 289 2044 336 tradit,
2064 288 2191 337 primo
2220 288 2333 325 debet
2360 288 2441 337 ipse
2461 289 2649 338 particeps

1588 355 1681 379 esse.

1640 395 1783 432 Ultimo
1818 402 1948 432 autem
1982 401 2061 431 tota
2088 393 2227 430 missae
2262 393 2464 430 celebratio
2501 393 2541 430 in
2568 406 2650 442 gra—

1587 448 1726 485 tiarum
1755 448 1902 485 actione
1930 447 2169 484 terminatur:
2194 447 2341 494 populo
2370 447 2559 483 exultante
2578 459 2650 495 pro

1588 501 1807 550 sumptione
1836 500 2016 550 mysterii,
2047 499 2154 548 quod
2182 498 2367 546 significat
2403 506 2537 535 cantus
2564 507 2652 548 post

1587 554 1924 600 communionem;
1946 560 1981 590 et
2005 552 2201 589 sacerdote
2229 563 2299 600 per
2326 550 2542 588 orationem
2569 563 2650 599 gra-

1587 607 1656 643 tias
1685 607 1888 644 offerente:
1919 606 2015 643 sicut
2043 613 2078 642 et
2107 604 2299 651 Christus,
2329 603 2517 640 celebrata
2545 604 2652 641 Cena

1588 672 1679 697 cum
1707 659 1913 709 discipulis,
1942 661 2126 708 hymnum
2155 658 2259 703 dixit,
2289 663 2331 693 ut
2359 656 2496 693 dicitur
2513 657 2649 693 Matth.

1587 725 1669 750 xxw
1689 713 1719 749 ³¹⁶.
2207 719 2210 721 ’

1641 767 1697 803 AD
1718 778 1852 803 PRIMUM
1873 777 1970 802 ERGO
1985 776 2166 801 DICENDUM
2182 762 2288 812 quod
2308 762 2543 799 consecratio
2563 762 2653 799 solis

1587 818 1714 855 verbis
1744 818 1883 855 Christi
1911 817 2124 855 conficitur.
2158 816 2242 853 Alia
2269 827 2363 852 vero
2401 827 2557 852 necesse
2584 815 2654 852 fuit

1588 872 1729 908 addere
1764 873 1812 908 ad
1848 870 2182 920 praeparationem
2215 868 2349 918 populi
2385 868 2582 916 sumentis,
2611 876 2654 905 ut

1589 925 1735 961 dictum
1763 933 1818 961 est
1836 924 1867 961 ³¹⁶.

1641 979 1698 1014 AD
1718 989 1907 1015 sECUNDUM
1925 988 2108 1013 mcx-:NDUM
2127 975 2246 1024 quod,
2268 974 2364 1011 sicut
2392 974 2529 1011 dicitur
2547 975 2651 1012 Ioan.

1588 1031 1653 1065 ult.
1674 1029 1705 1072 ²⁸,
1735 1031 1855 1066 multa
1883 1036 1972 1065 sunt
1991 1041 2014 1065 a
2031 1028 2203 1065 Domino
2231 1028 2328 1064 facta
2345 1029 2408 1064 vel
2427 1027 2525 1064 dicta
2553 1039 2653 1077 quae

1589 1082 1852 1129 Evangelistae
1872 1093 1952 1118 non
1972 1081 2214 1129 scripserunt.
2244 1082 2344 1117 Inter
2362 1092 2463 1129 quae
2481 1080 2550 1117 fuit
2578 1081 2654 1118 hoc

1588 1134 1696 1182 quod
1715 1134 1908 1170 Dominus
1928 1134 2062 1170 oculos
2080 1132 2221 1169 levavit
2240 1132 2279 1168 in
2298 1134 2449 1170 caelum
2467 1132 2507 1169 in
2527 1133 2651 1171 Cena:

1588 1186 1696 1235 quod
1723 1194 1854 1223 tamen
1882 1185 2052 1222 Ecclesia
2079 1197 2126 1221 ex
2152 1184 2354 1221 traditione
2377 1186 2654 1234 Apostolorum

1588 1238 1723 1276 habuit
1736 1238 1767 1275 ³³.
1793 1237 2033 1276 Rationabile
2062 1237 2167 1273 enim
2194 1236 2347 1274 videtur
2373 1245 2416 1274 ut
2447 1237 2515 1286 qui
2533 1237 2573 1275 in
2592 1251 2653 1277 su-

1589 1291 1785 1328 scitatione
1813 1290 1958 1338 Lazari,
1979 1298 2021 1327 ut
2040 1290 2205 1327 habetur
2222 1291 2326 1326 Ioan.
2343 1302 2377 1326 xt
2395 1289 2427 1337 ³¹⁵,
2457 1297 2494 1326 et
2511 1290 2550 1327 in
2570 1303 2654 1329 ora-

1588 1345 1692 1381 tione
1721 1357 1840 1394 quam
1868 1356 1939 1393 pro
1960 1342 2153 1392 discipulis
2180 1342 2278 1389 fecit,
2299 1343 2402 1379 Ioan.
2422 1355 2493 1380 xvu
2511 1342 2542 1390 ²¹⁸,
2563 1356 2655 1382 ocu-

1589 1400 1645 1435 los
1673 1397 1814 1435 levavit
1841 1397 1890 1434 ad
1918 1398 2088 1442 Patrem,
2118 1395 2158 1432 in
2186 1395 2302 1432 huius
2339 1396 2567 1433 sacramenti
2599 1398 2655 1435 in-

1589 1451 1780 1488 stitutione
1809 1451 1932 1487 multo
1969 1449 2090 1497 magis
2118 1450 2194 1485 hoc
2220 1447 2369 1495 fecerit,
2397 1456 2584 1498 tanquam
2616 1450 2656 1488 in

1590 1517 1630 1541 re
1658 1503 1809 1553 potiori.

1644 1557 1763 1604 Quod
1790 1563 1919 1593 autem
1948 1555 2084 1592 dicitur
2111 1555 2344 1601 manducate,
2373 1562 2410 1591 et
2428 1566 2509 1591 non
2534 1568 2656 1593 come-

1590 1610 1661 1647 dite
1679 1617 1703 1658 ν,
1731 1621 1812 1646 non
1831 1609 1957 1646 differt
1976 1615 2167 1657 quantum
2187 1607 2235 1644 ad
2255 1619 2425 1645 sensum.
2454 1608 2539 1645 Nec
2557 1610 2656 1646 mul-

1589 1672 1674 1700 tum
1702 1663 1812 1700 refert
1840 1662 1934 1711 quid
1963 1662 2127 1698 dicatur:
2165 1660 2387 1710 praesertim
2417 1672 2510 1698 cum
2536 1662 2656 1701 verba

1589 1717 1651 1754 illa
1679 1729 1760 1753 non
1788 1716 1861 1753 sint
1880 1715 1928 1752 de
1956 1715 2090 1761 forma,
2111 1721 2154 1751 ut
2179 1725 2296 1763 supra
2313 1713 2334 1736 ’¹‘
2362 1713 2507 1751 dictum
2535 1723 2601 1752 est.

1643 1770 1764 1817 Quod
1791 1776 1922 1806 autem
1942 1767 2095 1805 additur
2122 1779 2262 1814 omnes,
2282 1766 2499 1815 intelligitur
2516 1766 2557 1804 in
2570 1779 2655 1806 ver-

1589 1823 1648 1860 bis
1685 1821 1904 1871 Evangelii,
1934 1821 2018 1858 licet
2045 1832 2126 1857 non
2164 1819 2416 1869 exprimatur:
2451 1819 2543 1869 quia
2574 1821 2656 1870 ipse

1589 1877 1750 1922 dixerat,
1780 1877 1884 1913 Ioan.
1907 1874 2001 1919 v1*:
2039 1875 2127 1911 Nisi
2158 1873 2469 1911 manducaveritis
2503 1886 2657 1911 carnem

1589 1930 1678 1967 Filii
1702 1930 1872 1974 hominis,
1903 1940 1978 1964 non
2006 1928 2181 1964 habebitis
2207 1928 2321 1964 vitam
2349 1928 2387 1963 in
2415 1928 2528 1964 vohis.

1643 1984 1700 2019 AD
1727 1993 1887 2019 TERTmM
1910 1992 2093 2018 DICENDUM
2120 1979 2228 2028 quod
2256 1979 2496 2017 Eucharistia
2516 1987 2572 2017 est
2598 1992 2657 2017 sa-

1590 2043 1832 2073 cramentum
1850 2033 1966 2071 totius
1986 2032 2257 2070 ecclesiasticae
2276 2031 2430 2069 unitatis
2445 2033 2475 2070 ²¹⁶.
2501 2033 2550 2070 Et
2567 2032 2656 2070 ideo

1590 2088 1802 2139 specialiter
1837 2087 1877 2124 in
1914 2087 1990 2123 hoc
2026 2094 2287 2131 sacramentO,
2316 2085 2437 2134 magis
2469 2082 2590 2135 quam
2616 2086 2656 2123 in

1589 2142 1686 2188 aliis,
1717 2141 1829 2178 debet
1856 2139 1940 2177 fieri
1968 2139 2114 2176 mentio
2148 2139 2195 2176 de
2224 2138 2407 2176 omnibus
2444 2151 2544 2188 quae
2570 2150 2656 2189 per-

1588 2196 1710 2233 tinent
1737 2194 1786 2231 ad
1815 2194 1978 2230 salutem
2005 2192 2121 2230 totius
2149 2192 2353 2230 Ecclesiae.

1642 2250 1700 2285 AD
1729 2258 1902 2290 QUARTUM
1928 2258 2111 2283 DmENDUM
2139 2245 2246 2294 quod
2274 2245 2417 2294 duplex
2441 2252 2496 2281 est
2518 2244 2656 2282 instru-

1589 2301 1663 2339 ctio
1684 2299 1707 2337 Ε.
1736 2301 1845 2345 Una,
1873 2311 1974 2348 quae
2001 2298 2045 2335 fit
2072 2298 2223 2335 noviter
2249 2297 2488 2343 imbuendis,
2517 2297 2658 2335 scilicet

1589 2352 1887 2392 catechumenis.
1926 2352 1975 2388 Et
2011 2350 2093 2388 talis
2128 2350 2325 2388 instructio
2361 2350 2404 2387 fit
2431 2350 2531 2388 circa
2549 2356 2563 2372 ⁰
2590 2350 2656 2388 ba-

1589 2408 1788 2458 ptismum.

1627 2459 1726 2504 ,Alia
1746 2466 1876 2496 autem
1895 2465 1951 2494 est
1970 2457 2172 2501 instructiov
2187 2457 2226 2494 in
2246 2469 2325 2506 qua
2343 2456 2541 2494 instruitur
2561 2455 2656 2494 fide-

1589 2514 1633 2550 lis
1665 2513 1850 2562 populus,
1880 2510 1947 2560 qui
1975 2510 2238 2547 communicat
2265 2509 2357 2547 huic
2384 2509 2579 2559 mysterio.
2602 2510 2658 2547 'Et

1588 2566 1671 2603 talis
1699 2563 1896 2602 instructio
1915 2563 1959 2600 fit
1982 2563 2022 2600 in
2050 2564 2126 2600 hoc
2145 2570 2395 2600 sacramento.
2416 2585 2441 2590 —
2460 2563 2510 2599 Et
2526 2570 2658 2600 tamen

1589 2619 1637 2656 ab
1671 2620 1744 2656 hac
1776 2616 2024 2654 instructione
2061 2628 2142 2653 non
2179 2617 2417 2665 repelluntur
2452 2615 2568 2653 etiam
2595 2627 2656 2653 ca,-

1588 2671 1812 2709 techumeni
1841 2678 1877 2707 et
1896 2669 2081 2706 infideles.
2110 2669 2224 2707 Unde
2244 2669 2382 2706 dicitur
2399 2669 2446 2706 de
2467 2670 2655 2715 Consecr.,

1589 2725 1672 2763 dist.
1693 2726 1708 2762 I
1726 2724 1763 2760 *z
1793 2725 1998 2773 Episcopus
2017 2723 2159 2759 nullum
2173 2723 2370 2772 prohibeat
2389 2722 2580 2759 ecclesiam
2600 2723 2655 2759 in-

1588 2778 1699 2829 gredi
1730 2783 1763 2814 et
1790 2777 1922 2814 audire
1956 2777 2111 2814 verbum
2138 2776 2229 2822 Dei,
2258 2777 2335 2813 sive
2369 2775 2545 2826 gentilem
2579 2775 2657 2813 sive

1589 2832 1815 2869 haereticum
1843 2831 1919 2867 sive
1945 2829 2141 2874 Iudaeum,
2170 2841 2285 2878 usque
2311 2828 2363 2866 ad
2387 2830 2537 2866 missam
2559 2833 2655 2865 cate-

1589 2886 1871 2929 chumenorum,
1892 2882 1931 2919 in
1950 2894 2029 2931 qua
2056 2881 2194 2919 scilicet
2216 2881 2441 2918 continetur.
2458 2879 2655 2918 instructio

1589 2937 1693 2975 fidei.

1643 2992 1701 3027 AD
1731 3001 1891 3032 QmNTUM
1918 3000 2100 3027 DICENDUM
2119 2987 2226 3036 quod
2254 2986 2294 3024 in
2321 2987 2397 3023 hoc
2415 2993 2655 3024 sacramento

1590 3043 1716 3081 maior
1734 3041 1889 3080 devotio
1909 3039 2115 3090 requiritur
2141 3051 2262 3089 quam
2279 3038 2319 3076 in
2339 3038 2419 3076 aliis
2439 3051 2655 3076 sacramen-

1590 3097 1647 3144 tis,
1676 3103 1834 3145 propter
1867 3095 1944 3131 hoc
1972 3093 2080 3142 quod
2106 3092 2146 3130 in
2173 3093 2250 3129 hoc
2277 3099 2516 3129 sacramento
2553 3099 2655 3130 totus

1593 3149 1766 3188 Christus
1794 3146 2021 3185 continetur.
2051 3146 2100 3182 Et
2127 3143 2242 3182 etiam
2269 3144 2534 3182 communior:
2564 3144 2656 3194 quia

1642 3262 1666 3295 ν)
1686 3261 1855 3291 manducate,
1879 3262 1906 3285 et
1928 3267 1979 3284 non
2004 3257 2142 3284 comedite.
2163 3270 2184 3276 -
2206 3257 2285 3282 bibite
2307 3260 2335 3282 et
2352 3257 2513 3282 manducate
2531 3257 2560 3288 F,
2579 3265 2655 3283 man-

1590 3298 1686 3338 ducate
1703 3299 1730 3322 et
1747 3295 1877 3321 comedite
1895 3295 1968 3319 tertia
1986 3298 2089 3327 praeter
2106 3293 2139 3318 G.
2156 3306 2175 3311 —
2193 3292 2259 3324 quid
2277 3293 2385 3318 dicatur
2403 3292 2425 3317 D
2440 3297 2465 3317 et
2478 3293 2551 3318 tertia
2557 3300 2565 3324 ;
2583 3292 2656 3326 quod

1589 3333 1835 3435 άξιῖὧκῖἧῗΐνιιετίο.
1853 3379 1872 3384 -
1882 3364 1953 3397 fidei
1970 3364 2067 3389 addunt
2080 3363 2100 3388 1²·
2115 3368 2141 3388 et
2155 3363 2228 3388 tertia
2242 3361 2394 3396 (instructio
2405 3363 2476 3396 fidei
2493 3366 2534 3389 est
2552 3363 2655 3396 duplex

1589 3410 1603 3427 e
1623 3407 1715 3427 itiones
1730 3420 1736 3426 .

1644 3436 1669 3470 ο)
1688 3437 1768 3461 circa.
1786 3449 1805 3454 —-
1818 3442 1871 3467 per
1890 3435 1912 3459 H
1933 3439 1958 3459 et
1976 3434 2100 3459 editiones
2107 3442 2114 3466 3
2133 3434 2208 3459 Alias
2227 3434 2299 3459 circa
2318 3441 2408 3466 margo
2427 3434 2456 3459 P.

2676 237 2760 263 '5¹⁴-

2680 714 2689 724 ¹‘
2697 712 2764 735 Vere.
2772 718 2812 741 3o;
2820 713 2891 736 Marc.

2680 745 2729 767 cap.
2736 745 2784 766 xxv,
2789 745 2848 761 vers.
2855 740 2893 762 26.

2681 926 2691 936 ·
2705 924 2731 946 In
2745 929 2853 952 corpore.

2681 1036 2691 1047 ·
2705 1034 2772 1057 Vm.
2786 1041 2825 1063 ²53
2841 1040 2893 1063 cap.

2680 1067 2719 1088 xx.
2734 1067 2794 1084 vers.
2808 1067 2844 1091 30·

2681 1247 2692 1257 '
2705 1244 2742 1267 ef.
2764 1250 2815 1273 up.
2837 1244 2896 1267 Cum

2682 1271 2895 1321 temate?

2682 1325 2693 1362 ἶ
2706 1323 2774 1373 ῧὲἒῑ
2787 1331 2825 1373 ῒέ·

2780 1614 2793 1631 ν
2825 1607 2827 1609 ,

2683 1722 2693 1731 ·
2700 1719 2748 1747 Qu.
2753 1725 2845 1747 unm,
2852 1723 2896 1742 art.

2684 1753 2703 1773 ι,
2718 1746 2748 1768 nd
2761 1752 2782 1774 2,
2795 1753 2819 1774 4.

2683 1881 2694 1892 ·
2708 1880 2776 1903 Ven.
2790 1887 2826 1909 54.

2683 2038 2695 2049 ·
2704 2037 2740 2060 ef.
2749 2038 2800 2060 loen
2809 2038 2848 2060 cit.
2859 2038 2883 2060 in

2683 2069 2749 2096 corp.
2756 2080 2763 2091 ‚
2790 2065 2886 2087 Deinde

2683 2092 2773 2119 agutur.

2682 2729 2694 2741 ·
2700 2728 2757 2751 Ciu.
2763 2728 2897 2758 Episcopus

2681 2755 2776 2778 nullm.
