2918 4088
154 1048 234 1069 'iPer
246 1047 284 1068 He
272 1054 337 1072 e.rm,

153 1080 239 1121 gap-Tg,
253 1080 337 1121 ἰ’ῐιέ·
320 1101 336 1126 1

152 1127 242 1148 le.ct1.1

153 1373 162 1383 ·
177 1372 226 1393 Art.
243 1371 264 1393 6.

150 2004 159 2014 ·
175 2003 242 2025 Vers.
257 2003 293 2025 26.

150 2158 160 2168 ‘¹
176 2157 241 2179 Vers.
258 2163 290 2185 ¹9.

152 2276 162 2285 ·
177 2275 226 2296 Art.
242 2274 264 2300 6,
275 2274 303 2295 ad
316 2280 334 2295 2.

157 3067 166 3076 ·
181 3065 258 3087 Tract.
274 3065 332 3086 Lxx
338 3065 364 3086 Χ.

406 166 449 191 10

1075 155 1337 201 QUAESTIO
1369 156 1453 202 LX,
1484 155 1775 216 ARTICULUS
1803 155 1868 192 Vll

396 243 506 273 gnum,
523 239 558 263 ut
574 239 725 274 tanquam
749 244 786 265 ex
803 234 929 265 duobus
953 235 1134 275 partialibus
1158 235 1253 274 signis
1278 235 1331 265 fiat
1354 244 1457 265 unum
1482 232 1486 271 Ι
1511 236 1622 271 verbis,
1651 240 1687 264 ut
1714 239 1787 265 sunt
1814 233 2052 265 determinabile
2080 240 2111 266 et
2138 235 2357 268 determinatio
2385 239 2418 268 in
2446 238 2569 269 ratione

395 278 493 307 totale
516 278 662 317 signum:
688 278 743 309 sed
766 280 834 319 ipsa
856 279 1026 319 applicatio
1048 288 1159 319 aquae,
1178 288 1259 318 quae
1275 279 1457 310 indetermi-

396 326 468 351 nata
491 326 538 351 est
560 321 599 352 ad
623 322 861 362 significandam
885 322 1080 362 spiritualem
1104 323 1310 359 ablutionem,
1327 324 1377 354 vel
1394 324 1456 363 spi-

396 365 541 395 ritualem
571 366 744 396 claritatem
771 372 826 397 aut
853 367 1097 406 simplieitatem,
1122 372 1176 396 aut
1205 366 1323 406 aliquid
1346 367 1456 397 huius-

395 408 494 445 modi,
525 419 561 439 ex
590 411 818 440 coniuncn'one
849 410 888 440 ad
915 411 1009 440 verba
1043 410 1198 440 abluentis
1231 410 1456 441 determinatur

396 452 435 483 ad
462 453 700 493 significandam
732 454 927 494 spiritualem
960 454 1166 484 ablutionem.
1199 454 1243 484 lta
1271 455 1360 494 quod
1387 465 1455 485 non

395 503 469 526 sunt
503 497 584 527 duae
617 498 785 528 relationes
818 499 899 538 signi
925 499 958 528 in
987 508 1069 538 aqua
1097 503 1127 528 et
1149 499 1272 528 verbis:
1306 498 1361 529 sed
1391 509 1455 529 una

395 546 519 571 tantum
551 541 662 572 relatio
695 543 776 581 signi
805 548 852 572 est
878 543 911 572 in
938 543 1001 572 hoc
1030 543 1211 581 composito
1241 552 1278 573 ex
1306 544 1400 574 rebus
1424 549 1455 574 et

1347 630 1383 637 N*

1511 278 1708 320 significandi
1731 287 1833 308 unum
1857 278 2052 317 spiritualem
2075 278 2233 311 effectum.
2267 281 2348 312 Sunt
2371 282 2456 312 enim
2479 282 2568 318 haec,

1510 330 1546 354 ut
1569 325 1602 354 in
1625 323 1726 353 littera
1756 321 1910 352 subtiliter
1937 321 2067 352 traditur
2095 327 2126 352 et
2149 322 2323 355 declaratur
2352 325 2386 355 in
2408 326 2499 356 tertia
2521 335 2569 356 ra-

1510 369 1597 398 tione
1620 368 1653 397 in
1678 375 1813 406 corpore
1837 365 1968 401 articuli,
1986 365 2073 395 velut
2095 367 2225 396 materia
2241 372 2272 397 et
2287 367 2390 398 forma
2405 369 2438 399 in
2453 378 2569 408 genere

1510 412 1611 451 signi:
1636 420 1703 440 non
1727 409 1816 449 quod
1843 409 1953 439 relatio
1977 409 2045 439 talis
2074 410 2154 449 signi
2177 411 2216 440 sit
2239 412 2418 451 composita
2442 421 2479 442 ex
2502 421 2569 442 ma-

1509 456 1587 486 teria
1610 460 1641 484 et
1663 454 1787 489 forma;
1811 453 1866 483 sed
1891 454 1965 493 quia
1988 453 2099 483 relatio
2123 453 2192 483 talis
2216 454 2297 493 signi
2318 463 2386 485 non
2407 454 2494 486 adest
2509 456 2569 485 nisi

1510 499 1692 538 composito
1717 507 1755 528 ex
1777 497 1891 527 talibus
1916 497 2147 527 determinabili
2170 502 2201 527 et
2223 497 2462 534 determinante,
2487 508 2569 538 quae

1510 549 1582 573 sunt
1606 542 1693 572 velut
1719 542 1850 571 materia
1873 547 1904 571 et
1927 541 2039 571 forma.

1171 702 1491 744 ARTICULUS
1520 702 1789 744 SEPTIMUS

779 797 935 827 UTRUM
958 796 1273 834 REQUIRANTUR
1296 797 1615 827 DETERMINATA
1638 797 1783 827 VERBA
1806 797 1850 827 IN
1873 796 2179 828 SACRAMEers

424 899 491 952 ἐξῆν
506 911 579 959 3155(
601 907 623 931 D
643 906 821 931 SEPTIMUM
839 906 890 930 sxc
910 905 1145 930 PROCEDrrUR.
1166 893 1326 930 Videtur
1345 893 1451 942 quod

419 935 683 1006 'Rssffiffi-
715 946 956 995 requirantur
990 945 1239 982 determinata
1266 945 1385 982 verba
1413 945 1452 982 in

409 978 1452 1100 *ez-5&{aazias..2255222232221353323222

393 1103 469 1139 Sed
497 1103 609 1150 salus,
630 1116 728 1152 quae
756 1116 826 1153 per
852 1110 1135 1139 sacramentum
1163 1103 1369 1152 quaeritur,
1399 1110 1454 1139 est

391 1155 527 1191 eadem
546 1156 650 1203 apud
670 1168 817 1192 omnes.
839 1156 941 1203 Ergo
961 1167 1041 1192 non
1060 1155 1308 1204 requiruntur
1326 1155 1454 1204 aliqua

390 1206 639 1245 determinata
666 1209 785 1244 verba
811 1207 850 1244 in
879 1207 1135 1244 sacramentis.

445 1272 478 1296 2.
509 1261 741 1307 PRAETEREA,
761 1260 879 1297 verba
899 1259 1145 1308 requiruntur
1170 1260 1210 1296 in
1238 1272 1452 1297 sacramen-

388 1313 434 1350 tis
453 1313 681 1362 inquantum
703 1321 791 1350 sunt
809 1312 1064 1362 principaliter
1082 1311 1341 1360 significativa,
1357 1311 1453 1349 sicut

390 1365 534 1415 supra*
549 1366 694 1403 dictum
709 1373 774 1402 est.
797 1365 873 1402 Sed
893 1365 1073 1413 contingit
1087 1377 1157 1414 per
1170 1365 1320 1402 diversa
1334 1365 1453 1401 verba

389 1419 493 1456 idem
521 1419 733 1467 significari.
763 1419 865 1466 Ergo
894 1430 974 1455 non
1002 1417 1251 1467 requiruntur
1278 1417 1452 1455 determi-

390 1479 477 1508 nata
503 1472 622 1509 verba
650 1471 689 1508 in
716 1471 974 1508 sacramentis.

444 1525 478 1561 3.
509 1526 747 1570 PRAETEREA,
776 1524 970 1573 corruptio
1005 1523 1206 1561 cuiuslibet
1243 1523 1296 1560 rei
1333 1522 1453 1560 variat

389 1577 471 1614 eius
499 1577 678 1627 speciem.
722 1577 799 1614 Sed
826 1577 987 1626 quidam
1015 1584 1193 1626 corrupte
1221 1576 1339 1613 verba
1367 1588 1452 1625 pro-

388 1631 524 1678 ferunt,
544 1642 615 1667 nec
642 1638 771 1667 tamen
799 1637 955 1679 propter
981 1631 1057 1667 hoc
1080 1629 1257 1678 impediri
1289 1628 1454 1666 creditur

390 1691 715 1720 sacramentorum
733 1683 910 1719 effectus:
931 1682 1102 1732 alioquin
1123 1682 1281 1719 illiterati
1296 1689 1332 1718 et
1350 1681 1453 1719 balbi

390 1736 457 1785 qui
477 1743 713 1773 sacramenta
731 1735 944 1780 conferunt,
964 1736 1181 1784 frequenter
1203 1735 1394 1772 defectum
1413 1734 1452 1771 in

390 1789 635 1826 sacramentis
663 1789 898 1825 inducerent.
929 1789 1030 1836 Ergo
1058 1788 1210 1825 videtur
1237 1788 1344 1837 quod
1371 1799 1452 1824 non

391 1842 632 1891 requirantur
658 1842 698 1878 in
725 1841 971 1878 sacramentis
999 1841 1248 1878 determinata
1267 1840 1397 1877 verba.

445 1896 518 1932 SED
554 1907 698 1932 CONTRA
734 1906 800 1931 EST
837 1894 943 1942 quod
981 1894 1174 1931 Dominus
1202 1893 1453 1930 determinata

390 1949 508 1985 verba
535 1947 691 1998 protulit
726 1946 765 1983 in
799 1946 1085 1983 consecratione
1121 1946 1346 1983 sacramenti
1374 1947 1452 1983 Eu-

390 2000 598 2047 charistiae,
627 1999 767 2047 dicens,
797 1999 1096 2036 Matth.xxv1*:
1126 2001 1214 2036 Hoc
1242 2005 1292 2036 est
1319 2011 1453 2048 corpus

390 2066 524 2091 meum.
555 2052 734 2090 Similiter
753 2052 867 2088 etiam
886 2052 1083 2089 mandavit
1106 2051 1300 2101 discipulis
1318 2059 1361 2088 ut
1379 2051 1451 2088 sub

390 2106 638 2144 determinata
664 2106 789 2142 forma
813 2104 1023 2142 verborum
1042 2105 1287 2154 baptizarent,
1307 2104 1450 2152 dicens,

389 2160 523 2196 Matth.
540 2160 605 2195 ult.
617 2158 654 2194 *ε
675 2160 824 2203 Euntes,
836 2157 961 2194 docete
974 2170 1102 2195 omnes
1114 2163 1254 2208 gentes,
1265 2159 1451 2207 baptizan—

389 2219 440 2249 tes
459 2224 520 2249 eos
538 2215 575 2248 in
603 2212 753 2248 nomine
770 2211 891 2247 Patris
910 2216 943 2247 et
967 2211 1055 2247 Filii
1072 2216 1105 2247 et
1133 2212 1287 2260 Spiritus
1315 2212 1450 2247 Sancti.

442 2266 665 2302 RESPONDEO
693 2275 874 2301 DICENDUM
900 2264 1018 2313 quod,
1047 2263 1143 2301 sicut
1171 2263 1317 2300 dictum
1345 2270 1400 2300 est
1418 2263 1450 2310 *,

390 2319 429 2355 in
457 2316 702 2355 sacramentis
730 2316 847 2352 verba
866 2329 906 2354 se
934 2315 1077 2353 habent
1099 2328 1168 2366 per
1195 2316 1360 2353 modum
1378 2316 1452 2353 for-

391 2383 489 2417 mae,
511 2383 570 2407 res
597 2377 727 2406 autern
755 2369 950 2406 sensibiles
978 2381 1047 2419 per
1065 2369 1229 2406 modum
1258 2368 1450 2406 materiae.

391 2426 433 2460 In
452 2423 634 2460 omnibus
653 2430 782 2459 autem
797 2421 1018 2471 compositis
1038 2434 1084 2459 ex
1103 2421 1261 2459 materia
1275 2429 1311 2458 et
1329 2422 1453 2459 forma

391 2476 622 2526 principium
650 2475 976 2512 determinationis
1004 2482 1058 2511 est
1086 2487 1132 2511 ex
1159 2482 1265 2524 parte
1293 2474 1451 2522 formae,

392 2541 491 2578 quae
520 2536 575 2565 est
602 2528 896 2577 quodammodo
931 2527 1019 2564 finis
1048 2534 1084 2564 et
1117 2527 1303 2564 terminus
1338 2534 1452 2564 mate-

392 2582 480 2619 riae.
509 2582 557 2618 Et
584 2581 671 2618 ideo
699 2580 944 2630 principalius
983 2580 1186 2629 requiritur
1213 2581 1261 2617 ad
1290 2592 1371 2617 esse
1400 2580 1454 2617 rei

391 2634 641 2672 determinata
675 2634 798 2670 forma
834 2646 954 2682 quam
988 2633 1237 2670 determinata
1274 2633 1451 2670 materia:

392 2687 550 2724 materia
569 2687 672 2723 enim
701 2686 949 2723 determinata
969 2686 1164 2735 quaeritur
1183 2691 1200 2707 α
1228 2694 1270 2723 ut
1298 2685 1343 2722 sit
1366 2698 1453 2735 pro-

391 2740 607 2789 portionata
634 2739 905 2776 determinatae
942 2739 1099 2776 formae.
1137 2739 1239 2776 Cum
1276 2738 1388 2786 igitur
1415 2739 1454 2775 in

392 2792 637 2830 sacramentis
674 2791 916 2841 requirantur
951 2791 1223 2829 determinatae
1251 2803 1310 2828 res
1339 2791 1455 2828 sensi-

392 2845 497 2892 biles,
518 2857 618 2894 quae
646 2857 686 2881 se
714 2844 857 2882 habent
884 2844 923 2881 in
952 2844 1196 2882 sacramentis
1215 2844 1312 2881 sicut
1338 2852 1455 2882 mate-

393 2899 466 2944 ria,
497 2900 618 2935 multo
656 2898 776 2945 magis
813 2897 1017 2947 requiritur
1044 2897 1082 2934 in
1115 2897 1168 2934 eis
1206 2897 1455 2935 determinata

392 2952 515 2988 forma
542 2951 763 2987 verborum.

446 3005 502 3040 AD
531 3016 665 3041 PRIMUM
693 3016 790 3040 ERGO
810 3015 990 3040 DICENDUM
1020 3003 1138 3052 quod,
1159 3002 1255 3040 sicut
1281 3003 1455 3062 Augusti-

394 3069 468 3093 nus
495 3056 596 3101 dicit,
615 3068 726 3104 super
752 3058 860 3093 Ioan.
880 3056 912 3103 ²¹⁶,
932 3056 1098 3094 verbum
1124 3064 1304 3105 operatur
1330 3056 1371 3093 in
1399 3069 1456 3093 sa-

395 3108 608 3154 cramentis,
629 3121 702 3145 non
733 3110 818 3156 quia
846 3109 987 3154 dicitur,
1008 3108 1114 3155 idest,
1135 3121 1215 3146 non
1241 3109 1457 3146 secundum

1507 892 1733 930 exteriorem
1768 904 1911 930 sonum
1947 892 2071 930 vocis:
2100 893 2165 930 sed
2191 895 2277 942 quia
2305 894 2483 941 creditur,
2513 907 2570 932 se-

1507 944 1715 982 cundum¹3
1751 957 1905 982 sensum
1945 945 2155 983 verborum
2190 946 2258 994 qui
2293 946 2371 983 fide
2408 955 2568 985 tenetur.

1508 999 1555 1035 Et
1591 997 1653 1034 hic
1681 997 1840 1047 quidem
1878 1010 2012 1035 sensus
2049 1006 2104 1035 est
2131 997 2236 1035 idem
2270 999 2375 1048 apud
2411 1012 2568 1047 omnes,

1508 1050 1591 1087 licet
1618 1062 1698 1087 non
1731 1051 1891 1087 eaedem
1927 1062 2043 1087 voces
2061 1055 2077 1079 Υ
2105 1059 2295 1100 quantum
2329 1052 2378 1089 ad
2415 1065 2568 1090 sonum.

1508 1104 1556 1140 Et
1583 1102 1682 1150 ideo,
1703 1102 1983 1152 cuiuscumque
2003 1103 2152 1151 linguae
2171 1103 2298 1140 verbis
2326 1105 2539 1154 proferatur
2557 1104 2570 1128 δ

1507 1155 1591 1192 talis
1619 1167 1765 1200 sensus,
1784 1154 1981 1204 perficitur
2008 1163 2303 1194 sacramentum.

1560 1209 1618 1244 AD
1646 1219 1835 1244 SECUNDUM
1862 1219 2043 1244 DICENDUM
2071 1209 2190 1256 quod,
2220 1208 2305 1245 licet
2332 1209 2372 1246 in
2403 1210 2571 1259 qualibet

1508 1259 1637 1307 lingua
1664 1259 1856 1307 contingat
1874 1258 2033 1296 diversis
2052 1260 2213 1297 vocibus
2232 1261 2337 1298 idem
2356 1261 2570 1322 significari,

1509 1323 1662 1360 semper
1679 1319 1809 1348 tamen
1823 1310 1951 1360 aliqua
1970 1311 2120 1349 illarum
2138 1325 2284 1349 vocum
2299 1321 2354 1350 est
2372 1326 2451 1363 qua
2467 1314 2571 1363 prin-

1508 1363 1666 1412 cipalius
1703 1372 1739 1400 et
1774 1363 2023 1401 communius
2065 1364 2244 1402 homines
2282 1365 2380 1402 illius
2422 1366 2572 1415 linguae

1507 1423 1668 1453 utuntur
1695 1417 1743 1453 ad
1772 1417 1847 1453 hoc
1875 1415 2180 1465 significandum.
2219 1418 2268 1455 Et
2294 1417 2376 1455 talis
2403 1431 2481 1456 vox
2514 1432 2572 1457 as-

1508 1469 1609 1506 sumi
1647 1469 1760 1506 debet
1789 1469 1836 1509 in
1873 1468 2146 1518 significatione
2187 1471 2424 1508 sacramenti.
2468 1471 2573 1510 Sicut

1507 1522 1623 1559 etiam
1650 1522 1747 1559 inter
1774 1534 1834 1559 res
1853 1521 2048 1559 sensibiles
2067 1521 2129 1559 illa
2156 1523 2364 1560 assumitur
2384 1524 2433 1561 ad
2461 1523 2572 1573 signi-

1506 1574 1728 1612 ficationem
1747 1574 1973 1612 sacramenti
2001 1574 2111 1612 cuius
2130 1587 2224 1612 usus
2252 1584 2307 1613 est
2325 1577 2574 1615 communior

1508 1628 1557 1664 ad
1584 1635 1714 1664 actum
1741 1639 1811 1676 per
1838 1639 1957 1676 quem
1986 1627 2212 1665 sacramenti
2240 1629 2397 1671 effectus
2431 1629 2572 1678 signifi-

1507 1688 1633 1717 catur:
1663 1680 1759 1717 sicut
1786 1692 1887 1730 aqua
1920 1680 2169 1718 communius
2206 1688 2367 1719 utuntur
2393 1682 2572 1720 homines

1507 1734 1556 1770 ad
1584 1733 1821 1770 ablutionem
1849 1734 2101 1782 corporalem,
2121 1745 2191 1782 per
2218 1746 2337 1783 quam
2370 1735 2573 1784 spiritualis

1507 1786 1651 1823 ablutio
1680 1784 1932 1834 significatur;
1972 1794 2007 1822 et
2034 1785 2122 1823 ideo
2160 1799 2262 1836 aqua
2296 1787 2504 1832 assumitur
2530 1796 2572 1825 ut

1507 1838 1666 1876 materia
1693 1838 1733 1875 in
1760 1838 1963 1888 baptismo.

1560 1893 1617 1928 An
1645 1903 1803 1929 TERTnJM
1831 1903 2012 1934 meat-*mum
2041 1892 2148 1940 quod
2177 1891 2236 1929 ille
2265 1892 2333 1942 qui
2361 1901 2539 1943 corrupte
2559 1899 2572 1915 ⁸

1506 1944 1648 1994 profert
1674 1944 1793 1981 verba
1821 1944 2118 1991 sacramentalia,
2146 1944 2176 1981 si
2204 1945 2280 1982 hoc
2307 1958 2354 1982 ex
2388 1945 2573 1984 industria

1506 1997 1603 2044 facit,
1623 2009 1703 2034 non
1722 1997 1874 2034 videtur
1901 1996 2097 2034 intendere
2115 1997 2237 2034 facere
2261 1998 2370 2047 quod
2387 1998 2473 2036 facit
2499 1999 2571 2036 Ec-

1507 2050 1636 2087 clesia:
1667 2058 1703 2087 et
1730 2049 1781 2087 ita
1808 2062 1888 2087 non
1922 2049 2074 2087 videtur
2106 2050 2241 2099 perfici
2275 2059 2570 2089 sacramentum.

1561 2103 1602 2140 Si
1629 2110 1759 2140 autern
1788 2101 1894 2139 hoc<
1921 2102 2032 2139 faciat
2057 2114 2103 2139 ex
2131 2115 2260 2140 errore
2279 2105 2342 2141 vel
2368 2105 2478 2154 lapsu
2506 2104 2572 2142 lin-

1506 2167 1615 2204 guae,
1636 2155 1667 2192 si
1695 2155 1741 2192 sit
1759 2163 1862 2193 tanta
1889 2154 2084 2205 corruptio
2111 2168 2210 2205 quae
2239 2155 2400 2195 omnino
2429 2157 2573 2196 auferat

1507 2221 1664 2245 sensum
1693 2207 1908 2253 locutionis,
1929 2220 2009 2246 non
2028 2207 2180 2246 videtur
2206 2209 2339 2258 perfici
2358 2222 2571 2253 sacramenf

1506 2270 1601 2298 tum.
1632 2262 1679 2298 Et
1698 2262 1773 2298 hoc
1800 2261 2006 2310 praecipue
2032 2261 2215 2310 contingit
2242 2263 2400 2312 quando
2427 2262 2471 2300 fit
2489 2275 2571 2300 cor-

1507 2314 1633 2364 ruptio
1662 2327 1708 2351 ex
1735 2322 1841 2363 parte
1869 2314 2043 2364 principii
2072 2313 2264 2352 dictionis:
2293 2322 2386 2364 puta
2414 2315 2456 2363 si,
2485 2317 2571 2353 loco

1507 2367 1589 2404 eius
1616 2367 1723 2417 quod
1752 2374 1807 2404 est
1834 2369 1872 2403 in
1900 2369 2051 2404 nomine
2072 2369 2205 2414 Patris,
2225 2367 2336 2414 dicat,
2356 2370 2394 2406 in
2423 2371 2573 2406 nomine

1507 2422 1646 2458 matris.
1666 2443 1691 2446 —
1720 2419 1760 2457 Si
1787 2432 1881 2456 vero
1914 2431 1995 2456 non
2028 2419 2190 2458 totaliter
2217 2420 2409 2458 auferatur
2436 2434 2571 2459 sensus

1507 2473 1709 2511 locutionis
1735 2484 1806 2522 per
1833 2472 2058 2510 huiusmodi
2086 2474 2355 2522 corruptelam,
2380 2474 2572 2512 nihilomi-

1507 2539 1580 2564 nus
1614 2525 1811 2575 perficitur
1845 2533 2139 2563 sacramentum.
2177 2527 2225 2563 Et
2252 2527 2328 2563 hoc
2364 2527 2571 2577 praecipue

1507 2579 1688 2627 contingit
1707 2578 1865 2628 quando
1884 2578 1926 2615 fit
1945 2579 2139 2627 corruptio
2160 2591 2205 2616 ex
2224 2587 2330 2628 parte
2349 2579 2453 2617 finis:
2478 2587 2572 2630 puta

1508 2632 1538 2669 si
1566 2631 1702 2681 aliquis
1729 2631 1828 2668 dicat
1850 2634 1994 2681 patrias
2013 2637 2031 2658 η
2059 2638 2093 2668 et
2099 2632 2216 2680 filias
2248 2632 2438 2679 Quamvis
2467 2633 2571 2670 enim

1509 2682 1764 2722 huiusmodi⁰
1792 2684 1911 2721 verba
1938 2692 2116 2744 corrupte
2143 2686 2291 2734 prolata
2309 2685 2404 2723 nihil
2430 2685 2570 2734 signifi—

1508 2746 1594 2775 cent
1613 2750 1659 2774 ex
1678 2737 1815 2774 virtute
1835 2736 2103 2786 impositionis,
2123 2737 2363 2788 accipiuntur
2379 2746 2509 2775 tamen
2528 2746 2570 2776 ut

1509 2790 1757 2839 significantia
1786 2802 1831 2826 ex
1860 2790 2219 2828 accommodatione
2250 2803 2355 2841 usus.
2394 2792 2442 2828 Et
2469 2790 2568 2837 ideo,

1509 2844 1592 2881 licet
1629 2850 1798 2879 mutetur
1834 2854 1953 2879 sonus
1990 2843 2196 2890 sensibilis,
2232 2850 2404 2880 remanet
2439 2850 2570 2880 tamen

1509 2897 1613 2934 idem
1641 2907 1786 2932 sensus.

1561 2949 1681 2996 Quod
1709 2956 1839 2985 autem
1867 2948 2012 2985 dictum
2041 2955 2096 2984 est
2123 2948 2170 2985 de
2199 2947 2411 2985 differentia
2439 2961 2568 2986 corru-

1509 3002 1649 3051 ptionis
1676 3001 1775 3038 circa
1801 3000 2035 3050 principium
2062 3002 2124 3037 vel
2150 3000 2271 3038 finem
2299 3001 2484 3046 dictionis,
2512 3014 2568 3039 ra-

1509 3055 1655 3092 tionem
1688 3054 1804 3091 habet
1837 3053 1928 3102 quia
1964 3053 2068 3102 apud
2096 3065 2168 3090 nos
2199 3053 2357 3091 variatio
2395 3054 2569 3092 dictionis

1511 3120 1557 3145 ex
1579 3114 1684 3156 parte
1712 3105 1887 3155 principii
1914 3113 2036 3143 mutat
2064 3104 2390 3153 significationem,
2410 3106 2568 3145 variatio

450 3237 477 3272 α)
496 3238 644 3270 quaeritur.
662 3251 681 3256 —
699 3238 845 3270 requiritur
863 3238 987 3262 editiones
1007 3243 1031 3262 et
1050 3245 1075 3262 a.

450 3273 476 3307 β)
494 3273 646 3298 secundum.
663 3287 682 3292 —
701 3273 768 3298 idest
785 3273 929 3298 secundum
950 3272 1028 3297 PlsG.

449 3310 476 3342 γ)
495 3308 602 3333 eaedem
627 3315 710 3333 voees.
727 3323 747 3327 —
764 3308 819 3332 sint
842 3308 948 3332 eaedem
974 3314 1049 3332 voces
1068 3307 1085 3336 1.
1104 3308 1210 3332 eaedem
1233 3315 1309 3333 voces
1330 3308 1384 3333 sint
1402 3308 1455 3332 edi-

397 3345 489 3369 tiones.
506 3357 526 3362 —
543 3347 670 3375 quantum
689 3343 727 3368 ad
744 3350 837 3368 sonum
856 3351 909 3367 om.
928 3343 986 3367 GH.

450 3378 475 3412 ὅ)
494 3378 580 3404 verbis
599 3379 766 3412 proseratur.
784 3392 803 3397 —-
822 3378 915 3403 PDlsH
936 3383 961 3402 et
977 3385 1010 3408 a,·
1029 3378 1136 3403 verbum
1158 3379 1318 3411 proferatur
1335 3378 1454 3406 ABCEF,

397 3415 482 3440 verbis
503 3414 681 3447 proferantur
699 3414 730 3443 G.
750 3413 835 3439 verbis
855 3413 1034 3446 proferuntur
1057 3413 1098 3445 pH
1123 3418 1148 3438 et
1169 3413 1214 3442 bc,·
1238 3421 1286 3445 pro
1308 3413 1457 3446 perficitur,

394 3449 501 3483 perficit
518 3449 647 3474 FGHabc.

1509 3268 1550 3294 EF
1560 3234 1583 3268 ε)
1601 3238 1734 3266 corr.upte
1752 3249 1771 3253 -
1789 3235 1834 3266 Pl,
1857 3241 1917 3267 post
1940 3235 2019 3260 verba
2042 3240 2142 3267 ponunt
2160 3235 2259 3266 ABCD,
2277 3242 2338 3269 post
2362 3239 2568 3264 sacramentalia

1552 3277 1586 3335 am
1596 3270 1900 3330 σῖζζηῖιαοξῗεέιίῖἶέα
1919 3269 2007 3319 offic

1561 3340 1588 3371 η)
1603 3340 1719 3371 patrias.
1737 3354 1756 3359 -
1774 3340 1800 3364 in
1821 3340 1925 3365 nomine
1939 3340 2047 3372 patrias
2066 3340 2094 3366 Ρ.

1562 3373 1586 3408 θ)
1605 3375 1765 3401 huiusmodi.
1782 3388 1801 3394 —-
1819 3375 1880 3400 Om.
1899 3374 1988 3401 Gflbc.
