2918 4088
160 773 170 783 '
185 771 250 793 Vers.
266 777 285 794 2.

160 829 170 839 ·
185 828 243 850 Ord.

159 935 170 945 ·
185 933 251 955 Vers.
265 940 285 962 5.

159 987 170 998 “
186 986 242 1008 Ord.
253 986 371 1014 Hesychii.

156 1992 165 2002 ¹
188 1990 223 2012 De
244 1990 269 2012 S.
291 1990 369 2012 Auar.

155 2016 256 2045 Mycter.
272 2017 312 2038 lib.
328 2017 368 2048 lv,

155 2049 213 2094 aa.
223 2049 271 2101 ,ξεῖ
285 2043 370 2100 mat

154 2103 274 2149 Preciana,e
286 2096 370 2145 deedlgi:

156 2151 207 2176 tat„
224 2152 273 2171 not.
286 2149 315 2171 ad
330 2155 368 2177 qu.

172 2182 239 2203 xvm,
254 2179 296 2198 art.
309 2182 330 2203 2,
341 2176 369 2197 ad

156 2096 245 2118 Leonm

157 2263 289 2286 '1nnoc.111
304 2263 370 2289 ibid.;

190 2297 233 2338 22⁰¹
260 2280 315 2312 xi&t
342 2291 372 2312 ae

406 161 479 197 258

1060 161 1322 208 QUAESTIO
1351 162 1528 209 LXXXI,
1558 162 1851 200 ARTICULUS
1879 164 1924 200 111

1200 331 1518 373 ARTICULUS
1549 331 1779 373 TERTIUS

570 432 727 463 UTRUM
751 431 964 464 CHRISTUS
989 432 1228 463 SUMPSERIT
1253 432 1310 462 ET
1334 433 1526 463 DEDERIT
1551 433 1721 465 coapus
1745 433 1864 465 SUUM
1888 433 2122 465 mscmums
2142 431 2410 466 '1MPAssn31LE

1242 521 1276 545 IV
1296 521 1378 551 Sent„
1399 521 1457 547 dist.
1475 529 1509 553 xi,
1529 529 1573 554 qu.
1592 529 1629 552 111,
1649 527 1696 547 art.
1717 522 1740 547 3.

454 628 495 660 :²
519 639 559 658 „st
610 622 632 646 D
656 621 814 646 TERTIUM
839 621 890 646 sic
910 620 1146 646 PROCEDITUR.
1175 608 1336 646 Videtur
1354 609 1461 658 quod

527 652 591 707 ’ἕὲἣ
613 662 785 699 Christus
827 661 1032 710 sumpserit
1069 670 1104 699 et
1139 662 1284 699 dederit
1321 675 1462 712 corpus

417 718 421 724 '
474 693 728 763 xgx'sff‘simm
747 715 940 764 discipulis
960 715 1202 764 impassibile.
1227 715 1329 762 Quia
1347 727 1462 765 super

436 744 553 804 ’ἑΐῶ
568 762 704 806 &illud
741 769 876 805 Matth.
903 780 973 805 xvn
994 768 1030 805 ⁹¹⁶:
1072 771 1108 805 T
1105 770 1379 818 ransfiguratus
1413 774 1463 805 est

400 827 485 858 ante
513 822 609 867 illos,
639 820 727 858 dicit
755 821 949 870 quaedam
976 822 1100 869 glossa
1118 821 1157 858 *t
1194 822 1295 859 Illud
1329 834 1463 871 corpus

401 875 499 924 quod
523 876 649 911 habuit
662 886 734 924 per
754 880 940 920 naturam,
961 875 1056 910 dedit
1074 875 1258 924 discipulis
1285 877 1322 911 in
1347 876 1461 920 Cena,

401 940 474 964 non
495 927 652 965 mortale
671 933 703 963 et
715 927 900 976 passibile.
931 928 979 964 Et
997 929 1111 965 Levit.
1132 939 1164 973 11,
1190 940 1306 976 super
1325 927 1417 964 illud
1431 927 1462 974 ³¹⁵,

400 982 441 1018 Si
466 981 601 1017 oblatio
628 986 692 1016 tua
716 981 830 1026 fuerit
858 980 903 1015 de
928 982 1130 1029 sartagine,
1160 980 1249 1016 dicit
1276 980 1461 1017 Glossa*:

403 1035 526 1079 Crux,
554 1044 666 1081 super
694 1034 820 1068 omnia
838 1033 973 1079 fortis,
1003 1044 1156 1069 carnem
1189 1034 1339 1078 Christi,
1369 1045 1465 1082 quae

398 1092 483 1123 ante
518 1086 731 1134 passionem
774 1096 847 1120 non
889 1085 1082 1121 videbatur
1122 1086 1201 1120 esui
1240 1091 1342 1134 apta,
1379 1091 1464 1134 post

398 1145 523 1188 aptam
547 1139 646 1185 fecit.
677 1137 754 1173 Sed
783 1136 957 1173 Christus
985 1136 1089 1173 dedit
1108 1149 1249 1185 corpus
1278 1149 1395 1174 suum
1422 1145 1465 1174 ut

398 1198 532 1240 aptum
560 1190 609 1227 ad
637 1189 968 1226 manducandum.
999 1190 1101 1237 Ergo
1121 1189 1224 1226 dedit
1249 1191 1322 1226 tale
1350 1191 1463 1238 quale

398 1243 532 1281 habuit
571 1250 658 1292 post
698 1242 937 1292 passionem,
976 1242 1114 1280 scilicet
1154 1242 1386 1292 impassibile
1428 1250 1465 1280 et

397 1297 624 1334 immortale.

452 1361 487 1386 2.
517 1351 751 1394 PRAETEREA,
773 1360 890 1385 omne
915 1359 1057 1397 corpus
1080 1348 1258 1397 passibile
1284 1360 1354 1398 per
1372 1360 1463 1386 con-

397 1410 542 1440 tactum
571 1410 607 1439 et
634 1401 976 1439 manducationem
1003 1401 1155 1450 patitur.
1193 1401 1233 1439 Si
1262 1413 1352 1450 ergo
1380 1414 1463 1439 cor-

379 1468 470 1505 ›pus
500 1455 640 1493 Christi
668 1462 747 1491 erat
774 1454 964 1504 passibile,
993 1466 1063 1503 per
1090 1462 1310 1491 contactum
1338 1462 1375 1492 et
1400 1467 1463 1492 co-

397 1508 628 1545 mestionem
656 1507 935 1557 discipulorum
962 1519 1123 1557 passum
1149 1507 1291 1545 fuisset.

452 1561 486 1598 3.
516 1562 758 1608 PRAETEREA‚
787 1561 907 1598 verba
943 1560 1230 1598 sacramentalia
1262 1573 1343 1598 non
1375 1569 1464 1599 sunt

397 1614 517 1652 rnodo
546 1614 703 1651 maioris
729 1614 879 1651 virtutis
905 1615 1064 1663 quando
1091 1615 1340 1664 proferuntur
1365 1627 1388 1652 a
1406 1628 1463 1652 sa-

397 1668 551 1705 cerdote
578 1667 619 1704 in
645 1679 812 1717 persona
848 1667 1007 1715 Christi,
1037 1679 1158 1717 quam
1184 1675 1278 1704 tunc
1305 1669 1463 1717 quando

397 1721 551 1758 fuerunt
577 1722 724 1770 prolata
752 1721 800 1758 ab
829 1721 914 1770 ipso
944 1720 1107 1758 Christo.
1148 1721 1225 1758 Sed
1252 1733 1358 1758 nunc
1389 1721 1464 1758 vir-

397 1782 477 1811 tute
503 1774 713 1812 verborum
748 1773 1084 1811 sacramentalium
1120 1773 1160 1811 in
1188 1774 1293 1811 altari
1331 1786 1464 1812 conse-

397 1835 524 1864 cratur
551 1839 692 1876 corpus
728 1827 868 1865 Christi
900 1827 1134 1877 impassibile
1167 1834 1204 1864 et
1234 1827 1462 1866 immortale.

398 1881 500 1929 Ergo
529 1882 651 1918 multo
679 1881 800 1929 magis
828 1888 932 1918 tunc.

451 1934 526 1971 SED
555 1946 699 1971 CONTRA
722 1946 788 1971 EST
809 1934 927 1983 quod,
948 1933 1044 1971 sicut
1059 1933 1315 1974 ‚Innocentius
1334 1935 1380 1971 III
1408 1934 1464 1971 di-

397 1985 446 2023 cit
464 1986 496 2032 ³¹⁶,
524 1987 597 2024 tale
623 1999 758 2037 corpus
789 1993 876 2024 tunc
913 1987 1009 2024 dedit
1043 1987 1227 2035 discipulis
1259 1987 1368 2036 quale
1401 1989 1464 2025 ha-

397 2041 482 2076 buit.
512 2040 659 2077 Habuit
678 2048 810 2078 autem
828 2047 921 2077 tunc
948 2051 1090 2089 corpus
1108 2039 1286 2089 passibile
1306 2047 1342 2077 et
1361 2052 1464 2077 mor-

397 2094 480 2129 tale.
510 2093 613 2141 Ergo
641 2106 783 2143 corpus
810 2092 988 2142 passibile
1017 2100 1053 2130 et
1080 2094 1241 2130 mortale
1270 2092 1464 2143 discipulis

398 2145 512 2183 dedit.

450 2200 675 2237 RESPONDEO
695 2212 878 2237 mCENDUM
898 2199 1005 2248 quod
1025 2199 1141 2248 Hugo
1167 2199 1216 2236 de
1241 2199 1381 2236 Sancto
1401 2199 1465 2236 Vi-

398 2260 501 2290 ctore
521 2252 541 2275 ’¹‘
567 2252 697 2302 posuit
724 2253 832 2302 quod
853 2252 1028 2290 Christus
1054 2260 1142 2290 ante
1169 2252 1392 2302 passionem
1411 2252 1466 2290 di-

397 2305 516 2342 versis
549 2305 789 2355 temporibus
817 2313 986 2355 quatuor
1017 2305 1127 2343 dotes
1155 2305 1327 2356 corporis
1354 2305 1466 2354 glori—

397 2357 499 2396 ficati
519 2359 739 2409 assumpsit:
770 2359 908 2397 scilicet
927 2358 1173 2396 subtilitatem
1199 2358 1239 2396 in
1258 2358 1465 2407 nativitate,

398 2413 557 2461 quando
586 2413 701 2450 exivit
728 2413 776 2450 de
805 2414 936 2450 clauso
968 2419 1078 2450 utero
1107 2412 1292 2460 Virginis;
1326 2412 1466 2461 agilita-

398 2472 488 2511 tem,
504 2466 662 2514 quando
677 2466 785 2503 siccis
803 2465 968 2515 pedibus
986 2477 1103 2515 super
1115 2477 1223 2503 mare
1238 2465 1466 2512 ambulavit3

399 2517 617 2567 claritatem,
633 2519 674 2556 in
686 2518 1036 2567 transfiguratione3
1058 2518 1411 2568 impassibilitatem,
1426 2518 1467 2556 in

401 2571 524 2618 Cena,
552 2572 711 2621 quando
731 2584 873 2621 corpus
892 2584 1007 2609 suum
1027 2571 1180 2609 tradidit
1198 2571 1394 2621 discipulis
1417 2572 1466 2609 ad

399 2624 731 2662 manducandum.
768 2626 816 2663 Et
851 2625 1067 2663 secundum
1100 2626 1192 2672 hoc,
1221 2624 1326 2662 dedit
1357 2623 1466 2662 disci-

400 2677 501 2727 pulis
529 2678 608 2716 suis
636 2690 777 2728 corpus
805 2678 1038 2728 impassibile
1067 2685 1103 2715 et
1121 2677 1349 2715 immortale.

455 2827 483 2862 α)
501 2834 565 2853 esse.
583 2841 603 2846 -
620 2834 676 2852 esse
695 2834 798 2853 necesse
817 2827 894 2860 HpG,
907 2834 963 2852 esse
981 2827 1130 2852 necessario
1149 2827 1187 2857 bc,
1202 2834 1258 2852 esse
1275 2834 1367 2852 verum
1387 2826 1435 2852 sG.

456 2863 482 2897 β)
501 2870 603 2888 verum.
621 2877 640 2881 —
658 2863 721 2888 Om.
740 2863 785 2889 Pc.

1572 611 1659 657 Sed,
1676 610 1866 660 quidquid
1885 611 1931 648 sit
1949 612 1997 648 de
2017 611 2109 658 aliis,
2125 612 2173 648 de
2193 611 2335 660 quibus
2354 624 2470 661 supra
2488 612 2508 634 ’¹‘
2527 612 2582 649 di-

1517 724 1647 753 tamen
1674 717 1910 766 impossibile
1934 725 1989 754 est
2008 729 2089 754 esse
2110 723 2127 739 α
2147 718 2255 767 quOd
2282 717 2429 754 dicitur.
2458 718 2583 755 Mani-

1517 770 1658 807 festum
1677 777 1732 806 est
1751 770 1856 807 enirn
1875 771 1982 819 quod
2004 770 2108 807 idem
2129 769 2293 807 verum!s
2312 782 2454 820 corpus
2474 770 2583 808 Chri-

1519 822 1563 859 sti
1592 830 1670 859 erat
1698 823 1806 872 quod
1825 835 1847 860 a
1866 823 2060 873 discipulis
2088 831 2179 860 tunc
2206 823 2246 860 in
2274 824 2431 873 propria
2458 823 2583 873 specie

1517 875 1739 923 videbatur,
1774 884 1810 913 et
1848 876 1888 913 in
1925 876 2050 926 specie
2086 877 2312 914 sacramenti
2347 877 2582 914 sumebatur.

1518 929 1611 965 Non
1639 936 1770 966 autem
1799 937 1878 966 erat
1903 929 2136 979 impassibile
2164 930 2381 967 secundum
2409 930 2517 979 quod
2544 929 2585 966 in

1518 981 1675 1030 propria
1711 982 1836 1031 specie
1868 982 2087 1019 videbatur:
2124 982 2343 1032 quinimmo
2386 990 2465 1020 erat
2498 995 2584 1032 pas-

1519 1034 1617 1070 sioni
1644 1042 1833 1083 paratum.
1863 1035 1975 1072 Unde
1995 1047 2067 1072 nec
2094 1035 2224 1084 ipsum
2251 1047 2393 1085 corpus
2418 1036 2526 1085 quod
2544 1035 2585 1072 in

1519 1086 1645 1135 specie
1674 1087 1901 1124 sacramenti
1928 1088 2103 1135 dabatur,
2132 1088 2366 1137 impassibile
2393 1096 2484 1126 erat.

1571 1138 1798 1187 Impassibili
1824 1147 1955 1176 tamen
1983 1141 2103 1177 modo
2127 1149 2207 1178 erat
2225 1141 2298 1178 sub
2318 1140 2442 1190 specie
2462 1153 2584 1179 sacra-

1519 1191 1638 1227 menti
1666 1192 1773 1240 quod
1793 1191 1832 1228 in
1852 1204 1892 1228 se
1911 1200 1991 1229 erat
2009 1193 2206 1242 passibile:
2235 1193 2332 1230 sicut
2350 1193 2586 1231 invisibiliter

1519 1244 1626 1292 quod
1645 1243 1685 1280 in
1705 1256 1744 1281 se
1764 1251 1843 1281 erat
1861 1244 2008 1282 visibile
2019 1250 2046 1282 Υ.
2064 1245 2170 1282 Sicut
2189 1245 2294 1283 enim
2311 1246 2409 1283 visio
2429 1246 2587 1296 requirit

1518 1303 1739 1334 contactum
1759 1297 1931 1346 corporis
1950 1298 2058 1346 quod
2076 1297 2228 1335 videtur
2247 1298 2296 1335 ad
2314 1297 2586 1336 circumstans⁶

1518 1349 1694 1386 medium
1728 1349 1904 1397 visionis,
1933 1349 1984 1387 ita
2015 1350 2143 1400 passio
2176 1350 2334 1400 requirit
2365 1359 2586 1389 contactum

1519 1402 1691 1452 corporis
1719 1403 1827 1452 quod
1854 1402 1996 1453 patitur
2014 1403 2063 1440 ad
2083 1415 2128 1441 ea
2147 1416 2246 1453 quae
2275 1411 2403 1452 agunt.
2434 1405 2588 1454 Corpus

1519 1463 1650 1493 autem
1683 1455 1838 1503 Christi,
1875 1457 2092 1493 seeundum
2126 1457 2234 1506 quod
2269 1464 2325 1494 est
2358 1457 2432 1494 sub
2463 1469 2588 1495 sacra-

1518 1516 1670 1556 mento,
1698 1517 1741 1546 ut
1769 1521 1886 1558 supra
1904 1509 1924 1531 *
1951 1509 2098 1546 dictum
2126 1517 2199 1557 est,
2229 1521 2309 1547 non
2341 1517 2589 1560 comparatur
2614 1515 2626 1526 ·

1518 1562 1568 1599 ad
1597 1574 1642 1599 ea
1670 1573 1770 1611 quae
1798 1562 2044 1600 circumstant
2062 1562 2321 1600 mediantibus
2348 1563 2514 1613 propriis
2532 1562 2588 1600 di-

1518 1615 1797 1662 mensionibus,
1818 1615 1960 1665 quibus
1987 1627 2151 1665 corpora
2170 1628 2210 1652 se
2229 1623 2399 1664 tangunt,
2419 1616 2488 1654 sed
2507 1627 2588 1654 me-

1519 1668 1711 1706 diantibus
1739 1668 2046 1706 dimensionibus
2073 1668 2291 1719 specierum
2310 1669 2422 1718 panis
2440 1677 2478 1706 et
2494 1668 2586 1715 vini.

1519 1723 1568 1759 Et
1594 1721 1682 1759 ideo
1710 1721 1856 1771 species
1883 1721 1968 1759 illae
1997 1729 2086 1758 sunt
2117 1733 2218 1771 quae
2244 1722 2442 1771 patiuntur
2469 1729 2506 1759 et
2530 1721 2588 1759 vi-

1519 1775 1670 1821 dentur,
1700 1786 1781 1811 non
1809 1782 1940 1812 autem
1967 1774 2098 1824 ipsum
2125 1787 2267 1824 corpus
2296 1774 2448 1812 Christi.

1572 1829 1630 1865 An
1662 1839 1798 1865 vamum
1823 1839 1921 1865 Exeo
1947 1839 2129 1865 monimum
2157 1828 2265 1876 quod
2294 1828 2468 1865 Christus
2494 1827 2587 1866 dici-

1519 1888 1582 1918 tur
1608 1893 1690 1918 non
1717 1880 1868 1918 dedisse
1888 1880 1927 1918 in
1948 1881 2055 1918 Cena
2073 1885 2086 1902 ⁸
2113 1892 2255 1930 corpus
2281 1893 2399 1918 suum
2425 1882 2588 1919 mortale

1519 1942 1556 1971 et
1583 1933 1774 1983 passibile,
1794 1933 1886 1983 quia
1913 1945 1994 1970 non
2013 1933 2117 1971 dedit
2144 1933 2335 1983 corporali
2358 1941 2395 1970 et
2418 1933 2589 1984 passibili

1518 1987 1651 2024 modo.
1668 2009 1693 2014 —
1713 1987 1819 2024 Crux
1837 1993 1968 2023 autem
1985 1986 2072 2023 facit
2091 1986 2103 2011 ζ
2122 1998 2278 2024 carnem
2299 1986 2438 2024 Christi
2457 1994 2585 2037 aptam

1518 2039 1820 2087 manducationi,
1849 2038 2082 2088 inquantum
2109 2040 2186 2077 hoc
2213 2047 2498 2077 sacramentum
2529 2051 2587 2077 re-

1518 2100 1735 2143 praesentat
1762 2092 1984 2142 passionem
2014 2091 2163 2130 Christi.

1572 2147 1630 2183 AD
1650 2158 1840 2183 SECUNDUM
1858 2157 2041 2183 mCENDUM
2059 2145 2167 2195 quod
2190 2145 2285 2184 ratio
2313 2145 2376 2183 illa
2402 2146 2588 2196 procede-

1520 2206 1576 2236 ret
1604 2199 1635 2236 si
1663 2211 1805 2248 corpus
1825 2197 1977 2247 Christi,
1998 2198 2094 2236 sicut
2117 2206 2197 2236 erat
2213 2197 2403 2248 passibile,
2424 2198 2475 2236 ita
2500 2211 2587 2250 pas·

1521 2252 1619 2290 sibili
1646 2253 1768 2289 modo
1796 2251 1926 2289 fuisset
1945 2257 1963 2279 η
1992 2252 2065 2289 sub
2093 2259 2344 2289 sacramento.

1572 2307 1630 2342 AD
1663 2317 1823 2343 TERTmM
1847 2317 2029 2343 mcermum
2060 2305 2186 2354 quod,
2215 2304 2313 2342 sicut
2345 2316 2462 2354 supra
2483 2305 2504 2328 ²¹⁶
2531 2305 2589 2342 di-

1520 2366 1627 2396 ctum
1654 2366 1721 2405 est,
1742 2357 1952 2395 accidentia
1978 2357 2152 2407 corporis
2171 2357 2312 2395 Christi
2339 2365 2429 2395 sunt
2448 2357 2488 2395 in
2511 2359 2589 2397 hoc

1520 2419 1760 2449 sacramento
1796 2423 1843 2448 ex
1870 2410 1961 2448 reali
1995 2410 2312 2458 concomitantia,
2341 2422 2422 2448 non
2456 2418 2588 2450 autem

1521 2477 1568 2502 ex
1594 2464 1635 2502 vi
1663 2463 1902 2510 sacramenti,
1922 2476 1970 2501 ex
1997 2476 2076 2513 qua
2103 2471 2159 2501 est
2186 2463 2239 2500 ibi
2266 2463 2484 2501 substantia*
2503 2476 2588 2502 cor-

1520 2517 1625 2567 poris
1645 2517 1796 2555 Christi.
1826 2518 1875 2554 Et
1892 2516 1980 2554 ideo
1999 2517 2120 2554 virtus
2137 2516 2351 2554 verborum
2371 2529 2588 2555 sacramen-

1520 2570 1655 2608 talium
1682 2570 1732 2608 ad
1760 2571 1836 2607 hoc
1854 2582 1895 2607 se
1923 2569 2090 2607 extendit
2117 2577 2160 2607 ut
2187 2569 2233 2607 sit
2260 2569 2333 2608 sub
2361 2570 2438 2607 hoc
2464 2582 2588 2608 sacra-

1520 2631 1652 2661 mento
1693 2635 1836 2673 corpus
1851 2652 1860 2670 ‚
1900 2622 2040 2661 Christi
2077 2622 2235 2671 scilicet,
2273 2622 2588 2674 quibuscumque

1521 2676 1781 2714 accidentibus
1809 2676 1958 2714 realiter
1985 2676 2025 2713 in
2053 2688 2100 2714 eo
2129 2675 2386 2714 existentibus,
2448 2681 2450 2683 ’

1521 2829 1610 2851 tamen
1639 2826 1718 2851 modo
1745 2829 1806 2850 erat
1832 2826 1879 2851 sub
1906 2825 1992 2858 specie
2018 2825 2182 2851 sacramenti
2206 2825 2279 2859 quod
2302 2826 2329 2851 in
2348 2833 2377 2852 se
2398 2829 2459 2852 erat
2485 2826 2589 2852 visibile

1521 2860 1664 2895 (passibile
1681 2861 1714 2896 F)
1733 2861 1820 2887 ceteri.

2609 616 2619 627 ·
2631 615 2678 642 Qu.
2689 620 2771 642 xxvtn,
2780 618 2823 638 ιη.
2872 626 2875 627 ’

2609 647 2630 667 2.
2641 641 2670 663 ad
2679 647 2704 670 3;
2719 647 2759 670 qu.
2769 647 2821 668 xiv,
2853 666 2855 669 ,

1517 671 1623 700 ctum
1638 671 1693 700 est
1712 663 1805 713 quid
1821 664 1950 701 sentiri
1964 665 2113 711 debeat,
2129 664 2228 701 circa
2242 664 2583 714 impassibilitatem
2610 672 2652 690 ⁸¹¹-
2666 673 2687 690 ²·

453 2898 480 2933 γ)
501 2899 688 2931 Impassibili...
713 2898 823 2925 visibile.
847 2912 868 2917 -
891 2899 910 2923 P
930 2904 956 2924 et
973 2898 1075 2924 omisso
1099 2898 1244 2924 dabatur...
1268 2898 1354 2930 specie
1377 2904 1471 2923 sacra-

402 2935 484 2960 menti
502 2935 526 2964 1;
545 2941 649 2966 semper
673 2934 741 2960 sicut
766 2934 897 2959 invisibile
920 2935 992 2967 quod
1015 2934 1041 2959 in
1061 2941 1088 2959 se
1111 2937 1172 2960 erat
1195 2934 1296 2960 visibile
1314 2935 1361 2964 sG,
1380 2937 1469 2959 tamen

402 2970 481 2995 modo
505 2973 565 2995 erat
587 2971 634 2995 sub
653 2970 738 3002 specie
761 2970 926 2995 sacramenti
949 2970 1022 3003 quod
1040 2970 1066 2995 in
1085 2977 1114 2995 se
1131 2973 1192 2995 erat
1216 2970 1377 3002 impassibile
1400 2969 1471 2995 sicut

402 3005 533 3031 invisibile
555 3006 627 3039 quod
651 3005 677 3030 in
696 3012 724 3032 se
742 3008 803 3031 erat
826 3005 927 3031 visibile
946 3006 969 3035 b,
990 3005 1150 3038 Impassibili
1173 3004 1352 3039 (Impassibile
1370 3005 1469 3040 Aci-la)

1574 2896 1600 2931 δ)
1618 2898 1656 2922 ad
1673 2897 1857 2923 circumstans.
1874 2910 1894 2916 —
1911 2897 1932 2922 F
1951 2901 1977 2922 et
1995 2897 2083 2928 tertia;
2101 2904 2119 2923 a
2135 2897 2349 2923 circumstantia.

1575 2933 1598 2966 ε)
1619 2933 1645 2958 in
1667 2933 1747 2958 Cena.
1764 2947 1785 2952 —
1803 2933 1864 2958 Om.
1884 2932 2020 2959 editiones.
2037 2946 2056 2952 —
2074 2933 2125 2958 Pro
2142 2931 2287 2966 corporati,
2309 2932 2419 2958 mor-tali
2437 2932 2476 2958 Pl.

1575 2968 1601 3003 ζ)
1612 2969 1694 3003 facit.
1711 2982 1730 2987 -
1740 2969 1812 3002 fecit
1829 2968 1858 2993 Ρ.

1574 3004 1601 3038 η)
1613 3005 1723 3038 suisset.
1740 3018 1759 3023 -
1777 3004 1826 3035 Pc;
1845 3004 1889 3030 sit.
