2878 4088
1035 183 1299 230 QUAESTIO
1328 183 1452 230 XXV,
1480 184 1772 225 ARTICULUS
1801 190 1830 225 11

395 262 424 293 3.
449 262 646 298 Pmeraam,
663 262 835 303 aliquando
852 261 944 292 datur
962 261 1160 302 indulgentia
1176 260 1266 301 quod
1283 262 1339 300 qui
1355 260 1407 291 dat

339 306 494 336 auxilium
517 306 557 337 ad
580 307 720 347 aliquam
744 306 895 337 fabricam
919 305 1111 346 erigendam,
1136 306 1261 335 tertiam
1284 310 1407 344 partem

339 351 533 381 remissionis
557 356 765 391 peccatorum
789 355 1013 391 consequatur.
1037 350 1071 381 Si
1095 359 1170 390 ergo
1190 349 1407 388 indulgentiae

339 399 465 425 tantum
486 395 594 425 valent
617 401 774 435 quantum
796 394 1027 435 praedicantur,
1047 400 1125 424 tunc
1149 394 1205 433 qui
1229 393 1282 423 dat
1304 403 1407 423 unum

339 437 516 475 denarium,
533 445 565 470 et
580 439 723 470 secundo
739 449 853 475 unum,
870 445 902 469 et
921 439 1037 469 iterum
1052 439 1191 473 tertium,
1208 437 1336 477 plenam
1353 437 1407 467 ab-

339 483 536 514 solutionem
552 484 591 514 ab
607 484 699 514 omni
713 489 921 524 peccatorum
936 492 1043 523 poena
1058 487 1284 522 consequetur.
1308 481 1408 519 Quod

339 526 465 558 videtur
488 527 672 559 absurdum.

395 580 427 611 4.
451 572 648 608 Pam-raam,
665 571 862 612 quandoque
886 571 977 602 datur
999 571 1063 601 hoc
1086 569 1187 600 modo
1211 569 1408 609 indulgentia

341 615 430 656 quod
447 617 503 657 qui
525 616 611 647 vadit
634 616 674 647 ad
689 616 830 656 aliquam
854 615 1021 646 ecclesiam
1037 620 1161 654 septem
1176 623 1278 644 annos
1298 614 1408 644 remis-

340 661 439 690 sionis
463 666 688 701 consequatur.
713 660 746 691 Si
762 669 838 700 ergo
854 665 979 690 tantum
994 659 1078 689 valet
1093 658 1290 698 indulgentia
1307 667 1408 698 quan-
1425 669 1433 682 ι

339 710 410 735 tum
433 704 650 745 praedicatur,
675 704 729 735 ille
753 705 809 744 qui
831 704 927 734 habet
959 703 1095 734 domum
1122 703 1210 733 iuxta
1242 702 1410 733 eeclesiam

339 749 438 785 illam,
455 749 506 780 vel
522 749 628 780 clerici
639 749 806 784 ecclesiae,
822 748 879 788 qui
895 747 1039 788 quotidie
1054 746 1186 783 vadunt,
1203 756 1409 786 consequun-

340 798 392 823 tur
407 798 532 824 tantum
548 798 706 834 quantum
720 793 774 823 ille
790 793 847 832 qui
862 802 880 822 a
894 792 1026 822 remotis
1041 791 1183 832 partibus
1198 791 1301 821 venit:
1319 790 1410 831 quod

340 836 465 868 videtur
487 838 652 868 iniustum.
676 837 718 868 Et
739 837 866 872 iterum,
882 841 919 867 ut
941 835 1076 872 videtur,
1098 835 1216 876 pluries
1239 834 1408 875 indulgen-

340 882 417 912 tiam
441 887 657 921 consequetur
678 882 713 911 in
736 880 797 917 die,
815 890 890 911 cum
913 880 1032 920 pluries
1055 879 1158 910 vadat.

396 926 426 956 5.
449 925 646 961 Pani-anea,
662 924 750 955 idem
764 924 890 955 videtur
905 925 1065 955 remittere
1088 924 1184 955 alicui
1203 933 1344 964 poenam
1359 924 1408 954 ul-

339 974 387 999 tra
409 969 524 999 iustam
548 969 814 1005 aestimationem,
836 978 934 1009 quam
957 970 1117 999 remittere
1148 969 1268 1008 absque
1293 978 1407 999 causa:

341 1013 417 1053 quia
439 1019 597 1053 quantum
620 1013 660 1044 ad
682 1013 746 1044 hoc
770 1013 860 1054 quod
884 1013 1021 1050 excedit,
1046 1023 1114 1044 non
1137 1018 1408 1053 recompensatur.

341 1056 405 1088 Sed
427 1057 480 1088 ille
505 1058 561 1098 qui
583 1057 659 1088 facit
674 1057 917 1098 indulgentiam,
936 1067 1005 1089 non
1028 1063 1136 1098 posset
1156 1058 1315 1088 remittere
1339 1058 1407 1088 abs-

341 1110 405 1141 que
429 1111 524 1132 causa
546 1111 687 1142 poenam
703 1103 736 1132 in
755 1107 824 1133 toto
841 1103 892 1133 vel
908 1103 942 1133 in
957 1108 1045 1143 parte
1062 1102 1173 1132 alicui:
1198 1107 1234 1132 ut
1250 1102 1276 1132 si
1292 1102 1410 1133 diceret
1424 1115 1435 1128 2

340 1145 427 1186 Papa
449 1146 558 1177 alicui:
581 1146 657 1188 Ego
674 1147 802 1178 remitto
826 1147 882 1178 tibi
898 1157 1024 1178 omnem
1042 1156 1184 1187 poenam
1200 1146 1337 1177 debitam
1343 1156 1408 1187 pro

334 1195 481 1231 peccato.
506 1191 592 1231 Ergo
615 1191 741 1221 videtur
764 1191 854 1231 quod
884 1201 945 1222 nec
968 1192 1070 1232 possit
1100 1190 1221 1231 aliquid
1251 1190 1409 1221 dimittere

340 1234 423 1265 ultra
443 1235 561 1266 iustam
584 1236 849 1266 aestimationem.
884 1235 948 1266 Sed
970 1235 1187 1276 indulgentiae
1216 1235 1408 1275 plerumque

340 1278 563 1319 praedicantur
578 1280 661 1311 ultra
678 1280 794 1310 iustam
810 1280 1075 1311 aestimationem.
1099 1280 1185 1320 Ergo
1201 1289 1269 1310 non
1285 1285 1410 1311 tantum

2470 205 2520 241 49

1462 264 1669 303 consequitur
1696 266 1916 296 remissionem
1946 267 2160 309 indulgentiae
2183 272 2234 302 vel
2260 272 2294 302 in
2323 277 2392 304 toto
2416 274 2467 303 vel
2489 274 2523 303 in

1462 312 1560 347 parte.

1518 351 1581 382 Sed
1603 352 1667 382 hoc
1690 353 1806 383 iterum
1821 363 1889 383 non
1912 360 2018 394 potest
2040 357 2158 388 salvare
2182 361 2447 392 consuetudinem
2463 362 2524 392 Ec-

1463 395 1587 435 clesiae,
1604 405 1687 436 quae
1710 396 1870 427 interdurn
1893 407 1952 438 pro
1986 399 2096 430 eadem
2120 411 2213 432 causa
2243 405 2397 435 maiorem
2419 406 2524 436 indul-

1462 440 1603 479 gentiam
1625 441 1735 480 ponit:
1760 442 1851 477 sicut,
1873 442 1966 472 rebus
1990 443 2105 473 eodem
2138 446 2237 476 modo
2261 457 2294 477 se
2317 449 2523 486 habentibus,

1464 483 1660 524 quandoque
1680 484 1771 515 datur
1793 495 1877 516 unus
1893 495 1995 516 annus
2019 488 2215 519 visitantibus
2232 492 2396 523 ecclesiam
2415 503 2524 530 unam,

1464 528 1661 568 quandoque
1691 529 1898 569 quadraginta
1921 530 2007 566 dies,
2033 537 2129 571 prout
2156 535 2286 572 gratiam
2316 536 2400 575 Papa
2423 537 2525 568 facere

1463 572 1601 602 voluerit
1623 573 1854 613 indulgentiam
1878 575 2084 606 constituens.
2115 576 2208 607 Unde
2232 580 2388 617 quantitas
2417 582 2526 611 remis-

1463 617 1562 646 sionis
1584 627 1651 647 non
1677 623 1723 647 est
1746 618 1958 648 mensuranda
1982 628 2019 648 ex
2043 629 2137 650 causa
2161 630 2243 660 quae
2263 621 2337 652 facit
2360 624 2526 664 indulgen-

1463 661 1506 690 tia
1529 660 1673 700 dignum.

1518 705 1560 734 Et
1582 705 1655 735 ideo
1681 705 1768 736 aliter
1783 705 1956 737 dicendum
1980 712 2027 737 est
2050 708 2139 747 quod
2156 710 2314 748 quantitas
2333 710 2463 742 effectus
2479 723 2527 743 se-

1464 749 1573 788 quitur
1596 750 1805 789 quantitatem
1829 760 1904 780 suae
1929 760 2051 781 causae.
2077 751 2182 783 Causa
2205 758 2312 784 autem
2335 756 2527 787 remissionis

1463 802 1588 832 poenae
1611 794 1644 823 in
1668 793 1873 834 indulgentiis
1889 804 1956 825 non
1981 801 2027 825 est
2049 796 2109 826 nisi
2133 797 2326 828 abundantia
2340 801 2527 831 meritorum

1464 837 1635 874 Ecclesiae,
1653 847 1736 878 quae
1759 848 1792 868 se
1816 839 1911 869 habet
1926 838 2118 870 sufficienter
2141 840 2181 871 ad
2203 847 2304 872 totam
2319 852 2459 883 poenam
2476 854 2528 875 ex-

1463 881 1629 921 piandam:
1661 892 1730 912 non
1768 888 1876 913 autem
1901 893 1995 914 causa
2018 885 2211 916 remissionis
2244 886 2386 918 effectiva
2409 894 2456 919 est
2478 889 2528 919 vel

1464 925 1594 956 devotio
1619 932 1674 957 aut
1696 927 1786 957 labor
1809 933 1863 958 aut
1887 927 1997 958 datum
2015 930 2195 969 recipientis
2218 930 2458 971 indulgentiam,
2475 939 2529 963 aut

1465 980 1559 1001 causa
1582 980 1642 1011 pro
1666 980 1730 1011 qua
1753 971 1789 1001 fit
1811 971 2017 1016 indulgentia.
2053 973 2146 1004 Unde
2170 983 2238 1005 non
2261 981 2389 1015 oportet
2412 977 2451 1007 ad
2473 978 2528 1008 ali-

1464 1015 1542 1055 quid
1565 1015 1682 1046 horum
1700 1017 1946 1056 proportionare
1962 1018 2171 1057 quantitatem
2193 1020 2397 1057 remissionis,
2414 1021 2469 1052 sed
2489 1021 2528 1052 ad

1463 1060 1575 1090 merita
1599 1060 1770 1096 Ecclesiae,
1788 1069 1871 1100 quae
1887 1071 2012 1101 semper
2027 1063 2299 1102 superabundant:
2325 1070 2356 1095 et
2378 1065 2463 1102 ideo,
2480 1076 2528 1096 se-

1464 1104 1608 1134 cundum
1625 1104 1714 1144 quod
1737 1105 1938 1145 applicantur
1953 1105 1992 1136 ad
2015 1106 2122 1143 istum,
2139 1108 2317 1138 secundum
2333 1109 2396 1139 hoc
2419 1111 2529 1140 remis-

1464 1149 1590 1179 sionem
1613 1150 1830 1188 consequitur.
1855 1149 1906 1180 Ad
1922 1150 1985 1180 hoc
2009 1156 2116 1181 autern
2133 1151 2222 1191 quod
2245 1153 2444 1193 applicentur
2466 1155 2527 1191 isti,

1463 1194 1634 1233 requiritur
1649 1194 1819 1224 auctoritas
1843 1193 2046 1234 dispensandi
2064 1195 2249 1227 huiusmodi
2272 1198 2472 1235 thesaurum3
2497 1205 2530 1229 et

1464 1238 1543 1268 unio
1568 1238 1635 1268 eius
1659 1238 1712 1268 cui
1740 1237 1939 1278 dispensatur
1971 1238 2011 1269 ad
2034 1248 2109 1270 eum
2133 1241 2189 1280 qui
2218 1242 2414 1279 merebatur,
2439 1243 2528 1283 quod

1465 1287 1511 1312 est
1533 1291 1591 1322 per
1614 1282 1792 1319 caritatem;
1818 1287 1848 1312 et
1871 1283 1951 1313 ratio
1969 1282 2213 1323 dispensationis
2229 1286 2406 1317 secundum
2430 1297 2528 1327 quam

340 1323 448 1356 valent
463 1329 628 1364 quantum
650 1323 882 1365 praedicantur.
1424 1335 1447 1355 τε
1464 1326 1601 1356 salvetur
1619 1327 1753 1356 intentio
1777 1326 1906 1357 illorum
1923 1328 1979 1367 qui
1998 1337 2095 1368 opera
2118 1329 2280 1359 meritoria
2295 1329 2456 1367 fecerunt3
2481 1331 2527 1362 fe-

98 1370 111 1382 ·
125 1369 193 1394 vm.
207 1375 230 1398 7·
397 1367 460 1399 San
484 1378 617 1405 coum,
634 1368 693 1399 Iob
708 1379 763 1399 x111
778 1370 810 1398 *:
835 1368 992 1409 Nunquid
1013 1368 1102 1399 Deus
1126 1367 1251 1410 indiget
1278 1368 1409 1399 menda·
1464 1376 1576 1401 cerunt
1599 1371 1685 1400 enim
1709 1370 1748 1401 ad
1780 1371 1939 1402 honorem
1971 1371 2032 1402 Dei
2056 1378 2087 1402 et
2110 1373 2278 1404 utilitatem
2310 1375 2472 1406 Ecclesiae
2494 1377 2527 1406 in

340 1411 391 1442 cio
415 1417 546 1449 nostro,
571 1418 608 1443 ut
622 1422 688 1453 pro
713 1422 751 1443 eo
776 1413 951 1454 loquamur
981 1412 1103 1443 dolos?
1126 1413 1211 1452 Ergo
1245 1413 1408 1449 Ecclesia,
1463 1415 1612 1455 generali.
1637 1414 1730 1446 Unde
1747 1424 1972 1456 quaecumque
1996 1426 2090 1446 causa
2106 1416 2186 1447 adsit
2209 1427 2291 1458 quae
2310 1419 2343 1449 in
2359 1420 2528 1450 utilitatem

340 1456 555 1497 praedicando
579 1457 801 1498 indulgentias,
818 1467 886 1488 non
908 1458 1070 1488 mentitur.
1094 1457 1135 1487 Et
1150 1457 1193 1487 ita
1215 1462 1340 1488 tantum
1355 1467 1409 1487 va-
1463 1459 1625 1490 Ecclesiae
1649 1465 1680 1489 et
1702 1460 1862 1490 honorem
1885 1460 1946 1490 Dei
1974 1466 2097 1501 vergat,
2123 1461 2282 1493 sufficiens
2306 1469 2353 1493 est
2376 1465 2455 1495 ratio
2478 1466 2527 1495 in—

341 1500 408 1531 lent
430 1506 589 1541 quantum
611 1501 844 1541 praedicantur.
1463 1503 1641 1543 dulgentias
1665 1503 1812 1534 faciendi.

99 1545 112 1557 ·
123 1543 192 1567 Vm·
209 1551 244 1572 ι4·
397 1554 428 1575 2.
451 1545 648 1582 Pium-anm,
665 1546 678 1576 I
696 1546 773 1576 Cor.
789 1556 830 1576 xv
845 1546 861 1562 ⁴*
877 1545 953 1576 dicit
967 1545 1163 1585 Apostolus:
1188 1545 1224 1576 Si
1239 1545 1347 1576 inanis
1363 1550 1411 1575 est
1425 1555 1450 1575 ³⁰
1517 1548 1559 1578 Et
1581 1547 1665 1584 ideo,
1682 1547 1861 1578 secundum
1877 1548 1955 1578 alios
1971 1549 1997 1584 ’ᾗ
2015 1548 2188 1580 dicendum
2209 1550 2298 1590 quod
2313 1551 2528 1592 indulgentiae
2557 1557 2767 1585 ‘Gulielm.Paris.,

334 1588 540 1629 praedicatio
565 1594 688 1625 nostra,
713 1590 821 1620 inanis
844 1594 892 1620 est
913 1594 944 1620 et
954 1590 1044 1630 fides
1071 1594 1193 1620 nostra.
1227 1589 1313 1630 Ergo
1337 1590 1408 1629 qui·
1463 1592 1649 1632 simpliciter
1663 1597 1788 1622 tantum
1800 1593 1906 1623 valent
1922 1598 2078 1633 quantum
2090 1594 2328 1633 praedicantur:
2349 1595 2528 1627 dummodo
2555 1584 2767 1638 ᾗῖηἶςαῖζῗᾙῖζ

341 1641 483 1673 cumque
501 1634 535 1663 in
550 1633 787 1673 praedicatione
811 1633 927 1664 falsum
951 1633 1036 1670 dicit,
1053 1633 1161 1669 fidem,
1179 1639 1337 1673 quantum
1361 1639 1408 1664 est
1463 1646 1501 1666 ex
1520 1642 1608 1677 parte
1631 1636 1733 1666 dantis
1757 1637 1796 1667 sit
1814 1637 2002 1672 auctoritas,
2019 1643 2050 1667 et
2074 1647 2112 1668 ex
2134 1644 2223 1678 parte
2241 1639 2421 1679 recipientis
2444 1642 2528 1671 cari-
2555 1637 2578 1684 ἓ·
2594 1627 2673 1684 Ῑῇῑῑοξπ
2688 1637 2718 1664 V⁵
2734 1637 2767 1658 Ν

339 1676 374 1707 in
389 1686 434 1713 se,
451 1683 593 1714 evacuat,
611 1683 643 1708 et
657 1677 700 1708 ita
715 1678 891 1708 mortaliter
906 1683 1028 1718 peccat.
1053 1677 1087 1709 Si
1103 1687 1178 1718 ergo
1199 1687 1268 1708 non
1283 1683 1409 1708 tantum
1463 1685 1521 1716 tas,
1544 1686 1575 1711 et
1598 1690 1636 1711 ex
1659 1686 1747 1720 parte
1772 1691 1885 1711 causae
1902 1681 2018 1721 pietas,
2045 1691 2127 1722 quae
2159 1684 2402 1723 comprehendit
2424 1686 2529 1716 hono·
2556 1670 2601 1717 <113¹
2610 1680 2642 1716 1'1'·‚
2658 1667 2700 1712 ³¹32
2718 1670 2766 1713 ἔχ’

339 1721 447 1752 valent
465 1721 683 1762 indulgentiae
703 1727 861 1762 quantum
883 1721 1116 1762 praedicantur,
1133 1731 1247 1752 omnes
1266 1722 1409 1752 mortali·
1462 1734 1531 1755 tem
1554 1725 1615 1755 Dei
1638 1731 1670 1755 et
1692 1726 1831 1765 proximi
1854 1725 2032 1756 utilitatem.
2057 1726 2126 1756 Nec
2149 1727 2182 1756 in
2205 1728 2269 1757 hoc
2292 1727 2328 1758 fit
2344 1729 2439 1759 nimis
2462 1740 2529 1760 ma-

339 1770 388 1796 ter
402 1771 538 1806 peccant
553 1765 785 1806 indulgentiam
800 1766 1028 1806 praedicantes.
1046 1765 1146 1804 Quod
1162 1771 1209 1796 est
1224 1767 1407 1797 absurdum.
1424 1775 1446 1795 ³5
1461 1779 1563 1810 gnum
1574 1769 1695 1810 sorum
1711 1769 1750 1799 de
1765 1769 1989 1800 misericordia
2004 1770 2076 1806 Dei,
2093 1776 2130 1810 ut
2146 1771 2277 1810 quidam
2293 1773 2309 1788 ⁴*
2333 1772 2452 1810 dicunt,
2470 1784 2529 1804 nec
2556 1776 2605 1807 ’,8.
2620 1776 2707 1798 Bonav.
2722 1777 2767 1798 100.

394 1810 584 1841 Rasronmzo
606 1820 767 1841 mmmmm
791 1810 881 1851 quod
897 1811 979 1841 circa
1002 1811 1066 1840 hoc
1089 1815 1135 1841 est
1153 1810 1322 1851 multiplex
1338 1812 1409 1851 opi·
1463 1813 1589 1844 divinae
1612 1814 1748 1844 iustitiae
1772 1813 1958 1854 derogatur:
1983 1815 2059 1855 quia
2073 1815 2153 1845 nihil
2169 1815 2208 1846 de
2227 1825 2333 1856 poena
2353 1816 2528 1855 dimittitur,
2556 1803 2655 1851 221³citlff'
2677 1804 2766 1826 Athen.

339 1854 406 1885 nio.
431 1854 573 1892 Quidam
600 1855 687 1885 enim
717 1854 828 1886 dicunt
856 1854 946 1895 quod
975 1854 1163 1885 huiusmodi
1192 1854 1409 1896 indulgentiae
1463 1857 1519 1888 sed
1541 1858 1637 1888 unius
1660 1867 1767 1898 poena
1790 1858 1879 1889 alteri
1902 1864 2117 1899 computatur.

339 1907 407 1930 non
430 1904 556 1930 tantum
577 1899 685 1930 valent
708 1905 866 1940 quantum
888 1899 1128 1940 praedicantur,
1153 1899 1209 1930 sed
1232 1901 1409 1940 unicuique
1518 1902 1569 1932 An
1593 1913 1710 1933 pamma
1728 1912 1811 1933 aneo
1835 1913 1995 1933 DICENDUM
2012 1903 2101 1943 quod
2125 1903 2220 1934 clavis
2244 1910 2291 1935 est
2310 1904 2445 1946 duplex:
2470 1908 2530 1937 sci-

339 1948 465 1974 tantum
487 1944 595 1975 valent
618 1947 776 1984 quantum
806 1943 885 1975 fides
909 1949 940 1974 et
970 1943 1100 1974 devotio
1124 1953 1182 1974 sua
1205 1945 1309 1985 exigit.
1346 1944 1409 1976 Sed
1463 1947 1537 1977 licet
1560 1946 1690 1983 ordinis,
1708 1953 1739 1977 et
1753 1947 1979 1978 iurisdictionis
1994 1948 2021 1978 ἦ
2047 1947 2153 1978 Clavis
2169 1948 2288 1979 ordinis
2304 1952 2529 1981 sacramentale
2557 1953 2609 1975 'Css
2619 1957 2766 1980 qu·¹¹¹‚³r¹-

339 1986 451 2019 dicunt
481 1987 572 2028 quod
603 1988 747 2019 Ecclesia
770 1988 810 2019 ad
832 1988 896 2019 hoc
918 1989 963 2019 ita
990 1989 1178 2029 pronuntiat
1204 1994 1240 2019 ut
1270 1989 1409 2029 quadam
1423 2001 1449 2021 40
1463 1990 1629 2031 quoddam
1653 1997 1708 2022 est.
1733 1991 1774 2022 Et
1797 1992 1873 2032 quia
1902 1998 2174 2023 sacramentorum
2206 1992 2337 2024 effectus
2360 2004 2428 2025 non
2456 2001 2530 2026 sunt
2554 1985 2575 2007 ³⁶

338 2033 393 2073 pia
406 2031 518 2064 fraude
533 2033 682 2064 homines
698 2033 738 2064 ad
753 2033 835 2064 bene
851 2031 1035 2063 faciendum
1055 2033 1186 2063 alliciat:
1212 2034 1294 2064 sieut
1308 2039 1410 2064 mater
1464 2036 1664 2066 determinati
1687 2036 1725 2066 ab
1748 2037 1882 2067 homine
1905 2036 1961 2066 sed
1984 2046 2001 2066 a
2024 2036 2106 2073 Deo,
2129 2047 2197 2067 non
2219 2043 2326 2077 potest
2353 2044 2458 2070 taxare
2481 2050 2529 2070 sa-

339 2086 433 2118 quae,
449 2078 641 2118 promittens
656 2076 724 2108 fflio
740 2086 888 2117 pomum,
905 2077 1013 2117 ipsum
1028 2076 1069 2108 ad
1084 2077 1315 2122 ambulandqm
1333 2088 1409 2119 pro·
1464 2079 1576 2111 cerdos
1600 2086 1758 2120 quantum
1780 2089 1838 2120 per
1867 2081 1989 2111 clavem
2013 2080 2132 2111 ordinis
2154 2082 2189 2111 in
2216 2081 2287 2112 foro
2319 2082 2530 2115 confessionis

338 2127 443 2153 vocat.
1464 2124 1503 2155 de
1526 2133 1633 2164 poena
1656 2124 1762 2154 debita
1784 2124 1930 2161 dimittat,
1955 2124 2011 2155 sed
2033 2130 2158 2156 tantum
2181 2125 2349 2157 dimittitur
2372 2133 2529 2167 quantum

118 2164 125 2175 ¹
394 2165 458 2197 Sed
481 2166 545 2196 hoc
566 2165 692 2196 videtur
714 2164 806 2196 valde
829 2165 1048 2205 periculosum
1071 2165 1186 2196 dicere.
1210 2166 1299 2197 Sicut
1322 2167 1409 2197 enim
1464 2170 1552 2199 Deus
1575 2168 1741 2199 ordinavit.
1766 2169 1829 2199 Sed
1852 2169 1948 2199 clavis
1970 2169 2195 2200 iurisdictionis
2217 2180 2286 2200 non
2310 2177 2356 2201 est
2379 2172 2458 2212 quid
2481 2183 2530 2203 sa-

97 2220 110 2232 ·
129 2217 311 2271 ffinvm,
338 2209 416 2242 dicit
437 2210 648 2250 Augustinus,
665 2210 699 2240 in
721 2210 866 2250 Epistola
888 2209 932 2240 ad
953 2209 1196 2251 Hieronymum
1212 2212 1239 2247 ἦ
1263 2212 1289 2241 si
1311 2212 1345 2242 in
1361 2221 1409 2242 sa·
1423 2221 1448 2242 ις
1465 2213 1672 2249 cramentale‚
1698 2219 1728 2243 et
1752 2213 1882 2244 effectus
1906 2214 1974 2244 eius
1998 2214 2125 2244 arbitrio
2150 2214 2289 2245 hominis
2313 2217 2463 2247 subiacet.
2489 2218 2530 2247 Et

98 2245 128 2269 ⁸¹·
192 2251 261 2275 ¹⁰⁸⁹·
277 2251 310 2269 ¹¹¹·
339 2264 392 2285 cra
418 2254 579 2294 Scriptura
609 2253 856 2294 deprehenditur
885 2254 1006 2294 aliquid
1033 2254 1190 2291 falsitatis,
1218 2256 1282 2286 iam
1311 2257 1410 2286 robur
1463 2259 1559 2288 huius
1583 2258 1678 2288 clavis
1702 2257 1833 2288 effectus
1857 2263 1904 2288 est
1926 2259 2070 2288 remissio
2099 2268 2182 2299 quae
2206 2264 2253 2290 est
2274 2269 2332 2299 per
2361 2261 2529 2301 indulgen-

339 2299 533 2329 auctoritatis
557 2307 662 2328 sacrae
686 2298 866 2339 Scripturae
887 2299 979 2338 perit.
1003 2299 1044 2329 Et
1060 2299 1212 2336 similiter,
1229 2300 1255 2330 si
1270 2301 1303 2330 in
1319 2310 1410 2341 prae·
1463 2303 1537 2333 tias:
1563 2312 1638 2332 curn
1653 2312 1721 2332 non
1737 2303 1893 2342 pertineat
1908 2302 1947 2332 ad
1967 2302 2238 2342 dispensationem
2259 2310 2529 2336 sacramentorum

340 2342 500 2374 dicatione
515 2342 678 2373 Ecclesiae
697 2343 804 2383 aliqua
826 2342 942 2373 falsitas
958 2342 1257 2383 deprehenderetur,
1277 2355 1345 2375 non
1361 2355 1409 2375 es-
1463 2348 1533 2378 talis
1549 2346 1701 2382 dimissio,
1714 2346 1769 2377 sed
1785 2346 1824 2377 ad
1840 2346 2110 2386 dispensationem
2126 2348 2288 2378 bonorum
2304 2351 2529 2380 communium

339 2392 411 2418 sent
433 2386 629 2417 documenta
644 2387 805 2418 Ecclesiae
829 2387 963 2418 alicuius
982 2389 1177 2419 auctoritatis
1200 2388 1240 2419 ad
1254 2390 1408 2420 roboran-
1463 2392 1635 2422 Ecclesiae.
1659 2391 1700 2421 Et
1723 2391 1796 2421 ideo
1821 2392 1916 2422 etiam
1940 2391 2033 2431 legati
2057 2401 2124 2422 non
2147 2392 2327 2423 sacerdotes
2360 2394 2529 2434 indulgen-

340 2430 414 2462 dam
437 2430 546 2462 fidem.
1424 2442 1450 2463 5⁰
1463 2437 1521 2467 tias
1544 2435 1648 2466 facere
1671 2441 1816 2476 possunt.
1841 2435 1935 2466 Unde
1958 2436 1991 2466 in
2015 2429 2142 2466 arbitrio
2166 2435 2268 2467 dantis
2298 2437 2528 2478 indulgentiam

100 2484 112 2495 ·
128 2482 152 2505 a.
169 2482 260 2505 aubert.
279 2481 312 2504 lv
395 2475 438 2506 Et
459 2475 534 2506 ideo
558 2475 611 2506 alii
627 2476 643 2492 ⁴*
667 2475 814 2507 dixerunt
846 2475 936 2516 quod
958 2477 1065 2508 valent
1096 2482 1221 2509 tantum
1251 2484 1409 2518 quantum
1464 2487 1510 2511 est
1525 2486 1630 2511 taxare
1647 2486 1804 2520 quantum
1819 2489 1877 2520 per
1891 2479 2122 2520 indulgentiam
2139 2480 2178 2511 de
2189 2490 2296 2520 poena
2311 2481 2494 2513 dimittatur.
2513 2500 2530 2505 —

98 2508 255 2563 ss'f‘;;,⁶³⁸⁸·
268 2515 313 2536 ‘¹’
339 2520 598 2561 pronuntiantur,
622 2520 801 2551 secundum
825 2521 940 2552 iustam
968 2522 1238 2553 aestimationem:
1271 2533 1339 2554 non
1362 2529 1408 2553 ta·
1463 2526 1497 2556 Si
1519 2531 1628 2555 tamen
1650 2524 1829 2555 inordinate
1853 2525 2000 2560 remittat,
2017 2525 2060 2554 ita
2083 2525 2172 2565 quod
2193 2525 2340 2556 homines
2364 2528 2454 2566 quasi
2469 2537 2528 2567 pro

339 2574 416 2595 men
439 2564 542 2595 dantis
565 2563 807 2605 indulgentiam,
824 2566 880 2605 qui
903 2566 1010 2596 minus
1040 2565 1122 2597 forte
1152 2567 1296 2598 aestimat
1318 2568 1408 2608 quod
1462 2570 1563 2601 nihilo
1588 2570 1627 2599 ab
1651 2569 1802 2609 operibus
1821 2569 2036 2609 poenitentiae
2060 2575 2259 2606 revocentur,
2276 2576 2388 2610 peccat
2411 2571 2529 2602 faciens

340 2608 410 2646 dat;
435 2614 489 2640 aut
516 2609 696 2639 secundum
726 2610 981 2641 aestimationem
1011 2611 1202 2651 recipientis,
1227 2613 1282 2652 qui
1312 2613 1408 2643 nimis
1462 2615 1540 2645 tales
1562 2613 1785 2654 indulgentias,
1810 2613 2020 2644 nihilominus
2044 2614 2115 2653 quis
2138 2614 2267 2654 plenam
2298 2614 2529 2655 indulgentiam

339 2663 454 2694 parum
478 2654 644 2684 aestimare
666 2657 775 2694 posse't
791 2653 881 2694 quod
903 2653 996 2685 datur
1003 2665 1011 2691 ;
1035 2655 1091 2686 sed
1113 2655 1293 2687 secundum
1316 2658 1408 2688 aesti-
1424 2664 1446 2684 ῖς
1463 2659 1680 2699 consequitur.

101 3279 114 3290 ⁶
127 3278 152 3301 S.
173 3278 260 3300 Bonav.
281 3277 314 3300 lv

100 3304 180 3332 Seu„
197 3304 251 3327 dist.
268 3311 299 3326 xx
310 3321 316 3332 ,

101 3337 126 3360 p.
140 3337 164 3360 ιι,
179 3337 219 3360 qu.
237 3331 260 3354 6.

339 2699 517 2728 mationem
544 2707 627 2738 quae
650 2698 732 2728 iusta
762 2704 808 2729 est
840 2699 1019 2730 secundum
1042 2699 1198 2731 iudicium
1228 2701 1407 2739 bonorum,

339 2748 472 2783 pensata
495 2742 681 2773 conditione
700 2752 856 2783 personae
880 2748 911 2774 et
927 2743 1059 2774 utilitate
1083 2750 1115 2775 et
1137 2746 1324 2776 necessitate
1347 2747 1409 2777 Ec—

340 2787 471 2823 clesiae;
496 2788 572 2827 quia
587 2796 655 2817 uno
671 2792 819 2828 tempore
834 2787 977 2818 Ecclesia
994 2788 1068 2828 plus
1083 2789 1203 2830 indiget
1219 2799 1317 2830 quam
1333 2791 1407 2822 alio.

395 2831 459 2863 Sed
490 2832 570 2862 haec
595 2832 698 2868 ‚etiam
721 2832 834 2872 opinio
867 2837 948 2863 stare
971 2838 1039 2863 non
1061 2839 1186 2873 potest,
1211 2840 1247 2864 ut
1273 2834 1407 2866 videtur.

339 2876 458 2912 Primo,
476 2877 553 2916 quia
575 2875 753 2906 secundum
784 2876 847 2907 hoc
870 2876 1087 2917 indulgentiae
1115 2888 1183 2909 non
1205 2879 1347 2910 valerent
1369 2879 1409 2911 ad
1422 2883 1449 2904 ⁶⁰

339 2921 572 2956 remissionem,
598 2920 655 2951 sed
684 2921 784 2961 magis
808 2920 848 2951 ad
871 2922 1160 2953 commutationem
1190 2922 1362 2963 quandam.
1385 2943 1410 2948 -

339 2965 382 2996 Et
396 2970 569 3005 praeterea,
585 2964 779 3005 praedicatio
795 2965 957 2996 Ecclesiae
973 2976 991 2996 a
1006 2966 1175 2998 mendacio
1191 2977 1259 2998 non
1278 2977 1409 2999 excusa-

339 3014 441 3041 retur:
467 3019 542 3040 cum
566 3009 763 3050 quandoque
787 3009 985 3050 indulgentia
1000 3010 1199 3051 praedicetur
1221 3012 1318 3052 longe
1340 3022 1408 3043 ma-

339 3054 390 3085 ior
413 3063 512 3094 quam
534 3054 617 3084 iusta
639 3055 817 3085 aestimatio
840 3055 942 3094 possit
957 3056 1128 3095 requirere,
1145 3056 1296 3087 omnibus
1318 3066 1409 3097 prae-

340 3097 432 3129 dictis
455 3098 695 3129 conditionibus
718 3099 876 3139 pensatis;
909 3099 991 3130 sicut
1015 3099 1146 3140 quando
1176 3100 1230 3131 dat
1251 3101 1338 3141 Papa
1360 3102 1409 3132 in-
1423 3105 1447 3131 ⁶5

341 3141 538 3182 dulgentiam
561 3142 651 3183 quod
674 3152 809 3183 pergens
837 3143 876 3174 ad
900 3153 998 3174 unam
1029 3144 1196 3175 ecclesiam
1223 3145 1338 3176 habeat
1360 3156 1409 3176 se-

340 3192 430 3227 ptem
453 3196 556 3217 annos
585 3187 820 3227 indulgentiae;
856 3188 1038 3219 cuiusmodi
1067 3189 1162 3219 etiarn
1191 3188 1409 3230 indulgentiae

342 3240 360 3261 a
382 3231 476 3261 beato
501 3230 659 3272 Gregorio
681 3232 715 3262 in
739 3232 928 3263 stationibus
948 3233 1072 3263 Romae
1095 3233 1257 3264 institutae
1281 3239 1364 3264 sunt.

395 3274 438 3305 Et
459 3274 534 3306 ideo
557 3276 610 3306 alii
625 3277 641 3292 ⁴⁹
665 3275 777 3307 dicunt
795 3276 886 3317 quod
909 3278 1067 3317 quantitas
1088 3278 1282 3308 remissionis
1305 3279 1338 3309 in
1362 3279 1409 3309 in-

342 3318 512 3359 dulgentiis
527 3329 596 3350 non
619 3325 666 3351 est
680 3321 894 3352 mensuranda
916 3321 1096 3352 secundum
1114 3321 1323 3353 devotionem
1340 3329 1409 3353 tan-
1423 3332 1450 3353 7⁰

341 3368 413 3393 tum
434 3364 644 3403 suscipientis,
667 3370 704 3395 ut
726 3366 829 3405 prima
852 3366 964 3406 opinio
989 3365 1129 3403 dicebat;
1158 3376 1266 3407 neque
1295 3377 1409 3398 secun*

341 3406 421 3437 dum
444 3408 654 3447 quantitatem
676 3409 745 3440 eius
768 3410 859 3450 quod
877 3410 978 3447 datur,
999 3411 1082 3441 sicut
1104 3411 1228 3442 dicebat
1250 3411 1408 3448 secunda;

342 3450 399 3481 sed
421 3451 601 3483 secundum
623 3462 752 3484 causam
774 3464 834 3494 pro
858 3464 923 3495 qua
945 3454 1142 3495 indulgentia
1165 3455 1266 3492 datur,
1284 3465 1322 3487 ex
1345 3465 1410 3496 qua

341 3500 507 3536 reputatur
521 3495 637 3536 dignus
652 3502 688 3527 ut
702 3498 799 3529 talem
814 3498 1046 3539 indulgentiam
1066 3506 1290 3540 consequatur.
1315 3500 1410 3531 Unde

1517 2704 1568 2733 AD
1592 2712 1755 2733 SECUNDUM
1777 2712 1938 2732 mmmmm
1968 2701 2067 2742 quod,
2094 2703 2240 2742 quamvis
2271 2703 2458 2734 huiusmodi
2481 2706 2529 2735 in-

1463 2748 1644 2788 dulgentiae
1660 2747 1799 2777 multum
1826 2747 1950 2777 valeant
1966 2747 2006 2777 ad
2029 2747 2250 2777 remissionem
2270 2757 2405 2788 poenae,
2422 2755 2529 2779 tamen

1463 2793 1522 2823 alia
1546 2801 1644 2832 opera
1659 2791 1880 2822 satisfactionis
1896 2797 1971 2822 sunt
1986 2792 2086 2831 magis
2101 2792 2262 2822 meritoria
2277 2798 2423 2832 respectu
2439 2803 2529 2833 prae-

1462 2837 1522 2885 mii
1543 2836 1732 2867 essentialis:
1757 2835 1847 2876 quod
1865 2836 1899 2866 in
1921 2835 2083 2866 infinitum
2099 2836 2214 2866 melius
2238 2842 2284 2866 est
2300 2846 2397 2877 quam
2421 2837 2529 2868 dimis-

1463 2882 1510 2912 sio
1535 2891 1660 2921 poenae
1683 2880 1877 2920 temporalis.

1518 2926 1568 2956 An
1592 2935 1727 2955 TERTIUM
1750 2934 1910 2955 monimum
1934 2924 2033 2965 quod,
2051 2924 2181 2964 quando
2212 2924 2303 2955 datur
2332 2924 2528 2966 indulgentia

1462 2969 1721 3005 indeterminate,
1745 2969 1801 3010 qui
1823 2969 1903 3000 dant
1925 2970 2084 3000 auxilium
2108 2969 2151 2999 ad
2168 2969 2335 3010 fabricam
2359 2970 2527 3006 ecclesiae,

1463 3014 1649 3054 intelligitur
1671 3013 1732 3044 tale
1755 3013 1909 3044 auxilium
1938 3013 2027 3054 quod
2051 3014 2090 3044 sit
2118 3014 2312 3043 conveniens
2336 3014 2364 3043 ei
2388 3015 2443 3053 qui
2473 3025 2528 3045 au-

1463 3059 1575 3089 xilium
1598 3058 1667 3088 dat:
1693 3063 1725 3088 et
1747 3057 1926 3088 secundum
1946 3058 2036 3098 quod
2059 3057 2180 3088 accedit
2203 3057 2242 3087 ad
2260 3058 2333 3094 hoc,
2350 3058 2528 3089 secundum

1463 3103 1527 3133 hoc
1549 3103 1623 3143 plus
1645 3103 1696 3133 vel
1719 3103 1826 3132 minus
1850 3101 1889 3132 de
1908 3103 2105 3143 indulgentia
2129 3102 2345 3142 consequitur.
2370 3102 2464 3133 Unde
2483 3109 2528 3133 et-

1463 3148 1527 3177 iam
1551 3147 1664 3187 aliquis
1687 3156 1810 3187 pauper
1833 3146 1910 3177 dans
1934 3157 2037 3178 unum
2061 3146 2225 3177 denarium
2250 3147 2456 3186 consequitur
2478 3153 2528 3177 to-

1463 3197 1529 3222 tam
1552 3190 1801 3231 indulgentiam:
1826 3201 1894 3221 non
1917 3197 2025 3222 autem
2050 3191 2146 3227 dives,
2168 3200 2265 3230 quem
2288 3200 2355 3220 non
2379 3190 2470 3221 decet
2489 3191 2528 3221 ad

1465 3245 1547 3275 opus
1570 3240 1636 3265 tam
1659 3236 1750 3275 pium
1773 3235 1816 3265 ita
1839 3245 1953 3276 parum
1977 3235 2067 3271 dare;
2101 3235 2182 3265 sicut
2204 3244 2272 3264 non
2296 3234 2451 3265 diceretur
2474 3245 2528 3266 rex

1464 3280 1559 3310 alicui
1581 3280 1706 3310 homini
1730 3280 1884 3310 auxilium
1907 3279 2010 3310 facere
2034 3280 2059 3310 si
2083 3280 2111 3309 ei
2135 3279 2270 3313 obolum
2293 3278 2388 3309 daret.

1518 3324 1570 3354 An
1594 3333 1743 3354 unaarum
1766 3333 1926 3354 meatuum
1949 3324 2039 3364 quod
2062 3324 2114 3354 ille
2139 3324 2194 3363 qui
2210 3329 2256 3353 est
2279 3323 2402 3353 vicinus
2427 3323 2527 3354 eccle-

1463 3369 1538 3404 siae,
1555 3373 1587 3398 et
1605 3368 1758 3398 ecclesiae
1773 3368 1952 3398 sacerdotes
1971 3374 2003 3399 et
2018 3368 2133 3404 clerici,
2151 3373 2392 3407 consequuntur
2407 3373 2527 3398 tantam

1463 3412 1695 3452 indulgentiam
1718 3413 1800 3442 sicut
1822 3412 1867 3442 illi
1892 3413 1947 3453 qui
1970 3413 2115 3443 venirent
2139 3422 2156 3441 a
2179 3411 2265 3442 mille
2295 3411 2420 3441 diaetis:
2453 3412 2528 3452 quia

1463 3457 1607 3487 remissio
1631 3466 1698 3487 non
1721 3457 1982 3496 proportionatur
2009 3457 2125 3492 labori,
2151 3462 2186 3486 ut
2209 3455 2330 3486 dictum
2354 3462 2400 3486 est
2415 3457 2448 3492 *,
2472 3455 2528 3486 sed

1463 3501 1583 3531 meritis
1606 3510 1689 3541 quae
1713 3500 1943 3541 dispensantur.
1969 3501 2031 3532 Sed
2050 3501 2103 3531 ille
2127 3501 2183 3540 qui
2198 3500 2270 3540 plus
2293 3500 2459 3536 laboraret,
2476 3509 2527 3530 ac-

342 3539 522 3576 secundum
545 3540 635 3580 quod
657 3541 779 3572 accedit
801 3542 841 3573 ad
864 3543 951 3574 illam
974 3553 1117 3581 causam,
1143 3544 1322 3576 secundum
1345 3545 1409 3576 hoc
1424 3557 1447 3579 75
1464 3546 1604 3586 quireret
1625 3545 1698 3586 plus
1722 3544 1760 3575 de
1784 3546 1908 3576 merito.

484 3603 595 3628 Smila
613 3602 716 3628 Tutor..
736 3603 768 3629 D.
787 3604 903 3630 Tactus
922 3605 954 3630 T.
973 3606 1016 3631 IX.

2351 3606 2384 3638 7*

2554 3456 2564 3466 ·
2579 3455 2603 3476 ln
2619 3460 2724 3482 corpore.
