2918 4088
177 1389 187 1399 '¹
202 1387 299 1409 Primus.

177 1434 270 1462 *Episn
285 1434 314 1455 ad
330 1434 388 1462 Epi-

176 1467 217 1483 sco
236 1467 262 1482 os
292 1460 387 1482 Galliae.

177 1499 188 1503 -
224 1488 239 1508 f.
256 1487 312 1509 Can.
335 1487 391 1508 Sive

173 1514 273 1542 parvuli
290 1514 320 1535 de
329 1514 390 1535 Con-

178 1547 245 1567 secr..
262 1531 314 1562 csist.
329 1540 370 1562 IV.

180 1751 190 1762 ·
205 1748 271 1772 Vers.
285 1756 306 1779 3.

190 3226 201 3236 '¹
215 3224 281 3246 Vei-s.
298 3223 332 3246 16.

422 191 491 216 122

1064 181 1326 228 QUAESTIO
1354 184 1494 231 LXXI,
1528 182 1820 221 ARTICULUS
1849 184 1890 229 ΙΙ,
1911 184 1956 220 ΙΙΙ

1182 318 1502 360 ARTICULUS
1533 318 1833 360 SECUNDUS

885 409 1042 441 UTRUM
1066 410 1342 442 EXORCISMUS
1366 412 1540 442 DEBEAT
1564 411 1851 443 PRAECEDERE
1875 411 2128 443 BAPTISMUM

949 497 1022 527 Infra,
1042 503 1087 522 art.
1109 498 1132 529 3,
1152 499 1183 522 ad
1205 498 1233 529 33
1253 499 1286 523 IV
1306 499 1388 528 sent„
1409 499 1467 524 dist.
1486 507 1520 531 w,
1539 507 1583 532 qu.
1604 507 1630 530 11,
1651 506 1696 525 art.
1718 499 1740 531 3,
1761 500 1810 533 qu'·
1831 507 1859 531 1;
1880 500 1928 533 qu·
1950 507 1972 531 2,
1992 500 2024 524 ad
2042 508 2067 531 4.

471 631 481 638 “
536 617 568 638 ’,ν
628 599 649 623 D
666 599 855 624 SECUNDUM
875 599 927 624 S1c
942 600 1178 625 PROCEDITUR.
1195 588 1356 625 Videtur
1375 589 1482 637 quod

457 633 495 660 ¹⁴:
515 661 523 671 κ
558 639 605 693 ’ᾗ
628 639 866 676 exorcismus
894 653 974 677 non
1003 641 1141 678 debeat
1168 642 1398 690 praecedere
1418 641 1481 678 ba—

604 692 825 741 ptismum.
856 693 1105 730 Exorcismus
1134 694 1237 730 enim
1267 702 1322 731 est
1350 702 1482 731 contra

588 739 921 795 &energumenoQ
951 746 1048 783 idest
1076 747 1299 796 arreptitios,
1330 747 1482 784 ordina-

416 806 477 835 tus
499 803 526 834 α.
567 798 645 835 Sed
672 810 752 835 non
781 811 917 836 omnes
946 807 1034 836 sunt
1061 802 1164 837 tales.
1207 801 1308 848 Ergo
1338 801 1481 837 exorci-

417 863 524 887 smus
552 863 632 888 non
661 851 773 888 debet
800 853 1028 901 praecedere
1057 853 1306 902 baptismum.

472 915 505 940 2.
536 905 766 951 PRAETEREA‚
788 905 962 953 quandiu
981 906 1103 942 homo
1124 906 1293 943 subiacet
1311 913 1479 955 peccato,

416 956 593 994 diabolus
621 956 661 993 in
689 969 735 993 eo
763 965 990 1006 potestatem
1019 959 1154 995 habet:
1192 966 1233 995 ut
1261 958 1397 996 dicitur
1424 960 1481 995 Io-

417 1021 477 1046 an.
498 1021 555 1046 vm
575 1008 590 1038 β
608 1008 645 1045 *ς
682 1011 756 1051 Qui
766 1011 867 1057 facit
880 1017 1087 1059 peccatum,
1114 1024 1241 1049 servus
1261 1017 1310 1048 est
1323 1014 1480 1061 peccati.

418 1062 495 1099 Sed
522 1070 724 1110 peccatum
748 1063 890 1099 tollitur
912 1075 982 1111 per
999 1063 1247 1112 baptismum.
1278 1065 1370 1101 Non
1391 1076 1480 1112 ergo

416 1122 503 1151 ante
532 1114 767 1163 baptismum
796 1123 884 1151 sunt
912 1116 1090 1153 homines
1120 1116 1372 1153 exorcizandi.

472 1167 505 1203 3.
535 1168 766 1214 PRAETEREA,
797 1168 846 1204 ad
866 1169 1078 1205 arcendum
1107 1169 1346 1206 daemonum
1374 1177 1481 1218 pote-

417 1227 551 1257 statem
581 1227 635 1256 est
663 1220 878 1257 introducta
907 1233 1007 1270 aqua
1035 1222 1246 1259 benedicta.
1276 1223 1369 1258 Non
1391 1234 1481 1270 ergo

417 1273 465 1310 ad
494 1274 570 1309 hoc
598 1273 799 1322 oportebat
834 1273 938 1310 aliud
966 1275 1184 1311 remedium
1212 1274 1385 1311 adhiberi
1413 1287 1483 1324 per

417 1325 662 1363 exorcismos.

472 1380 546 1416 SED
576 1392 721 1416 CONTRA
749 1392 814 1416 EST
843 1381 950 1429 quod
981 1380 1217 1417 Caelestinus
1246 1382 1350 1430 Papa
1379 1381 1398 1402 '¹‘
1427 1381 1482 1418 di-

418 1432 466 1469 cit
489 1432 528 1469 *ῑ
569 1435 652 1470 Sive
674 1433 828 1482 parvuli
859 1435 935 1470 sive
970 1435 1118 1471 iuvenes
1146 1435 1196 1471 ad
1231 1436 1483 1484 regeneratio-

418 1488 474 1522 nis
500 1488 650 1523 veniant
682 1492 971 1533 sacramentum,
997 1499 1072 1523 non
1092 1489 1201 1536 prius
1218 1488 1368 1535 fontem
1388 1489 1485 1525 vitae

418 1539 552 1576 adeant
571 1552 684 1588 quam
704 1541 921 1576 exorcismis
940 1546 974 1576 et
992 1541 1314 1590 exsufflationibus
1333 1541 1484 1578 clerico-

419 1605 504 1629 rum
531 1594 678 1642 spiritus
706 1593 917 1630 immundus
945 1595 992 1630 ab
1020 1595 1071 1630 eis
1099 1595 1304 1630 abiiciatur.

472 1647 697 1683 RESPONDEO
716 1657 898 1683 mCENDUM
918 1646 1025 1695 quod
1045 1646 1283 1696 quicumque
1303 1659 1403 1696 opus
1423 1647 1485 1684 ali-

420 1699 527 1747 quod
556 1699 746 1748 sapienter
772 1699 894 1736 faeere
927 1699 1128 1749 proponit,
1167 1700 1273 1748 prius
1311 1708 1486 1737 removet

420 1751 696 1801 impedimenta
716 1752 775 1789 sui
794 1753 938 1801 operis:
968 1753 1073 1790 unde
1093 1753 1230 1789 dicitur
1248 1755 1380 1790 Ierem.
1398 1765 1431 1790 1v
1445 1753 1483 1790 ²⁸:

420 1806 569 1843 Novate
595 1807 697 1844 vohis
726 1806 868 1852 novale,
898 1812 932 1843 et
950 1807 1061 1843 nolite
1079 1818 1202 1843 serere
1219 1819 1331 1856 super
1348 1810 1483 1856 spinas.

421 1858 608 1896 Diabolus
628 1866 758 1896 autem
786 1858 905 1896 hostis
925 1867 980 1896 est
1008 1860 1204 1896 humanae
1224 1859 1364 1907 salutis,
1385 1872 1485 1908 quae

422 1911 573 1948 homini
591 1924 661 1961 per
679 1912 916 1961 baptismum
935 1912 1144 1961 acquiritur
1162 1918 1197 1958 Υ;
1228 1920 1264 1949 et
1283 1913 1398 1950 habet
1417 1925 1486 1962 po-

422 1972 596 2002 testatem
624 1965 794 2014 aliquam
822 1966 862 2002 in
890 1965 1049 2002 homine
1079 1977 1125 2002 ex
1154 1966 1230 2002 hoc
1261 1966 1345 2015 ipso
1380 1967 1486 2015 quod

423 2018 599 2055 subditur
613 2018 784 2066 originali
798 2026 967 2067 peccato,
983 2019 1046 2054 vel
1065 2018 1180 2055 etiam
1196 2019 1343 2056 actuali.
1374 2019 1486 2057 Unde

422 2071 537 2108 etiam
565 2071 839 2108 convenienter
866 2079 951 2108 ante
980 2071 1218 2120 baptismum
1246 2073 1488 2121 expelluntur

423 2124 633 2161 daemones
661 2136 730 2173 per
758 2125 1008 2172 exorcismos,
1043 2137 1092 2161 ne
1122 2126 1284 2161 salutem
1318 2125 1487 2162 hominis

422 2176 645 2226 impediant.
667 2178 799 2224 Quam
826 2178 985 2227 quidem
1015 2177 1282 2227 expulsionem
1302 2178 1487 2226 significat

1536 589 1761 627 exsufflatio.
1792 589 2013 626 Benedictio
2034 597 2175 636 autem,
2205 602 2296 627 cum
2315 602 2455 628 manus
2475 592 2599 642 impo-

1536 642 1682 689 sitione,
1712 643 1923 692 praecludit
1951 642 2237 692 expulso‘viam
2256 655 2305 680 ne
2325 644 2448 681 redire
2467 645 2597 694 possit.

1537 696 1601 733 Sal
1629 703 1759 732 autem
1787 696 1826 732 in
1855 708 1898 732 os
1927 696 2106 743 missum,
2136 703 2172 732 et
2199 696 2353 733 narium
2382 705 2418 733 et
2445 698 2600 735 aurium

1536 756 1649 797 sputo
1666 749 1796 795 linitio,
1814 749 1999 797 significat
2018 749 2276 798 receptionem
2299 750 2494 787 doctrinae
2508 751 2600 789 fidei

1536 810 1727 850 quantum
1755 802 1804 839 ad
1832 814 1960 848 aures,
1997 810 2033 839 et
2060 802 2378 852 approbationem
2409 811 2601 853 quantum

1536 855 1585 891 ad
1614 867 1736 897 nares,
1767 862 1803 891 et
1831 855 2114 892 confessionem
2142 863 2333 904 quantum
2353 857 2401 893 ad
2428 868 2483 894 OS.
2514 856 2600 895 Olei

1527 907 1629 944 ⁷vero
1658 907 1829 944 inunctio
1859 907 2044 956 significat
2072 908 2326 957 aptitudinem
2354 909 2523 947 hominis
2552 910 2601 947 ad

1535 961 1792 1009 pugnandum
1820 969 1952 998 contra
1981 962 2202 998 daemones.

1588 1014 1646 1050 AD
1665 1025 1800 1051 PRIMUM
1819 1026 1917 1051 ERGO
1937 1026 2118 1052 DICENDUM
2137 1015 2245 1064 quod
2273 1018 2520 1066 energumeni
2545 1016 2600 1053 di-

1536 1073 1676 1102 cuntur
1703 1066 1812 1115 quasi
1841 1068 1992 1103 interius
2010 1067 2221 1105 laborantes
2240 1068 2449 1106 extrinseca
2468 1067 2481 1091 ⁶
2509 1081 2601 1118 ope-

1536 1118 1681 1155 ratione
1697 1119 1850 1156 diaboli.
1872 1120 1920 1156 Et
1934 1119 2112 1168 quamvis
2127 1132 2207 1157 non
2223 1133 2359 1158 omnes
2379 1122 2602 1160 accedentes

1536 1171 1585 1207 ad
1604 1171 1840 1220 baptismum
1860 1172 2107 1221 corporaliter
2125 1173 2173 1209 ab
2193 1185 2240 1210 eo
2255 1181 2452 1222 vexentur,
2465 1187 2602 1212 omnes

1535 1231 1666 1260 tamen
1694 1236 1774 1261 non
1802 1224 1979 1274 baptizati
2007 1225 2182 1273 potestati
2214 1226 2454 1264 daemonum
2487 1227 2602 1266 subii-

1537 1276 1700 1323 ciuntur‚
1722 1278 1855 1314 saltem
1882 1284 2040 1326 propter
2058 1285 2207 1315 reatum
2236 1278 2426 1326 originalis
2444 1281 2601 1328 peccati.

1590 1330 1647 1365 AD
1676 1342 1866 1367 SECUNDUM
1893 1342 2075 1367 DICENDUM
2112 1331 2219 1380 quod
2247 1331 2287 1368 in
2315 1332 2506 1381 baptismo
2534 1345 2605 1382 per

1537 1382 1776 1419 ablutionem
1791 1387 1802 1403 Ε
1823 1382 2036 1420 excluditur
2053 1391 2220 1432 potestas
2244 1384 2446 1422 daemonis
2465 1385 2513 1422 ab
2533 1387 2603 1423 ho-

1538 1435 1643 1472 mine
1672 1443 1863 1484 quantum
1887 1436 1936 1472 ad
1956 1437 2032 1473 hoc
2059 1437 2167 1486 quod
2187 1437 2347 1487 impedit
2366 1450 2456 1476 eum
2478 1451 2500 1476 a
2518 1451 2604 1488 per-

1538 1488 1714 1538 ceptione
1742 1488 1894 1536 gloriae.
1926 1489 2003 1526 Sed
2031 1489 2234 1527 exorcismi
2262 1489 2470 1529 excludunt
2497 1500 2604 1542 pote-

1539 1549 1674 1579 statem
1693 1541 1895 1585 daemonis
1923 1542 2155 1591 inquantum
2182 1543 2374 1593 impedit(
2401 1545 2605 1584 hominem

1539 1608 1561 1632 a
1588 1595 1834 1644 perceptione
1863 1596 2101 1633 sacramenti.
2209 1595 2212 1597 ’
2318 1611 2320 1613 ’
2603 1599 2605 1603 “

1592 1649 1650 1684 AD
1669 1660 1827 1686 TERTIUM
1846 1660 2028 1686 DICENDUM
2057 1649 2165 1698 quod
2192 1655 2294 1699 aqua
2313 1650 2513 1688 benedicta
2541 1651 2604 1690 da-

1539 1709 1602 1738 tur
1628 1708 1761 1738 contra
1789 1700 2099 1750 impugnationes
2131 1702 2373 1740 daemonum
2392 1716 2492 1754 quae
2517 1713 2606 1743 sunt

1540 1754 1588 1791 ab
1617 1753 1804 1791 exteriori.
1849 1755 1925 1791 Sed
1962 1755 2199 1792 exorcismus
2237 1756 2437 1794 ordinatur
2473 1766 2606 1796 contra

1539 1807 1850 1856 impugnationes
1869 1807 2110 1845 daemonum
2130 1821 2229 1858 quae
2245 1817 2334 1846 sunt
2353 1809 2401 1847 ab
2416 1810 2603 1849 interiori:

1540 1860 1644 1897 unde
1680 1862 1926 1910 energumeni
1955 1860 2146 1908 dicuntur,
2177 1861 2287 1910 quasi
2321 1864 2472 1901 interius
2505 1864 2604 1902 labo-

1541 1919 1675 1959 rantes,
1705 1913 1756 1950 illi
1784 1913 1850 1962 qui
1879 1913 2154 1951 exorcizantur.

1593 1967 1664 2003 Vel
1692 1966 1901 2003 dicendum
1930 1967 2047 2015 quod,
2069 1967 2165 2004 sicut
2190 1968 2407 2006 remedium
2427 1974 2445 1996 η
2474 1978 2607 2008 contra

1540 2026 1744 2068 peccatum
1772 2019 1944 2056 secundo
1974 2020 2087 2057 datur
2109 2020 2354 2069 poenitentia,
2375 2021 2467 2071 quia
2485 2022 2606 2073 bapti-

1541 2084 1648 2109 smus
1668 2084 1749 2108 non
1769 2072 1941 2119 iteratur;
1963 2072 2013 2110 ita
2032 2072 2072 2110 in
2091 2073 2309 2111 remedium
2328 2082 2460 2112 contra
2479 2075 2606 2127 impu-

1541 2125 1740 2174 gnationes
1769 2125 2009 2163 daemonum
2038 2127 2210 2164 secundo
2231 2127 2343 2164 datur
2370 2140 2472 2178 aqua
2490 2129 2607 2167 bene-

1542 2178 1650 2226 dicta.
1672 2178 1763 2228 quia
1795 2178 1998 2216 exorcismi
2030 2180 2275 2229 baptismales
2303 2193 2383 2219 non
2411 2181 2604 2222 iteranmr.

475 2290 501 2323 α)
521 2295 561 2316 est
575 2294 696 2316 contra...
711 2291 860 2316 ordinatus.
875 2306 894 2310 —
905 2295 1027 2317 contra...
1041 2292 1187 2317 ordinatur
1199 2294 1281 2318 tertia.
1291 2307 1310 2312 —
1322 2293 1386 2318 Post
1398 2301 1488 2319 omnes

421 2327 491 2351 PIsG
511 2327 608 2351 addunt
626 2327 789 2359 baptizandi.

476 2361 501 2394 β)
521 2365 550 2386 ut
578 2362 678 2387 dicitur
706 2362 781 2387 Ioan.
805 2362 876 2388 VIII.
894 2363 991 2388 -ideo
1020 2363 1120 2388 dicitur
1150 2364 1224 2390 Ioan.
1244 2363 1328 2397 (VIII
1352 2365 1422 2389 addit
1441 2364 1487 2399 sB)

1594 2293 1621 2326 γ)
1641 2294 1800 2326 acquiritur.
1818 2307 1838 2312 —
1855 2293 1998 2319 exhibetur
2017 2294 2061 2324 P1;
2081 2294 2158 2324 alias,
2178 2294 2328 2327 aequiritur
2346 2302 2436 2329 margo
2455 2297 2483 2321 P.

1594 2328 1620 2363 δ)
1639 2330 1803 2362 extrinseca.
1821 2343 1841 2348 —
1858 2329 2041 2355 &intrinseca
2059 2329 2089 2360 E,
2108 2337 2146 2355 ex
2164 2330 2309 2356 intrinseca
2327 2331 2366 2356 Pl.

1595 2365 1618 2399 ε)
1636 2365 1808 2390 ablutionem.
1819 2380 1839 2384 —
1856 2365 2016 2390 ablationem
2031 2365 2060 2396 1³3
2073 2365 2157 2394 Alias,
2169 2366 2330 2391 ablationem
2350 2374 2441 2399 margo
2453 2368 2473 2393 P
2479 2375 2487 2398 ;
2503 2369 2609 2400 peccati

422 2398 543 2427 ABCDE,
563 2398 633 2422 unde
651 2398 677 2422 in
699 2398 773 2422 Ioan.
792 2398 892 2422 dicitur
910 2398 939 2429 F,
959 2401 988 2422 ut
1006 2399 1107 2423 dicitur
1125 2399 1151 2424 in
1173 2399 1246 2425 Ioan.
1266 2399 1314 2429 Gb,
1335 2403 1364 2424 ut
1389 2400 1489 2425 dicitur
1542 2400 1612 2425 addit
1629 2401 1712 2426 tertia.

423 2434 498 2459 Ioan.
517 2434 550 2464 H,
570 2433 632 2464 quia
652 2433 669 2462 1,
689 2433 747 2458 ideo
767 2433 833 2458 dicit
853 2434 965 2459 Ioannes
985 2434 1025 2458 ed.
1040 2441 1064 2464 a,
1080 2435 1144 2467 quia
1163 2438 1192 2460 ut
1211 2435 1311 2460 dicitur
1329 2436 1355 2460 in
1377 2436 1452 2461 Ioan.
1466 2443 1488 2466 c,

423 2469 486 2500 quia
506 2472 536 2493 ut
554 2469 654 2493 dicitur
674 2469 748 2494 Ioan.
772 2468 840 2493 VIII
855 2469 883 2494 P.

1595 2435 1622 2469 ζ)
1640 2437 1760 2468 impedit.
1777 2450 1796 2455 —
1815 2436 1850 2467 P;
1871 2436 2019 2468 impediunt
2036 2434 2145 2468 (scilicet
2164 2436 2303 2461 daemones
2312 2436 2342 2470 ἓ),
2382 2459 2383 2462 ,

1595 2470 1622 2505 η)
1642 2472 1797 2497 remedium.
1814 2486 1834 2490 -
1852 2472 1878 2496 in
1900 2471 2044 2496 remedium
2064 2472 2138 2496 tertia
2157 2477 2182 2496 et
2200 2480 2226 2497 a.
2244 2486 2263 2491 -
2280 2473 2396 2498 secundo
2415 2481 2468 2500 om.
2486 2474 2529 2500 ab.

1223 2599 1542 2642 ARTICULUS
1577 2600 1808 2643 TERTIUS

512 2690 669 2721 UTRUM
692 2690 750 2720 EA
773 2690 893 2728 QUAE
916 2690 1132 2723 AGUNTUR
1155 2692 1199 2722 IN
1222 2693 1475 2724 EXORCISMO
1499 2693 1731 2725 EFFICIANT
1755 2695 1945 2733 ALIQUID,
1965 2695 2050 2726 VEL
2073 2695 2223 2727 SOLUM
2246 2696 2520 2730 SIGNIFICENT

1214 2771 1248 2795 lv
1267 2771 1350 2801 Sena,
1370 2772 1430 2798 dist.
1448 2780 1482 2803 νι,
1502 2780 1546 2806 qu.
1565 2780 1592 2804 11,
1613 2778 1660 2799 art.
1681 2773 1703 2803 3,
1724 2773 1771 2806 qu'
1795 2781 1819 2799 2.

545 2879 587 2903 a:
638 2863 660 2887 D
679 2862 838 2887 TERTIUM
857 2862 909 2887 sm
931 2862 1166 2888 PROCED1TUR.
1196 2850 1357 2888 Videtur
1383 2852 1487 2901 quod
1515 2856 1519 2896 l
1545 2864 1662 2902 supra
1680 2853 1700 2875 ‘¹‘
1727 2852 1875 2891 dictum
1903 2861 1968 2891 est.
2000 2854 2040 2892 Si
2068 2867 2158 2903 ergo
2187 2867 2233 2892 ea
2261 2867 2361 2904 quae
2385 2863 2550 2904 aguntur
2568 2856 2608 2893 in

638 2916 684 2941 ea
712 2916 811 2952 quae
841 2911 1006 2952 aguntur
1033 2903 1073 2940 in
1095 2904 1310 2941 exorcismo
1339 2917 1420 2942 non
1440 2906 1490 2942 ef-

613 2955 768 2994 ficiant
802 2956 962 3006 aliquid,
1000 2958 1067 2994 sed
1102 2959 1230 2994 solum
1266 2957 1488 3006 significent.

640 3009 680 3047 Si
706 3010 810 3047 enim
828 3022 926 3059 puer
943 3018 1031 3060 post
1051 3010 1285 3048 exorcismos
1304 3011 1492 3048 moriatur

427 3069 513 3099 ante
540 3061 787 3110 baptismum,
818 3065 980 3101 salutem
1008 3076 1088 3100 non
1116 3063 1375 3113 consequitur.
1413 3065 1490 3102 Sed

428 3115 478 3151 ad
504 3115 580 3151 hoc
608 3116 806 3153 ordinatur
833 3117 991 3154 effectus
1020 3129 1158 3154 eorum
1187 3130 1287 3166 quae
1311 3117 1351 3154 in
1370 3130 1490 3155 sacra-

428 3167 567 3203 mentis
595 3176 768 3216 aguntur‚
798 3177 840 3205 ut
868 3170 989 3207 homo
1023 3178 1282 3219 consequatur
1309 3172 1489 3208 salutem:

428 3219 533 3256 unde
570 3227 605 3256 et
636 3222 755 3258 Marc.
785 3223 850 3258 ult.
871 3221 890 3243 ‘¹‘
925 3222 1080 3260 dicitur:
1125 3225 1199 3265 Qui
1233 3224 1427 3260 crediderit
1459 3230 1492 3260 et

429 3274 628 3320 baptizatus
652 3274 776 3319 fuerit,
804 3275 927 3311 salvus
955 3278 1032 3312 erit.
1063 3277 1164 3323 Ergo
1185 3288 1230 3312 ea
1254 3288 1353 3324 quae
1373 3288 1491 3324 agun-

430 3332 492 3362 tur
519 3324 558 3361 in
588 3326 801 3363 exorcismo
830 3327 924 3364 nihil
943 3327 1124 3374 efficiunt,
1146 3329 1213 3365 sed
1233 3330 1360 3365 solum
1380 3329 1492 3377 signi-

431 3377 557 3414 ficant.

487 3442 521 3467 2.
552 3432 781 3480 PRAETEREA‚
811 3433 887 3469 hoc
914 3434 1042 3469 solum
1071 3433 1275 3482 requiritur
1302 3433 1351 3470 ad
1371 3446 1492 3471 sacra-

432 3491 605 3521 mentum
636 3497 760 3521 novae
789 3485 878 3533 legis
898 3493 940 3522 ut
959 3485 1004 3522 sit
1023 3485 1176 3534 signum
1196 3494 1232 3523 et
1251 3498 1377 3534 causa,
1398 3486 1494 3524 sicut

1546 2905 1760 2943 exorcismo
1790 2906 1934 2956 aliquid
1958 2907 2134 2955 efficiant,
2155 2908 2308 2945 videtur
2325 2907 2433 2958 quod
2460 2908 2608 2958 singula

1545 2958 1619 2996 sint
1647 2960 1841 3008 quaedam
1869 2968 2117 2998 sacramenta.

1602 3012 1635 3048 3.
1666 3013 1906 3060 PRAETEREA‚
1940 3013 2036 3050 sicut
2070 3013 2306 3051 exorcismus
2334 3013 2531 3052 ordinatur
2559 3016 2608 3053 ad

2635 2862 2645 2873 ·
2656 2860 2704 2889 Qu.
2711 2864 2768 2887 nu,
2776 2863 2819 2883 nrt.
2829 2858 2850 2882 ι’.

1545 3065 1795 3115 baptismum,
1815 3065 1876 3113 ita,
1897 3065 1928 3103 si
1956 3065 2100 3116 aliquid
2121 3066 2162 3103 in
2190 3066 2404 3104 exorcismo
2433 3067 2606 3112 efficitur,
2648 3070 2650 3072 ’

1546 3117 1746 3156 ordinatur
1781 3119 1830 3156 ad
1858 3119 2039 3156 effectum
2066 3118 2257 3169 baptismi.
2300 3119 2378 3157 Sed
2410 3119 2608 3170 dispositio

1545 3183 1592 3208 ex
1619 3171 1839 3208 necessitate
1867 3171 2060 3221 praecedit
2077 3172 2243 3209 formam
2262 3173 2488 3221 perfectam:
2518 3174 2610 3223 quia

1545 3224 1671 3261 forma
1694 3236 1775 3261 non
1794 3223 1973 3274 recipitur
1991 3224 2064 3261 nisi
2083 3224 2123 3261 in
2141 3225 2300 3262 materia
2319 3225 2512 3275 disposita.
2543 3227 2609 3265 Se-

1547 3284 1730 3325 queretur
1757 3289 1846 3325 ergo
1875 3277 1983 3326 quod
2010 3278 2138 3314 nullus
2165 3286 2295 3327 posset
2313 3279 2499 3329 consequi
2519 3280 2609 3317 effe-

1547 3337 1653 3366 ctum
1679 3329 1857 3379 baptismi
1884 3329 1957 3366 nisi
1975 3329 2082 3379 prius
2101 3330 2351 3368 exorcizatus:
2382 3333 2490 3381 quod
2508 3340 2611 3383 patet

1548 3394 1629 3419 esse
1658 3382 1808 3419 falsum.
1838 3383 1931 3419 Non
1951 3394 2040 3431 ergo
2065 3395 2110 3420 ea
2138 3396 2237 3432 quae
2257 3392 2423 3433 aguntur
2442 3385 2481 3422 in
2501 3398 2610 3424 exor-

1547 3434 1675 3471 cismis
1703 3435 1871 3484 aliquem
1900 3435 2081 3472 effectum
2109 3437 2262 3474 habent.

1600 3500 1636 3535 4.
1667 3489 1899 3536 PRAETEREA,
1929 3488 2024 3525 sicut
2043 3489 2237 3538 quaedam
2256 3499 2421 3539 aguntur
2441 3491 2482 3529 in
2501 3503 2610 3529 exor-
