2878 4088
770 402 2078 507 SUPPLEMENTUM

1043 622 1445 679 TERTIAE
1482 619 1804 675 PARTIS
1858 671 1863 675 ,

351 762 1130 875 SUMMAE
1227 757 2493 871 THEOLOGIAE

1108 945 1397 987 ANGELICI
1431 943 1742 984 DOCTORIS

594 1077 1006 1164 SANCTI
1071 1075 1564 1160 THOMAE
1628 1073 2258 1183 AQUINATIS

644 1469 898 1514 QUAESTIO
926 1469 1087 1503 PRIMA
1130 1475 1134 1478 '
1391 1475 1394 1478 ⁴
1455 1476 1554 1507 quem
1578 1467 1740 1507 quandam
1756 1467 2001 1497 continuitatem
2018 1472 2049 1496 et
2077 1465 2269 1497 soliditatem
2292 1467 2326 1496 in
2349 1476 2444 1497 sensu
2463 1477 2522 1498 suo

714 1536 759 1561 DE
778 1536 1017 1561 CONTRITIONE
1454 1512 1600 1547 habebat,
1617 1511 1691 1541 ideo
1716 1517 1804 1541 actus
1827 1511 1879 1541 ille
1897 1520 1963 1551 quo
1987 1516 2156 1550 peccatum
2181 1510 2348 1541 dimittitur
2371 1512 2522 1542 contritio

1456 1555 1571 1585 dicitur
1594 1565 1652 1595 per
1674 1555 1926 1586 similitudinem.

425 1624 429 1626 -
474 1622 488 1643 ,ι
500 1614 616 1643 amns
647 1603 916 1634 considerandum
947 1607 994 1633 est
1025 1602 1065 1632 de
1096 1601 1228 1642 singulis
1258 1602 1400 1642 partibus
1512 1599 1547 1630 In
1571 1609 1635 1640 qua
1659 1599 1791 1640 quidem
1815 1600 2008 1630 contritione
2036 1599 2127 1639 plura
2154 1605 2291 1639 possunt
2314 1599 2522 1630 considerari:

88 1655 303 1686 'mmmqm
418 1643 767 1688 poenitentiae*
775 1658 782 1677 :
796 1652 827 1677 et
842 1648 958 1687 primo,
972 1646 1011 1677 de
1024 1646 1232 1682 contritione3
1246 1645 1400 1681 secundo,
1424 1655 1432 1675 ς
1456 1643 1576 1674 scilicet
1591 1645 1660 1684 ipsa
1683 1645 1858 1674 substantia
1881 1649 1986 1679 actus,
2011 1643 2128 1673 modus
2159 1643 2289 1683 agendi,
2313 1644 2523 1684 principium,
2570 1640 2571 1643 ¹

89 1708 104 1724 a
141 1682 231 1732 w·
441 1689 482 1731 (ἕξ)
522 1692 562 1723 de
585 1691 788 1723 confessione
804 1692 837 1728 ’ς
861 1692 965 1727 tertio,
990 1690 1030 1721 de
1053 1688 1267 1720 satisfactione
1282 1691 1327 1720 ⁸.
1352 1690 1400 1720 De
1457 1693 1488 1718 et
1511 1688 1653 1719 effectus.
1678 1689 1719 1718 Et
1742 1688 1922 1719 secundum
1945 1689 2018 1724 hoc,
2040 1687 2079 1718 de
2103 1687 2295 1718 contritione
2318 1689 2525 1719 inveniuntur

89 1735 115 1749 '⁸
191 1741 232 1759 ¹¹¹·
447 1731 494 1779 '55³4
522 1737 715 1767 contritione
742 1741 850 1766 autern
877 1734 1108 1766 consideranda
1135 1740 1210 1765 sunt
1237 1735 1398 1774 quinque:
1456 1732 1597 1763 diversae
1620 1732 1823 1763 definitiones
1850 1732 1991 1763 traditae.

61 1808 65 1819 1
89 1791 165 1823 ·Qn.
179 1797 206 1815 ιι.
466 1776 487 1790 ”
521 1782 638 1822 primo,
655 1780 734 1821 quid
757 1781 814 1816 sit3
839 1779 994 1816 secundo,
1011 1779 1050 1810 de
1067 1788 1134 1820 quo
1152 1789 1220 1809 esse
1237 1778 1351 1809 debeat
1366 1779 1399 1815 *3
1511 1777 1679 1815 Quantum
1704 1778 1790 1808 enim
1807 1777 1846 1808 ad
1862 1778 1964 1817 ipsam
1988 1777 2195 1807 substantiam
2212 1781 2310 1812 actus,
2328 1776 2420 1807 datur
2434 1787 2525 1817 prae-

87 1824 213 1885 ζᾞίω·
329 1827 433 1863 tertio,
451 1831 570 1867 quanta
586 1835 655 1856 esse
671 1825 784 1856 debeat
796 1825 827 1860 *;
848 1829 974 1864 quarto,
988 1823 1028 1855 de
1048 1823 1216 1859 duratione
1232 1824 1332 1864 ipsius
1348 1824 1399 1859 **;
1456 1820 1539 1852 dicta
1554 1823 1571 1839 ἓ
1595 1821 1750 1852 definitio.
1779 1822 1820 1852 Et
1843 1822 1919 1862 quia
1942 1826 2030 1851 actus
2059 1821 2259 1851 contritionis
2282 1826 2329 1851 est
2352 1826 2440 1851 actus
2463 1823 2524 1852 vir·
2553 1824 2562 1834 ‘
2576 1824 2633 1851 Arg.
2651 1830 2669 1845 2-

88 1870 165 1911 '‘⁴¹0⁸-
178 1860 221 1904 ζ’·
330 1871 455 1912 quinto,
473 1871 512 1902 de
537 1870 653 1900 effectu
675 1870 776 1909 ipsius
792 1870 819 1899 ⁴⁶.
1417 1881 1442 1896 ιο
1455 1867 1548 1903 tutis;
1566 1872 1597 1897 et
1614 1872 1661 1897 est
1676 1876 1748 1907 pars
1763 1866 1980 1907 poenitentiae
1996 1866 2201 1896 sacramenti:
2218 1865 2293 1895 ideo
2306 1865 2526 1896 manifestatur

330 1915 424 1947 Circa
447 1917 589 1956 primurn
612 1919 810 1955 quaeruntur
832 1914 901 1943 tria.
1455 1911 1489 1940 in
1512 1910 1674 1951 praedicta
1698 1910 1903 1947 definitione,
1926 1911 2120 1951 inquantum
2144 1915 2191 1940 est
2218 1915 2306 1940 actus
2329 1911 2466 1947 virtutis,
2492 1912 2526 1941 in

384 1960 512 1991 Primo:
537 1965 646 1990 utrum
670 1958 899 1989 convenienter
922 1957 1102 1988 definiatur.
1455 1955 1519 1985 hoc
1536 1955 1626 1996 quod
1641 1956 1773 1996 ponitur
1788 1965 1890 1996 genus
1905 1955 2015 1995 ipsius,
2033 1955 2153 1985 scilicet
2168 1954 2266 1985 dolor
2272 1961 2285 1991 ;
2303 1960 2335 1985 et
2351 1956 2525 1992 obiectum,

385 2003 553 2035 Secundo:
578 2009 687 2034 utrum
712 2003 862 2033 contn'tio
886 2002 926 2032 sit
949 2007 1038 2032 actus
1061 2002 1194 2032 virtutis.
1455 2000 1488 2029 in
1512 2000 1576 2030 hoc
1599 2000 1690 2040 quod
1713 1999 1788 2031 dicit
1804 2010 1869 2041 pro
1888 2000 2051 2040 peccatis‚·
2075 2005 2106 2030 et
2130 1999 2260 2035 electio,
2286 2008 2368 2039 quae
2392 2000 2525 2040 requiri-

385 2049 516 2079 Tertio:
541 2054 651 2079 utrum
675 2047 792 2077 attritio
816 2047 918 2087 possit
939 2045 1009 2076 fieri
1032 2046 1193 2076 contritio.
1456 2049 1508 2073 tur
1531 2044 1570 2075 ad
1594 2050 1701 2075 actum
1723 2045 1857 2081 virtutis,
1882 2045 1915 2074 in
1938 2045 2002 2074 hoc
2026 2043 2115 2084 quod
2138 2043 2214 2074 dicit
2238 2049 2428 2084 assumptus.
2463 2044 2527 2075 Sed

1286 2102 1311 2125 ⁴„
1417 2103 1439 2122 ις
1455 2088 1649 2128 inquantum
1681 2093 1727 2119 est
1756 2099 1828 2129 pars
1859 2089 2063 2125 sacramenti,
2088 2098 2146 2129 per
2174 2088 2238 2118 hoc
2269 2087 2359 2128 quod
2387 2089 2526 2129 tangitur

385 2136 485 2167 ART.
509 2136 532 2166 1.
556 2144 662 2165 rmum
686 2143 853 2164 CONTRITIO
878 2143 924 2163 sn
951 2146 965 2159 ‹
984 2142 1092 2163 nomn
1114 2142 1174 2163 PRO
1198 2141 1342 2163 pnecAns
1457 2132 1537 2163 ordo
1561 2133 1660 2173 ipsius
1678 2133 1718 2163 ad
1733 2133 1808 2163 alias
1832 2138 1946 2173 partes,
1964 2142 2039 2163 curn
2064 2132 2149 2168 dicit,
2167 2142 2239 2163 cum
2254 2133 2426 2173 proposito
2450 2142 2526 2163 con-

352 2190 522 2212 asstmpws
548 2189 610 2210 cun
633 2188 804 2209 puorosrro
829 2187 1017 2208 conrrrssnm
1040 2187 1079 2207 m·
1103 2187 1332 2208 sarrsncnmm
1351 2191 1378 2207 ».
1444 2177 1566 2218 fitendi
1590 2183 1649 2208 etc.

650 2214 651 2219 ¹
681 2241 714 2263 1v
729 2241 796 2263 Cont.
814 2241 890 2268 Gent„
907 2247 958 2269 cap.
974 2247 1047 2263 uxu.
1511 2222 1583 2252 Alia
1607 2222 1703 2252 etiam
1727 2221 1872 2252 definitio
1895 2222 2056 2252 invenitur
2072 2231 2155 2261 quae
2171 2220 2283 2251 definit
2299 2222 2526 2252 contritionem

1456 2266 1635 2296 secundum
1659 2265 1749 2307 quod
1773 2271 1820 2296 est
1843 2271 1931 2297 actus
1955 2266 2078 2296 virtutis
2100 2271 2243 2295 tantum:
2268 2265 2324 2296 sed
2346 2265 2471 2296 additur
2486 2265 2526 2296 ad

396 2322 417 2342 D
440 2321 558 2342 panum
582 2321 627 2341 src
651 2319 856 2341 PRerDITUR.
884 2309 1020 2340 Videtur
1043 2309 1133 2350 quod
1159 2310 1309 2340 contritio
1333 2319 1401 2340 non
1416 2324 1441 2338 20
1455 2310 1650 2350 praedictam
1681 2309 1904 2341 definitionem
1932 2310 2108 2341 differentia
2136 2310 2327 2340 contrahens
2355 2311 2458 2350 ipsam
2486 2310 2526 2340 ad

38 2379 39 2382 ,
332 2323 436 2386 Asit
458 2355 556 2386 dolor
571 2364 637 2396 pro
660 2355 803 2395 peccatis
826 2359 1008 2395 assumptus
1031 2363 1104 2384 cum
1127 2351 1300 2395 proposito
1324 2364 1401 2384 con·
1455 2355 1627 2394 specialem
1645 2356 1803 2391 virtutem,
1821 2355 1942 2386 scilicet
1964 2355 2206 2395 poenitentiam.
2231 2354 2317 2384 Dicit
2333 2355 2419 2384 enim
2436 2354 2526 2395 quod

91 2400 304 2430 ‘sm-Sum
321 2400 443 2442 fitendi
466 2399 749 2441 et‘satisfizciendi,
766 2404 803 2429 ut
826 2398 957 2439 quidam
974 2400 990 2415 ⁴*
1014 2398 1181 2429 definiunt.
1206 2398 1301 2437 Quia,
1319 2400 1401 2429 sicut
1454 2400 1653 2439 poenitentia
1684 2405 1730 2430 est
1759 2399 1858 2430 dolor
1888 2399 2095 2430 voluntarius
2120 2408 2186 2439 pro
2212 2404 2358 2438 peccato,
2384 2399 2526 2439 puniens

90 2427 307 2503 ἔέᾗᾳὴἕοξῗ
332 2445 531 2485 Augustinus
555 2444 640 2480 dicit,
660 2444 695 2474 in
717 2444 799 2474 libro
822 2443 862 2474 de
879 2443 947 2474 Ciu.
971 2443 1035 2473 Dei
1049 2444 1076 2479 ἡ
1101 2443 1199 2473 dolor
1221 2448 1269 2473 est
1289 2443 1329 2473 de
1351 2444 1400 2474 his
1454 2443 1542 2484 quod
1570 2444 1659 2474 dolet
1679 2453 1714 2474 se
1736 2444 1931 2475 commisisse
1946 2445 1973 2474 ἦ
2004 2444 2040 2474 In
2069 2444 2133 2474 hoc
2163 2443 2250 2473 enirn
2281 2443 2371 2483 quod
2401 2443 2526 2474 additur
2553 2443 2670 2492 {pevera
2679 2443 2766 2471 etsals.

90 2481 304 2537 ξ’·’ωζιῐνιήἳζζ
332 2498 416 2530 quae
446 2489 537 2519 nobis
567 2488 748 2518 nolentibus
780 2488 940 2518 accidunt.
975 2487 1039 2518 Sed
1068 2493 1199 2528 peccata
1228 2497 1296 2518 non
1326 2494 1400 2518 sunt
1448 2488 1590 2529 punitio,
1615 2488 1654 2518 ad
1677 2489 1849 2528 specialem
1872 2489 2023 2519 virtutem
2050 2488 2257 2518 contrahitur.
2553 2476 2769 2546 (issffi'opffigffl

44 2554 51 2561 ,
90 2513 169 2584 2¹:³1⁵}
178 2524 304 2563 Xlssssflp·
332 2532 530 2564 huiusmodi.
554 2533 640 2573 Ergo
664 2531 814 2563 contritio
837 2542 905 2562 non
929 2538 976 2563 est
999 2532 1097 2562 dolor
1112 2542 1178 2572 pro
1195 2532 1349 2572 peccatis.
1415 2545 1437 2564 ’ς
1509 2533 1581 2563 Alia
1603 2538 1712 2563 autem
1735 2532 1879 2563 definitio
1903 2533 2064 2563 invenitur
2087 2532 2199 2562 Isidori
2214 2533 2241 2568 *,
2261 2541 2345 2572 quae
2367 2532 2438 2562 talis
2461 2538 2524 2562 est:
2554 2524 2687 2573 Cssffl·de
2695 2526 2769 2572 1252}

116 2577 124 2589 ,
169 2576 176 2584 .

390 2587 420 2608 2.
444 2578 640 2613 Pium-snm,
664 2577 814 2607 contritio
837 2577 931 2607 nobis
955 2587 973 2607 a
996 2577 1067 2607 Deo
1092 2576 1193 2607 datur.
1224 2576 1287 2608 Sed
1310 2577 1400 2617 quod
1457 2578 1618 2608 Contritio
1643 2583 1691 2608 est
1713 2578 1916 2618 compunctio
1944 2582 1975 2607 et
1999 2577 2165 2607 humilitas
2188 2577 2311 2612 mentis,
2329 2586 2401 2606 cum
2429 2577 2526 2607 lacri-
2553 2557 2767 2626 {isblfigMfls-IV

333 2621 435 2658 datur,
461 2631 530 2652 non
557 2622 737 2652 assumitur.
769 2621 854 2661 Ergo
886 2621 1036 2652 contritio
1063 2630 1132 2651 non
1159 2627 1205 2651 est
1232 2621 1326 2651 dolor
1349 2631 1400 2652 as-
1455 2622 1524 2658 mis,
1541 2622 1671 2664 veniens
1689 2622 1728 2652 de
1752 2622 1980 2652 recordatione
1995 2622 2124 2662 peccati
2147 2626 2178 2651 et
2201 2621 2316 2651 timore
2339 2621 2460 2652 iudicii.
2485 2622 2527 2652 Et
2554 2606 2767 2679 cfff'fiosist‘ia'e‘ff'

332 2671 487 2707 sumptus.
1454 2667 1534 2697 haec
1559 2666 1690 2706 quidem
1714 2667 1814 2707 tangit
1837 2667 1994 2697 rationem
2017 2666 2168 2702 nominis,
2193 2666 2226 2695 in
2250 2666 2313 2695 hoc
2338 2666 2428 2705 quod
2451 2666 2527 2696 dicit
2554 2659 2585 2706 ξω
2595 2658 2766 2712 ῖῑξῗῆἶζξῖᾗ

390 2711 419 2741 3.
443 2710 647 2746 PRAnranA,
675 2709 846 2740 satisfactio
873 2714 904 2740 et
931 2709 1091 2740 confessio
1122 2715 1196 2740 sunt
1225 2711 1401 2740 necessaria
1455 2711 1620 2741 humilitas
1650 2711 1787 2741 mentis:
1821 2712 1906 2751 quia,
1939 2711 2021 2741 sicut
2050 2720 2107 2750 per
2136 2710 2319 2750 superbiam
2349 2710 2463 2750 aliquis
2493 2711 2527 2740 in
2585 2701 2593 2712 ’
2670 2701 2676 2711 '

333 2754 373 2785 ad
388 2755 452 2785 hoc
468 2754 558 2795 quod
581 2764 688 2794 poena
710 2754 887 2784 remittatur
911 2754 1043 2794 quaein
1059 2755 1253 2784 contritione
1271 2755 1401 2785 remissa
1417 2766 1442 2786 3⁰
1456 2765 1515 2786 suo
1532 2765 1628 2786 sensu
1651 2755 1792 2786 redditur
1815 2755 1944 2795 rigidus,
1962 2756 2005 2785 ita
2025 2764 2082 2795 per
2105 2755 2168 2784 hoc
2193 2753 2282 2794 quod
2306 2765 2323 2784 a
2347 2764 2406 2784 suo
2431 2764 2527 2785 sensu

290 2805 302 2818 ’
332 2808 401 2830 non
431 2798 500 2829 fuit.
532 2798 595 2830 Sed
626 2798 823 2838 quandoque
853 2803 919 2828 tota
947 2807 1053 2838 poena
1079 2799 1113 2829 in
1137 2799 1330 2829 contritione
1353 2809 1401 2829 re-
1457 2801 1612 2830 contritus
1635 2799 1770 2835 recedit,
1794 2800 1990 2830 humiliatur.
2020 2799 2139 2838 Tangit
2162 2799 2258 2829 etiam
2280 2798 2418 2828 modum
2441 2804 2527 2828 exte-

332 2844 478 2874 mittitur.
503 2844 589 2883 Ergo
605 2853 673 2873 non
690 2850 737 2873 est
751 2842 966 2873 necessarium
990 2852 1116 2883 semper
1140 2843 1230 2883 quod
1246 2844 1401 2874 contritus
1456 2845 1591 2880 riorem,
1615 2845 1650 2874 in
1672 2844 1735 2874 hoc
1760 2843 1850 2884 quod
1873 2843 1949 2874 dicit
1979 2853 2051 2874 cum
2083 2843 2249 2879 lacrimis;
2279 2848 2310 2872 et
2332 2843 2527 2883 principium

332 2888 447 2918 habeat
464 2888 670 2929 propositum
694 2887 867 2928 confitendi
889 2892 921 2917 et
941 2887 1173 2929 satisfaciendi.
1457 2889 1674 2924 contritionis,
1698 2889 1732 2918 in
1755 2889 1818 2918 hoc
1843 2887 1932 2928 quod
1961 2887 2053 2924 dicit,
2082 2888 2212 2918 veniens
2235 2887 2274 2917 de
2301 2886 2528 2917 recordatione

389 2932 451 2963 Sim
476 2942 600 2962 CONTRA
623 2942 678 2962 sssr
700 2933 770 2971 ipsa
792 2931 948 2961 definitio.
1450 2933 1578 2973 peccati
1602 2938 1662 2962 etc.

50 3002 55 3004 .
388 2977 578 3007 ΠΕεΡοΝῡΕο
607 2986 767 3006 monimum
798 2975 888 3015 quod
919 2975 1046 3005 initium
1077 2976 1182 3006 omnis
1202 2976 1330 3016 peccati
1356 2981 1403 3006 est
1417 2987 1439 3007 35
1511 2976 1583 3006 Alia
1605 2977 1742 3007 sumitur
1766 2986 1803 3006 ex
1826 2977 1930 3007 verbis
1954 2976 2146 3016 Augustini,
2172 2976 2229 3016 qui
2251 2975 2352 3015 tangit
2376 2971 2526 3006 effectum

14 3017 51 3054 ’,ξ’
94 3024 190 3048 ‘Ea-fl,
212 3031 263 3054 cap.
282 3032 306 3052 x,
333 3021 483 3061 superbia
499 3022 525 3057 ἢ
549 3030 607 3061 per
630 3030 728 3060 quam
751 3021 863 3055 homo,
881 3021 988 3050 sensui
1009 3029 1068 3050 suo
1084 3020 1262 3056 inhaerens,
1279 3030 1297 3050 a
1312 3029 1399 3050 man—
1457 3021 1667 3056 contritionis,
1692 3030 1775 3061 quae
1800 3027 1862 3051 est:
1895 3021 2056 3051 Contritio
2081 3025 2129 3050 est
2151 3019 2248 3050 dolor
2271 3020 2434 3050 remittens
2450 3029 2526 3060 pec-

49 3074 53 3079 ·
93 3056 155 3075 '⁸¹²
171 3058 202 3082 ¹⁵·
334 3064 413 3096 datis
445 3065 558 3096 divinis
589 3064 717 3096 recedit.
750 3065 791 3094 Et
817 3064 891 3095 ideo
923 3069 1052 3104 oportet
1083 3064 1173 3105 quod
1202 3064 1282 3095 illud
1313 3064 1403 3104 quod
1457 3070 1574 3095 catum.

334 3108 466 3140 destruit
496 3115 680 3150 peccatum,
711 3109 878 3139 hominem
906 3118 924 3138 a
951 3109 1082 3149 proprio
1113 3118 1209 3139 sensu
1240 3108 1402 3139 discedere
1511 3109 1583 3139 Alia
1617 3110 1753 3139 sumitur
1788 3118 1826 3139 ex
1859 3109 1962 3139 verbis
1997 3108 2144 3148 Gregorii
2168 3109 2185 3124 ⁴*
2198 3132 2205 3144 ‚
2237 3117 2321 3148 quae
2354 3109 2424 3138 talis
2459 3114 2525 3138 est:
2553 3111 2768 3160 ivgffifforafflib·

333 3152 437 3184 faciat.
462 3153 516 3184 llle
541 3159 649 3184 autem
673 3154 729 3194 qui
752 3154 785 3183 in
811 3163 871 3183 suo
896 3163 991 3183 sensu
1014 3158 1203 3193 perseverat,
1229 3153 1356 3194 rigidus
1372 3158 1402 3183 et
1459 3153 1621 3183 Contritio
1656 3158 1704 3184 est
1735 3153 1900 3184 humilitas
1933 3153 2085 3194 spiritus,
2121 3153 2308 3183 annihilans
2335 3158 2525 3193 peccatum,
2554 3144 2766 3192 21.11;v'e⁰1⁸.⁵piv¹1¹.¹'

334 3197 437 3228 durus
458 3207 516 3238 per
538 3198 780 3229 similitudinem
803 3203 952 3228 vocatur:
984 3197 1071 3228 unde
1094 3203 1126 3228 et
1139 3198 1265 3239 frangi
1288 3197 1403 3228 dicitur
1417 3207 1442 3227 40
1458 3198 1543 3228 inter
1564 3207 1651 3238 spem
1675 3203 1706 3228 et
1728 3198 1885 3228 timorem.
1911 3198 1951 3228 Et
1970 3198 2048 3228 haec
2072 3197 2172 3237 tangit
2194 3197 2352 3227 rationem
2375 3198 2526 3232 nominis,

335 3241 449 3281 aliquis
465 3242 595 3282 quando
611 3252 630 3272 a
644 3252 704 3272 suo
720 3252 816 3272 sensu
832 3242 1000 3272 divellitur.
1026 3242 1089 3273 Sed
1104 3243 1186 3272 inter
1199 3242 1402 3283 fractionem
1457 3242 1491 3272 in
1514 3242 1577 3272 hoc
1602 3242 1691 3282 quod
1715 3241 1790 3272 dicit
1813 3242 1903 3282 quod
1930 3242 2082 3272 contritio
2111 3247 2158 3272 est
2183 3241 2348 3272 humilitas
2373 3241 2527 3282 &iritum

336 3290 368 3315 et
382 3286 663 3317 comminutionem
686 3287 751 3317 sive
767 3287 994 3317 contritionem
1010 3286 1043 3317 in
1059 3287 1154 3317 rebus
1177 3286 1401 3321 materialibus,
1458 3292 1490 3316 et
1513 3285 1643 3317 effectus
1668 3287 1746 3323 eius,
1763 3287 1796 3316 in
1819 3287 1882 3316 hoc
1907 3286 1997 3326 quod
2021 3286 2106 3322 dicit,
2130 3285 2317 3316 annihilans
2334 3291 2528 3326 peccatum;

337 3329 423 3360 unde
437 3330 516 3360 haec
531 3332 665 3361 nomina
680 3331 720 3361 ad
736 3331 910 3371 spiritualia
924 3330 1166 3367 transferuntur,
1183 3331 1246 3361 hoc
1262 3332 1401 3366 interest,
1459 3336 1490 3361 et
1506 3330 1672 3370 originem,
1697 3332 1730 3360 in
1756 3331 1819 3361 hoc
1850 3330 1939 3371 quod
1970 3330 2055 3367 dicit,
2087 3331 2172 3361 inter
2200 3340 2286 3371 spem
2315 3335 2346 3360 et
2368 3331 2525 3360 timorem.

32 3395 38 3407 ,
88 3377 311 3426 'eonssiiffstfciain-
336 3378 374 3403 ut
396 3373 510 3404 dieitur
531 3375 566 3404 in
588 3374 632 3405 1V
655 3375 791 3406 Meteor.
808 3376 842 3412 *,
867 3375 957 3415 quod
986 3375 1088 3416 frangi
1118 3375 1268 3406 dicuntur
1297 3375 1402 3415 aliqua
1458 3375 1526 3405 Nec
1550 3375 1655 3406 solum
1687 3376 1780 3415 ponit
1810 3385 1938 3406 causam
1970 3375 2189 3415 principalem,
2222 3384 2303 3415 quae
2336 3380 2383 3405 est
2412 3375 2525 3405 timor:

33 3422 40 3430 “
95 3429 309 3452 nean-snum.
337 3417 466 3457 quando
490 3418 524 3448 in
547 3428 686 3460 magnas
701 3425 815 3460 partes
837 3419 1040 3456 diuiduntur,
1065 3419 1121 3450 sed
1151 3420 1330 3450 comminui
1352 3420 1401 3450 vel
1418 3429 1441 3448 ις
1458 3419 1514 3450 sed
1538 3421 1632 3450 etiam
1660 3429 1743 3460 quae
1772 3425 1818 3450 est
1840 3429 1929 3460 spes,
1954 3420 2022 3450 sine
2053 3429 2117 3460 qua
2143 3420 2241 3450 timor
2271 3419 2526 3459 desperationem

94 3460 127 3478 ⁸¹·
338 3462 461 3492 conteri
482 3462 612 3502 quando
631 3462 675 3494 ad
691 3468 804 3504 partes
823 3464 974 3495 minimas
993 3464 1159 3495 reducitur
1181 3465 1245 3494 hoc
1265 3463 1354 3504 quod
1370 3465 1402 3494 in
1458 3463 1562 3494 facere
1586 3469 1705 3504 posset.

338 3514 372 3535 se
394 3505 535 3536 solidum
558 3511 633 3537 erat.
660 3507 702 3537 Et
723 3508 799 3548 quia
817 3508 857 3538 ad
880 3508 1100 3539 dimissionem
1123 3509 1247 3550 peccati
1270 3509 1403 3549 requiri·
1513 3508 1564 3538 An
1595 3518 1713 3538 numm
1747 3518 1831 3538 nano
1865 3518 2026 3539 mmmmm
2060 3507 2166 3548 quod,
2199 3508 2344 3548 quamvis
2378 3512 2525 3547 peccata,

337 3554 390 3579 tur
413 3549 502 3589 quod
534 3550 635 3581 homo
665 3551 803 3582 totaliter
833 3551 982 3583 affectum
1012 3554 1137 3593 peccati
1167 3553 1322 3590 dimittat,
1347 3562 1404 3593 per
1460 3552 1590 3593 quando
1615 3552 1808 3589 acciderunt,
1832 3553 2010 3583 voluntaria
2034 3551 2180 3590 fuerunt;
2204 3558 2322 3588 tamen,
2340 3551 2470 3592 quando
2487 3551 2526 3581 de
