2878 4088
167 364 176 374 ·
191 362 256 383 Vers.
272 367 308 387 24.

161 1563 242 1584 'Levit.
250 1568 369 1590 cap.xv111.

161 1742 371 1764 'Loc.cit.vers.=o.

228 2153 249 2174 p.
282 2146 371 2167 uoddi-

159 2173 371 2227 affaretur

160 2229 183 2248 et
196 2217 289 2254 'affin—‚-

160 2254 305 2281 Progeniem,
311 2260 362 2281 sqq.
368 2269 373 2280 ‚

159 2280 369 2307 caus.XXXV.qu.

161 2314 185 2332 ιι,
203 2313 240 2330 m:
256 2307 330 2329 lnstit.
347 2307 369 2333 Ι,

160 2342 172 2356 x
183 2351 188 2359 ,
212 2334 241 2355 de
262 2333 370 2361 Nuptiis,

162 2369 168 2383 ι
187 2366 238 2388 sqq.

320 2233 369 2248 Can.

167 3520 178 3530 ''
186 3518 222 3540 De
230 3516 380 3540 Animam-11*-

167 3547 226 3567 κων.
233 3545 272 3566 lib.
281 3543 321 3570 IX,
329 3550 379 3571 cap.

167 3577 238 3594 nvn.

412 195 481 230 106

404 273 524 303 ditione
548 273 611 302 hoc
635 273 746 303 habuit
763 272 904 303 humana
927 278 1049 310 natura,
1068 273 1158 314 quod
1172 280 1263 314 pater
1286 280 1317 305 et
1339 279 1440 304 mater
1456 284 1474 304 a

404 317 607 347 matrimonio
633 316 892 348 excluderentur:
919 317 1009 358 quod
1032 323 1119 358 patet
1142 328 1199 359 per
1222 319 1285 349 hoc
1314 318 1403 358 quod
1427 318 1473 348 di-

403 362 483 392 citur
516 361 594 391 Gen.
612 371 634 391 11
657 362 689 391 ⁴⁶:
722 362 860 402 Propter
881 362 942 392 hoc
975 363 1134 404 relinquet
1161 364 1257 393 homo
1284 368 1412 403 patrem
1444 367 1475 392 et

403 411 559 442 matrem;
583 405 673 446 quod
695 416 763 436 non
786 411 893 446 potest
915 407 1049 447 intelligi
1066 413 1223 447 quantum
1247 407 1286 438 ad
1310 407 1473 437 cohabita—

402 451 534 485 tionem.
552 456 583 480 et
607 450 651 480 sic
675 455 803 490 oportet
827 451 916 491 quod
938 451 1131 492 intelligatur
1162 457 1319 492 quantum
1343 451 1382 481 ad
1404 461 1472 481 ma·
1495 460 1504 480 5

401 495 543 525 trimonii
567 495 843 526 coniunctionem.
868 495 952 536 Ergo
974 497 1232 536 consanguinitas
1255 495 1389 535 impedit
1405 505 1472 525 ma-

402 540 590 570 trimonium
614 539 793 570 secundum
816 540 921 580 legem
945 545 1085 570 naturae.

456 584 646 614 Rnsponmzo
670 594 831 614 DICENDUM
854 584 944 625 quod
967 585 1000 614 in
1024 585 1230 615 matrimonio
1258 583 1338 614 illud
1361 589 1473 614 contra

401 629 505 668 legem
522 634 653 658 naturae
677 638 745 659 esse
761 628 875 659 dicitur
891 638 947 669 per
967 629 1055 669 quod
1071 629 1312 659 matn'monium
1331 627 1472 659 redditur

401 674 625 714 incompetens
648 678 794 713 respectu
819 673 890 703 finis
914 673 954 703 ad
975 682 1073 713 quem
1097 679 1143 704 est
1167 673 1359 703 ordinatum.
1385 673 1471 703 Finis

402 723 509 748 autem
525 718 721 748 matrimonii
744 727 801 757 per
817 727 850 748 se
867 723 897 748 et
913 718 1018 757 primo
1036 723 1082 748 est
1098 719 1222 748 bonum
1239 718 1347 758 prolis.
1372 717 1472 755 Quod

402 762 532 802 quidem
549 772 605 802 per
621 762 760 802 aliquam
777 763 1096 802 consanguinitatem,
1114 763 1234 793 scilicet
1248 763 1330 792 inter
1349 768 1472 802 patrem

403 813 434 837 et
457 806 556 837 filiam
580 807 629 836 vel
654 806 756 836 filium
778 812 809 836 et
831 812 976 842 matrem,
994 806 1175 847 impeditur,
1193 817 1259 837 non
1281 806 1413 847 quidem
1436 812 1472 836 ut

401 851 539 882 totaliter
561 851 700 886 tollatur,
718 851 793 890 quia
813 850 878 881 filia
902 860 939 880 ex
963 852 1084 881 semine
1101 852 1197 891 patris
1220 857 1326 891 potest
1346 851 1471 891 prolem

401 896 561 935 suscipere
586 901 616 925 et
639 895 734 925 simul
758 904 834 925 cum
857 901 946 935 patre
962 896 1081 926 nutrire
1106 901 1137 926 et
1160 896 1325 930 instruere,
1342 896 1376 925 in
1400 896 1471 935 qui-

401 941 460 970 bus
484 941 608 970 bonum
627 940 725 979 prolis
742 939 904 975 consistit;
929 939 985 969 sed
1001 945 1037 969 ut
1059 949 1127 970 non
1143 940 1347 970 convenienti
1370 939 1471 970 modo

401 984 464 1014 fiat.
490 984 709 1014 Inordinatum
733 984 819 1013 enim
844 989 890 1013 est
918 983 1007 1022 quod
1031 982 1096 1013 filia
1118 985 1198 1023 patri
1227 993 1284 1024 per
1306 985 1471 1014 matrimo-

400 1030 490 1059 nium
513 1029 662 1067 iungatur
685 1028 718 1056 in
742 1028 873 1063 sociam,
891 1037 985 1057 causa
1000 1027 1200 1067 generandae
1224 1028 1322 1067 prolis
1346 1033 1377 1057 et
1393 1027 1471 1058 edu-

400 1073 529 1107 candae,
547 1081 645 1112 quam
661 1076 789 1111 oportet
804 1080 861 1110 per
877 1071 986 1101 omnia
1002 1072 1082 1111 patri
1098 1081 1166 1102 esse
1182 1072 1369 1107 subiectam,
1385 1072 1472 1102 velut

400 1127 437 1147 ex
462 1126 501 1147 eo
525 1115 763 1156 procedentem.
789 1115 830 1145 Et
852 1114 926 1145 ideo
951 1115 990 1146 de
1006 1115 1076 1155 lege
1099 1116 1234 1145 naturali
1259 1121 1305 1145 est
1325 1121 1361 1145 ut
1382 1121 1472 1155 pater

400 1167 430 1192 et
453 1167 553 1191 mater
576 1170 593 1190 a
616 1160 822 1190 matrimonio
839 1159 1043 1199 repellantur.
1068 1160 1109 1190 Et
1131 1160 1231 1199 magis
1256 1160 1351 1189 etiam
1371 1164 1472 1190 mater

400 1215 497 1246 quam
516 1210 620 1245 pater:
646 1205 721 1244 quia
745 1204 845 1244 magis
864 1204 1060 1234 reverentiae
1085 1213 1167 1244 quae
1184 1203 1317 1234 debetur
1333 1204 1471 1243 parenti-

399 1252 458 1280 bus
477 1250 647 1289 derogatur
670 1249 696 1278 si
715 1248 799 1279 filius
822 1253 967 1284 matrem,
985 1258 1083 1289 quam
1107 1249 1132 1278 si
1156 1254 1245 1288 pater
1268 1247 1367 1278 filiam
1384 1247 1472 1278 ducit

398 1297 431 1325 in
455 1304 599 1329 uxorem,
617 1302 693 1323 cum
716 1303 797 1323 uxor
813 1293 881 1323 viro
903 1293 1080 1333 aliqualiter
1104 1292 1217 1323 debeat
1233 1302 1300 1323 esse
1317 1293 1470 1323 subiecta.

454 1338 516 1370 Sed
546 1338 618 1368 finis
647 1338 844 1368 matrimonii
868 1337 1074 1368 secundarius
1097 1346 1155 1377 per
1178 1347 1211 1368 se
1236 1342 1283 1367 est
1316 1337 1471 1377 concupi-

399 1384 536 1414 scentiae
553 1383 718 1422 repressio.
745 1381 808 1412 Cui
825 1381 982 1421 deperiret
1005 1383 1030 1412 si
1055 1382 1216 1422 quaelibet
1232 1383 1471 1422 consanguinea

398 1434 506 1468 posset
520 1428 554 1457 in
569 1427 813 1457 matrimonium
830 1426 919 1457 duci:
945 1427 1021 1466 quia
1037 1436 1172 1466 magnus
1189 1427 1470 1466 concupiscentiae

398 1472 500 1503 aditus
530 1473 734 1512 praeberetur
762 1472 824 1501 nisi
846 1472 928 1501 inter
951 1471 1019 1501 illas
1047 1480 1200 1511 personas
1232 1480 1311 1511 quas
1343 1476 1471 1511 oportet

398 1518 429 1547 in
447 1516 558 1547 eadem
575 1516 675 1546 domo
692 1517 883 1558 conversari,
900 1521 982 1546 esset
999 1515 1130 1546 carnalis
1155 1516 1273 1556 copula
1293 1515 1469 1546 interdicta.

398 1562 438 1592 Et
460 1561 534 1592 ideo
558 1561 609 1591 lex
633 1560 740 1590 divina
755 1561 772 1577 θ
795 1570 863 1590 non
880 1561 987 1591 solum
1003 1565 1127 1600 patrem
1150 1566 1181 1590 et
1204 1566 1339 1590 matrem
1363 1560 1470 1590 exclu-

398 1607 437 1637 sit
453 1616 468 1636 a
486 1606 703 1641 matrimonio,
720 1604 775 1635 sed
792 1605 887 1635 etiam
903 1605 978 1635 alias
1000 1605 1189 1635 coniunctas
1209 1614 1373 1645 personas,
1391 1614 1470 1645 quas

398 1656 526 1691 oportet
548 1650 644 1680 simul
675 1650 871 1686 conversari,
896 1655 927 1680 et
951 1659 1034 1690 quae
1058 1649 1176 1680 debent
1203 1649 1343 1679 invicem
1374 1649 1471 1680 altera

398 1696 524 1726 alterius
548 1694 735 1735 pudicitiam
759 1693 930 1724 custodire.
951 1694 992 1724 Et
1014 1694 1097 1724 hanc
1117 1703 1246 1724 causam
1270 1694 1407 1734 assignat
1423 1693 1470 1724 di-

398 1741 470 1770 vina
493 1740 544 1770 lex
560 1739 669 1770 dicens
684 1740 718 1769 *:
744 1738 794 1768 Ne
814 1739 935 1769 reveles
954 1738 1185 1779 turpitudinem
1203 1738 1286 1778 (talis
1301 1738 1352 1768 vel
1375 1738 1469 1778 talis),

398 1785 474 1825 quia
499 1783 664 1825 turpitudo
689 1788 745 1813 tua
769 1788 824 1814 est.

454 1828 517 1860 Sed
535 1838 592 1868 per
607 1827 756 1858 accidens
779 1827 851 1858 finis
870 1827 1066 1858 matrimonii
1082 1833 1130 1858 est
1153 1826 1394 1858 confoederatio
1410 1827 1470 1857 ho-

398 1875 524 1904 minum
548 1879 579 1903 et
602 1873 759 1903 amicitiae
783 1872 1018 1912 multiplicatio,
1043 1871 1122 1903 dum
1144 1873 1246 1902 homo
1270 1872 1310 1902 ad
1334 1881 1470 1902 consan-

398 1920 532 1959 guineos
556 1917 664 1947 uxoris
688 1918 770 1947 sicut
793 1916 832 1947 ad
851 1927 926 1947 suos
951 1926 984 1947 se
1007 1917 1111 1947 habet.
1137 1917 1177 1947 Et
1197 1916 1271 1947 ideo
1295 1917 1370 1947 huic
1386 1917 1470 1947 mul-

398 1963 586 2003 tiplicationi
611 1962 767 1991 amicitiae
784 1961 1016 2001 praeiudicium
1033 1960 1123 1991 fieret
1139 1962 1165 1991 si
1181 1961 1295 2001 aliquis
1315 1962 1470 2000 sanguine

398 2008 605 2038 coniunctam
630 2015 763 2036 uxorem
788 2005 934 2036 duceret:
969 2006 1044 2045 quia
1069 2015 1107 2036 ex
1130 2006 1194 2035 hoc
1217 2015 1302 2035 nova
1332 2006 1471 2036 amicitia

398 2062 453 2092 per
476 2051 718 2081 matn‘monium
749 2050 837 2080 nulla
867 2055 1071 2080 accresceret.
1107 2050 1148 2080 Et
1174 2049 1266 2085 ideo,
1291 2050 1471 2080 secundum

397 2097 482 2136 leges
497 2096 653 2126 humanas
678 2100 709 2124 et
732 2100 847 2125 statuta
863 2094 1036 2130 Ecclesiae,
1053 2094 1161 2134 plures
1185 2095 1470 2134 consanguinitatis

397 2140 511 2181 gradus
536 2144 610 2170 sunt
633 2149 651 2169 a
673 2139 879 2169 matrimonio
905 2139 1039 2179 separati
1055 2139 1081 2168 ’ἃ

453 2185 504 2216 Sic
528 2194 604 2224 ergo
630 2194 667 2214 ex
692 2183 782 2214 dictis
806 2189 892 2224 patet
916 2182 1006 2223 quod
1027 2183 1287 2223 consanguinitas
1311 2188 1471 2223 quantum

398 2229 438 2260 ad
453 2230 574 2269 aliquas
590 2238 743 2269 personas
763 2227 898 2268 impedit
917 2228 1160 2258 matrimonium
1177 2227 1216 2258 de
1232 2228 1301 2258 iure
1317 2228 1452 2259 naturali
1461 2239 1469 2265 ;
1484 2235 1508 2256 45

399 2280 555 2314 quantum
579 2273 618 2303 ad
642 2273 777 2313 aliquas,
802 2272 841 2303 de
864 2273 933 2303 iure
957 2272 1084 2309 divin0;
1115 2278 1146 2303 et
1170 2277 1328 2312 quantum
1351 2272 1391 2303 ad
1414 2273 1470 2304 ali-

399 2329 487 2359 quas,
505 2318 544 2349 de
567 2319 635 2348 iure
659 2327 716 2358 per
739 2317 887 2348 homines
910 2318 1067 2347 instituto.

453 2364 503 2394 An
520 2373 637 2393 ramim
653 2372 736 2392 rano
753 2372 914 2392 monimum
930 2361 1020 2402 quod
1041 2362 1118 2398 Eva,
1137 2362 1283 2402 quamvis
1305 2371 1343 2392 ex
1365 2361 1471 2393 Adam

399 2408 526 2449 prodiit,
542 2417 610 2438 non
626 2413 733 2438 tamen
750 2406 811 2437 fuit
833 2406 898 2437 filia
921 2406 1027 2437 Adae:
1053 2407 1129 2447 quia
1147 2416 1215 2437 non
1238 2406 1357 2447 prodiit
1376 2416 1414 2437 ex
1430 2417 1470 2438 eo

399 2463 456 2493 per
478 2452 614 2483 modum
637 2452 730 2482 illum
754 2461 821 2492 quo
845 2452 892 2481 vir
914 2457 1007 2481 natus
1031 2457 1078 2481 est
1110 2460 1262 2491 generare
1285 2451 1344 2481 sibi
1368 2452 1471 2482 simile
1487 2461 1512 2482 5⁰

398 2498 432 2528 in
455 2498 571 2537 specie,
588 2496 644 2527 sed
660 2497 847 2537 operatione
872 2495 987 2532 divina,
1006 2505 1070 2536 qua
1088 2496 1130 2526 ita
1155 2496 1311 2536 potuisset
1328 2505 1366 2526 ex
1383 2502 1472 2527 costa

400 2541 488 2572 Adae
519 2541 586 2572 fieri
614 2551 698 2572 unus
722 2550 825 2581 equus
849 2541 931 2571 sicut
954 2540 1036 2571 facta
1059 2546 1106 2570 est
1129 2540 1206 2571 Eva.
1242 2540 1283 2570 Et
1306 2540 1379 2571 ideo
1403 2551 1471 2571 non

400 2592 447 2617 est
469 2592 555 2616 tanta
577 2586 727 2616 naturalis
744 2586 969 2616 convenientia
993 2585 1079 2615 Evae
1096 2584 1135 2615 ad
1158 2584 1263 2615 Adam
1283 2586 1365 2616 sicut
1387 2585 1471 2616 filiae

400 2631 440 2662 ad
462 2637 594 2671 patrem.
619 2630 687 2661 Nec
707 2629 812 2660 Adam
829 2635 875 2661 est
898 2630 1040 2660 naturale
1056 2629 1252 2670 principium
1275 2630 1372 2666 Evae,
1389 2631 1472 2661 sicut

400 2681 489 2716 pater
512 2674 605 2705 filiae.

455 2720 505 2750 An
530 2729 692 2750 sannanim
715 2729 875 2749 mmmmm
899 2718 989 2759 quod
1007 2728 1075 2749 non
1099 2718 1246 2759 procedit
1261 2728 1299 2749 ex
1322 2719 1392 2759 lege
1415 2729 1471 2749 na-

399 2764 492 2795 turali
509 2763 598 2803 quod
614 2764 711 2804 aliqui
724 2764 847 2794 barbari
863 2764 1046 2803 parentibus
1060 2763 1224 2794 carnaliter
1240 2764 1471 2794 commiscean-

400 2815 466 2839 tur:
492 2808 547 2838 sed
571 2818 608 2838 ex
633 2809 914 2848 concupiscentiae
939 2807 1062 2844 ardore,
1079 2809 1135 2848 qui
1159 2808 1263 2848 legem
1283 2814 1414 2839 naturae
1438 2809 1471 2839 in

402 2855 445 2884 eis
470 2852 657 2883 obfuscavit.

455 2898 505 2927 An
530 2907 665 2927 Triarium
689 2907 848 2927 memnon
877 2897 966 2937 quod
995 2898 1183 2927 coniunctio
1206 2897 1301 2927 maris
1326 2903 1357 2928 et
1380 2896 1471 2927 femi·
1485 2903 1513 2923 6ο

401 2951 460 2972 nae
485 2941 599 2972 dicitur
622 2951 690 2971 esse
714 2941 752 2972 de
777 2942 845 2972 iure
868 2942 1018 2978 naturali,
1043 2942 1118 2982 quia
1140 2947 1252 2972 natura
1275 2942 1339 2972 hoc
1363 2942 1472 2972 omnia

402 2986 550 3016 animalia
566 2985 686 3016 docuit.
712 2985 774 3016 Sed
798 2986 880 3016 hanc
897 2987 1162 3022 coniunctionem
1186 2986 1308 3016 diversa
1324 2987 1472 3017 animalia

402 3030 613 3060 diversimode
633 3030 752 3066 docuit,
771 3030 950 3061 secundum
974 3030 1111 3061 diversas
1128 3040 1242 3061 eorum
1259 3031 1470 3061 conditiones.

403 3074 600 3105 Commixtio
618 3080 726 3105 autem
750 3075 881 3105 carnalis
905 3074 945 3105 ad
961 3081 1107 3115 parentes
1124 3075 1255 3115 derogat
1278 3076 1472 3106 reverentiae

403 3128 484 3159 quae
501 3119 545 3149 eis
569 3118 717 3149 debetur:
743 3119 825 3149 sicut
841 3120 928 3149 enim
952 3120 1135 3160 parentibus
1151 3119 1266 3150 indidit
1280 3126 1393 3150 natura
1408 3120 1472 3150 sol-
1486 3125 1511 3151 65

403 3163 600 3193 licitudinem
616 3162 688 3193 filiis
712 3163 911 3203 providendi,
929 3165 972 3194 ita
987 3163 1100 3194 indidit
1118 3165 1328 3195 reverentiam
1344 3164 1417 3195 filiis
1433 3164 1473 3195 ad

403 3213 558 3247 parentes.
582 3207 671 3238 Nulli
694 3213 801 3238 autem
817 3209 926 3248 generi
949 3208 1136 3239 animalium
1152 3208 1267 3239 indidit
1285 3209 1472 3239 sollicitudi-

403 3261 478 3282 nem
501 3251 642 3282 filiorum
666 3257 720 3282 aut
734 3253 944 3283 reverentiam
965 3259 1135 3292 parentum
1158 3254 1192 3283 in
1213 3263 1311 3284 omne
1333 3259 1472 3294 tempus,

404 3296 463 3326 nisi
487 3296 627 3326 homini:
653 3296 720 3326 aliis
744 3302 852 3327 autem
876 3297 1064 3327 animalibus
1084 3297 1156 3337 plus
1180 3303 1211 3328 et
1234 3298 1340 3328 minus
1362 3307 1473 3328 neces-

1110 195 1373 242 QUAESTIO
1403 196 1500 242 LIV,
1525 196 1818 233 ARTICULUS
1847 196 1897 232 IV

1528 280 1602 304 sunt
1625 274 1816 310 naturaliter,
1842 279 1873 304 et
1896 272 2067 313 perfectius
2091 283 2190 314 quam
2212 275 2245 304 in
2274 274 2356 311 aliis,
2380 281 2512 315 propter
2534 275 2598 306 hoc

1528 319 1629 348 homo
1653 318 1836 348 naturaliter
1851 318 1999 348 abhorret
2022 327 2218 358 cognoscere
2233 328 2301 349 non
2325 319 2432 350 solum
2451 325 2597 356 matrem,

1528 362 1584 392 sed
1608 363 1703 392 etiam
1727 361 1836 398 filiam,
1854 361 1943 402 quod
1967 367 2013 392 est
2037 361 2141 392 adhuc
2164 363 2271 393 minus
2295 369 2407 394 contra
2433 369 2596 400 naturam,

1528 412 1564 436 ut
1587 406 1709 436 dictum
1734 412 1780 437 est
1795 408 1821 437 ⁴¹⁵.
1847 407 1888 436 Et
1909 406 2027 436 iterum
2050 407 2084 436 in
2107 406 2174 436 aliis
2206 407 2396 438 animalibus
2419 417 2458 438 ex
2480 418 2598 448 propa-

1527 452 1656 490 gatione
1681 452 1782 481 carnis
1798 460 1866 481 non
1886 451 2083 481 contrahitur
2099 452 2368 491 consanguinitas,
2384 452 2467 482 sicut
2488 453 2523 482 in
2538 453 2598 483 ho-

1527 496 1667 525 minibus
1684 496 1710 525 θ.
1740 495 1780 525 Et
1803 495 1876 525 ideo
1900 504 1967 525 non
1992 500 2038 525 est
2062 494 2172 525 similis
2195 496 2285 525 ratio.

1582 540 1633 569 An
1659 549 1807 569 omarum
1831 549 1990 569 Drcnnnuu
2007 538 2097 579 quod
2120 549 2159 569 ex
2177 540 2241 570 iam
2265 539 2356 570 dictis
2372 541 2389 557 ⁴*
2404 546 2492 580 patet
2515 550 2597 581 quo-

1526 584 1627 615 modo
1652 585 1911 624 consanguinitas
1935 584 2112 624 coniugum
2136 584 2224 614 bono
2248 585 2444 615 matrimonii
2472 590 2598 615 contra-

1527 629 1634 659 rietur.
1659 628 1754 660 Unde
1777 629 1857 659 ratio
1881 628 2027 668 procedit
2051 638 2088 658 ex
2113 627 2207 658 falsis.

1582 673 1633 703 AD
1651 683 1791 704 aumrum
1813 683 1974 703 mceumm
1998 672 2088 713 quod
2111 682 2179 713 non
2203 678 2251 704 est
2273 673 2504 704 inconveniens
2520 673 2598 704 dua—

1526 727 1599 748 rum
1623 718 1784 748 unionum
1815 727 1913 748 unam
1942 718 1980 747 ab
2008 717 2104 747 altera
2134 717 2301 758 impediri:
2334 718 2433 754 sicut,
2464 719 2520 748 ubi
2551 723 2599 749 est

1526 762 1684 798 identitas,
1709 772 1777 793 non
1801 767 1848 792 est
1871 761 2057 792 similitudo.
2086 762 2127 792 Et
2149 762 2292 792 similiter
2315 763 2598 802 consanguinitatis

1526 807 1693 838 vinculum
1716 812 1823 847 potest
1844 806 2001 847 impedire
2024 807 2220 837 matrimonii
2244 807 2520 837 coniunctionem.

1675 873 1774 903 ART.
1800 873 1853 903 IV.
1877 883 1983 903 urium
2006 883 2303 904 cousmourmuns
2328 883 2449 904 oaADus

1560 927 1780 948 uaramomun
1803 928 2005 948 mpnnmures
2029 927 2204 948 POTUERINT
2227 928 2341 948 raxam
2360 929 2399 948 AB
2418 928 2564 949 accrsssm

1819 972 1918 992 usone
1941 972 1983 992 AD
2009 973 2158 992 unaarum
2181 972 2310 993 ananim

1593 1038 1613 1058 n
1631 1038 1780 1058 QUARTUM
1800 1038 1846 1058 sm
1862 1038 2068 1058 Pnocnmrua.
2100 1028 2234 1059 Videtur
2257 1028 2347 1069 quod
2371 1030 2597 1070 consanguini-

1529 1040 1664 1102 Atatis
1688 1072 1803 1112 gradus
1826 1073 2068 1102 matrimonium
2097 1073 2308 1112 impedientes
2331 1083 2399 1104 non
2421 1080 2597 1114 potuerunt

1526 1117 1624 1146 taxari
1647 1117 1686 1146 ab
1711 1116 1854 1146 Ecclesia
1877 1126 1981 1156 usque
1997 1116 2037 1146 ad
2056 1122 2207 1156 quartum
2229 1117 2373 1157 gradum.
2391 1119 2502 1149 Matth.
2516 1119 2596 1149 xxx*

1527 1160 1658 1190 dicitur:
1687 1160 1778 1196 Quos
1793 1160 1882 1191 Deus
1898 1161 2078 1196 coniunxit,
2095 1162 2191 1192 homo
2209 1171 2274 1192 non
2290 1168 2426 1202 separet.
2446 1163 2509 1194 Sed
2524 1164 2597 1194 illos

1527 1205 1584 1244 qui
1607 1205 1848 1244 coniunguntur
1871 1203 1952 1234 infra
1976 1210 2126 1244 quartum
2150 1206 2434 1245 consanguinitatis
2450 1208 2595 1247 gradum,

1526 1249 1614 1279 Deus
1638 1249 1824 1279 coniunxit:
1849 1258 1918 1279 non
1942 1249 2029 1279 enim
2053 1249 2159 1279 divina
2182 1250 2253 1289 lege
2277 1259 2392 1281 eorum
2408 1252 2597 1283 coniunctio

1525 1293 1724 1333 prohibetur.
1748 1293 1919 1333 Ergonec
1943 1292 2061 1324 debent
2083 1294 2227 1324 humano
2251 1299 2370 1325 statuto
2394 1296 2541 1335 separari.

1583 1347 1612 1368 2.
1638 1338 1835 1373 anzrnmu,
1859 1338 2102 1368 matrimonium
2126 1344 2173 1368 est
2196 1345 2441 1376 sacramentum,
2466 1341 2548 1371 sicut
2566 1345 2599 1371 et

1526 1382 1712 1423 baptismus.
1736 1381 1800 1412 Sed
1823 1391 1892 1412 non
1915 1388 2024 1422 posset
2040 1392 2078 1413 ex
2094 1388 2212 1413 statuto
2230 1383 2392 1414 Ecclesiae
2414 1383 2484 1415 fieri
2507 1383 2598 1425 quod

1525 1427 1578 1457 ille
1602 1428 1659 1467 qui
1683 1426 1722 1457 ad
1746 1427 1942 1467 baptismum
1965 1426 2097 1461 accedit,
2114 1437 2181 1458 non
2201 1428 2360 1468 acciperet
2383 1429 2598 1460 characterem

1525 1472 1764 1511 baptismalem,
1789 1472 1815 1501 si
1839 1480 1877 1501 ex
1899 1471 1969 1502 iure
1992 1471 2101 1502 divino
2127 1472 2195 1502 eius
2219 1482 2318 1513 capax
2341 1474 2390 1503 sit.
2422 1473 2508 1514 Ergo
2536 1483 2597 1505 nec

1526 1516 1687 1546 Ecclesiae
1712 1521 1866 1546 statutum
1893 1515 1997 1546 facere
2020 1522 2127 1556 potest
2151 1516 2240 1556 quod
2263 1518 2506 1548 matrimonium
2528 1526 2597 1549 non

1525 1561 1565 1591 sit
1579 1561 1662 1591 inter
1677 1561 1749 1591 illos
1766 1561 1822 1600 qui
1838 1570 1896 1601 per
1910 1561 1960 1591 ius
1977 1560 2122 1591 divinum
2144 1562 2420 1592 matrimonialiter
2443 1563 2596 1604 coniungi

1525 1615 1593 1636 non
1617 1606 1837 1646 prohibentur.

1581 1650 1611 1680 3.
1636 1650 1833 1686 PRAETEREA‚
1857 1650 1907 1680 ius
1930 1650 2106 1690 positivum
2129 1660 2197 1680 non
2221 1655 2328 1690 potest
2351 1661 2388 1682 ea
2411 1661 2495 1692 quae
2522 1657 2598 1684 sunt

1524 1694 1680 1725 naturalia
1706 1704 1873 1725 removere
1896 1694 1947 1724 vel
1976 1694 2138 1735 ampliare.
2169 1694 2233 1725 Sed
2261 1697 2522 1736 consanguinitas
2550 1701 2598 1727 eet

1524 1739 1667 1769 naturale
1690 1739 1871 1775 vinculum,
1897 1738 2000 1779 quod,
2025 1745 2183 1779 quantum
2207 1745 2254 1770 est
2277 1739 2317 1770 de
2340 1750 2389 1776 se,
2414 1746 2526 1772 natum
2550 1746 2598 1772 est

1524 1784 1767 1814 matrimonium
1791 1783 1956 1823 impedire.
1989 1783 2075 1823 Ergo
2099 1784 2243 1814 Ecclesia
2265 1794 2333 1815 non
2356 1791 2463 1825 potest
2485 1786 2596 1827 aliquo

1525 1834 1643 1858 statuto
1668 1827 1772 1858 facere
1789 1828 1878 1868 quod
1894 1828 1994 1868 aliqui
2011 1829 2136 1868 possint
2151 1829 2427 1860 matrimonialiter
2441 1830 2596 1870 coniungi

1524 1873 1575 1903 vel
1591 1883 1659 1903 non
1676 1873 1847 1912 coniungi:
1872 1873 1954 1903 sicut
1976 1882 2043 1903 non
2068 1878 2176 1912 potest
2198 1872 2302 1904 facere
2326 1874 2416 1914 quod
2439 1875 2502 1905 sint
2517 1884 2596 1906 con-

1525 1918 1692 1958 sanguinei
1714 1917 1764 1948 vel
1789 1927 1857 1947 non
1881 1918 2122 1957 consanguinei.

1580 1971 1611 2001 4.
1635 1962 1832 1997 palmarum,
1850 1967 2004 1992 statutum
2027 1962 2104 1992 iuris
2119 1962 2250 2002 positivi
2274 1962 2368 1993 debet
2391 1963 2532 2003 aliquam
2547 1973 2596 1994 ra-

1525 2006 1712 2036 tionabilem
1736 2016 1866 2036 causam
1888 2006 2024 2037 habere:
2049 2007 2125 2046 quia
2148 2006 2327 2037 secundum
2353 2017 2481 2038 causam
2499 2009 2596 2039 ratio-

1524 2051 1665 2081 nabilem
1689 2060 1787 2091 quam
1810 2051 1914 2087 habet,
1932 2061 1951 2081 a
1966 2051 2034 2081 iure
2057 2051 2192 2081 naturali
2214 2051 2370 2091 procedit.
2395 2051 2459 2083 Sed
2481 2061 2596 2084 causae

1526 2105 1608 2135 quae
1632 2096 1832 2135 assignantur
1859 2094 1898 2125 de
1921 2104 2059 2125 numero
2086 2094 2259 2135 graduum,
2284 2097 2420 2127 omnino
2449 2096 2597 2128 videntur

1524 2140 1765 2175 irrationabiles,
1780 2149 1855 2169 cum
1870 2139 1993 2170 nullam
2009 2139 2147 2170 habeant
2162 2140 2383 2171 habitudinem
2399 2140 2439 2171 ad
2454 2147 2595 2173 causata:

1525 2185 1607 2215 sicut
1631 2184 1721 2224 quod
1745 2185 2005 2224 consanguinitas
2028 2184 2236 2224 prohibeatur
2259 2192 2362 2225 usque
2386 2185 2426 2215 ad
2445 2191 2596 2226 quartum

1525 2228 1659 2270 gradum
1690 2234 1822 2269 propter
1853 2234 1993 2269 quatuor
2024 2228 2182 2259 elementa
2198 2230 2231 2266 *3
2263 2239 2367 2270 usque
2394 2229 2434 2260 ad
2459 2235 2596 2268 sextum,

1526 2279 1657 2314 propter
1676 2283 1730 2304 sex
1754 2279 1871 2304 aetates
1895 2273 2008 2304 mundi
2024 2274 2055 2310 *3
2080 2283 2184 2314 usque
2208 2273 2248 2304 ad
2264 2274 2448 2314 sepu‘mum,
2465 2281 2597 2316 propter

1525 2324 1649 2359 septem
1674 2318 1741 2349 dies
1765 2319 1882 2358 quibus
1906 2327 2004 2348 omne
2032 2323 2160 2358 tempus
2187 2319 2290 2358 agitur
2305 2319 2332 2349 *.
2361 2318 2447 2359 Ergo
2471 2319 2598 2351 videtur

1526 2362 1616 2404 quod
1639 2363 1709 2393 talis
1733 2363 1907 2403 prohibitio
1930 2363 2058 2393 nullum
2081 2363 2226 2403 vigorem
2250 2363 2373 2394 habeat.

1583 2408 1612 2438 5.
1636 2407 1838 2444 Panamara,
1863 2407 1918 2438 ubi
1946 2412 1993 2438 est
2020 2406 2132 2438 eadem
2160 2417 2269 2443 causa,
2295 2407 2390 2438 debet
2415 2417 2484 2439 esse
2509 2407 2597 2440 idem

1526 2451 1668 2483 effectus.
1700 2451 1764 2483 Sed
1790 2461 1886 2483 causa
1912 2461 2011 2492 quare
2038 2453 2298 2492 consanguinitas
2327 2452 2463 2493 impedit
2489 2453 2597 2484 matri-

1525 2497 1689 2533 monium,
1714 2502 1761 2527 est
1784 2498 1908 2527 bonum
1932 2496 2045 2537 prolis,
2069 2497 2226 2537 repressio
2250 2497 2541 2537 concupiscentiae,
2564 2503 2598 2528 et

1526 2541 1751 2582 multiplicatio
1782 2542 1954 2578 amicitiae,
1982 2546 2020 2571 ut
2047 2551 2084 2572 ex
2113 2540 2205 2572 dictis
2220 2542 2237 2558 ⁶
2260 2546 2365 2582 patet,
2394 2551 2477 2582 quae
2505 2542 2598 2574 omni

1526 2592 1672 2626 tempore
1688 2586 1864 2616 necessaria
1880 2585 2054 2626 aequaliter
2069 2591 2153 2616 sunt.
2178 2586 2264 2626 Ergo
2281 2585 2465 2616 debuissent
2479 2595 2598 2627 aequa-

1525 2631 1596 2661 liter
1620 2631 1709 2661 omni
1733 2636 1880 2671 tempore
1903 2630 2018 2671 gradus
2042 2631 2326 2671 consanguinitatis
2354 2631 2598 2662 matrimonium

1525 2675 1692 2716 impedire.
1724 2674 1823 2713 Quod
1853 2685 1921 2706 non
1949 2680 1996 2705 est
2023 2684 2154 2705 verum:
2187 2684 2263 2706 cum
2293 2674 2395 2706 modo
2426 2684 2531 2716 usque
2557 2674 2598 2707 ad

1526 2726 1676 2760 quartum
1692 2721 1719 2756 “,
1733 2720 1908 2760 antiquitus
1924 2729 2028 2760 usque
2044 2719 2084 2750 ad
2100 2720 2274 2760 septimum
2289 2719 2424 2760 gradum
2439 2720 2474 2737 '¹'
2489 2713 2598 2751 matri-
2623 2721 2839 2778 fflgffissi‘e‘i

1526 2765 1675 2795 monium
1699 2765 1959 2804 consanguinitas
1982 2764 2173 2804 impedierit.

1582 2809 1612 2839 6.
1637 2809 1834 2844 Parmam,
1851 2818 1916 2839 una
1932 2814 1963 2839 et
1979 2808 2091 2839 eadem
2116 2809 2304 2839 coniunctio
2320 2818 2388 2839 non
2403 2813 2510 2849 potest
2528 2817 2597 2839 esse

1526 2903 1614 2938 geret
1637 2899 1663 2928 si
1689 2898 1832 2928 Ecclesia
1862 2897 1992 2928 haberet
2022 2903 2215 2938 potestatem
2245 2896 2404 2928 statuendi
2435 2896 2596 2927 diversum

1526 2952 1698 2973 numerum
1721 2943 1755 2972 in
1778 2942 1927 2982 gradibus
1950 2942 2199 2982 impedientibus
2222 2942 2478 2972 matrimonium:
2503 2941 2595 2977 sicut,

1526 2988 1552 3017 si
1568 2987 1667 3027 aliqui
1683 2987 1716 3017 in
1734 2988 1848 3027 quinto
1864 2985 1974 3026 gradu,
1992 2986 2123 3027 quando
2147 2986 2327 3027 prohibitus
2342 2984 2412 3022 fuit,
2430 2985 2596 3016 coniuncti

1527 3031 1674 3067 fuissent,
1699 3031 1768 3061 talis
1792 3029 1980 3062 coniunctio
2004 3036 2152 3071 stuprum
2176 3035 2276 3066 essen
2307 3029 2363 3060 sed
2384 3029 2596 3069 postmodum

1527 3076 1640 3107 eadem
1663 3076 1862 3112 coniunctio,
1887 3075 2030 3106 Ecclesia
2052 3075 2304 3115 prohibitionem
2327 3079 2509 3110 revocante,
2528 3083 2597 3104 ma-

1526 3120 1714 3151 trimonium
1739 3125 1831 3151 esset.
1860 3120 1901 3150 Et
1925 3129 1942 3150 e
1965 3129 2121 3150 converso
2144 3124 2254 3159 posset
2280 3117 2424 3149 accidere
2447 3118 2473 3148 si
2497 3118 2597 3159 aliqui

1527 3165 1642 3205 gradus
1666 3165 1811 3195 concessi
1833 3169 1966 3204 possent
1988 3163 2199 3204 postmodum
2217 3163 2256 3193 ab
2273 3163 2417 3194 Ecclesia
2438 3162 2595 3194 interdici.

1527 3209 1613 3250 Ergo
1644 3208 1770 3239 videtur
1801 3207 1891 3248 quod
1920 3213 2062 3248 potestas
2092 3207 2254 3238 Ecclesiae
2284 3217 2352 3238 non
2383 3217 2416 3238 se
2448 3207 2598 3238 extendat

1527 3253 1567 3284 ad
1590 3254 1664 3284 hoc.

1583 3308 1614 3338 7.
1639 3298 1837 3333 Pium-amia,
1853 3297 1903 3326 ius
1921 3296 2101 3326 humanum
2125 3295 2220 3326 debet
2242 3296 2357 3326 imitari
2372 3296 2422 3326 ius
2439 3295 2595 3327 divinum.

405 3340 474 3370 sarii
491 3346 565 3370 sunt
579 3340 630 3370 vel
645 3340 702 3370 filii
718 3341 912 3380 parentibus,
928 3341 979 3371 vel
997 3347 1143 3381 parentes
1159 3341 1241 3372 filiis.
1267 3341 1360 3372 Unde
1377 3343 1474 3372 etiam
1487 3351 1514 3372 70
1528 3342 1591 3373 Sed
1615 3341 1793 3372 secundum
1809 3341 1859 3371 ius
1875 3339 2030 3376 divinum,
2047 3339 2137 3380 quod
2152 3340 2186 3370 in
2201 3339 2272 3380 lege
2287 3341 2386 3371 veteri
2403 3341 2595 3378 continetur,

405 3384 437 3413 in
462 3384 653 3423 quibusdam
681 3385 870 3415 animalibus
901 3386 1048 3416 abhorret
1070 3385 1155 3416 filius
1189 3395 1383 3425 cognoscere
1405 3396 1473 3416 ma-

405 3433 486 3458 trem
509 3428 683 3464 carnaliter,
700 3428 843 3468 quandiu
868 3435 975 3459 manet
999 3429 1084 3469 apud
1108 3431 1215 3470 ipsum
1239 3431 1382 3470 cognitio
1406 3440 1473 3460 ma-

406 3473 459 3502 tris
483 3478 513 3502 et
537 3473 710 3502 reverentia
734 3472 891 3511 quaedam
916 3473 955 3503 ad
978 3474 1096 3513 ipsam:
1128 3480 1164 3504 ut
1187 3475 1297 3504 recitat
1326 3474 1473 3504 Philoso-

407 3517 499 3556 phu5‚
524 3516 566 3546 lx
589 3516 628 3546 de
651 3516 852 3546 Animalibus
875 3518 901 3552 ’ἢ
926 3517 965 3547 de
999 3518 1122 3548 camelo
1147 3523 1178 3548 et
1201 3528 1298 3558 equo.
1334 3518 1375 3548 Et
1398 3519 1474 3558 quia

1527 3396 1596 3417 non
1623 3385 1797 3426 aequaliter
1827 3385 1924 3415 currit
1953 3385 2127 3424 prohibitio
2158 3384 2316 3424 graduum
2346 3386 2380 3415 in
2410 3395 2537 3416 sursum
2564 3390 2596 3416 et

1529 3430 1679 3461 deorsum
1693 3440 1700 3460 :
1725 3430 1800 3470 quia
1816 3429 1849 3458 in
1865 3429 1963 3459 veteri
1978 3428 2048 3468 lege
2064 3429 2179 3469 aliquis
2200 3430 2428 3469 prohibebatur
2451 3430 2596 3470 accipere

1535 3475 1568 3504 in
1585 3483 1720 3504 uxorem
1736 3482 1880 3503 sororem
1893 3473 1989 3512 patris
2006 3474 2054 3503 sui
2070 3474 2097 3509 *,
2110 3483 2177 3503 non
2194 3479 2301 3504 tamen
2317 3473 2416 3504 filiam
2433 3473 2534 3504 fratris
2549 3475 2594 3505 ⁹⁹.
2623 3477 2835 3506 'Lenta-pam,

1528 3518 1614 3558 Ergo
1638 3527 1698 3548 nec
1721 3517 1821 3547 modo
1850 3516 1944 3547 debet
1971 3517 2077 3557 aliqua
2105 3518 2279 3558 prohibitio
2304 3518 2343 3549 de
2367 3519 2540 3559 nepotibus
2564 3523 2596 3549 et
2622 3510 2732 3553 Σῗῗὼζζ·
2779 3536 2836 3557 av.

2623 3563 2682 3580 ven.
2699 3563 2731 3586 ¹5·
2746 3563 2756 3581 ι

407 3569 520 3590 omnes
543 3561 670 3590 honesti
693 3570 799 3590 mores
823 3561 1008 3591 animalium
1032 3562 1064 3591 in
1089 3562 1274 3592 hominibus
1290 3563 1473 3602 congregati
1487 3571 1511 3591 75
1527 3562 1648 3602 patruis
1670 3571 1810 3591 manere.

2625 420 2636 430 ·
2649 419 2675 440 1η
2691 425 2797 447 corpore.

2626 504 2679 526 'Ch
2695 508 2739 527 nrt.
2750 511 2770 532 ι,
2779 504 2808 526 ad
2817 510 2837 533 5.

2626 551 2635 560 ·
2650 549 2675 570 ln
2690 554 2797 577 corpore.

2624 1125 2634 1136 ·
2650 1123 2716 1146 ven.
2731 1123 2753 1146 6.

2623 2236 2634 2247 ·
2690 2234 2838 2263 ‚No-debet,

2693 2267 2797 2291 mane.
2814 2264 2839 2284 et

2622 2287 2720 2338 Qun.
2734 2314 2824 2338 XXXV
2831 2332 2838 2342 ,

2624 2347 2664 2370 qn.
2674 2347 2763 2368 inem.
2774 2343 2836 2365 unic.

2625 2370 2634 2380 '
2649 2367 2709 2397 Meg.
2719 2367 2754 2391 IV
2762 2367 2837 2396 Sene„

2624 2395 2839 2424 ὦσαι-,ωορκ-

2623 2427 2654 2444 re
2666 2427 2732 2446 uro.

2624 2544 2700 2566 'Am
2715 2543 2824 2572 praee-d.

2656 2802 2714 2825 Can.

2623 2834 2687 2852 σιω.
2694 2827 2759 2851 ¹1¹
2784 2835 2836 2858 ,qu-

1526 2854 1559 2884 in
1582 2863 1698 2894 genere
1722 2854 1909 2884 sacramenti
1926 2858 1957 2883 et
1973 2853 2005 2883 in
2022 2862 2138 2893 genere
2162 2853 2272 2893 stupri.
2298 2853 2361 2884 Sed
2383 2853 2447 2883 hoc
2470 2852 2597 2883 contin-
2625 2861 2642 2877 ιι
2657 2859 2680 2878 et
2694 2861 2730 2878 ιιι·
