2878 4088
163 363 172 373 ·
182 361 218 382 De
227 361 374 382 sacrament.

163 388 241 413 1ib.11,
258 393 308 414 cap.
326 393 374 413 xv1,

163 420 219 441 cap.>
229 421 252 440 4.

163 451 173 460 ·
188 449 238 470 Lib.
261 448 307 475 lv,
324 454 373 475 cap.

163 482 200 497 xi..

162 631 172 641 ·
187 629 223 652 Cs.
242 629 300 651 ibid.
323 635 373 656 cap.

163 662 228 682 κιιιις
256 657 317 704 Aug..
345 656 375 677 de

164 683 212 704 Civ.
227 683 283 710 Dei,
307 683 338 704 lb.
356 683 365 703 1

163 716 212 737 cap.
228 715 277 731 vm.

163 1028 257 1055 'Supph
265 1035 303 1054 qu.
310 1034 372 1054 uix,

162 1058 206 1129 ΞΙΞ
216 1061 296 1109 ζγῐιὼ.
306 1082 373 1108 Apo-

163 3024 172 3033 ·
188 3021 223 3044 Cf.
239 3027 303 3050 corp.
314 3026 355 3044 an.

167 3461 176 3471 ·
186 3460 253 3482 Dent.
263 3466 312 3488 cap.
323 3467 376 3487 xxv,

166 3493 224 3509 vers.
240 3493 259 3508 2.

407 149 479 183 252

403 227 519 261 larum,
545 230 603 255 etc.
637 224 699 255 Sed
722 233 827 263 poena
851 224 1025 263 purgatorii
1056 233 1123 253 non
1153 223 1213 253 nisi
1236 232 1302 252 uno
1334 221 1466 251 nomine

402 270 596 304 nominatur,
621 269 741 299 scilicet
765 268 861 309 ignis.
887 268 972 307 Ergo
996 277 1064 297 non
1082 266 1197 297 eodem
1214 268 1286 306 igne
1304 272 1334 296 et
1351 265 1465 295 eodem

402 315 476 344 loco
501 314 687 353 puniuntur.

459 358 487 388 3.
512 358 713 393 PRAETEREA‚
739 357 837 396 Hugo
862 356 901 386 de
933 356 963 386 S.
988 356 1118 386 Victore
1142 355 1217 385 dicit
1233 356 1267 384 *z
1297 353 1466 383 Probabile

402 408 448 432 est
470 402 557 442 quod
581 402 612 431 in
636 402 686 432 his
710 401 790 431 locis
816 401 1003 442 puniuntur
1037 401 1068 430 in
1097 400 1210 440 quibus
1238 399 1467 429 commiserunt

402 447 538 486 culpam.
563 464 585 468 —
614 445 787 486 Gregorius
817 445 928 481 etiam,
953 445 986 475 in
1014 444 1168 485 Dialogis
1183 445 1216 479 θ’,
1240 448 1343 473 narrat
1376 440 1466 481 quod

403 491 591 526 Germanus,
618 491 789 530 episcopus
813 489 997 530 Capuanus,
1023 489 1237 522 Paschasium,
1263 488 1318 527 qui
1342 487 1375 516 in
1399 486 1465 515 bal-

401 536 468 565 neis
492 535 702 574 purgabatur,
726 535 857 564 invenit.
890 534 974 573 Ergo
999 534 1032 563 in
1055 532 1130 563 loco
1153 531 1268 563 inferni
1291 541 1359 561 non
1389 539 1464 570 pur-

401 585 524 619 gantur,
549 578 604 609 sed
627 580 660 609 in
684 579 746 609 hoc
770 577 904 608 mundo.

458 623 519 654 SED
545 633 667 653 CONTRA
691 633 744 653 nsr
773 623 862 663 quod
893 622 1067 661 Gregorius
1096 621 1220 655 dicit*‚
1246 619 1351 659 quod,
1382 619 1466 649 sicut

368 699 373 709 ‚
401 668 458 698 sub
482 668 591 698 eodem
616 669 692 709 igne
715 677 832 697 aurum
862 667 974 697 rutilat
1011 671 1041 695 et
1058 666 1157 706 palea
1176 665 1307 706 fumat,
1333 664 1377 694 ita
1407 662 1464 693 sub

402 713 512 743 eodem
537 712 613 753 igne
631 717 786 752 peccator
810 716 973 741 crematur
996 715 1027 740 et
1041 711 1159 740 electus
1177 714 1355 750 purgatur.
1378 709 1463 747 Ergo

402 757 487 787 idern
521 762 566 786 est
598 757 678 796 ignis
711 756 885 795 purgatorii
918 760 949 785 et
978 754 1103 784 inferni.
1139 755 1180 784 Et
1210 754 1254 783 sic
1285 754 1318 783 in
1349 752 1464 782 eodem

402 802 476 832 loco
501 806 584 831 sunt.

458 855 487 875 2.
512 845 707 879 mmmm,
732 844 831 873 sancti
855 843 961 873 Patres
985 849 1057 872 ante
1074 842 1246 872 adventurn
1264 841 1380 871 Christi
1397 840 1465 870 fue-

401 895 474 919 runt
497 890 530 918 in
554 888 628 918 loco
653 887 789 927 digniori
814 896 911 926 quam
935 887 974 916 sit
996 887 1088 916 locus
1111 886 1145 915 in
1174 895 1240 925 quo
1272 895 1359 915 nunc
1389 895 1465 925 pur-

401 938 514 973 gantur
537 933 661 961 animae
691 936 765 971 post
797 936 952 960 mortem:
987 931 1062 969 quia
1089 939 1157 959 non
1189 935 1254 959 erat
1284 930 1327 958 ibi
1359 929 1465 968 aliqua

400 986 506 1017 poena
530 976 694 1006 sensibilis
727 974 790 1005 Sed
813 975 904 1004 locus
934 974 986 1004 ille
1015 979 1080 1004 erat
1111 974 1303 1003 coniunctus
1326 972 1463 1008 inferno,

400 1022 450 1051 vel
474 1020 559 1050 idem
584 1019 673 1059 quod
696 1018 839 1049 infernus
856 1020 886 1048 *z
912 1018 987 1048 alias
1012 1018 1167 1052 Christus,
1192 1016 1231 1046 ad
1254 1017 1391 1046 limbum
1411 1016 1465 1046 de-

400 1064 565 1100 scendens,
582 1073 650 1094 non
667 1063 824 1093 diceretur
839 1064 855 1079 ³⁶
879 1062 922 1092 ad
945 1062 1071 1103 inferos
1095 1061 1306 1091 descendisse.
1331 1061 1417 1100 Ergo
1434 1066 1465 1090 et

399 1109 620 1150 purgatorium
644 1113 690 1138 est
712 1108 746 1137 in
770 1107 885 1137 eodem
909 1107 994 1142 loco,
1019 1106 1070 1136 vel
1092 1106 1179 1136 iuxta
1202 1104 1374 1147 internum.

454 1154 643 1183 RESPONDEO
668 1161 826 1181 nranDUM
851 1150 940 1191 quod
964 1150 1002 1180 de
1027 1150 1101 1180 loco
1126 1149 1301 1190 purgatorii
1324 1158 1391 1178 non
1416 1149 1464 1178 in-

402 1198 527 1228 venitur
550 1195 671 1236 aliquid
694 1205 840 1235 expresse
864 1195 1111 1225 determinatum
1141 1195 1174 1224 in
1205 1194 1379 1233 Scriptura,
1404 1202 1464 1222 nec

400 1243 538 1272 rationes
561 1245 697 1281 possunt
720 1239 760 1270 ad
783 1241 846 1270 hoc
871 1239 1014 1270 efficaces
1038 1238 1158 1269 induci.
1193 1238 1318 1268 Tamen
1348 1238 1464 1277 proba-

399 1287 512 1322 biliter,
537 1291 568 1315 et
591 1284 769 1315 secundum
794 1283 882 1324 quod
907 1289 1064 1314 consonat
1086 1283 1186 1323 magis
1210 1282 1402 1313 Sanctorum
1418 1281 1464 1311 di-

400 1331 457 1361 ctis
481 1336 512 1361 et
535 1329 720 1360 revelationi
744 1328 845 1358 factae
868 1328 987 1364 multis,
1012 1328 1104 1358 locus
1127 1327 1303 1367 purgatorii
1328 1332 1374 1356 est
1405 1325 1464 1356 du-

399 1375 482 1415 plex.
507 1374 598 1405 Unus
626 1372 805 1403 secundum
835 1373 940 1413 legem
972 1379 1191 1403 communem.
1225 1372 1266 1401 Et
1298 1372 1342 1401 sic
1373 1371 1465 1401 locus

399 1419 574 1460 purgatorii
598 1423 644 1448 est
667 1417 759 1448 locus
782 1417 913 1447 inferior
936 1416 1062 1447 inferno
1087 1417 1290 1452 coniunctus,
1308 1416 1350 1445 ita
1375 1414 1464 1455 quod

399 1463 486 1494 idem
509 1463 588 1502 ignis
613 1463 652 1492 sit
675 1462 731 1501 qui
755 1461 922 1492 damnatos
946 1462 1065 1491 cruciat
1088 1461 1121 1491 in
1137 1461 1275 1496 inferno,
1293 1465 1324 1490 et
1340 1461 1396 1500 qui
1415 1460 1465 1490 iu-

400 1514 464 1538 stos
488 1508 521 1537 in
545 1507 730 1547 purgatorio
761 1511 893 1546 purgat:
926 1506 1072 1546 quamvis
1104 1505 1260 1540 damnati,
1285 1504 1464 1534 secundum

401 1551 489 1592 quod
513 1557 587 1581 sunt
610 1550 774 1581 inferiores
798 1551 923 1586 merito,
949 1555 980 1580 et
1003 1550 1078 1580 loco
1102 1549 1267 1580 inferiores
1297 1548 1465 1579 ordinandi

400 1598 471 1627 sint.
495 1615 518 1618 —
540 1596 631 1626 Alius
656 1600 702 1625 est
725 1595 816 1625 locus
840 1595 1015 1634 purgatorii
1043 1594 1222 1625 secundum
1255 1593 1464 1633 dispensatio-

399 1650 484 1671 nem.
510 1640 550 1670 Et
574 1641 617 1670 sic
642 1639 839 1679 quandoque
862 1640 895 1669 in
920 1639 1049 1669 diversis
1073 1639 1153 1669 locis
1177 1639 1275 1678 aliqui
1299 1638 1404 1678 puniti
1419 1638 1464 1668 le-

399 1690 535 1725 guntur:
561 1684 611 1714 vel
628 1684 668 1714 ad
683 1685 831 1714 vivorum
847 1684 1108 1719 instructionem;
1135 1683 1184 1713 vel
1201 1682 1240 1713 ad
1260 1687 1464 1712 mortuorum

400 1729 656 1764 subventionem,
674 1734 710 1758 ut
724 1728 903 1758 viventibus
921 1737 1034 1758 eorum
1058 1737 1164 1767 poena
1187 1728 1392 1757 innotescens
1408 1736 1465 1766 per

401 1773 548 1813 suffragia
571 1773 733 1802 Ecclesiae
755 1773 961 1811 mitigaretur.

455 1817 596 1855 Quidam
620 1822 727 1846 tamen
752 1817 862 1847 dicunt
886 1816 975 1856 quod
999 1815 1177 1846 secundum
1194 1816 1298 1855 legem
1316 1824 1464 1845 commu-

401 1871 476 1892 nem
499 1862 590 1891 locus
614 1861 789 1900 purgatorii
812 1866 860 1891 est
882 1861 938 1890 ubi
961 1861 1062 1890 homo
1086 1866 1207 1899 peccat.
1232 1878 1254 1881 —
1278 1859 1377 1897 Quod
1397 1869 1464 1889 non

400 1906 525 1936 videtur
554 1905 737 1944 probabile:
771 1905 846 1944 quia
874 1905 969 1934 simul
999 1909 1105 1944 potest
1137 1905 1238 1934 homo
1268 1904 1375 1943 puniri
1405 1912 1464 1943 pro

399 1950 537 1990 peccatis
562 1958 644 1989 quae
668 1949 700 1978 in
725 1948 854 1978 diversis
877 1949 957 1979 locis
981 1949 1152 1978 commisit.
1293 1948 1296 1951 ”

455 1993 596 2032 Quidam
625 2002 701 2023 vero
733 1992 844 2023 dicunt
877 1992 967 2032 quod
996 1993 1176 2032 puniuntur
1207 2001 1302 2032 supra
1325 2001 1385 2021 nos
1418 2000 1466 2020 se-

400 2038 543 2068 cundum
567 2038 671 2077 legem
696 2046 923 2067 communem:
950 2037 1025 2076 quia
1049 2042 1123 2066 sunt
1146 2035 1245 2066 medii
1260 2037 1342 2066 inter
1357 2045 1417 2065 nos
1434 2040 1465 2065 et

400 2083 506 2113 Deum
531 2088 688 2122 quantum
705 2081 744 2111 ad
761 2087 887 2112 statum.
910 2100 931 2102 —
957 2080 1020 2111 Sed
1039 2082 1103 2111 hoc
1119 2081 1197 2111 nihil
1214 2086 1269 2110 est.
1296 2080 1380 2118 Quia
1395 2089 1463 2110 non

398 2128 577 2167 puniuntur
600 2136 659 2166 pro
684 2136 723 2156 eo
749 2126 838 2165 quod
861 2136 958 2166 supra
977 2135 1037 2155 nos
1054 2131 1143 2156 sunt:
1169 2124 1225 2155 sed
1243 2134 1302 2165 pro
1319 2134 1358 2155 eo
1376 2124 1465 2164 quod

400 2177 446 2202 est
469 2171 617 2201 infimum
641 2172 674 2200 in
699 2171 752 2206 eis,
778 2171 897 2200 scilicet
920 2175 1099 2210 peccatum.

454 2216 504 2246 Ao
529 2225 646 2245 PmMUM
670 2225 752 2245 ERGO
777 2225 937 2245 nrcssNnUM
962 2213 1052 2254 quod
1075 2214 1157 2254 ignis
1185 2214 1388 2253 purgatorius
1419 2218 1465 2243 est

399 2265 545 2290 aeternus
569 2265 726 2300 quantum
751 2259 790 2289 ad
814 2260 1042 2294 substantiam,
1068 2257 1123 2289 sed
1153 2258 1339 2298 temporalis
1363 2267 1464 2297 quan-

399 2310 469 2335 tum
493 2304 532 2334 ad
557 2304 707 2334 effectum
730 2304 939 2344 purgationis.

454 2349 504 2379 An
529 2359 691 2378 SECUNDUM
715 2358 876 2378 cheNnUM
899 2347 989 2388 quod
1013 2356 1119 2387 poena
1135 2346 1251 2377 inferni
1269 2352 1315 2377 est
1331 2346 1371 2376 ad
1387 2346 1464 2376 affli-

399 2393 559 2433 gendum:
585 2398 616 2423 et
639 2392 712 2423 ideo
736 2393 922 2423 nominatur
938 2393 976 2422 ab
994 2392 1146 2422 omnibus
1161 2391 1222 2421 illis
1239 2400 1321 2431 quae
1337 2391 1389 2421 hic
1405 2400 1465 2421 nos

399 2437 537 2478 affligere
561 2442 807 2468 consueverunt.
832 2437 896 2467 Sed
919 2446 1025 2476 poena
1048 2436 1224 2476 purgatorii
1241 2441 1287 2466 est
1306 2435 1465 2475 principa-

399 2482 469 2512 liter
492 2481 532 2512 ad
555 2481 758 2521 purgandum
781 2481 931 2521 reliquias
955 2481 1088 2521 peccati.
1114 2481 1155 2510 Et
1177 2479 1250 2510 ideo
1276 2480 1343 2510 sola
1359 2489 1465 2519 poena

399 2527 480 2565 ignis
504 2526 689 2566 purgatorio
714 2526 909 2556 attribuitur:
935 2526 1011 2565 quia
1034 2525 1116 2565 ignis
1146 2525 1241 2554 habet
1271 2533 1406 2564 purgare
1435 2530 1466 2554 et

400 2579 600 2600 consumere.

454 2615 504 2644 An
529 2624 663 2644 nim-run
686 2623 846 2644 DICENDUM
870 2613 959 2653 quod
983 2614 1064 2643 ratio
1097 2613 1149 2643 illa
1176 2613 1322 2653 procedit
1352 2622 1465 2643 secun-

400 2658 478 2689 dum
495 2659 775 2699 dispensationem,
793 2664 824 2688 et
839 2668 907 2688 non
924 2657 1106 2688 secundum
1122 2658 1226 2697 legem
1243 2667 1464 2688 communem.

466 2760 565 2790 ART.
583 2759 634 2789 111.
660 2769 764 2789 UTRUM
787 2768 889 2788 ponNA
912 2767 1103 2788 PURGATonn
1128 2767 1269 2787 excann-
1293 2767 1402 2787 OMNEM

640 2813 765 2833 POENAM
789 2813 995 2833 TEMPORALEM
1018 2812 1110 2832 mnus
1133 2812 1225 2832 VITAE

465 2899 485 2918 D
509 2898 643 2918 Tam-mm
667 2898 712 2918 stc
735 2897 940 2917 PRocanUR.
968 2885 1102 2916 Videtur
1139 2885 1229 2926 quod
1257 2895 1364 2926 poena
1391 2895 1466 2925 pur-

403 2904 578 2974 Agatorii
593 2942 661 2963 non
678 2931 809 2962 excedat
825 2940 957 2961 omnem
980 2940 1122 2971 poenam
1141 2931 1352 2970 temporalem
1371 2930 1466 2960 huius

400 2978 492 3008 vitae.
510 2977 641 3015 Quanto
659 2977 745 3006 enim
762 2975 881 3016 aliquid
898 2981 944 3005 est
960 2976 1060 3015 magis
1076 2975 1249 3016 passivum,
1264 2980 1353 3005 tanto
1366 2975 1467 3014 magis

401 3021 558 3062 affligitur,
572 3022 597 3051 si
612 3031 739 3051 sensum
757 3020 910 3050 laesionis
922 3021 938 3036 ⁴*
954 3020 1078 3050 habeat.
1096 3019 1158 3050 Sed
1171 3029 1288 3059 corpus
1305 3025 1351 3050 est
1366 3019 1466 3059 magis

401 3066 563 3106 passivum
587 3075 685 3105 quam
709 3066 814 3094 anima
837 3069 997 3104 separata:
1022 3069 1092 3094 tum
1117 3064 1191 3104 quia
1214 3064 1309 3094 habet
1341 3069 1466 3093 contra-

402 3111 545 3140 rietatem
569 3109 608 3139 ad
631 3110 739 3149 ignem
770 3114 936 3148 agentem;
969 3114 1039 3138 tum
1069 3109 1145 3148 quia
1174 3109 1270 3138 habet
1301 3109 1466 3138 materiam

403 3164 485 3194 quae
510 3159 556 3184 est
579 3154 758 3193 susceptiva
782 3153 941 3193 qualitatis
966 3153 1097 3192 agentis,
1116 3152 1205 3192 quod
1221 3152 1260 3182 de
1277 3153 1382 3182 anima
1398 3162 1466 3182 non

402 3203 509 3238 potest
532 3198 605 3228 dici.
629 3198 715 3237 Ergo
739 3198 842 3227 maior
866 3203 912 3227 est
935 3207 1042 3237 poena
1073 3206 1171 3236 quam
1202 3206 1319 3236 corpus
1349 3197 1468 3236 patitur

403 3243 436 3272 in
458 3243 522 3272 hoc
545 3241 686 3278 mundo,
712 3251 809 3281 quam
842 3251 948 3281 poena
979 3250 1043 3281 qua
1071 3242 1177 3271 anima
1209 3246 1362 3281 purgatur
1393 3246 1467 3280 post

403 3287 485 3316 hanc
508 3286 616 3316 vitam.

460 3340 488 3360 2.
514 3331 710 3365 Pium-reum,
727 3339 833 3369 poena
849 3330 1025 3368 purgatorii
1042 3328 1159 3359 directe
1176 3328 1340 3359 ordinatur
1356 3334 1466 3359 contra

402 3374 546 3404 venialia.
579 3373 642 3404 Sed
664 3374 857 3408 venialibus,
883 3382 958 3403 cum
981 3373 1044 3402 sint
1066 3373 1226 3403 levissima
1247 3378 1397 3412 peccata,
1422 3373 1467 3402 le-

403 3418 529 3447 vissima
552 3427 658 3457 poena
681 3417 824 3453 debetur,
848 3418 874 3446 si
896 3417 1071 3447 secundum
1095 3426 1280 3447 mensuram
1303 3417 1411 3447 delicti
1426 3416 1468 3447 sit

398 3462 578 3502 plagarum
601 3461 715 3492 modus
730 3461 756 3491 *.
790 3461 875 3500 Ergo
899 3470 1005 3500 poena
1030 3461 1204 3500 purgatorii
1229 3466 1275 3491 est
1297 3461 1466 3491 levissima.

1487 411 1496 432 5

1480 633 1506 647 10

1481 854 1503 874 ¹5

1479 1072 1506 1087 20

1479 1293 1502 1313 ²5

1480 1515 1506 1533 30

1481 1738 1502 1758 35

1480 1958 1506 1978 40

1479 2172 1504 2192 45

1481 2404 1506 2425 50

1481 2626 1503 2646 55

1481 2842 1507 2862 60

1481 3070 1505 3096 65

1481 3296 1508 3316 70

885 145 1148 191 QUAESTIO
1179 144 1248 180 DE
1278 141 1632 187 PURGATORIO,
1655 140 1948 178 ARTICULUS
1978 141 2034 186 111,
2056 142 2106 177 IV

1521 219 1661 250 tenditur
1684 220 1744 249 nisi
1769 220 1864 259 culpa
1887 218 2078 249 intendatur.
2104 219 2167 249 Sed
2190 220 2223 249 in
2247 220 2302 249 illo
2327 220 2381 250 cui
2403 221 2467 250 iam
2491 219 2585 259 culpa

1522 264 1649 294 dimissa
1666 269 1722 299 est,
1738 273 1805 293 non
1822 269 1928 303 potest
1945 263 2039 302 culpa
2054 263 2185 294 intendi.
2211 264 2296 303 Ergo
2311 264 2345 293 in
2362 273 2402 293 eo
2419 265 2471 294 cui
2491 264 2585 303 culpa

1520 309 1661 338 mortalis
1686 307 1813 338 dimissa
1838 313 1884 338 est
1907 317 1966 347 pro
1991 317 2055 347 qua
2078 317 2145 337 non
2169 307 2265 347 plene
2288 307 2456 343 satisfecit,
2480 313 2585 338 reatus

1520 362 1588 382 non
1613 353 1724 382 crescit
1747 353 1780 382 in
1804 357 1918 381 morte.
1944 351 2007 381 Sed
2030 352 2063 381 in
2087 352 2146 382 hac
2169 353 2233 381 vita
2255 361 2323 382 non
2348 357 2413 382 erat
2436 352 2465 381 ei
2481 357 2585 382 reatus

1520 402 1667 436 respectu
1690 397 1892 436 gravissimae
1915 405 2051 436 poenae.
2075 396 2161 435 Ergo
2185 405 2292 436 poena
2322 405 2420 435 quam
2449 396 2586 435 patietur

1520 446 1594 481 post
1617 441 1699 471 hanc
1722 441 1836 476 vitam,
1860 449 1928 470 non
1959 441 2016 469 erit
2046 440 2076 470 ei
2105 440 2230 480 gravior
2253 441 2344 470 omni
2367 449 2473 480 poena
2496 440 2586 470 istius

1520 491 1612 515 Vltae.

1575 530 1637 560 SED
1662 539 1786 559 CONTRA
1809 539 1864 559 nsr
1881 528 1970 568 quod
1986 528 2186 568 Augustinus
2203 528 2288 564 dicit,
2306 529 2339 558 in
2356 527 2499 568 quodam
2515 527 2585 558 Ser-

1520 583 1618 604 mone
1634 575 1664 604 *z
1690 574 1752 604 Ille
1776 574 1863 615 ignis
1879 573 2074 614 purgatorii
2097 572 2214 602 durior
2235 573 2298 603 ‘erit
2320 582 2416 613 quam
2432 572 2587 613 quidquid

1521 619 1552 648 in
1576 619 1637 649 hoc
1658 619 1788 648 saeculo
1806 627 1991 658 poenarum
2015 622 2073 647 aut
2094 617 2214 647 sentire
2237 622 2295 647 aut
2318 617 2425 647 videre
2448 621 2507 647 aut
2533 626 2585 646 co—

1519 663 1628 704 gitare
1646 663 1718 703 quis
1735 668 1852 703 potest.
2162 687 2165 689 Α

1577 717 1606 737 2.
1631 708 1827 743 ΡΒΑΕΤΕΒΕΑ,
1853 712 1974 746 quanto
1991 715 2097 746 poena
2114 711 2160 736 est
2176 705 2395 741 universalior,
2411 709 2502 735 tanto
2517 714 2585 734 ma-

1519 753 1578 782 ior.
1611 752 1673 782 Sed
1697 753 1803 781 anima
1834 756 1975 791 separata
2005 756 2072 781 tota
2102 751 2253 790 punitur:
2279 759 2354 779 cum
2377 750 2417 779 sit
2440 749 2584 789 simplex.

1520 796 1596 826 Non
1620 802 1727 826 autem
1751 797 1793 826 ita
1813 801 1860 826 est
1883 795 1923 826 de
1947 805 2092 835 corpore.
2118 795 2203 834 Ergo
2228 794 2280 824 illa
2303 803 2410 834 poena
2433 803 2516 834 quae
2540 798 2586 823 est
2619 813 2622 816 Δ

1521 841 1645 871 animae
1669 846 1846 880 separatae,
1872 846 1918 870 est
1948 840 2051 870 maior
2083 840 2173 869 omni
2204 848 2310 878 poena
2342 848 2440 878 quam
2469 846 2586 878 corpus

1519 886 1647 925 patitur.
1785 908 1802 928 9
2120 924 2123 925 .

1574 929 1764 958 Rusponnzo
1789 938 1948 958 mannUM
1982 928 2071 969 quod
2098 928 2132 958 in
2165 927 2350 967 purgatorio
2382 927 2440 956 erit
2468 925 2586 966 duplex

1519 982 1640 1012 poena:
1666 983 1730 1003 una
1754 972 1878 1008 damni,
1903 974 2096 1012 inquantum
2120 972 2240 1002 scilicet
2270 970 2468 1001 retardantur
2499 980 2516 1000 a
2539 969 2586 1000 di—

1519 1017 1593 1046 vina
1616 1017 1757 1052 visione;
1783 1017 1843 1046 alia
1866 1026 1987 1053 sensus,
2012 1016 2192 1047 secundum
2216 1015 2306 1056 quod
2322 1016 2360 1045 ab
2377 1016 2452 1055 igne
2468 1024 2585 1054 corpo-

1519 1061 1575 1090 rali
1599 1061 1783 1100 punientur.
1808 1061 1849 1090 Et
1873 1066 2031 1100 quantum
2061 1061 2101 1090 ad
2132 1066 2306 1099 utrumque
2333 1069 2441 1099 poena
2470 1069 2585 1099 purga-

1519 1105 1593 1134 torii
1616 1105 1750 1135 minima
1772 1104 1897 1135 excedit
1919 1106 2092 1135 maximam
2114 1114 2256 1144 poenam
2279 1105 2375 1134 huius
2402 1104 2495 1134 vitae.

1575 1149 1706 1186 Quanto
1731 1149 1817 1179 enim
1841 1149 1962 1189 aliquid
1984 1149 2085 1189 magis
2109 1148 2313 1183 desideratur,
2337 1152 2426 1178 tanto
2447 1148 2516 1177 eius
2532 1147 2586 1177 ab·

1520 1194 1620 1223 sentia
1643 1199 1690 1223 est
1709 1193 1885 1223 molestior.
1910 1193 1951 1224 Et
1967 1194 2043 1233 quia
2059 1192 2190 1223 affectus
2206 1201 2272 1232 quo
2289 1191 2484 1222 desideratur
2499 1200 2587 1228 sum-

1519 1247 1611 1268 mum
1634 1238 1775 1273 bonum,
1799 1243 1873 1278 post
1902 1238 1985 1268 hanc
2016 1238 2113 1268 vitam
2143 1238 2177 1267 in
2208 1237 2374 1267 animabus
2401 1236 2517 1266 sanctis
2541 1241 2587 1266 est

1519 1283 1761 1316 intensissimus,
1779 1283 1854 1322 quia·
1877 1291 1945 1312 non
1968 1281 2143 1312 retardatur
2166 1281 2297 1312 affectus
2319 1281 2408 1311 mole
2424 1280 2585 1320 corporis3

1520 1333 1551 1357 et
1575 1327 1670 1356 etiam
1694 1327 1769 1367 quia
1792 1327 1947 1357 terminus
1971 1325 2098 1357 fruendi
2121 1335 2249 1356 summo
2278 1326 2367 1356 bono
2397 1325 2462 1355 iam
2491 1323 2586 1354 adve-

1519 1373 1617 1402 nisset
1640 1372 1701 1401 nisi
1725 1370 1846 1411 aliquid
1868 1371 2051 1411 impediret;
2075 1370 2150 1401 ideo
2174 1370 2214 1401 de
2241 1370 2418 1401 tardatione
2447 1369 2586 1399 maxime

1519 1415 1640 1446 dolent.

1576 1460 1726 1491 Similiter
1750 1460 1855 1496 etiam,
1881 1469 1955 1490 cum
1981 1459 2074 1490 dolor
2097 1469 2165 1490 non
2181 1460 2221 1490 sit
2236 1459 2344 1494 laesio,
2361 1457 2417 1488 sed
2433 1457 2587 1488 laesionis

1519 1514 1632 1535 sensus
1648 1505 1680 1540 Ἢ
1714 1510 1803 1534 tanto
1837 1504 1958 1544 aliquid
1980 1505 2082 1544 magis
2116 1504 2203 1534 dolet
2235 1503 2275 1533 de
2307 1503 2418 1542 aliquo
2450 1502 2585 1538 laesivo,

1520 1555 1642 1590 quanto
1666 1549 1767 1589 magis
1791 1554 1838 1579 est
1861 1550 2064 1579 sensitivum:
2089 1548 2176 1579 unde
2198 1548 2356 1588 laesiones
2386 1556 2470 1587 quae
2502 1545 2586 1577 fiunt

1518 1595 1552 1624 in
1575 1594 1655 1624 locis
1678 1594 1817 1624 maxime
1833 1594 2045 1629 sensibilibus,
2063 1599 2137 1623 sunt
2152 1590 2330 1623 maximu'm
2347 1591 2494 1622 dolorem
2510 1600 2586 1621 cau-

1519 1644 1632 1668 santes.
1658 1638 1699 1668 Et
1723 1638 1797 1678 quia
1820 1643 1907 1668 totus
1931 1647 2042 1668 sensus
2067 1637 2210 1678 corporis
2235 1634 2281 1668 est
2304 1637 2343 1666 ab
2368 1636 2483 1671 amma,
2500 1635 2585 1671 ideo,

1519 1684 1544 1713 si
1568 1684 1601 1713 in
1624 1683 1726 1722 ipsam
1750 1683 1890 1712 animam
1914 1682 2046 1722 aliquod
2068 1682 2223 1712 laesivum
2239 1687 2319 1722 agat,
2337 1680 2376 1711 de
2399 1680 2586 1711 necessitate

1520 1732 1649 1767 oportet
1672 1727 1762 1767 quod
1785 1727 1924 1757 maxime
1947 1726 2112 1766 affligatur.
2146 1726 2246 1764 Quod
2276 1731 2384 1755 autem
2417 1725 2522 1755 anima
2546 1724 2585 1755 ab

1519 1773 1592 1812 igne
1617 1771 1776 1811 corporali
1799 1771 1945 1810 patiatur,
1962 1771 2025 1801 hoc
2041 1770 2081 1801 ad
2096 1780 2245 1811 praesens
2261 1769 2492 1810 supponimus:
2510 1769 2586 1809 quia

1520 1816 1560 1847 de
1580 1817 1643 1846 hoc
1666 1815 1757 1851 infra,
1775 1815 1844 1846 dist.
1861 1825 1933 1846 xmv
1948 1816 1974 1851 ἢ
1993 1815 2124 1846 dicetur.
2141 1833 2164 1837 —
2187 1815 2228 1845 Et
2245 1814 2319 1845 ideo
2344 1818 2472 1853 oportet
2495 1812 2585 1853 quod

1519 1870 1626 1901 poena
1649 1861 1833 1900 purgatorii,
1860 1865 2017 1899 quantum
2041 1859 2080 1890 ad
2103 1869 2244 1899 poenam
2272 1858 2380 1889 damni
2403 1863 2435 1888 et
2462 1867 2584 1893 sensus,

1521 1904 1651 1935 excedat
1675 1914 1807 1934 omnem
1830 1913 1970 1943 poenam
1994 1904 2083 1934 istius
2106 1904 2199 1934 vitae.

1576 1947 1716 1986 Quidam
1740 1953 1848 1978 autem
1872 1949 2031 1987 assignant
2053 1948 2211 1978 rationem
2235 1957 2272 1977 ex
2295 1947 2360 1977 hoc
2375 1945 2464 1986 quod
2480 1946 2587 1977 anima

1520 1998 1588 2023 tota
1619 1993 1770 2032 punitur,
1795 2001 1863 2022 non
1893 1997 2001 2022 autem
2033 2001 2160 2031 corpus.
2183 2010 2207 2014 —
2230 1990 2293 2022 Sed
2322 1991 2386 2022 hoc
2418 1990 2498 2021 nihil
2527 1995 2584 2021 est.

1521 2037 1607 2075 Quia
1629 2037 1674 2066 sie
1698 2046 1804 2076 poena
1835 2036 2059 2066 damnatorum
2093 2041 2174 2066 esset
2206 2036 2313 2066 minor
2345 2040 2419 2075 post
2447 2044 2586 2066 resurre-

1521 2083 1662 2112 ctionem
1687 2091 1785 2121 quam
1809 2086 1892 2111 ante.
1917 2080 2017 2118 Quod
2040 2080 2156 2111 falsum
2179 2086 2236 2110 est.
2323 2111 2326 2114 ,

1576 2127 1626 2156 An
1650 2136 1766 2156 panum
1797 2135 1880 2155 aizoo
1913 2135 2072 2155 nranmm
2103 2124 2209 2165 quod,
2234 2124 2380 2164 quamvis
2410 2124 2516 2154 anima
2546 2123 2586 2154 sit

1520 2171 1627 2201 minus
1651 2171 1774 2210 passiva
1798 2179 1896 2209 quam
1921 2179 2054 2209 corpus,
2078 2174 2187 2200 tamen
2211 2174 2258 2199 est
2287 2169 2387 2208 magis
2418 2168 2586 2208 cognosci-

1520 2216 1584 2245 tiva
1607 2215 1772 2255 passionis.
1798 2214 1839 2244 Et
1861 2214 1917 2244 ubi
1941 2219 1987 2244 est
2010 2214 2112 2244 maior
2135 2213 2291 2254 passionis
2315 2221 2444 2248 sensus,
2467 2213 2511 2243 ibi
2539 2216 2586 2243 est

1520 2260 1622 2290 maior
1647 2259 1749 2295 dolor,
1775 2259 1871 2289 etiam
1894 2259 1919 2289 si
1943 2259 1982 2288 sit
2004 2259 2112 2289 minor
2135 2259 2250 2298 passio.

1575 2304 1626 2334 An
1650 2313 1812 2334 SECUNDUM
1828 2313 1988 2333 DICENDUM
2004 2302 2094 2343 quod
2110 2303 2262 2333 acerbitas
2277 2301 2362 2332 illius
2377 2309 2502 2341 poenae
2517 2309 2586 2332 non

1521 2353 1567 2378 est
1589 2354 1715 2379 tantum
1739 2358 1777 2379 ex
1801 2348 1977 2388 quantitate
1993 2348 2126 2387 peccati,
2143 2351 2301 2387 quantum
2318 2356 2355 2376 ex
2376 2345 2586 2386 dispositione

1520 2393 1643 2432 puniti:
1669 2393 1744 2433 quia
1768 2392 1853 2422 idem
1870 2397 2039 2432 peccatum
2055 2392 2181 2432 gravius
2197 2391 2329 2431 punitur
2344 2391 2388 2421 ibi
2404 2399 2502 2430 quam
2522 2390 2584 2421 hic.

1520 2437 1609 2468 Sicut
1632 2436 1685 2468 ille
1709 2438 1765 2477 qui
1789 2442 1835 2467 est
1858 2437 2000 2467 melioris
2034 2436 2286 2476 complexionis,
2309 2435 2411 2475 magis
2442 2434 2585 2474 punitur,

1521 2480 1640 2512 eisdem
1664 2482 1764 2522 plagis
1787 2482 1955 2521 impositis,
1979 2490 2078 2521 quam
2101 2481 2198 2511 alius:
2224 2485 2255 2510 et
2269 2484 2378 2510 tamen
2393 2478 2489 2510 iudex
2509 2478 2586 2510 utri-

1521 2535 1584 2566 que
1608 2526 1735 2557 easdem
1760 2526 1867 2567 plagas
1890 2535 1950 2566 pro
1975 2525 2221 2565 eisdem-culpis
2245 2523 2383 2554 inferens
2402 2524 2484 2554 iuste
2501 2522 2584 2554 facit.

1576 2571 1617 2601 Et
1640 2581 1697 2611 per
1720 2571 1783 2601 hoc
1808 2571 1904 2602 etiam
1927 2575 2014 2610 patet
2037 2569 2157 2600 solutio
2182 2568 2222 2599 ad
2244 2569 2384 2599 tertium.

1646 2667 1746 2697 ART.
1768 2666 1821 2696 IV.
1845 2675 1951 2695 UTRUM
1974 2675 2044 2695 ILLA
2067 2674 2170 2695 poena
2193 2673 2239 2694 srr
2261 2672 2460 2694 voumunu

1587 2761 1606 2780 D
1631 2760 1780 2780 QUARTUM
1807 2760 1852 2780 sm
1883 2758 2088 2779 PROCEDITUR.
2113 2747 2247 2778 Videtur
2278 2746 2368 2786 quod
2396 2745 2450 2776 illa
2479 2754 2587 2785 poena

1524 2763 1626 2825 Asit
1649 2794 1836 2825 voluntaria.
1868 2793 1953 2831 Quia
1984 2792 2029 2823 illi
2060 2793 2116 2832 qui
2146 2797 2220 2822 sunt
2248 2792 2280 2821 in
2309 2790 2512 2831 purgatorio,
2537 2799 2585 2821 re-

1522 2845 1611 2870 ctum
1635 2849 1691 2869 cor
1713 2839 1840 2869 habent.
1866 2837 1929 2868 Sed
1951 2838 2030 2868 haec
2054 2842 2101 2867 est
2123 2835 2280 2867 rectitudo
2306 2835 2426 2870 cordis,
2451 2839 2487 2864 ut
2513 2834 2585 2874 quis

1521 2884 1721 2915 voluntatem
1745 2892 1836 2913 suam
1859 2882 2017 2912 voluntati
2041 2881 2166 2912 divinae
2190 2879 2390 2915 conformet,
2414 2883 2450 2908 ut
2472 2878 2584 2918 Augu-

1521 2929 1622 2959 stinus
1646 2928 1721 2958 dicit
1736 2928 1762 2957 *.
1787 2927 1884 2967 Ergo,
1909 2936 1985 2956 cum
2008 2926 2096 2956 Deus
2119 2925 2195 2956 velit
2218 2934 2274 2955 eos
2289 2923 2406 2964 puniri,
2421 2922 2484 2962 ipsi
2496 2921 2584 2952 illam

1521 2982 1662 3013 poenam
1685 2972 1864 3002 voluntarie
1888 2971 2054 3007 sustinent.

1579 3027 1608 3047 2.
1632 3017 1829 3052 annrnmm,
1854 3016 1959 3046 omnis
1983 3015 2108 3055 sapiens
2132 3013 2200 3044 vult
2221 3010 2300 3043 illud
2322 3011 2391 3042 sine
2419 3019 2486 3049 quo
2516 3018 2584 3040 non

1521 3067 1628 3102 potest
1651 3061 1817 3101 pervenire
1841 3059 1880 3090 ad
1903 3059 2002 3090 finem
2025 3059 2195 3089 intentum.
2220 3055 2283 3087 Sed
2305 3055 2351 3085 illi
2374 3054 2430 3093 qui
2452 3059 2528 3084 sunt
2550 3054 2584 3084 in

1521 3106 1718 3146 purgatorio,
1742 3105 1848 3135 sciunt
1871 3113 1904 3135 se
1927 3113 1995 3134 non
2018 3111 2114 3142 posse
2136 3100 2302 3142 pervenire
2318 3098 2358 3129 ad
2372 3098 2508 3138 gloriam
2523 3098 2584 3129 nisi

1521 3151 1609 3191 prius
1632 3150 1816 3190 puniantur.
1841 3148 1927 3188 Ergo
1951 3147 2065 3178 volunt
2087 3145 2203 3186 puniri.

1577 3195 1639 3226 San
1664 3203 1798 3229 CONTRA,
1822 3193 1930 3223 nullus
1954 3191 2034 3231 petit
2055 3188 2180 3220 liberari
2196 3197 2215 3218 a
2229 3196 2336 3227 poena
2356 3196 2454 3226 quam
2470 3186 2584 3217 volun-

1521 3239 1598 3269 tarie
1621 3238 1765 3268 sustinet.
1790 3236 1854 3268 Sed
1875 3236 1920 3266 illi
1944 3235 2000 3274 qui
2023 3238 2098 3264 sunt
2120 3233 2154 3263 in
2178 3232 2379 3271 purgatorio,
2403 3236 2519 3271 petunt
2547 3230 2584 3261 li-

1521 3283 1637 3314 berari:
1663 3283 1745 3312 sicut
1767 3286 1854 3321 patet
1869 3289 1926 3319 per
1941 3278 2042 3309 multa
2066 3286 2148 3317 quae
2164 3277 2197 3306 in
2213 3276 2359 3317 Dialogo
2376 3276 2392 3292 ⁸*
2408 3280 2583 3306 narrantur.

1521 3328 1608 3366 Ergo
1631 3336 1699 3356 non
1722 3326 1879 3355 sustinent
1901 3323 1989 3353 illam
2012 3330 2152 3361 poenam
2176 3321 2364 3351 voluntarie.

1576 3371 1766 3400 RusroNnno
1790 3376 1950 3398 nianDUM
1973 3365 2063 3406 quod
2086 3364 2206 3405 aliquid
2229 3364 2344 3395 dicitur
2366 3364 2585 3395 voluntarium

1522 3414 1700 3454 dupliciter.
1723 3411 1808 3448 {Uno
1838 3410 1958 3446 modo,
1982 3410 2147 3440 voluntate
2171 3409 2326 3439 absoluta.
2355 3409 2397 3438 Et
2423 3408 2468 3438 sic
2497 3407 2586 3439 nulla

1521 3467 1629 3498 poena
1651 3462 1698 3487 est
1720 3456 1914 3486 voluntaria:
1941 3455 2015 3495 quia
2033 3464 2070 3485 ex
2093 3455 2156 3485 hoc
2180 3458 2228 3484 est
2250 3454 2331 3484 ratio
2354 3462 2480 3493 poenae
2496 3451 2586 3493 quod

461 3505 489 3535 3.
514 3505 709 3540 Pmnraam,
734 3510 848 3540 reatus,
873 3514 949 3534 cum
972 3505 1011 3534 sit
1036 3504 1166 3535 effectus
1191 3505 1314 3544 culpae,
1331 3514 1399 3534 non
1418 3504 1467 3534 in-
1481 3515 1505 3539 ⁷5
1521 3501 1679 3532 voluntati
1702 3500 1919 3531 contrariatur.

2614 578 2623 588 ”
2644 577 2669 598 In
2694 576 2826 604 Appendic.

2613 604 2688 625 Serm.
2701 609 2745 630 mv,
2756 604 2784 625 al.
2796 604 2827 626 de

2613 630 2693 652 Sanct.
2707 636 2754 652 ιιι.

2613 1512 2624 1523 ·
2633 1511 2732 1534 Ariston.
2744 1509 2826 1540 Topic.

2613 1538 2652 1560 lib.
2668 1537 2710 1566 Ἦ,
2723 1543 2774 1567 cap.
2788 1544 2826 1565 vr,

2613 1570 2637 1587 n.
2651 1569 2686 1593 27.

2612 1822 2623 1832 ⁸
2663 1826 2685 1842 u.
2699 1826 2733 1847 ιιι,
2748 1823 2826 1875 art-¹3:
2876 1833 2878 1840 ,

2613 1853 2644 1876 ‘1¹¹
2671 1853 2692 1877 3·
2707 1857 2716 1862 ·
2731 1847 2796 1875 supp

2613 1880 2652 1903 qu.
2666 1879 2721 1900 ux,
2736 1877 2779 1896 nrt.
2794 1880 2814 1903 3.
2875 1883 2878 1902 1

2866 1960 2878 2027 ’ἕ

2872 2037 2878 2066 ⁴1¹

2611 2926 2622 2936 '¹
2636 2924 2662 2946 In
2676 2925 2714 2947 Ps.
2729 2924 2825 2953 xxxu,

2611 2957 2679 2975 conc.
2695 2958 2712 2974 ι.

2611 3276 2826 3333 ‘iffi
