2878 4088
415 204 460 239 14
621 191 883 239 QUAESTIO
912 192 974 238 VI,
995 191 1286 229 ARTICULUS
1314 192 1363 228 VI
1393 213 1417 216 —
1446 190 1710 237 QUAESTIO
1739 190 1823 236 VII,
1850 189 2141 227 ARTICULUS
2170 191 2195 237 1,
2216 191 2246 227 ΙΙ

1526 270 1613 305 fitur,
1639 268 1694 299 sed
1717 269 1816 308 magis
1841 267 2007 298 clauditur.
2032 268 2095 299 Sed
2117 275 2286 309 peccatum
2310 273 2399 312 quod
2422 275 2493 314 quis
2513 284 2590 305 con-

513 314 611 344 ART.
636 314 689 344 VI.
714 324 818 344 urium
841 324 944 345 possrr
968 325 1030 344 cum
1052 324 1169 345 Amano
1193 323 1368 344 msmusmu
1526 313 1642 349 fitetur,
1662 313 1720 343 sub
1744 312 1846 352 sigillo
1871 311 2081 343 confessionis
2104 314 2243 353 ponitur.
2268 316 2353 356 Ergo
2369 327 2438 348 non
2453 319 2591 358 aperitur

733 369 773 388 NE
797 368 1011 389 courxranua
1033 368 1144 388 nomm
1525 358 1559 387 in
1584 357 1786 388 confessione
1809 361 1988 396 peccatum,
2013 356 2069 387 sed
2091 358 2191 398 magis
2214 359 2381 392 clauditur.

1583 411 1614 440 4.
1638 401 1838 436 Pium-nam,
1862 401 2069 431 inveniuntur
2097 401 2254 441 quaedam
2282 404 2360 435 aliae
2389 405 2591 437 definitiones

1494 454 1502 474 5
1527 447 1565 476 ab
1588 446 1646 476 ista
1670 445 1859 475 differentes.
1885 444 2059 484 Gregorius
2083 446 2169 476 enim
2193 446 2300 478 dicit*
2321 449 2411 488 quod
2430 450 2590 481 confessio

474 501 495 521 D
523 501 641 521 sssxruu
673 501 719 522 s1c
749 501 952 521 pnoeanrron.
985 491 1119 521 Videtur
1149 490 1238 530 quod
1265 490 1365 529 possit
1396 498 1471 519 cum
1527 495 1573 520 est
1590 494 1800 530 peccatorum
1824 488 1957 519 detectio
1977 493 2008 519 et
2023 490 2130 530 ruptio
2153 491 2305 522 uulneris.
2329 492 2499 530 Quidam*
2513 504 2590 524 vero

412 503 583 576 Aaliquo
621 535 795 576 dispensari
826 545 867 566 ne
905 535 1093 566 confiteatur
1129 535 1263 564 homini.
1301 534 1471 573 Praecepta
1527 533 1638 564 dicunt
1661 533 1750 574 quod
1774 532 1933 563 confessio
1959 538 2006 563 est
2029 543 2140 564 coram
2163 535 2330 566 sacerdote
2353 537 2498 578 legitima
2515 548 2591 578 pec-

411 580 497 610 enim
521 589 604 620 quae
627 585 701 610 sunt
724 579 763 610 de
786 580 854 610 iure
877 580 1033 619 positivo,
1058 579 1221 609 subiacent
1244 577 1472 618 dispensationi
1527 583 1674 608 catorum
1690 577 1878 608 declaratio.
1896 577 2036 615 Quidam
2052 579 2068 594 ⁸*
2088 584 2195 609 autem
2211 579 2322 610 dicunt
2337 581 2400 611 sic:
2421 581 2590 623 Confessio

410 624 624 663 praelatorum
647 624 818 654 Ecclesiae.
843 623 906 654 Sed
929 622 1088 654 confessio
1109 628 1155 653 est
1170 621 1366 657 huiusmodi,
1382 627 1419 652 ut
1434 631 1470 651 ex
1527 628 1574 653 est
1594 622 1839 653 sacramentalis
1866 621 2078 662 delinquentis
2105 624 2283 659 accusatio,
2308 634 2350 655 ex
2375 625 2591 657 erubescentia

168 670 180 681 ⁶
194 668 244 690 Art.
260 674 281 695 22
295 675 315 697 3·
411 667 502 698 dictis
518 669 535 684 ἢ*
557 673 653 708 patet.
677 668 763 708 Ergo
786 673 893 708 potest
916 667 1088 708 dispensari
1115 676 1190 697 cum
1213 666 1322 706 aliquo
1346 671 1382 696 ut
1404 675 1472 695 non
1488 673 1513 688 ¹0
1527 672 1558 698 et
1574 677 1638 708 per
1652 667 1758 697 claves
1772 666 1936 696 Ecclesiae
1958 666 2190 708 satisfactoria,
2213 667 2362 709 obligans
2377 669 2420 699 ad
2428 679 2592 712 peragen-

411 711 609 742 confiteatur.
1527 711 1601 742 dam
1619 711 1852 752 poenitentiam
1877 710 2064 741 iniunctam.
2089 711 2174 751 Ergo
2190 711 2316 746 videtur
2336 713 2426 753 quod
2441 715 2592 754 praeassi-

468 766 497 786 2.
521 756 723 792 Pium-anm,
755 755 834 786 illud
862 755 951 795 quod
977 756 1016 785 ab
1043 755 1174 785 homine
1204 755 1385 785 institutum
1416 759 1471 790 est,
1527 761 1621 796 gnata
1649 754 1808 791 definitio,
1839 764 1914 784 cum
1940 764 2008 785 non
2037 756 2146 786 omnia
2177 757 2340 787 contineat
2372 767 2456 798 quae
2482 759 2515 788 in
2544 759 2592 789 his

410 805 517 840 potest
533 801 627 830 etiam
643 801 682 830 ab
697 800 829 830 homine
852 799 1122 839 dispensationem
1145 800 1296 839 recipere.
1316 798 1379 829 Sed
1395 808 1473 828 con·
1528 801 1742 835 continentur,
1765 798 1960 829 insufficiens
1983 800 2031 830 sit.

170 849 180 859 ·
195 847 260 869 Vers·
277 847 312 869 ¹⁶·
411 843 506 874 fessio
529 854 597 874 non
620 844 734 884 legitur
750 853 767 873 a
783 844 853 874 Deo
876 844 1029 879 instituta,
1045 843 1100 873 sed
1115 844 1154 873 ab
1170 843 1312 879 homine,
1330 842 1391 872 Iac.
1406 843 1471 872 v*:
1582 845 1771 874 Rnsponmzo
1799 853 1958 873 mem-mum
1989 844 2078 884 quod
2105 845 2138 875 in
2162 850 2235 875 actu
2264 845 2474 876 confessionis
2501 846 2593 887 plura

413 888 618 929 Confitemini
640 888 833 918 alterutrum
850 893 985 927 peccata
1005 893 1120 918 vestra.
1145 887 1250 917 Habet
1265 892 1372 917 autem
1388 887 1474 926 Papa
1489 897 1510 918 ις
1528 887 1757 919 consideranda
1780 893 1970 918 occurrunt:
1995 889 2111 928 primo,
2127 889 2196 929 ipsa
2215 889 2388 920 substantia
2411 896 2510 927 actus,
2527 891 2593 921 sive

410 937 601 972 potestatem
625 931 827 971 dispensandi
842 932 876 961 in
892 932 940 961 his
956 941 1038 971 quae
1061 941 1118 971 per
1132 931 1308 971 Apostolos
1331 931 1472 960 instituta
1526 942 1628 973 genus
1652 933 1729 968 eius,
1754 931 1843 971 quod
1867 937 1913 962 est
1935 932 2148 963 manifestatio
2173 933 2346 973 quaedam;
2371 935 2528 971 secundo,
2553 935 2593 966 de

171 984 181 994 ·
203 983 238 1005 cr.
261 989 299 1010 qu.
321 988 382 1009 cxvi,
411 981 502 1006 sunt:
527 977 609 1005 sicut
631 980 717 1015 patet
733 975 773 1005 de
788 975 921 1014 bigamis
936 976 963 1005 ὕ.
988 975 1073 1014 Ergo
1091 975 1186 1005 etiam
1201 979 1308 1015 potest
1327 984 1402 1004 curn
1419 975 1473 1004 ali-
1528 987 1594 1017 quo
1610 977 1659 1012 sit,
1676 976 1795 1006 scilicet
1810 982 1998 1015 peccatum;
2023 978 2126 1013 tertio,
2144 978 2196 1007 cui
2211 977 2276 1014 fiat,
2293 978 2413 1009 scilicet
2428 979 2591 1016 sacerdos;

171 1013 246 1037 '¹¹1⁴’
262 1009 290 1031 ⁸⁶¹
304 1014 324 1031 ²·
411 1029 477 1059 quo
501 1019 673 1058 dispensari
696 1028 737 1048 ne
761 1018 959 1048 confiteatur.
1527 1026 1652 1060 quarto,
1677 1030 1771 1050 causa
1795 1020 1872 1055 eius,
1897 1020 2017 1051 scilicet
2039 1030 2111 1060 spes
2134 1022 2265 1058 veniae;
2295 1023 2424 1062 quinto,
2449 1023 2591 1060 effectus,

465 1063 526 1093 San
551 1072 686 1098 commi,
710 1062 923 1102 poenitentia,
948 1063 1039 1092 cuius
1061 1071 1133 1101 pars
1162 1067 1209 1091 est
1232 1061 1402 1097 confessio,
1427 1066 1472 1091 est
1527 1064 1647 1094 scilicet
1680 1063 1839 1093 absolutio
1868 1073 1886 1093 a
1913 1070 2001 1104 parte
2033 1074 2158 1104 poenae
2189 1071 2220 1096 et
2250 1067 2402 1106 obligatio
2431 1067 2471 1098 ad
2498 1068 2592 1098 aliam

409 1111 642 1136 sacramentum
669 1106 876 1142 necessitatis,
901 1106 982 1135 sicut
1009 1111 1040 1135 et
1063 1106 1248 1144 baptismus,
1282 1104 1368 1135 Cum
1397 1114 1472 1144 ergo
1487 1115 1513 1129 ²⁰
1527 1113 1650 1147 partem
1666 1106 1902 1137 exsolvendam.
1927 1108 1962 1138 In
1978 1109 2080 1147 prima
2096 1118 2172 1149 ergo
2189 1109 2376 1141 definitione
2390 1111 2592 1152 Augustini*

408 1151 442 1180 in
465 1151 623 1189 baptismo
647 1149 754 1180 nullus
782 1149 963 1188 dispensare
990 1149 1106 1189 possit,
1130 1158 1190 1179 nec
1213 1149 1247 1178 in
1270 1148 1472 1178 confessione
1526 1152 1665 1191 tangitur
1688 1156 1719 1180 et
1742 1151 1915 1181 substantia
1938 1157 2037 1188 actus,
2062 1153 2095 1182 in
2118 1154 2306 1193 apertione;
2336 1161 2367 1185 et
2394 1155 2433 1185 de
2462 1165 2528 1196 quo
2556 1155 2592 1186 fit

410 1194 522 1234 aliquis
546 1193 726 1233 dispensare
749 1193 875 1233 poterit.
1527 1194 1702 1230 confessio,
1732 1203 1807 1224 cum
1836 1194 1950 1225 dicitur
1979 1196 2110 1226 morbus
2138 1197 2262 1234 latens;
2290 1203 2321 1228 et
2349 1208 2458 1236 causa,
2481 1201 2515 1230 in
2537 1210 2593 1240 spe

463 1239 651 1268 Responmzo
674 1247 834 1267 mcannma
857 1236 946 1276 quod
969 1237 1104 1266 ministri
1119 1236 1280 1266 Ecclesiae
1300 1236 1471 1265 instituun-
1526 1239 1647 1269 veniae.
1673 1238 1714 1268 Et
1728 1239 1762 1268 in
1778 1237 1845 1267 aliis
1869 1237 2108 1270 definitionibus
2124 1241 2141 1256 ὃ*
2164 1245 2337 1280 tanguntur
2353 1242 2460 1282 aliqua
2475 1243 2515 1274 de
2531 1244 2592 1274 illis

408 1283 507 1312 turin
530 1281 672 1311 Ecclesia
695 1281 845 1311 divinitus
869 1280 1009 1311 fundata.
1034 1281 1074 1311 Et
1089 1280 1163 1310 ideo
1186 1280 1343 1310 institutio
1359 1279 1471 1309 Eccle-
1526 1283 1671 1323 quinque
1694 1282 1875 1322 assignatis:
1900 1288 1936 1312 ut
1960 1283 2090 1313 cuilibet
2112 1284 2294 1324 inspicienti
2317 1291 2413 1326 patet.

409 1327 472 1356 siae
502 1326 771 1365 praesupponitur
799 1324 838 1355 ad
866 1325 1086 1364 operationem
1118 1325 1355 1354 ministrorum:
1389 1323 1472 1353 sicut
1486 1333 1508 1353 ²5
1580 1327 1631 1357 Ar>
1653 1335 1770 1356 prunum
1793 1336 1876 1356 aizoo
1899 1332 2059 1357 men-,rmum
2082 1328 2181 1368 quod,
2206 1330 2352 1369 quamvis
2371 1331 2517 1361 sacerdos
2538 1331 2593 1362 ali-

410 1380 491 1410 opus
516 1370 681 1400 creationis
705 1370 974 1409 praesupponitur
997 1368 1036 1398 ad
1060 1378 1143 1408 opus
1165 1373 1306 1398 naturae.
1331 1367 1372 1397 Et
1395 1367 1471 1407 quia
1526 1370 1656 1410 quando
1681 1371 1758 1400 sciat
1781 1371 1848 1400 eius
1871 1376 2041 1410 peccatum
2064 1377 2100 1402 ut
2122 1372 2234 1409 homo,
2258 1383 2326 1404 non
2349 1379 2457 1405 tamen
2481 1376 2539 1406 scit
2557 1381 2594 1406 ut

408 1414 550 1444 Ecclesia
574 1412 723 1443 fundatur
745 1413 779 1443 in
801 1412 865 1443 fide
881 1418 912 1443 et
928 1413 1141 1448 sacramentis,
1165 1411 1238 1442 ideo
1255 1411 1295 1442 ad
1310 1412 1471 1441 ministros
1526 1415 1644 1445 Christi
1666 1415 1818 1445 vicarius:
1851 1415 1933 1445 sicut
1956 1416 2051 1446 etiam
2074 1416 2170 1447 iudex
2194 1417 2367 1458 aliquando
2391 1419 2450 1450 scit
2472 1419 2593 1460 aliquid

407 1468 510 1489 novos
533 1457 681 1487 articulos
704 1456 779 1487 fidei
803 1456 896 1487 edere
919 1462 973 1487 aut
995 1456 1096 1487 editos
1120 1465 1295 1492 removere,
1313 1461 1367 1486 aut
1386 1465 1471 1486 nova
1525 1465 1562 1489 ut
1583 1459 1684 1489 homo
1709 1458 1799 1498 quod
1826 1459 1927 1489 nescit
1950 1466 1986 1490 ut
2008 1459 2113 1491 iudex.
2143 1461 2184 1491 Et
2207 1467 2365 1501 quantum
2388 1463 2427 1493 ad
2450 1464 2514 1494 hoc
2537 1473 2594 1504 per

408 1507 601 1532 sacramenta
617 1502 780 1531 instituere
804 1506 858 1531 aut
878 1501 1020 1531 instituta
1042 1510 1217 1537 removere,
1234 1510 1302 1531 non
1317 1501 1469 1540 pertinet:
1526 1503 1763 1534 confessionem
1787 1504 1935 1543 aperitur,

408 1546 463 1577 sed
478 1547 541 1576 hoc
558 1551 604 1575 est
619 1546 783 1585 potestatis
807 1545 1021 1581 excellentiae,
1039 1555 1121 1585 quae
1145 1545 1204 1575 soli
1229 1544 1362 1575 debetur
1379 1543 1471 1574 Chri·
1487 1553 1512 1573 30
1580 1548 1640 1578 Vel
1665 1547 1838 1578 dicendum
1861 1547 1960 1588 quod,
1985 1550 2131 1588 quamvis
2154 1555 2243 1580 actus
2266 1552 2402 1582 exterior
2424 1552 2458 1582 in
2481 1557 2592 1592 aperto

171 1595 380 1623 ·1adc0r.,onp.
408 1596 467 1627 sto,
485 1591 540 1630 qui
564 1595 610 1620 est
633 1589 794 1620 Ecclesiae
808 1589 1064 1631 fundamentum
1080 1591 1107 1619 θ.
1131 1589 1172 1619 Et
1187 1588 1272 1625 ide0‚
1289 1589 1371 1619 sicut
1385 1589 1472 1628 Papa
1525 1593 1574 1628 sit,
1599 1597 1688 1622 actus
1710 1592 1856 1628 interior,
1881 1593 1937 1632 qui
1959 1597 2068 1624 tamen
2091 1594 2297 1634 principalior
2320 1601 2380 1632 est,
2404 1596 2438 1626 in
2461 1597 2592 1627 occulto

171 1630 204 1650 ¹¹¹¹
220 1629 279 1644 ‘¹²¹⁸‘
296 1629 327 1644 ¹¹⁴
407 1645 474 1665 non
501 1639 607 1674 potest
635 1633 815 1674 dispensare
838 1639 874 1664 ut
897 1634 1011 1674 aliquis
1039 1634 1107 1664 sine
1133 1633 1292 1673 baptismo
1323 1633 1470 1669 salvetur,
1526 1642 1582 1667 est.
1606 1636 1647 1666 Et
1670 1636 1744 1666 ideo
1769 1642 1897 1676 oportet
1920 1637 2009 1677 quod
2032 1647 2090 1678 per
2113 1638 2349 1670 confessionem
2373 1641 2540 1681 aperiatur.

406 1680 450 1709 ita
471 1688 531 1709 nec
556 1677 644 1718 quod
672 1678 808 1708 salvetur
835 1679 903 1708 sine
933 1678 1150 1714 confessione,
1174 1677 1353 1708 secundum
1382 1677 1471 1718 quod
1578 1681 1629 1711 An
1646 1691 1808 1711 sacmmuu
1830 1690 1991 1712 memnon
2005 1681 2095 1722 quod
2111 1682 2270 1714 confessio
2288 1685 2526 1725 ‘praesupponit
2541 1695 2592 1716 ca-

408 1723 526 1762 obligat
553 1732 590 1752 ex
618 1723 687 1762 ipsa
714 1723 746 1752 vi
774 1723 971 1753 sacramenti.
1005 1722 1068 1753 Sed
1096 1727 1202 1763 potest
1229 1722 1410 1762 dispensare
1437 1722 1471 1752 in
1525 1726 1659 1761 ritatem,
1684 1735 1748 1765 qua
1770 1726 1835 1755 iam
1857 1726 1948 1756 vivus
1971 1725 2086 1767 aliquis
2109 1726 2258 1758 efficitur:
2283 1733 2320 1758 ut
2342 1729 2376 1759 in
2399 1729 2529 1760 littera*
2545 1730 2591 1760 di-

407 1767 609 1798 confessione
635 1766 814 1797 secundum
842 1766 931 1807 quod
959 1767 1078 1807 obligat
1101 1766 1140 1797 de
1163 1771 1335 1806 praecepto
1359 1766 1472 1797 Eccle-
1487 1775 1508 1795 τε
1526 1770 1617 1800 citur.
1649 1769 1809 1800 contritio
1840 1775 1948 1800 autem
1975 1776 2022 1800 est
2052 1771 2085 1801 in
2110 1780 2173 1811 qua
2203 1771 2294 1802 datur
2325 1773 2446 1804 caritas,
2478 1774 2592 1805 Timor

407 1812 480 1847 siae,
505 1817 540 1841 ut
562 1811 663 1851 possit
686 1811 726 1841 ad
749 1811 868 1841 diutius
896 1811 1134 1842 confessionem
1161 1810 1285 1841 differre
1310 1820 1407 1851 quam
1431 1811 1470 1840 ab
1526 1820 1634 1844 autem
1657 1814 1786 1850 servilis,
1803 1814 1859 1854 qui
1883 1820 1930 1844 est
1953 1815 2020 1845 sine
2043 1824 2110 1855 spe,
2127 1821 2175 1846 est
2189 1817 2336 1856 praevius
2359 1817 2399 1848 ad
2418 1819 2589 1849 caritatem.

407 1856 548 1886 Ecclesia
569 1856 750 1886 institutum
773 1856 822 1886 sit.
1526 1858 1589 1889 Sed
1611 1859 1732 1888 habens
1755 1859 1917 1889 caritatem
1940 1860 2040 1899 magis
2063 1865 2212 1890 movetur
2235 1870 2273 1891 ex
2296 1870 2353 1901 spe
2377 1871 2475 1902 quam
2499 1872 2537 1893 ex
2552 1864 2591 1893 ti-

461 1900 511 1930 An
535 1909 651 1930 mimum
674 1910 758 1930 mmo
781 1910 941 1930 memnon
969 1899 1059 1940 quod
1081 1904 1251 1940 praecepta
1273 1900 1349 1930 iuris
1373 1898 1471 1930 divini
1525 1912 1626 1933 more.
1650 1903 1692 1933 Et
1706 1902 1780 1933 ideo
1797 1912 1892 1933 causa
1908 1903 2118 1942 confessionis
2134 1905 2242 1944 potius
2258 1906 2390 1945 ponitur
2405 1915 2477 1946 spes
2493 1917 2591 1947 quam

406 1954 474 1974 non
489 1944 595 1974 minus
618 1944 760 1984 obligant
784 1954 882 1984 quam
901 1949 1070 1984 praecepta
1088 1944 1164 1974 iuris
1180 1943 1340 1974 naturalis.
1365 1943 1469 1979 Unde,
1524 1947 1631 1977 timor.

407 1989 488 2018 sicut
510 1998 577 2018 non
600 1993 707 2028 potest
730 1988 904 2029 dispensari
919 1989 952 2019 in
968 1989 1037 2019 iure
1058 1988 1202 2024 naturali,
1219 1989 1262 2018 ita
1277 1998 1337 2019 nec
1352 1988 1386 2018 in
1401 1989 1470 2018 iure
1485 1999 1511 2020 4⁰
1580 1992 1631 2022 Ar>
1655 2001 1789 2022 mamm
1811 2001 1971 2022 mcaunuu
1994 1992 2084 2032 quod
2107 1999 2276 2033 peccatum
2299 1994 2333 2024 in
2357 1995 2498 2035 qualibet
2513 2005 2592 2026 con—

437 422 504 447 Insra,
516 428 554 450 qu.
570 427 602 448 xi,
617 425 659 444 nrt.
671 429 690 449 ι,
705 421 734 443 ad
749 427 772 449 2;
787 422 820 443 iv
831 422 898 444 Cone.
915 421 989 449 Gent„
1001 428 1051 449 cap.
1062 427 1137 448 Lxxn;
1154 421 1237 449 Quodl.
1253 421 1271 448 1,
1281 427 1320 448 qu.
1332 427 1362 446 vi,
1372 424 1413 442 art.
1426 427 1443 442 ι.

406 2033 544 2073 positivo
569 2031 688 2063 divino.
1525 2036 1663 2066 sessione
1687 2036 1826 2076 aperitur
1848 2035 2021 2073 sacerdoti,
2047 2042 2078 2067 et
2101 2037 2258 2068 clauditur
2285 2038 2352 2069 aliis
2380 2039 2592 2071 confessionis

461 2077 511 2106 An
529 2087 689 2107 SECUNDUM
707 2087 867 2108 mcaNDum
884 2076 974 2118 quod
988 2082 1196 2118 praeceptum
1212 2076 1252 2107 de
1267 2076 1470 2107 confessione
1525 2080 1638 2120 sig-illo.

406 2130 474 2151 non
498 2126 543 2151 est
559 2122 597 2152 ab
613 2122 744 2152 homine
765 2123 870 2162 primo
894 2122 1085 2157 institutum,
1103 2122 1248 2161 quamvis
1264 2122 1303 2151 sit
1319 2131 1337 2151 a
1352 2121 1470 2151 Iacobo
1580 2125 1631 2154 An
1656 2134 1803 2155 QUARTUM
1833 2134 1993 2155 memnon
2022 2125 2112 2165 quod
2142 2135 2210 2156 non
2238 2132 2367 2167 oportet
2393 2128 2426 2158 in
2451 2129 2592 2168 qualibet

407 2166 663 2206 promulgatum:
697 2165 752 2196 sed
775 2177 793 2197 a
816 2166 887 2197 Deo
915 2166 1149 2196 institutionem
1176 2166 1301 2202 habuit,
1326 2166 1471 2206 quamvis
1526 2168 1713 2199 definitione
1737 2170 1846 2199 omnia
1868 2174 1997 2209 tangere
2021 2179 2103 2212 quae
2123 2170 2162 2200 ad
2177 2180 2245 2201 rem
2268 2170 2431 2202 definitam
2455 2182 2591 2204 concur-

171 2217 181 2227 ·
194 2216 273 2238 Matth.
285 2222 334 2244 cap.
346 2222 380 2243 ιιι,
408 2219 552 2250 expressa
580 2211 680 2250 ipsius
712 2211 868 2242 institutio
897 2220 964 2241 non
993 2211 1124 2250 legatur.
1159 2210 1285 2240 Tamen
1313 2210 1471 2250 quaedam
1485 2221 1508 2241 ’.ς
1525 2219 1608 2243 runt.
1634 2213 1674 2243 Et
1697 2213 1771 2244 ideo
1794 2214 2001 2244 inveniuntur
2024 2213 2182 2254 quaedam
2205 2215 2408 2247 definitiones
2431 2217 2497 2248 sive
2516 2218 2591 2248 assi-

170 2243 314 2297 Υῗῗεῗξψ,
325 2275 379 2296 xvu,
407 2254 628 2294 praefiguratio
652 2255 751 2294 ipsius
774 2256 952 2285 invenitur:
978 2260 1008 2285 et
1023 2255 1056 2285 in
1072 2255 1135 2285 hoc
1152 2254 1241 2295 quod
1265 2254 1377 2285 Ioanni
1393 2264 1471 2285 con·
1525 2258 1691 2298 gnationes
1707 2257 1797 2288 datae
1813 2267 1911 2298 penes
1927 2268 2026 2288 unam
2042 2268 2180 2295 causam,
2198 2259 2470 2301 quaedam'penes
2485 2262 2589 2294 aliam.

170 2302 230 2344 2¹⁹3:
244 2303 342 2350 fffigust.
353 2322 382 2343 ae
407 2298 576 2330 fitebantur
598 2305 728 2340 peccata
752 2300 807 2339 qui
830 2300 989 2340 baptismo
1013 2299 1112 2339 ipsius
1136 2299 1175 2329 ad
1198 2299 1329 2339 gratiam
1353 2298 1471 2329 Christi

171 2349 267 2396 ng‘fl-
289 2348 380 2377 Evang.
408 2345 672 2383 praeparabantur
687 2345 721 2380 *3
753 2349 784 2374 et
806 2344 840 2374 in
863 2345 926 2374 hoc
954 2343 1043 2384 quod
1072 2344 1232 2374 Dominus
1255 2343 1471 2374 sacerdotibus

170 2375 381 2425 L¹;·sf¹†ss}¹z-2¹;1{372
408 2387 551 2427 leprosos
573 2388 743 2418 transmisit
758 2389 793 2424 ἥ,
818 2389 894 2428 qui,
919 2389 1065 2428 quamvis
1088 2398 1155 2418 non
1181 2393 1284 2418 essent
1306 2389 1384 2418 novi
1407 2387 1471 2418 Te-
1527 2400 1610 2462 AD
1641 2399 1803 2420 sacunnuu
1835 2400 1880 2420 s1c
1910 2399 2113 2420 ruocemrua.
2147 2390 2281 2421 Videtur
2310 2391 2399 2432 quod
2430 2392 2590 2424 confessio

171 2428 260 2476 {5¹:3¹5}
278 2434 381 2482 'q'ffi'i'zfiss
408 2433 554 2462 stamenti
577 2432 765 2468 sacerdotes,
789 2438 897 2463 tamen
920 2434 953 2463 in
978 2433 1022 2463 eis
1045 2433 1122 2463 novi
1145 2432 1343 2463 Testamenti
1369 2442 1471 2463 sacer·
1486 2446 1511 2466 ςο
1590 2444 1657 2464 non
1681 2435 1720 2464 sit
1743 2440 1831 2464 actus
1854 2435 1987 2464 virtutis.
2019 2434 2132 2465 Omnis
2161 2436 2247 2465 enim
2278 2441 2366 2466 actus
2388 2437 2512 2468 virtutis
2542 2443 2589 2468 est

171 2485 210 2503 art·
226 2488 241 2507 4
255 2487 305 2509 sqq.
409 2475 532 2507 dotium
555 2476 789 2517 significabatur
803 2478 830 2507 ἦ
1525 2477 1566 2509 de
1587 2479 1656 2509 iure
1678 2479 1830 2509 naturali:
1862 2479 1938 2518 quia
1961 2478 2004 2509 ad
2026 2479 2160 2509 virtutes
2189 2480 2256 2520 apti
2282 2490 2394 2511 sumus
2415 2491 2436 2512 a
2460 2487 2590 2519 natura,

1642 2324 1741 2354 ART.
1766 2324 1803 2354 ΙΙ.
1827 2334 1932 2354 urium
1955 2333 2121 2355 conrssssm
2145 2334 2191 2355 srr
2214 2335 2310 2356 Aeros
2333 2336 2473 2358 mro-ns

1524 2528 1561 2553 ut
1580 2523 1796 2563 Philosophus
1819 2522 1904 2559 dicit,
1921 2523 1954 2553 in
1978 2523 2003 2553 11
2019 2523 2123 2554 Ethic.
2141 2525 2158 2540 ἢ·
2181 2523 2243 2554 Sed
2266 2524 2426 2556 confessio
2454 2535 2521 2556 non
2544 2532 2591 2557 est
2618 2527 2630 2538 ‘¹

694 2553 945 2598 QUAESTIO
970 2554 1189 2588 SEPTmA
1525 2567 1564 2598 de
1587 2568 1655 2597 iure
1679 2567 1824 2597 naturali.
1849 2567 1934 2607 Ergo
1958 2577 2026 2597 non
2050 2573 2096 2598 est
2119 2573 2208 2598 actus
2230 2569 2364 2599 virtutis.

663 2625 707 2649 DE
731 2624 943 2655 QUIDDITATE
967 2625 1209 2651 CONFESSIONlS
1581 2621 1610 2641 2.
1641 2612 1846 2647 PRAETEREA,
1881 2617 1970 2642 actus
1999 2613 2122 2642 VirtUtiS
2152 2613 2252 2653 magis
2283 2614 2455 2644 convenire
2485 2620 2592 2655 POteSt

1484 2665 1507 2686 ες
1523 2656 1688 2686 innocenti
1713 2665 1810 2696 quam
1834 2657 1863 2686 ei
1887 2657 1943 2696 qui
1966 2657 2120 2696 peccavit.
2145 2656 2207 2687 Sed
2231 2657 2390 2688 confessio
2409 2659 2532 2699 peccati
2551 2658 2591 2690 de

173 2692 227 2740 {fg}
240 2692 366 2720 qu.v1,1n-
412 2704 562 2767 Damna
586 2695 851 2726 considerandum
875 2701 921 2726 est
940 2695 980 2726 de
999 2696 1174 2736 quidditate
1198 2696 1407 2728 confessionis
1423 2699 1450 2729 *.
1524 2709 1588 2740 qua
1611 2700 1786 2740 loquimur,
1810 2710 1877 2730 non
1901 2706 2007 2740 potest
2029 2701 2195 2731 innocenti
2214 2703 2396 2732 convenire.
2421 2703 2506 2743 Ergo
2521 2713 2591 2734 non

225 2734 231 2741 ”
471 2739 510 2768 Et
534 2740 615 2769 circa
638 2740 700 2769 hoc
723 2740 781 2769 tria
806 2746 1011 2780 quaeruntur.
1525 2750 1571 2775 est
1594 2750 1683 2775 actus
1706 2745 1838 2774 virtutis.

463 2783 588 2813 Primo:
618 2789 725 2814 utrum
753 2784 950 2824 Augustinus
979 2785 1207 2816 convenienter
1235 2785 1365 2817 definiat
1392 2797 1470 2818 con-
1581 2789 1610 2819 3.
1634 2789 1837 2825 Pam-rarum,
1861 2789 1959 2828 gratia
1989 2798 2072 2829 quae
2102 2795 2148 2820 est
2175 2790 2209 2820 in
2237 2791 2456 2827 sacramentis,
2481 2792 2589 2832 aliquo

496 2826 676 2858 sessionem.
1524 2833 1624 2863 modo
1648 2833 1751 2863 differt
1770 2842 1788 2862 a
1802 2834 1900 2873 gratia
1923 2842 2006 2873 quae
2027 2839 2074 2864 est
2088 2834 2121 2864 in
2137 2834 2305 2865 virtutibus
2321 2840 2352 2865 et
2367 2835 2460 2866 donis
2475 2837 2501 2866 ἦ
2526 2835 2590 2867 Sed

464 2871 632 2902 Secundo:
656 2877 764 2903 utrum
787 2872 946 2904 confessio
971 2875 1009 2904 sit
1032 2879 1120 2905 actus
1143 2875 1276 2906 virtutis.
1483 2881 1511 2901 ⁶0
1525 2877 1685 2908 confessio
1710 2883 1757 2907 est
1779 2887 1850 2917 pars
1873 2878 2070 2908 sacramenti.
2095 2878 2180 2918 Ergo
2199 2888 2267 2909 non
2283 2884 2330 2909 est
2346 2884 2434 2910 actus
2455 2880 2588 2910 virtutis.

464 2915 592 2946 Tertio:
618 2921 725 2946 utrum
750 2916 908 2948 confessio
933 2918 971 2948 sit
995 2924 1083 2949 actus
1104 2920 1320 2959 poenitentiae
1336 2920 1468 2951 virtutis.
1580 2921 1643 2952 San
1668 2931 1800 2957 CONTRA,
1825 2927 1994 2962 praecepta
2016 2922 2094 2962 legis
2110 2928 2185 2953 sunt
2200 2922 2239 2953 de
2255 2923 2377 2954 actibus
2395 2924 2549 2954 virtutum
2561 2925 2588 2955 *.

1525 2966 1588 2997 Sed
1611 2965 1771 2996 confessio
1795 2966 1878 2996 cadit
1901 2967 1959 2996 sub
1981 2972 2163 3007 praecepto.
2188 2967 2273 3007 Ergo
2290 2973 2337 2998 est
2352 2973 2440 2998 actus
2455 2969 2588 2999 virtutis.

1582 3020 1611 3040 2.
1635 3011 1831 3046 PRAmmA,
1848 3020 1915 3040 non
1932 3020 2092 3051 meremur
2114 3011 2174 3041 nisi
2197 3012 2318 3042 actibus
2338 3012 2501 3043 virtutum.
2526 3012 2590 3044 Sed

1526 3054 1685 3085 confessio
1710 3060 1757 3084 est
1779 3055 1959 3085 meritoria:
1985 3055 2059 3095 quia
2082 3055 2207 3086 caelum
2225 3055 2339 3096 aperit,
2356 3057 2440 3086 utin
2455 3056 2558 3087 littera
2573 3058 2590 3074 ⁸*

412 3100 494 3162 Ar>
522 3101 637 3121 Panium
667 3102 712 3122 sic
742 3103 944 3123 pnocamrun.
984 3094 1118 3125 Videtur
1152 3095 1241 3136 quod
1271 3097 1471 3137 Augustinus
1484 3102 1508 3127 65
1526 3099 1675 3139 Magister
1698 3098 1783 3129 dicit.
1807 3099 1893 3138 Ergo
1916 3098 2041 3130 videtur
2065 3099 2154 3139 quod
2177 3100 2216 3129 sit
2238 3105 2327 3130 actus
2349 3100 2482 3131 virtutis.

175 3133 382 3185 Xyggfflgafffibg·
475 3135 736 3166 inconvenienter
768 3137 1003 3168 confessionem
1035 3138 1164 3170 definiat
1192 3140 1300 3171 dicens
1321 3142 1353 3172 *z
1385 3141 1470 3172 Con·
1579 3144 1769 3173 Rnspounno
1793 3153 1952 3173 nmmum«
1975 3142 2064 3183 quod
2080 3142 2119 3174 ad
2134 3143 2198 3174 hoc
2217 3143 2307 3183 quod
2325 3144 2445 3184 aliquid
2469 3144 2591 3176 dicatur

177 3175 386 3235 ηςεειηιεοίἰνὶ
403 3178 508 3218 fessio
533 3184 580 3209 est
600 3189 663 3219 per
684 3190 779 3220 quam
807 3182 936 3212 morbus
965 3182 1067 3213 latens
1093 3193 1148 3223 spe
1175 3185 1288 3215 veniae
1314 3186 1469 3226 aperitur.
1525 3193 1614 3218 actus
1637 3188 1775 3223 virtutis,
1800 3192 1836 3217 ut
1858 3187 1946 3227 prius
1961 3188 1978 3204 ⁴*
2002 3187 2123 3218 dictum
2147 3193 2207 3223 est,
2232 3187 2348 3218 sufficit
2371 3188 2461 3229 quod
2483 3190 2517 3219 in
2540 3190 2590 3220 sui

175 3212 385 3267 ᾖᾎξεῖᾎᾯ,ᾊξέ)
413 3221 543 3252 Morbus
567 3224 652 3253 enim
675 3230 785 3254 contra
809 3234 906 3264 quem
930 3225 1088 3257 confessio
1113 3227 1285 3265 ordinatur,
1302 3236 1471 3269 peccatum
1525 3232 1647 3262 ratione
1678 3231 1818 3271 aliquam
1848 3231 2067 3262 conditionem
2096 3232 2240 3272 implicet
2268 3242 2350 3272 quae
2378 3233 2418 3263 ad
2440 3233 2591 3269 virtutem

413 3271 468 3295 est.
493 3266 555 3296 Sed
577 3273 745 3306 peccatum
769 3268 939 3308 aliquando
965 3275 1010 3300 est
1034 3276 1188 3310 apertum.
1217 3273 1302 3312 Ergo
1326 3283 1393 3304 non
1416 3274 1470 3305 de·
1525 3276 1690 3316 pertineat.
1720 3275 1875 3314 Quamvis
1905 3281 2012 3306 autem
2039 3285 2107 3306 non
2135 3277 2244 3306 omnia
2271 3286 2354 3317 quae
2378 3276 2417 3307 ad
2440 3277 2590 3312 virtutem

412 3309 480 3339 buit
511 3309 613 3340 dicere
644 3312 795 3341 morbum
827 3312 977 3343 latentem
1010 3324 1077 3344 esse
1110 3316 1200 3345 cuius
1233 3316 1391 3348 confessio
1424 3324 1471 3348 est
1484 3327 1511 3348 70
1524 3321 1730 3359 requiruntur
1760 3320 1911 3360 importet
1942 3319 2118 3356 confessio,
2142 3326 2250 3351 tamen
2279 3321 2430 3362 importat
2461 3331 2499 3352 ex
2529 3331 2589 3356 suo

694 2983 793 3013 ART.
819 2983 841 3013 Ι.
866 2994 970 3014 ornum
993 2995 1182 3016 Auousrmus

612 3036 845 3057 couvmzmn'raa
869 3038 1098 3059 conrnssmuum
1122 3040 1267 3060 narrum·

175 3391 185 3400 θ
211 3389 219 3395 ⁹
379 3370 384 3373 »
412 3353 578 3383 medicina.
1524 3364 1657 3394 nomine
1681 3363 1970 3394 manifestationem
1989 3365 2122 3395 alicuius
2138 3364 2228 3405 quod
2243 3365 2276 3395 in
2293 3366 2488 3396 conscientia
2502 3371 2590 3399 tenet

176 3389 236 3437 diffi-
251 3389 289 3442 {X
307 3389 385 3444 {5723
469 3406 498 3426 2.
522 3397 716 3434 Priamum,
732 3399 926 3438 principium
946 3402 1162 3440 poenitentiae
1178 3409 1224 3433 est
1239 3405 1336 3434 timor
1351 3406 1378 3435 ’ἦ
1408 3405 1471 3436 Sed
1526 3407 1657 3446 aliquis:
1689 3409 1733 3438 sic
1764 3409 1850 3438 enim
1880 3408 1975 3438 simul
1998 3409 2031 3438 in
2055 3418 2157 3439 unum
2181 3419 2218 3439 os
2242 3415 2273 3440 et
2303 3419 2359 3440 cor
2381 3411 2588 3443 conveniunt.

175 3446 216 3463 art·
232 3448 252 3468 2,
268 3443 295 3470 ς’
314 3450 332 3465 ¹-
414 3439 572 3470 confessio
589 3447 635 3471 est
650 3451 721 3480 pars
743 3443 968 3481 poenitentiae.
993 3444 1078 3484 Ergo
1094 3455 1161 3476 non
1178 3446 1286 3478 debuit
1301 3457 1360 3488 pro
1377 3458 1471 3479 causa
1525 3450 1558 3480 Si
1582 3452 1668 3481 enim
1692 3453 1763 3491 quis
1787 3452 1907 3492 aliquid
1930 3452 2070 3492 proferat
2093 3462 2148 3484 ore
2173 3453 2262 3493 quod
2278 3453 2374 3484 corde
2389 3463 2457 3484 non
2472 3459 2588 3490 teneat,

415 3483 623 3514 confessionis
645 3494 766 3524 ponere
789 3495 889 3525 spem,
914 3487 968 3517 sed
992 3489 1091 3527 magis
1113 3490 1272 3521 timorem.
1524 3503 1592 3524 non
1616 3494 1786 3531 confessio,
1811 3496 1866 3526 sed
1878 3497 1975 3537 fictio
1999 3497 2122 3527 dicitur.
2147 3497 2236 3528 Haec
2259 3503 2367 3528 autem
2390 3497 2532 3530 conditio
2548 3497 2589 3528 ad

470 3527 498 3557 3.
523 3527 716 3565 PRAETEREA‚
734 3529 812 3567 illud
835 3530 924 3569 quod
947 3532 1005 3561 sub
1029 3533 1131 3571 sigillo
1155 3535 1294 3572 ponitur,
1311 3544 1378 3565 non
1397 3545 1471 3575 ape·
1485 3544 1508 3565 75
1524 3538 1674 3568 virtutem
1704 3540 1856 3578 pertinet,
1881 3545 1916 3570 ut
1939 3540 2053 3580 aliquis
2076 3550 2132 3572 ore
2156 3541 2345 3572 confiteatur
2375 3541 2464 3586 quod
2491 3541 2588 3572 corde

2619 454 2629 465 ‘
2647 454 2735 477 Homil.
2747 454 2788 477 XL
2806 454 2830 476 in

2618 479 2749 535 fgfffiym.
2757 507 2830 534 Sum„

2619 532 2649 554 de
2655 533 2745 556 Poem't.
2755 535 2780 555 et
2787 534 2832 556 Re-

2618 560 2691 587 nu'u„
2698 561 2707 586 s
2713 560 2830 608 :viginem

2618 585 2684 636 Ξῖἷῗιζ
2697 592 2731 634 ¹513.
2743 620 2761 635 ..
2770 603 2776 614 ·
2790 593 2830 615 ⁴³¹¹·

2619 640 2630 650 '¹
2639 638 2749 661 Definitio
2813 639 2831 656 '-

2620 665 2716 687 atr-lisa
2723 665 2755 687 Cf
2765 666 2788 688 b.
2814 666 2832 687 1-

2620 692 2678 740 32²3:
2684 691 2730 745 ,Εἴ
2740 691 2830 741 ,ἕῗῖᾶ

2620 1114 2629 1124 ·
2643 1113 2702 1141 Arg.
2719 1122 2738 1137 ι.

2619 1245 2630 1255 ·
2644 1245 2701 1272 Arg.
2715 1250 2740 1271 4.

2619 1732 2836 1762 'numme-pa-

2618 2837 2629 2847 '¹
2642 2835 2679 2858 ef.
2699 2835 2732 2858 1v
2751 2835 2835 2863 Sat„

2618 2862 2672 2885 din.
2683 2868 2702 2903 ιι
2711 2868 2752 2891 qu.
2760 2868 2777 2894 ι,
2787 2866 2835 2885 mc

2616 2895 2641 2916 42
2656 2895 2688 2918 qu
2715 2894 2736 2917 5·

2617 2924 2627 2935 ·
2640 2924 2739 2949 Ani-rot.
2752 2923 2832 2950 Bene.

2617 2950 2830 3003 [ibgvfflggdss‘

2617 3054 2628 3065 '¹
2642 3053 2675 3075 lv
2686 3053 2761 3081 lent„
2776 3053 2834 3076 diet.

2617 3086 2672 3109 xva,
2686 3085 2739 3108 etp.
2753 3086 2769 3102 ι.

2617 3189 2629 3202 ·
2638 3188 2672 3212 ιν
2685 3188 2760 3217 sene„
2775 3187 2833 3211 din.

2617 3220 2740 3255 kaqu3u,
2754 3218 2797 3238 m.
2809 3221 2828 3242 ι,

2617 3247 2660 3291 ⁴1¹3.
2676 3246 2831 3297 &qi—'²2¹³'
