2878 4088
63 502 75 512 ·
90 500 155 522 Vers.
173 506 206 526 14.

0 623 5 666 i
65 637 76 647 ·
91 635 157 657 Vera.
171 641 193 663 9.

67 941 78 952 ·
93 939 159 962 vers.
173 946 193 968 5.

23 1186 30 1194 Ι,
67 1161 78 1173 ·
93 1160 160 1184 νου.
177 1166 209 1189 ¹7·

34 2779 35 2782 ,
79 2763 90 2773 ·
97 2761 157 2786 Loc.
163 2761 203 2784 cit.
212 2766 291 2789 supra.

79 2786 116 2812 α.
125 2791 169 2811 ιη.
177 2794 202 2815 4,
211 2793 260 2815 arg.
272 2794 292 2810 ι.

84 3206 146 3229 ·Act.
152 3212 203 3234 αψ.
211 3211 296 3233 u.vers.

84 3239 96 3256 2
113 3239 178 3262 ηιμ
193 3238 244 3261 etp.
260 3237 296 3258 ιν,

84 3264 297 3313 atatam:

42 3332 46 3342 ‚
84 3318 297 3368 L‘ssff·212†ve⁸‹3.‘³·⁶i

928 202 1191 248 QUAESTIO
1222 202 1321 247 XXI,
1341 200 1637 238 ARTICULUS
1666 201 1707 246 ΙΙ,
1728 202 1785 246 ΙΙΙ,
1806 201 1855 237 IV

313 303 412 334 ART.
438 302 474 332 ΙΙ.
498 312 602 332 urium
626 312 771 332 ECCLESIA
794 312 932 332 amatum
955 312 1075 332 Danau
1098 311 1359 332 EXCOMMUNICARE

663 362 696 383 11²³
711 362 764 388 11⁸⁸,
780 368 819 388 qu.
834 368 913 387 xxxix,
928 365 968 383 art.
985 368 1007 388 4.

369 424 390 444 D
421 424 583 444 SECUNDUM
618 424 663 443 src
697 423 901 443 monam-rua.
937 412 1070 443 Videtur
1105 412 1194 452 quod
1228 412 1371 443 Ecclesia

306 425 496 489 Anullum
519 458 632 488 debeat
658 458 946 488 excommunicare.
971 456 1056 494 Quia
1080 457 1371 487 excommunicatio

305 503 487 533 maledictio
513 502 670 543 quaedam
695 507 750 532 est.
781 500 843 531 Sed
866 501 959 531 Rom.
976 511 1019 530 xn
1035 501 1051 517 ⁴*
1075 501 1282 540 prohibemur
1305 510 1372 531 ma-

306 547 452 578 ledicere.
477 547 563 587 Ergo
586 546 730 577 Ecclesia
753 545 1032 575 excommunicare
1055 554 1122 574 non
1147 544 1250 575 debet.

362 601 391 622 2.
417 592 620 626 meranm,
652 590 795 620 Ecclesia
825 589 964 619 militans
995 588 1089 618 debet
1115 589 1231 618 imitari
1262 589 1373 619 trium-

306 636 468 676 phantem.
494 635 566 671 Sed,
583 640 620 665 ut
634 635 668 664 in
683 633 827 674 Epistola
843 632 940 664 Iudae
955 633 972 649 ⁴*
990 633 1114 672 legitur,
1131 632 1282 668 Michael,
1302 642 1373 663 cum

306 681 523 711 altercaretur
537 689 610 710 cum
629 678 759 709 diabolo
775 677 814 708 de
830 677 943 717 Mqrsi
965 685 1112 716 corpore,
1131 685 1196 706 non
1213 681 1261 706 est
1275 685 1374 707 ausus

307 724 462 756 iudicium
485 724 609 765 inferre
632 721 854 762 blasphemiae,
870 720 926 751 sed
948 721 1015 750 ait.-
1038 720 1177 760 Imperet
1200 720 1255 750 tibi
1274 720 1373 751 Deus.

307 769 393 809 Ergo
417 778 477 799 nec
501 767 643 799 Ecclesia
666 766 804 797 militans
827 765 922 795 debet
945 764 1040 794 alicui
1063 763 1220 794 iudicium
1242 764 1374 794 maledi-

308 814 423 844 ctionis
447 818 477 844 et
502 809 844 843 excommunicationis
867 807 992 838 inferre.

365 857 394 888 3.
418 857 622 890 Panum,
646 853 754 884 nullus
781 858 828 883 est
853 853 886 882 in
909 861 1043 882 manum
1073 852 1173 882 hostis
1203 851 1374 882 tradendus

307 902 368 931 nisi
392 901 527 931 omnino
551 899 744 938 desperatus.
770 895 833 927 Sed
852 905 909 936 per
928 897 1298 926 excommunicationem
1314 902 1374 926 tra-

308 945 391 975 ditur
414 944 528 984 aliquis
544 944 577 973 in
592 951 726 972 manum
749 941 901 972 Satanae:
926 946 962 970 ut
977 946 1064 980 patet
1084 939 1096 969 1
1115 941 1191 971 Cor.
1208 951 1229 971 v
1244 942 1270 971 ὓ.
1289 940 1375 971 Cum

307 998 383 1029 ergo
400 988 440 1018 de
455 987 585 1018 nemine
607 986 647 1016 sit
670 984 905 1025 desperandum
925 985 958 1015 in
973 985 1038 1014 vita
1060 985 1129 1021 ista,
1146 985 1288 1015 Ecclesia
1304 985 1375 1015 nul-

306 1033 375 1063 lum
398 1032 493 1063 debet
517 1030 806 1062 excommunicare.

363 1077 425 1108 San
456 1086 580 1106 CONTRA
614 1084 668 1105 sssr
701 1073 791 1114 quod
821 1073 1015 1113 Apostolus,
1041 1073 1053 1103 1
1079 1074 1155 1104 Cor.
1179 1084 1216 1110 v,
1247 1074 1376 1105 mandat

308 1120 470 1162 quendam
494 1119 776 1151 excommunicari.

364 1175 393 1196 2.
418 1165 620 1200 Pani-xxm,
644 1163 756 1193 Matth.
773 1173 849 1193 xvm
864 1163 880 1179 ἥ
905 1161 1020 1192 dicitur
1043 1162 1083 1192 de
1105 1163 1161 1193 illo
1186 1163 1242 1202 qui
1265 1163 1376 1193 Eccle-

307 1210 387 1240 siam
411 1209 519 1240 audire
543 1208 737 1239 contemnit:
762 1207 812 1237 Sit
834 1207 890 1237 tibi
912 1206 996 1237 sicut
1018 1207 1162 1238 ethnicus
1182 1212 1213 1238 et
1229 1208 1377 1248 publica-

308 1264 378 1285 nus.
404 1253 467 1285 Sed
491 1253 609 1284 ethnici
628 1257 702 1282 sunt
717 1257 803 1282 extra
818 1251 1006 1281 Ecclesiam.
1030 1251 1116 1292 Ergo
1132 1252 1178 1282 illi
1194 1252 1250 1292 qui
1266 1252 1377 1282 Eccle-

308 1299 388 1329 siam
414 1297 523 1329 audire
554 1301 784 1335 contemnunt,
811 1306 869 1336 per
895 1296 1265 1326 excommunicationem
1293 1302 1378 1327 extra

308 1343 487 1379 Ecclesiam
510 1347 584 1372 sunt
606 1340 760 1381 ponendi.

364 1387 554 1417 Rasronnxo
578 1395 739 1416 mcannuu
755 1384 845 1425 quod
860 1384 1016 1415 iudicium
1032 1384 1193 1415 Ecclesiae
1210 1385 1378 1415 conforme

310 1431 404 1462 debet
428 1441 496 1462 esse
518 1430 639 1461 iudicio
663 1429 733 1460 Dei.
766 1430 853 1459 Deus
882 1434 990 1459 autem
1017 1435 1202 1469 peccatores
1224 1430 1378 1470 multipli-

311 1477 388 1507 citer
410 1475 513 1516 punit,
538 1480 574 1505 ut
597 1473 636 1504 ad
659 1474 783 1504 bonum
808 1483 864 1503 eos
887 1473 1004 1503 trahat:
1029 1483 1096 1503 uno
1119 1473 1231 1510 modo,
1248 1473 1387 1514 flagellis·

310 1519 511 1560 castigand03
533 1519 596 1549 alio
613 1517 723 1554 modo,
740 1518 905 1548 hominem
923 1517 982 1547 sibi
997 1517 1220 1558 relinquendo,
1233 1523 1278 1554 ut,
1291 1518 1379 1548 auxi-

310 1564 359 1595 liis
381 1563 547 1594 subtractis
576 1563 693 1602 quibus
717 1572 734 1592 a
757 1562 843 1592 malo
873 1561 1154 1602 praepediebatur,
1178 1572 1270 1592 suam
1292 1561 1379 1592 infir-

309 1609 454 1639 mitatem
485 1611 674 1647 cognoscat,
703 1612 734 1636 et
760 1606 890 1636 humilis
918 1605 958 1635 ad
984 1605 1091 1636 Deum
1122 1606 1246 1643 redeat,
1270 1617 1288 1636 a
1312 1616 1379 1646 quo

310 1653 466 1692 superbus
490 1651 684 1682 discesserat.
717 1650 758 1680 Et
785 1655 942 1690 quantum
969 1649 1008 1679 ad
1035 1655 1210 1690 utrumque
1238 1651 1381 1681 Ecclesia

309 1697 344 1727 in
360 1694 704 1727 excommunicationis
724 1694 880 1724 sententia
894 1694 1036 1724 imitatur
1052 1694 1196 1724 divinum
1213 1694 1378 1725 iudicium.

311 1741 507 1781 Inquantum
531 1739 617 1770 enim
641 1748 716 1768 eum
740 1748 758 1768 a
781 1737 1012 1768 communione
1036 1737 1181 1768 fidelium
1204 1744 1327 1778 separat
1346 1743 1382 1769 ut

311 1785 478 1816 erubescat
492 1785 526 1820 *,
550 1783 691 1813 imitatur
721 1781 866 1813 divinum
898 1781 1053 1812 iudicium
1083 1792 1150 1822 quo
1177 1792 1234 1823 per
1257 1782 1381 1823 flagella

247 1866 252 1872 ,
277 1829 285 1862 1
310 1829 451 1869 castigat.
476 1828 671 1868 Inquantum
695 1832 803 1857 autem
824 1837 842 1856 a
857 1825 1012 1866 suffragiis
1030 1832 1061 1857 et
1077 1827 1144 1856 aliis
1166 1827 1381 1867 spiritualibus

275 1871 444 1914 2'separat,
468 1873 609 1903 imitatur
633 1870 778 1902 divinum
801 1871 958 1902 iudicium
981 1880 1048 1911 quo
1073 1871 1240 1902 hominem
1258 1872 1317 1902 sibi
1333 1881 1381 1902 re-

312 1918 439 1958 linquit,
455 1923 492 1948 ut
514 1926 572 1958 per
594 1916 807 1946 humilitatem
830 1916 972 1956 seipsum
996 1925 1196 1956 cognoscens
1219 1915 1258 1946 ad
1275 1917 1382 1947 Deum

311 1962 429 1994 redeat.

367 2007 419 2037 AD
442 2015 560 2036 Panum
582 2015 665 2036 ERGO
690 2014 851 2035 memnon
874 2004 964 2045 quod
986 2004 1168 2035 maledictio
1192 2010 1299 2045 potest
1314 2014 1382 2035 esse

313 2051 493 2092 dupliciter.
517 2050 592 2081 Uno
615 2049 728 2086 modo,
744 2050 787 2079 ita
807 2049 896 2089 quod
919 2049 952 2079 in
975 2049 1062 2079 malo
1086 2048 1176 2089 quod
1199 2050 1317 2089 irrogat
1332 2049 1383 2079 vel

314 2095 406 2132 dicit,
432 2104 490 2136 per
515 2095 728 2125 intentionem
755 2094 850 2123 sistat.
882 2093 924 2123 Et
947 2093 991 2123 sic
1017 2093 1200 2123 maledictio
1232 2094 1384 2130 omnibus

313 2139 421 2171 modis
443 2145 490 2170 est
513 2139 681 2179 prohibita.
704 2156 728 2160 —
750 2138 824 2168 Alio
848 2137 960 2173 modo,
977 2138 1020 2167 ita
1035 2137 1125 2178 quod
1143 2137 1276 2174 malum,
1294 2137 1384 2178 quod

315 2184 447 2225 quidem
470 2182 692 2214 maledicendo
716 2183 918 2222 imprecatur,
940 2181 980 2212 ad
1002 2182 1127 2212 bonum
1150 2182 1234 2212 illius
1258 2182 1384 2212 ordinet

315 2229 372 2270 qui
395 2227 604 2259 maledicitur.
628 2227 669 2257 Et
692 2227 736 2256 sic
759 2226 942 2256 maledictio
966 2225 1164 2266 quandoque
1187 2232 1234 2256 est
1252 2227 1337 2257 licita
1353 2232 1384 2257 et

315 2272 494 2304 salutifera:
518 2272 601 2302 sicut
628 2272 723 2301 etiam
750 2270 894 2301 medicus
922 2270 1118 2310 quandoque
1148 2277 1383 2302 nocumentum

315 2317 411 2348 infert
433 2316 576 2351 infirmo,
601 2321 637 2346 ut
660 2315 854 2351 sectionem,
878 2324 935 2355 per
958 2324 1056 2355 quam
1079 2315 1118 2345 ab
1141 2315 1323 2346 infirmitate
1346 2316 1383 2346 li-

316 2363 453 2392 beretur.

372 2406 423 2436 An
447 2414 610 2436 sscuxnuu
633 2414 792 2434 memnon
809 2402 899 2443 quod
919 2403 1065 2434 diabolus
1081 2404 1302 2444 incorrigibilis
1319 2410 1381 2435 est:

318 2455 350 2480 et
371 2449 446 2480 ideo
469 2459 536 2479 non
558 2448 769 2488 susceptibilis
793 2447 926 2478 alicuius
942 2448 1020 2478 boni
1042 2457 1099 2488 per
1123 2449 1382 2479 excommunica-

317 2495 414 2525 tionis
436 2503 588 2534 poenam.

373 2539 424 2569 An
448 2547 582 2568 Taurum
610 2547 771 2567 mmmmm
801 2536 891 2576 quod
914 2546 951 2567 ex
974 2537 1038 2567 hoc
1061 2538 1132 2577 ipso
1157 2537 1247 2577 quod
1269 2538 1384 2578 aliquis

318 2582 473 2623 suffragiis
489 2582 650 2612 Ecclesiae
674 2581 823 2621 privatur,
840 2581 952 2621 triplex
975 2581 1222 2612 incommodum
1241 2583 1383 2618 incurrit,

318 2637 375 2667 per
390 2628 449 2658 tn'a
472 2636 554 2667 quae
578 2626 650 2666 quis
671 2635 708 2656 ex
725 2624 880 2665 suffragiis
903 2625 1064 2656 Ecclesiae
1088 2627 1305 2666 consequitur.
1322 2627 1385 2657 Va-

319 2672 386 2702 lent
409 2672 495 2702 enim
519 2670 558 2701 ad
582 2675 791 2710 augmentum
818 2670 934 2709 gratiae
958 2670 1002 2700 eis
1026 2670 1083 2710 qui
1105 2671 1241 2707 habent,
1271 2671 1322 2701 vel
1346 2670 1386 2702 ad

318 2715 509 2746 merendum
533 2715 577 2745 eis
601 2715 657 2754 qui
680 2724 747 2744 non
769 2714 897 2744 habent.
922 2714 963 2744 Et
987 2720 1144 2754 quantum
1168 2715 1208 2746 ad
1231 2715 1294 2745 hoc
1318 2716 1386 2745 Ma-

319 2761 414 2800 gister
429 2760 664 2791 Sententiarum
679 2760 696 2775 ⁴*
719 2758 795 2788 dicit
818 2758 908 2798 quod
922 2759 1034 2800 gratia
1050 2759 1113 2789 Dei
1127 2769 1184 2799 per
1200 2769 1386 2790 excommu-

319 2805 514 2835 nicationem
537 2803 747 2834 subtrahitur.
766 2821 790 2825 —
804 2803 919 2833 Valent
942 2803 1038 2833 etiam
1060 2803 1100 2834 ad
1123 2803 1302 2834 custodiam
1326 2805 1387 2834 vir—

318 2849 405 2880 tutis.
430 2849 471 2879 Et
486 2853 644 2888 quantum
660 2847 700 2877 ad
715 2848 778 2877 hoc
794 2846 870 2877 dicit
886 2846 975 2887 quod
987 2848 1146 2887 protectio
1167 2848 1389 2879 subtrahitur:

1395 467 1403 487 5

1390 686 1414 700 10

1391 907 1413 926 ¹5

1391 1128 1416 1142 20

1393 1353 1415 1372 ²5

1395 1573 1420 1591 ιο

1396 1792 1418 1812 35

1396 2017 1423 2037 ,φο

1398 2238 1421 2258 45

1398 2459 1423 2479 50

1401 2681 1423 2701 55

2433 202 2483 250 43

1529 300 1628 331 ART.
1654 300 1706 330 Ill.
1730 311 1834 330 UTRUM
1858 311 1979 331 Arionis
2003 312 2061 332 pao
2085 313 2258 334 Taurorum
2282 314 2389 334 nauso

1760 355 1880 374 DEBEAT
1905 355 2158 376 exconmnmeam

1428 405 1511 431 Quodl.
1526 405 1544 432 Ι,
1559 410 1598 432 qu.
1613 410 1652 431 vn,
1666 408 1708 426 art.
1726 411 1743 428 ι,
1755 403 1783 425 ad
1800 411 1822 429 ι;
1837 404 1862 425 In
1878 403 1977 431 Matth„
1987 410 2036 432 cap.
2053 411 2122 430 xvim
2138 405 2190 427 lad
2205 407 2272 433 Con,
2289 413 2338 435 cap.
2355 414 2374 433 v,
2387 408 2438 429 lect.
2454 414 2488 429 ιιι.

1491 466 1511 486 D
1536 465 1670 486 Tua-rum
1702 465 1747 485 s1c
1780 464 1984 485 pnocxmrun.
2016 455 2149 486 Videtur
2180 457 2268 496 quod
2299 459 2405 488 nullus
2431 468 2490 498 pro

1491 500 1660 541 temporali
1683 499 1802 530 damno
1826 499 1939 529 debeat
1962 501 2241 531 excommunicari.
2274 502 2358 539 Quia
2387 512 2491 542 poena

1427 555 1494 575 non
1511 544 1605 575 debet
1621 543 1773 574 excedere
1789 543 1928 583 culpam.
1953 543 2015 574 Sed
2031 553 2137 583 poena
2153 547 2491 576 excommunicationis

1429 595 1475 619 est
1498 589 1632 629 privatio
1657 588 1789 618 alicuius
1813 588 1891 618 boni
1914 588 2093 627 spiritualis,
2115 588 2204 628 quod
2227 590 2377 620 omnibus
2401 591 2492 620 bonis

1428 633 1658 673 temporalibus
1688 632 1893 672 praeeminet.
1926 632 2011 672 Ergo
2042 641 2101 672 pro
2128 634 2357 672 temporalibus
2387 634 2492 664 nullus

1429 683 1476 707 est
1499 676 1837 708 excommunicandus.

1487 730 1515 751 2.
1540 721 1737 755 PRAETEREA,
1755 720 1842 750 nulli'
1861 720 1981 750 malum
1999 730 2064 760 pro
2081 721 2167 750 malo
2190 721 2322 751 reddere
2338 721 2493 757 debemus,

1429 764 1608 796 secundum
1631 764 1780 804 Apostoli
1806 770 2013 804 praeceptum
2029 765 2056 794 *.
2088 765 2151 795 Sed
2177 766 2240 795 hoc
2268 771 2349 796 esset
2374 766 2494 795 malum

1428 819 1488 849 pro
1505 809 1591 839 malo
1608 808 1748 844 reddere,
1765 808 1791 838 si
1806 817 1865 848 pro
1890 808 1944 838 tali
1967 808 2085 839 damno
2103 810 2174 849 quis
2190 811 2494 840 excommunicatur.

1429 853 1515 893 Ergo
1539 853 1629 883 nullo
1653 852 1753 882 modo
1776 853 1839 882 hoc
1863 852 1957 882 debet
1980 852 2058 883 fieri.

1485 897 1548 928 San
1576 907 1700 927 CONTRA
1730 906 1784 927 EST
1815 896 1905 936 quod
1935 897 2046 928 Petrus
2082 898 2240 928 Ananiam
2271 904 2302 929 et
2332 898 2495 938 Saphiram

1430 951 1489 982 pro
1515 941 1754 972 defraudatione
1778 941 1870 981 pretii
1893 942 1959 981 agri
1982 943 2136 972 sententia
2158 943 2270 973 mortis
2293 942 2454 973 damnavit
2469 944 2494 972 ἥ.

1430 986 1516 1027 Ergo
1541 992 1571 1016 et
1595 986 1756 1016 Ecclesiae
1784 985 1858 1015 licet
1881 995 1940 1026 pro
1965 986 2193 1026 temporalibus
2221 987 2344 1017 damnis
2368 997 2496 1018 excom-

1430 1031 1605 1061 municare.

1486 1075 1676 1106 Responmzo
1700 1085 1859 1105 DICENDUM
1883 1074 1971 1115 quod
1993 1084 2049 1115 per
2065 1077 2431 1106 excommunicationem
2447 1077 2496 1106 iu-

1431 1119 1491 1150 dex
1515 1119 1745 1150 ecclesiasticus
1769 1120 2064 1150 excommunicatos
2088 1120 2226 1150 excludit
2245 1130 2262 1150 a
2277 1121 2390 1160 Regno
2415 1130 2495 1161 quo-

1432 1163 1617 1194 dammodo.
1642 1163 1746 1200 Unde,
1764 1173 1838 1194 cum
1861 1173 1928 1194 non
1952 1163 2065 1194 debeat
2081 1174 2099 1194 a
2113 1165 2226 1204 Regno
2251 1165 2417 1195 excludere
2436 1165 2496 1195 nisi

1431 1208 1590 1249 indignos,
1608 1213 1643 1238 ut
1660 1218 1697 1238 ex
1713 1207 1900 1238 definitione
1924 1208 2019 1238 clavis
2041 1209 2144 1248 patuit
2158 1209 2193 1244 ἡ
2217 1219 2277 1239 nec
2299 1209 2411 1249 aliquis
2427 1209 2496 1239 red-

1432 1253 1524 1283 datur
1546 1252 1696 1292 indignus
1719 1253 1778 1282 nisi
1802 1262 1859 1292 per
1882 1257 2051 1292 peccatum
2077 1253 2211 1283 mortale
2235 1254 2396 1284 caritatem
2419 1254 2497 1283 ami-

1433 1298 1516 1333 serit,
1534 1307 1616 1337 quae
1633 1302 1679 1327 est
1694 1297 1745 1326 via
1761 1296 1881 1327 ducens
1897 1296 1937 1326 ad
1952 1297 2120 1337 Regnum:
2145 1297 2218 1328 ideo
2242 1298 2348 1328 nullus
2370 1308 2497 1328 excom-

1432 1342 1589 1372 municari
1620 1341 1714 1371 debet
1743 1341 1803 1371 nisi
1834 1350 1893 1381 pro
1924 1346 2057 1381 peccato
2088 1342 2215 1372 mortali
2230 1343 2256 1372 ’ἦ
2288 1343 2330 1372 Et
2360 1343 2434 1382 quia
2464 1343 2496 1372 in

1434 1385 1670 1416 damnificando
1695 1385 1834 1425 aliquem
1859 1385 2065 1425 corporaliter
2087 1386 2137 1416 vel
2160 1387 2194 1416 in
2216 1387 2310 1417 rebus
2338 1392 2498 1427 tempora-

1433 1431 1516 1461 libus
1540 1430 1654 1470 aliquis
1677 1430 1851 1460 mortaliter
1874 1435 1999 1469 peccat,
2025 1435 2056 1460 et
2079 1436 2189 1460 contra
2219 1432 2381 1461 caritatem
2404 1430 2497 1467 facit,

1433 1474 1506 1505 ideo
1522 1484 1582 1514 pro
1599 1473 1717 1504 damno
1734 1474 1902 1514 temporali
1924 1473 2012 1504 illato
2029 1474 2190 1505 Ecclesiae
2214 1475 2353 1515 aliquem
2370 1485 2499 1506 excom-

1433 1520 1597 1549 municare
1620 1523 1735 1558 potest.

1489 1562 1553 1593 Sed
1584 1563 1658 1602 quia
1690 1563 1981 1592 excommunicatio
2013 1568 2060 1592 est
2090 1564 2271 1602 gravissima
2302 1573 2498 1603 poenarum3

1430 1616 1557 1649 poenae
1581 1612 1688 1637 autem
1712 1606 1889 1636 medicinae
1910 1611 1994 1642 sunt,
2013 1607 2190 1637 secundum
2206 1607 2449 1647 Philosophum,
2467 1608 2499 1638 in

1435 1651 1461 1681 II
1484 1651 1588 1681 Ethic.
1605 1652 1640 1686 *3
1665 1651 1815 1690 sapientis
1843 1656 1950 1680 autem
1978 1650 2094 1681 medici
2118 1657 2164 1681 est
2187 1661 2204 1681 a
2228 1651 2399 1682 levioribus
2421 1653 2500 1682 inci-

1434 1705 1510 1735 pere
1531 1694 1697 1725 medicinis
1714 1700 1744 1724 et
1759 1695 1866 1724 minus
1887 1695 2091 1734 periculosis:
2116 1695 2190 1725 ideo
2210 1697 2500 1726 excommunicatio

1434 1738 1535 1779 infligi
1550 1749 1618 1769 non
1634 1738 1738 1774 debet,
1756 1739 1850 1768 etiam
1867 1748 1926 1778 pro
1942 1745 2075 1778 peccato
2100 1740 2236 1775 mortali,
2252 1740 2312 1770 nisi
2329 1746 2501 1770 contumax

1435 1783 1547 1819 fuerit,
1571 1783 1622 1813 vel
1645 1792 1713 1813 non
1737 1782 1896 1813 veniendo
1921 1782 1961 1813 ad
1983 1783 2155 1819 iudicium,
2179 1784 2230 1814 vel
2257 1789 2330 1814 ante
2353 1785 2502 1814 termina-

1436 1828 1558 1858 tionem
1581 1827 1690 1858 iudicii
1714 1827 1782 1857 sine
1806 1827 1932 1857 licentia
1958 1827 2149 1864 recedendo,
2173 1828 2223 1858 vel
2247 1827 2501 1858 determinationi

1435 1881 1503 1902 non
1526 1871 1669 1912 parendo
1685 1872 1711 1901 ἦ
1737 1871 1832 1901 Tunc
1856 1872 1952 1907 enim,
1973 1877 2046 1912 post
2070 1881 2167 1912 quam
2190 1873 2333 1903 monitus
2356 1872 2460 1908 fuerit,
2477 1874 2503 1903 si
2531 1881 2540 1889 ·

1437 1916 1566 1947 obedire
1591 1916 1829 1956 contempserit,
1855 1921 2027 1946 contumax
2050 1922 2233 1956 reputatur;
2262 1923 2293 1947 et
2317 1926 2503 1947 excommu-

1436 1962 1534 1996 nicari
1558 1960 1652 1991 debet
1668 1970 1685 1990 a
1700 1959 1817 1996 iudice,
1834 1961 1898 1990 iam
1913 1970 1980 1990 non
1996 1961 2133 1991 habente
2157 1961 2247 2001 quod
2270 1967 2381 1991 contra
2396 1962 2502 2002 ipsum

1437 2005 1530 2036 faciat
1553 2005 1699 2045 amplius.

1492 2050 1543 2079 An
1567 2059 1685 2079 panum
1708 2059 1791 2079 aneo
1815 2059 1975 2079 DICENDUM
2005 2049 2095 2089 quod
2119 2050 2232 2089 culpae
2256 2051 2414 2090 quantitas
2436 2060 2503 2080 non

1437 2099 1639 2124 mensuratur
1655 2103 1693 2123 ex
1709 2099 1908 2123 nocumento
1925 2093 2015 2133 quod
2031 2094 2102 2133 quis
2118 2093 2202 2129 facit,
2215 2094 2270 2124 sed
2287 2104 2324 2125 ex
2339 2095 2503 2125 voluntate

1439 2148 1502 2179 qua
1526 2138 1597 2178 quis
1621 2137 1704 2173 facit,
1729 2143 1840 2168 contra
1863 2138 2024 2168 caritatem
2048 2147 2153 2178 agens.
2187 2138 2228 2168 Et
2250 2138 2334 2175 ideo,
2359 2139 2504 2179 quamvis

1438 2192 1545 2223 poena
1568 2182 1910 2213 excommunicationis
1938 2181 2068 2212 excedat
2095 2188 2346 2219 nocumentum,
2370 2193 2437 2213 non
2459 2189 2504 2213 ta-

1438 2237 1514 2257 men
1538 2226 1662 2257 excedit
1685 2227 1895 2266 quantitatem
1919 2226 2042 2267 culpae.

1493 2272 1544 2302 An
1568 2281 1730 2302 SECUNDUM
1754 2281 1913 2301 meantum
1937 2270 2036 2310 quod,
2054 2281 2128 2301 cum
2152 2271 2266 2311 aliquis
2290 2281 2346 2312 per
2365 2281 2505 2312 poenam

1439 2316 1579 2355 aliquam
1607 2315 1790 2355 corrigitur,
1814 2325 1883 2345 non
1905 2315 2046 2345 redditur
2070 2316 2099 2345 ei
2122 2315 2261 2350 malum,
2286 2315 2340 2346 sed
2363 2317 2504 2346 bonum:

1439 2361 1514 2400 quia
1532 2369 1662 2400 poenae
1684 2359 1861 2390 medicinae
1883 2365 1967 2395 sunt,
1993 2365 2028 2390 ut
2052 2359 2173 2390 dictum
2197 2366 2243 2390 est
2258 2361 2285 2390 ἦ

1546 2426 1645 2457 ART.
1665 2426 1722 2456 -IV.
1748 2436 1853 2456 UTRUM
1877 2436 2153 2456 exconnumcnro
2178 2437 2296 2456 mmsra
2319 2437 2399 2456 LATA

1692 2480 1810 2500 ,amotio
1834 2480 1923 2500 mono
1947 2481 2107 2500 arraei-tm
2130 2481 2252 2500 HABEAT

1504 2547 1524 2567 ι)
1550 2547 1698 2567 QUARTUM
1732 2547 1777 2566 sm
1810 2546 2014 2566 rxocamrun.
2046 2536 2180 2567 Videtur
2208 2536 2298 2576 quod
2321 2546 2508 2567 excommu-

1441 2549 1622 2612 Anicatio
1647 2581 1762 2611 iniuste
1783 2581 1845 2611 lata
1869 2581 1960 2611 nullo
1976 2580 2076 2611 modo
2103 2580 2252 2611 effectum
2275 2581 2398 2611 habeat.
2423 2581 2508 2619 Quia

1440 2636 1497 2666 per
1521 2626 1888 2656 excommunicationem
1913 2626 2074 2666 protectio
2102 2631 2133 2656 et
2157 2626 2269 2667 gratia
2295 2626 2358 2656 Dei
2383 2626 2509 2656 subtra—

1439 2671 1529 2701 hitur
1543 2671 1560 2687 ἥ
1571 2694 1578 2707 ,
1604 2667 1687 2710 quae
1702 2679 1770 2700 non
1785 2670 1901 2700 iniuste
1920 2670 2061 2700 subtrahi
2077 2675 2192 2710 potest.
2217 2670 2303 2710 Ergo
2321 2679 2508 2700 excommu-

1440 2715 1559 2746 nicatio
1583 2715 1700 2745 iniuste
1723 2714 1784 2744 lata
1807 2724 1875 2744 non
1898 2715 1993 2744 habet
2017 2714 2178 2745 effectum.

1496 2769 1526 2789 2.
1546 2759 1742 2794 PRAETERRA‚
1759 2759 1978 2799 Hieronymus
1994 2758 2070 2789 dicit
2081 2760 2098 2775 ἃ
2115 2758 2204 2799 quod
2220 2763 2266 2789 est
2282 2758 2320 2789 de
2336 2758 2508 2799 supercilio

1441 2804 1694 2834 Pharisaeorum
1718 2804 1883 2833 aestimare
1907 2813 1975 2834 esse
1997 2803 2130 2842 ligatum
2153 2803 2204 2834 vel
2227 2804 2370 2834 solutum
2394 2803 2450 2843 qui
2472 2803 2509 2833 li-

1441 2853 1533 2888 gatur
1547 2848 1598 2878 vel
1617 2848 1750 2878 solvitur
1772 2848 1899 2878 iniuste.
1924 2847 1987 2878 Sed
2011 2857 2124 2877 eorum
2147 2847 2353 2887 supercilium
2377 2852 2442 2877 erat
2457 2857 2510 2877 su-

319 2903 388 2924 non
412 2892 501 2933 quod
525 2893 659 2922 omnino
684 2902 702 2921 a
725 2891 785 2922 Dei
809 2891 1008 2931 providentia
1032 2892 1249 2928 excludantur,
1269 2893 1325 2923 sed
1348 2894 1387 2923 ab
1401 2900 1428 2920 60
1442 2893 1579 2932 perbum
1595 2897 1626 2922 et
1642 2901 1822 2922 erroneum.
1843 2892 1928 2932 Ergo
1946 2892 2237 2922 excommunicatio
2253 2892 2368 2922 iniusta
2384 2891 2509 2922 nullum

320 2937 372 2968 illa
388 2937 589 2978 protectione
606 2946 670 2976 qua
685 2935 769 2966 filios
785 2936 946 2966 Ecclesiae
966 2937 1144 2976 specialiori
1163 2937 1264 2967 modo
1281 2943 1388 2968 custo-

322 2981 376 3012 dit.
392 3000 415 3004 -
429 2981 546 3012 Valent
561 2981 657 3011 etiam
673 2980 713 3010 ad
728 2979 966 3010 defendendum
985 2981 1024 3010 ab
1040 2981 1142 3011 hoste.
1167 2981 1208 3012 Et
1231 2987 1388 3021 quantum

321 3025 362 3056 ad
376 3026 439 3057 hoc
455 3025 532 3056 dicit
547 3024 636 3066 quod
652 3025 781 3055 diabolo
798 3024 905 3055 maior
915 3029 1060 3065 potestas
1068 3025 1220 3066 faciendi
1236 3026 1269 3056 in
1286 3026 1389 3067 ipsum

322 3070 436 3107 datur,
461 3076 492 3101 et
515 3070 716 3110 spiritualiter
743 3075 774 3099 et
801 3069 1017 3109 corporaliter.
1048 3069 1144 3100 Unde
1170 3070 1204 3100 in
1229 3070 1390 3110 primitiva

322 3115 482 3151 Ecclesia,
507 3113 637 3154 quando
669 3114 838 3154 oportebat
859 3123 917 3154 per
939 3114 1027 3153 signa
1057 3114 1205 3144 homines
1229 3114 1268 3144 ad
1291 3114 1389 3145 fidem

323 3159 472 3194 invitare,
495 3159 578 3190 sicut
601 3158 735 3198 Spiritus
759 3158 865 3189 Sancti
889 3157 1012 3188 donum
1035 3159 1149 3189 visibili
1172 3159 1264 3199 signo
1287 3159 1389 3189 mani—

324 3202 494 3234 festabatur
515 3204 550 3239 *,
577 3204 621 3233 ita
651 3208 682 3233 et
711 3203 1003 3233 excommunicatio
1034 3203 1192 3243 corporali
1222 3204 1390 3234 vexatione

326 3257 343 3277 a
367 3246 495 3277 diabolo
518 3247 746 3278 innotescebat.
777 3246 845 3277 Nec
877 3252 923 3277 est
953 3247 1182 3278 inconveniens
1206 3248 1231 3277 si
1255 3247 1307 3278 ille
1335 3248 1389 3287 qui

326 3300 393 3322 non
417 3296 464 3321 est
486 3290 669 3331 desperatus
691 3292 776 3322 hosti
799 3290 908 3322 datur:
938 3292 1014 3332 quia
1036 3301 1103 3322 non
1127 3291 1218 3322 datur
1244 3292 1273 3322 ei
1301 3293 1391 3332 quasi

1403 3122 1427 3147 ⁶5

1442 2937 1537 2967 habet
1561 2935 1721 2966 effectum.

1498 2981 1560 3011 San
1577 2990 1715 3011 CONTRA:
1733 2980 1910 3010 secundum
1927 2980 2119 3020 Gregorium
2130 2982 2157 3016 *‚
2169 2985 2343 3020 praecepta
2354 2980 2509 3020 pastoris,

1442 3025 1509 3056 sive
1532 3025 1616 3055 iusta
1639 3025 1706 3055 sive
1729 3025 1864 3060 iniusta,
1890 3025 2030 3055 timenda
2053 3030 2137 3055 sunt.
2169 3025 2243 3055 Non
2267 3030 2375 3055 autem
2407 3030 2511 3055 essent

1443 3069 1585 3100 timenda
1607 3070 1668 3099 nisi
1691 3069 1812 3108 aliquid
1835 3074 1989 3099 nocerent
2012 3069 2107 3099 etiam
2131 3070 2255 3099 iniusta.
2284 3069 2380 3108 Ergo,
2406 3074 2464 3099 etc.

1499 3114 1688 3143 Raspoxnno
1713 3123 1872 3150 mensuum
1896 3113 1985 3153 quod
2009 3113 2300 3144 excommunicatio
2324 3118 2430 3153 potest
2449 3113 2510 3144 dici

1445 3158 1561 3188 iniusta
1584 3157 1762 3198 dupliciter.
1787 3158 1861 3188 Uno
1885 3157 1996 3194 modo,
2014 3167 2052 3188 ex
2075 3163 2163 3198 parte
2188 3158 2509 3188 excommunicantis:

1445 3203 1527 3232 sicut
1554 3211 1629 3232 cum
1656 3212 1693 3232 ex
1718 3201 1794 3232 odio
1818 3202 1869 3232 vel
1892 3212 1930 3232 ex
1953 3203 1998 3232 ira
2028 3202 2142 3242 aliquis
2173 3202 2439 3232 excommunicat.
2471 3202 2511 3232 Et

1446 3252 1523 3277 tunc
1548 3247 1838 3276 excommunicatio
1870 3246 2078 3276 nihilominus
2106 3247 2200 3276 habet
2228 3246 2378 3276 effectum
2404 3256 2510 3282 suum,

1447 3291 1592 3331 quamvis
1622 3291 1675 3321 ille
1702 3291 1758 3331 qui
1785 3291 2043 3321 excommunicat
2074 3297 2204 3331 peccet:
2236 3291 2311 3330 quia
2341 3291 2398 3320 iste
2429 3291 2511 3320 iuste

327 3334 536 3371 damnandus,
552 3335 607 3366 sed
623 3336 714 3376 quasi
729 3335 949 3376 corrigendus3
967 3345 1043 3366 cum
1058 3336 1091 3366 in
1107 3342 1264 3376 potestate
1280 3337 1391 3367 Eccle-
1406 3349 1432 3369 70
1447 3335 1574 3376 patitur,
1599 3336 1744 3375 quamvis
1767 3335 1820 3365 ille
1844 3335 1959 3365 iniuste
1983 3334 2085 3365 faciat.

327 3380 390 3410 siae
414 3379 453 3409 sit
477 3389 514 3410 ex
538 3379 605 3410 eius
628 3389 727 3410 manu
750 3380 856 3420 ipsum
881 3390 956 3411 cum
979 3380 1116 3411 voluerit
1139 3382 1270 3421 eripere.

1407 3570 1430 3590 75

1502 3379 1576 3410 Alio
1593 3379 1704 3415 modo,
1721 3389 1759 3409 ex
1774 3385 1862 3419 parte
1879 3380 2220 3410 excommunicationis
2235 3380 2353 3419 ipsius:
2370 3379 2421 3409 vel
2437 3379 2512 3419 quia

1447 3433 1542 3454 causa
1569 3424 1910 3454 excommunicationis
1937 3429 1983 3453 est
2009 3423 2166 3460 indebita;
2197 3424 2247 3454 vel
2275 3424 2350 3463 quia
2380 3423 2513 3454 infertur

1447 3469 1602 3498 sententia
1628 3468 1704 3498 iuris
1732 3467 1843 3498 ordine
1873 3469 2106 3507 praetermisso.
2137 3469 2179 3499 Et
2204 3474 2299 3504 tunc,
2327 3469 2353 3498 si
2379 3468 2418 3498 sit
2444 3467 2512 3497 talis

1448 3522 1534 3544 error
1558 3522 1595 3542 ex
1619 3518 1706 3553 parte
1731 3512 1904 3542 sententiae
1929 3513 1984 3552 qui
2008 3513 2197 3543 sententiam
2227 3512 2349 3543 nullam
2378 3521 2444 3542 esse
2469 3511 2513 3542 fa-

1448 3558 1518 3593 ciat,
1542 3566 1609 3587 non
1633 3557 1728 3587 habet
1751 3556 1918 3587 effectum:
1951 3557 2027 3597 quia
2050 3567 2117 3588 non
2141 3563 2187 3588 est
2211 3557 2511 3587 excommunicatio.

2523 768 2579 789 'Ad
2592 768 2665 793 Rom„
2682 774 2731 796 cap.

2523 801 2563 820 xu,
2579 801 2638 816 vers.
2657 801 2688 822 ¹7.

2523 946 2583 967 Ἀεὶ.
2590 951 2668 973 cap.v,
2677 952 2733 967 ¹·1o.

2525 1217 2534 1226 ¹
2544 1215 2591 1241 Qu.
2599 1221 2656 1242 xvu,
2666 1219 2706 1237 art.
2715 1221 2736 1241 2,

2524 1247 2573 1269 arg.
2590 1249 2608 1264 ι.

2526 1349 2534 1357 ·
2543 1346 2578 1368 Cf.
2589 1352 2639 1368 can.
2651 1346 2723 1367 Nemo

2526 1373 2615 1401 episco
2636 1379 2723 1399 orum,

2526 1399 2614 1421 caus.X
2630 1405 2722 1427 ,qu.n¹.

2528 1656 2578 1678 ·ca
2596 1672 2602 1678 .
2618 1662 2648 1682 ιιι,
2665 1662 2739 1682 η.4.-

2529 1683 2552 1704 S.
2585 1684 2606 1704 h.
2619 1683 2671 1705 lect.
2683 1689 2716 1704 ιιι,

2565 1877 2622 1898 Can.
2647 1876 2741 1898 Certum

2530 1906 2573 1930 est,
2582 1910 2645 1925 caus.
2654 1903 2693 1930 xl,
2703 1910 2740 1931 qu.

2532 1937 2564 1952 ιιι.

2534 2365 2543 2374 “
2558 2363 2583 2384 In
2599 2368 2704 2390 corpore.

2537 2678 2545 2687 '
2557 2676 2616 2703 Mag.
2632 2675 2664 2697 lv
2674 2675 2748 2702 Sene„

2537 2703 2590 2724 dist.
2610 2708 2677 2728 xvnr,
2696 2708 2748 2729 cap.

2536 2729 2624 2757 figant
2636 2735 2734 2756 quoque.

2537 2763 2547 2771 ·
2571 2759 2696 2781 Comment.
2724 2761 2748 2780 t'n

2538 2786 2622 2808 Matth.
2645 2786 2684 2807 lib.
2704 2786 2749 2812 ΙΙΙ,

2537 2813 2565 2834 ad
2576 2819 2626 2840 cap.
2633 2818 2680 2839 xvi,
2689 2818 2749 2834 vers.

2539 2846 2572 2867 ¹9.

2538 2980 2656 3002 ¹·Homil.
2674 2979 2750 3002 XXVI

2538 3008 2562 3029 in
2579 3007 2671 3035 Evang.
2689 3018 2698 3022 -
2714 3007 2749 3028 Cf.

2538 3040 2588 3055 can.
2616 3034 2749 3060 Sententia,

2539 3067 2602 3082 caus.
2613 3060 2652 3087 Xl,
2665 3066 2702 3088 qu.
2717 3066 2749 3082 ιιι.
