2878 4088
391 129 465 165 242
576 162 578 164 K
1059 120 1324 167 QUAESTIO
1355 119 1503 167 XCVII,
1530 120 1876 159 ARTICULUSVI

367 207 480 228 sonare
512 197 652 234 videtur,
682 208 739 238 per
770 198 1012 235 similitudinem
1045 199 1139 230 debet
1171 200 1323 240 intelligi,
1348 200 1430 229 sicut

368 241 457 282 quod
479 242 513 272 in
536 243 609 282 igne
633 242 778 279 ardeant,
802 243 852 273 vel
876 242 1030 274 fetoribus
1054 244 1245 285 affligantur,
1273 249 1304 274 et
1328 248 1431 273 cetera

128 285 190 335 :402
205 285 342 333 Oflffibpfff
366 285 552 316 huiusmodi
562 287 587 316 ἦ
605 286 781 327 Spiritualis
797 288 884 318 enim
899 287 1068 319 delectatio
1086 294 1116 319 et
1131 289 1264 324 tristitia,
1278 297 1353 318 cum
1369 287 1431 317 sint

129 319 179 367 εἶρε.
192 319 265 365 {th
285 327 291 334 ‘
335 327 340 338 '
366 331 476 370 ignota
498 331 705 367 multitudini,
731 337 859 372 oportet
883 332 973 372 quod
995 342 1052 374 per
1075 333 1301 363 delectationes
1323 337 1354 362 et
1377 331 1430 361 tri-
1551 340 1571 360 D
1595 341 1714 361 SEXTUM
1738 341 1783 362 SIC
1803 341 2008 363 moerim-run.
2032 331 2166 364 Videtur
2191 332 2280 373 quod
2303 334 2385 373 ignis
2408 333 2462 364 ille
2481 344 2549 365 non

366 375 464 405 stitias
487 375 669 415 corporales
692 374 865 415 figuraliter
879 376 1132 413 manifestentur,
1149 383 1184 407 ut
1199 377 1347 407 homines
1363 385 1430 406 ma·
1453 384 1462 405 ς
1488 345 1591 405 Asit
1615 375 1759 406 eiusdem
1783 377 1900 416 speciei
1925 386 2000 407 cum
2022 377 2096 417 igne
2119 378 2181 408 isto
2206 386 2365 418 corporeo
2389 387 2488 418 quem
2503 379 2550 409 vi-

366 419 412 458 gis
435 424 626 450 moveantur
649 419 689 450 ad
712 419 905 452 desiderium
929 422 979 452 vel
1002 422 1162 452 timorem.
1486 418 1609 450 demus.
1633 419 1834 460 Augustinus
1858 421 1945 451 enim
1968 420 2044 452 dicit
2059 423 2086 458 *,
2110 426 2142 452 et
2164 422 2299 452 habetur
2321 422 2355 452 in
2378 422 2481 452 littera
2495 423 2549 453 st:
2578 422 2709 471 '‘fflixfflv·
2730 423 2788 450 Μ,

422 462 485 493 Sed
509 464 585 503 quia
608 464 641 494 in
664 473 772 504 poena
794 464 1019 496 damnatorum
1043 475 1110 496 non
1126 465 1233 495 solum
1251 466 1308 495 erit
1323 473 1430 504 poena
1485 463 1579 505 Ignis
1602 469 1754 495 aeternus
1769 465 1949 495 cuiusmodi
1971 466 2022 502 sit,
2039 466 2184 496 arbitror
2201 466 2358 496 neminem
2377 466 2469 503 scire,
2487 466 2551 498 nisi
2577 454 2788 505 “niat'xffiessgss

367 506 484 544 damni,
509 517 592 548 quae
615 508 788 549 respondet
812 510 969 540 aversioni
992 519 1076 550 quae
1105 509 1165 540 fuit
1188 510 1221 539 in
1246 509 1350 549 culpa,
1375 507 1431 538 sed
1485 508 1538 538 cui
1570 508 1709 549 Spiritus
1741 508 1869 539 divinus
1899 510 2045 540 ostendit.
2077 509 2140 541 Sed
2172 515 2319 540 naturam
2348 510 2438 541 istius
2469 510 2551 551 ignis
2579 501 2671 529 Quaeri
2683 502 2762 526 ‘¹¹²⁸'

367 552 462 582 etiam
491 561 599 592 poena
629 562 759 590 sensus,
785 563 868 594 quae
897 553 1070 594 respondet
1098 554 1322 589 conversioni;
1356 552 1429 583 ideo
1486 561 1609 589 omneS,
1634 553 1684 583 vel
1707 552 1773 583 fere
1805 563 1919 584 omnes
1951 554 2065 585 sciunt.
2098 554 2184 594 Ergo
2213 555 2296 594 ignis
2325 554 2378 585 ille
2408 564 2476 585 non
2504 560 2552 586 est

365 605 433 626 non
449 596 565 628 sufficit
580 597 779 638 praedictum
795 598 931 629 modum
947 599 1124 638 punitionis
1139 607 1271 638 ponere.
1295 597 1337 628 Et
1355 596 1430 627 ideo
1446 609 1472 624 ιο
1486 596 1630 628 eiusdem
1653 602 1785 628 naturae
1807 598 1859 628 vel
1882 599 2001 638 speciei
2024 607 2100 629 cum
2122 599 2194 629 isto.
2833 627 2835 629 ,

135 642 208 664 'Loc-
224 642 263 664 cit·
366 641 461 670 etiam
484 641 553 681 ipse
575 642 741 673 Avicenna
764 643 899 673 alterum
922 642 1059 673 modum
1079 642 1272 683 superaddit,
1290 641 1399 672 dicens
1414 642 1430 658 ⁴*
1542 651 1571 671 2.
1596 642 1792 678 pannum,
1818 641 1991 682 Gregorius
2015 642 2100 679 dicit,
2116 643 2176 673 XV
2195 643 2317 673 Moral.
2334 643 2362 679 *,
2386 651 2551 684 exponens
2578 653 2589 663 ·
2603 651 2660 679 cap.
2676 657 2745 679 mx,
2759 653 2791 675 ιι.
2834 639 2838 674 Ῐ

366 684 456 724 quod
471 686 596 716 animae
618 687 779 717 malorum
794 692 869 727 post
891 693 1030 718 mortem
1053 697 1120 718 non
1136 696 1193 727 per
1213 696 1359 727 corpora,
1376 685 1431 717 sed
1485 685 1565 716 illud
1589 686 1647 716 Iob
1670 696 1710 716 xx
1726 687 1753 722 ⁴⁶,
1781 699 1795 713 ‹
1814 686 1993 717 Devorabit
2015 696 2087 717 eum
2112 686 2199 728 ignis
2221 686 2277 727 qui
2300 696 2365 717 non
2385 687 2551 726 succendi·
2578 677 2674 727 ἴᾝρῐζῗ
2684 682 2788 727 ἔξω·

364 738 422 769 per
446 739 621 770 corporum
650 731 873 762 similitudines
903 732 1094 772 punientur:
1119 732 1201 762 sicut
1223 732 1256 762 in
1280 731 1430 767 somniis,
1486 735 1541 760 tur
1559 741 1590 760 »ε
1615 730 1708 772 Ignis
1731 740 1917 771 corporeus,
1944 736 1979 762 ut
2002 741 2069 762 esse
2091 732 2208 767 valeat,
2232 731 2398 772 corporeis
2428 731 2553 773 indiget
2784 734 2789 738 “

365 778 496 813 propter
519 774 742 805 similitudines
764 775 940 816 praedictas
956 777 990 806 in
1005 777 1234 816 imaginatione
1251 776 1430 811 existentes,
1477 775 1658 816 fomentis:
1681 785 1739 806 nec
1761 776 1855 811 valet,
1881 776 1944 806 nisi
1965 785 2147 812 succensus,
2172 782 2258 813 esse;
2281 780 2312 806 et
2334 775 2398 806 nisi
2413 776 2549 817 refotus,

365 817 490 848 videtur
512 819 636 848 homini
653 819 743 858 quod
765 825 952 859 torqueatur
974 821 1089 860 poenis
1117 819 1256 851 diversis.
1281 820 1322 850 Et
1344 820 1431 850 hunc
1447 830 1470 850 ις
1485 819 1665 850 subsistere.
1690 821 1733 850 At
1755 824 1870 850 contra
1892 820 2060 862 gehennae
2084 820 2180 862 ignis,
2204 829 2277 850 cum
2306 820 2349 850 sit
2375 829 2552 861 corporeus

366 862 461 892 etiam
477 862 613 893 modum
628 863 805 902 punitionis
820 863 945 894 videtur
963 873 1084 903 ponere
1099 865 1308 904 Augustinus,
1325 865 1359 894 in
1373 863 1431 894 XII
1486 869 1517 894 et
1540 864 1573 894 in
1596 864 1763 904 semetipso
1788 865 1942 905 reprobos
1965 865 2181 905 corporaliter
2204 869 2338 901 exurat,
2364 874 2422 895 nec
2444 864 2551 896 studio

128 910 138 920 '
159 909 216 936 Cap.
239 915 316 937 xxxu,
365 915 462 946 super
487 906 565 936 Gen.
582 907 625 936 ad
641 907 699 936 litt.
717 908 743 942 *‚
768 907 850 937 sicut
873 907 992 938 ibidem
1014 907 1182 938 manifeste
1201 913 1297 948 patet.
1485 908 1627 938 humano
1651 905 1871 945 succenditur,
1892 918 1950 940 nec
1973 909 2073 951 lignis
2089 909 2235 940 nutritur
2242 916 2255 946 ;
2277 908 2343 945 sed,
2360 914 2488 940 creatus
2503 918 2551 940 se-

128 941 210 958 x¹¹¹¹¹‘
420 949 483 980 Sed
499 950 561 980 hoc
577 950 701 981 videtur
716 951 982 982 inconvenienter
1001 951 1124 982 dictum
1140 961 1217 982 esse.
1243 952 1430 991 Imaginatio
1486 952 1558 987 mel,
1582 952 1682 982 durat
1704 952 1962 994 inextinguibilis
1968 961 1981 990 ;
2003 958 2035 984 et
2056 953 2264 984 succensione
2287 963 2353 983 non
2371 953 2504 995 indiget,
2521 959 2552 984 et

366 994 452 1024 enim
473 995 618 1034 potentia
641 994 800 1034 quaedam
823 1001 870 1026 est
893 1001 987 1026 utens
1010 1005 1132 1036 organo
1150 995 1319 1035 corporali.
1337 994 1432 1026 Unde
1486 995 1607 1026 ardore
1630 1005 1695 1026 non
1720 1001 1818 1027 caret.
1850 997 1936 1037 Ergo
1965 1007 2034 1028 non
2064 1003 2111 1028 est
2141 997 2286 1028 eiusdem
2314 1003 2445 1029 naturae
2475 1007 2551 1029 cum

365 1048 432 1068 non
466 1043 572 1078 potest
604 1048 672 1069 esse
702 1039 792 1079 quod
821 1040 961 1070 visiones
994 1039 1181 1070 huiusmodi
1209 1040 1431 1079 imaginativae
1446 1040 1560 1079 aoigne
1583 1049 1683 1079 quem
1705 1039 1860 1071 videmus.

365 1081 442 1112 fiant
465 1083 498 1113 in
522 1083 628 1113 anima
660 1089 803 1123 separata
833 1094 851 1114 a
884 1093 1040 1124 corpore,
1065 1085 1147 1115 sicut
1176 1084 1210 1114 in
1241 1085 1348 1114 anima
1380 1093 1431 1114 so·
1542 1083 1571 1114 3.
1596 1084 1792 1120 Pluinnam,
1817 1089 1983 1115 aeternum
2006 1090 2038 1115 et
2061 1085 2267 1125 corruptibile
2281 1095 2350 1116 non
2366 1091 2440 1116 sunt
2454 1086 2552 1117 unius

365 1127 524 1157 mniantis.
550 1127 643 1158 Unde
667 1128 762 1158 etiam
785 1128 960 1165 Avicenna‚
978 1134 1014 1158 ut
1030 1129 1093 1159 hoc
1117 1129 1350 1159 inconveniens
1366 1129 1431 1159 evi·
1485 1127 1635 1158 rationis:
1660 1137 1736 1159 cum
1759 1137 1820 1159 nec
1844 1129 1940 1159 etiam
1963 1129 1997 1159 in
2019 1138 2137 1169 genere
2161 1130 2413 1166 communicent,
2437 1139 2552 1161 secun-

127 1178 137 1187 ·
152 1176 207 1197 Loc.
223 1175 260 1196 cit·
276 1186 286 1191 —
302 1174 337 1197 Cf·
365 1176 453 1207 taret,
478 1170 555 1201 dixit
571 1172 587 1188 ⁴*
611 1172 702 1212 quod
725 1173 850 1204 animae
873 1178 1035 1213 separatae
1059 1183 1077 1203 a
1100 1182 1237 1213 corpore
1260 1173 1432 1203 utebantur
1486 1171 1565 1202 dum
1587 1172 1842 1213 Philosophum,
1866 1173 1900 1203 in
1923 1174 1953 1204 X
1977 1173 2160 1214 Metaphys.
2177 1174 2194 1190 ⁴*
2218 1173 2281 1205 Sed
2310 1174 2392 1214 ignis
2415 1175 2474 1205 iste
2505 1179 2553 1205 est
2579 1179 2793 1204 'smmum-

127 1203 229 1257 ssssffffl’
241 1202 279 1223 “²³¹
299 1208 337 1223 ω’
365 1216 456 1255 quasi
471 1225 530 1255 pro
548 1225 669 1256 organo
686 1216 792 1256 aliqua
807 1222 896 1257 parte
913 1218 1055 1248 caelestis
1072 1218 1226 1258 corporis,
1244 1218 1297 1248 cui
1313 1227 1431 1257 corpus
1486 1217 1716 1257 corruptibilis:
1740 1217 1794 1248 ille
1818 1223 1927 1248 autem
1950 1223 2107 1254 aeternus,
2124 1218 2236 1248 Matth.
2253 1227 2315 1249 xxv
2329 1219 2356 1255 ⁴,
2373 1218 2431 1254 Ite,
2452 1218 2552 1249 male·
2579 1206 2792 1256 2¹⁶⁶¹³⁸⁸m⁰¹⁹⁰

365 1261 544 1290 humanum
567 1266 696 1300 oportet
719 1271 787 1292 esse
811 1261 980 1292 conforme
995 1261 1036 1292 ad
1053 1262 1117 1292 hoc
1137 1261 1227 1302 quod
1250 1261 1432 1302 perficiatur
1445 1273 1470 1294 ας
1485 1260 1572 1297 dicti,
1593 1261 1625 1291 in
1651 1261 1759 1303 ignem
1782 1266 1959 1300 aeternum.
1984 1262 2070 1302 Ergo
2093 1271 2162 1293 non
2185 1267 2233 1293 est
2256 1262 2399 1293 eiusdem
2423 1263 2551 1303 speciei.
2579 1260 2590 1272 ⁸
2605 1259 2673 1283 vm.
2686 1266 2725 1288 ⁴¹·

365 1305 470 1334 anima
494 1305 649 1341 rationali,
674 1315 756 1346 quae
780 1311 827 1336 est
850 1306 959 1336 similis
982 1307 1163 1337 motoribus
1188 1306 1330 1337 caelestis
1361 1316 1431 1337 cor-
1540 1314 1572 1344 4.
1598 1305 1802 1343 Panum,
1827 1306 1867 1337 de
1889 1312 2003 1337 natura
2024 1307 2120 1337 huius
2143 1307 2225 1347 ignis
2241 1307 2298 1347 qui
2317 1306 2404 1348 apud
2417 1316 2479 1338 nos
2494 1312 2551 1344 est,

364 1349 467 1388 poris;
493 1349 525 1379 in
549 1349 613 1380 hoc
636 1356 764 1380 secutus
789 1350 1034 1391 quodammodo
1059 1352 1250 1391 opinionem
1282 1351 1431 1391 antiquo·
1486 1355 1533 1380 est
1549 1354 1585 1380 ut
1607 1350 1722 1381 luceat.
1747 1350 1810 1381 Sed
1825 1351 1907 1391 ignis
1923 1351 2039 1382 inferni
2053 1360 2123 1382 non
2137 1351 2242 1382 lucet:
2259 1350 2346 1382 unde
2362 1351 2550 1383 Iobxvm’:
2579 1351 2591 1364 ⁸
2604 1350 2671 1375 vn.
2685 1357 2707 1382 ⁵·

365 1402 437 1423 rum
459 1393 739 1434 philosophorum,
757 1396 814 1435 qui
837 1401 1016 1435 posuerunt
1032 1396 1153 1426 animas
1169 1395 1270 1426 redire
1287 1395 1326 1426 ad
1342 1405 1431 1426 com·
1485 1394 1604 1425 Nonne
1627 1395 1687 1425 lux
1711 1395 1800 1436 impii
1823 1395 2061 1437 extinguetur?
2084 1395 2170 1435 Ergo
2190 1405 2259 1426 non
2275 1401 2321 1426 est
2337 1395 2482 1427 eiusdem
2495 1405 2552 1427 na-

1590 221 1690 251 ART.
1707 221 1760 252 VI.
1784 231 1889 252 urium
1912 232 1994 253 1oms
2017 233 2086 254 um
2110 233 2156 254 srr
2180 233 2313 254 EIUSDEM
2335 234 2451 256 senemr

1664 275 1727 295 ctm
1749 275 1823 296 mna
1846 275 1915 297 1sro
1940 276 2104 298 CORPOREO
2130 277 2216 298 auu
2237 277 2372 298 mutuus

127 1443 136 1451 ·
163 1440 227 1462 P¹²¹t⁰
253 1439 339 1488 ig.dT1'-
365 1447 456 1478 pares
480 1438 583 1468 stellas
599 1439 626 1468 θ’.
1485 1443 1576 1469 turae
1600 1448 1676 1470 cum
1699 1440 1761 1470 isto
1784 1440 1868 1480 igne.

126 1470 338 1521 vssfi⁰i1‚'p.{.{³.t’
420 1481 483 1513 Sed
505 1483 568 1513 hoc
592 1488 639 1513 est
662 1484 797 1514 omnino
822 1483 1013 1520 absurdum,
1038 1484 1219 1515 secundum
1251 1484 1431 1515 doctrinam
1446 1492 1472 1512 ³⁰
1541 1482 1603 1514 San
1635 1493 1775 1519 CONTRA,
1800 1483 1980 1515 secundum
2014 1483 2269 1524 Philosophum,
2293 1484 2327 1514 in
2358 1484 2371 1515 1
2398 1484 2506 1525 Topic.
2523 1485 2552 1521 ',
2580 1488 2591 1500 ·
2605 1487 2779 1517 (ἕῳ-’.ιὰ

364 1526 562 1566 Philosophi.
588 1527 673 1565 Quia
696 1528 802 1558 anima
826 1529 925 1559 utitur
948 1528 1159 1559 determinato
1176 1538 1298 1569 organo
1315 1538 1431 1569 corpo-
1486 1528 1591 1558 omnis
1614 1537 1700 1569 aqua
1724 1529 1812 1559 omni
1835 1538 1940 1569 aquae
1962 1533 2010 1559 est
2032 1528 2114 1559 idem
2137 1528 2250 1569 specie.
2274 1528 2361 1569 Ergo
2377 1528 2490 1560 eadem
2504 1538 2554 1560 ra-

365 1571 438 1601 rali:
464 1571 547 1601 sicut
569 1581 618 1602 ars
641 1571 857 1603 determinatis
876 1573 1104 1603 instrumentis.
1129 1573 1223 1604 Unde
1242 1583 1310 1604 non
1325 1578 1432 1614 potest
1485 1572 1575 1602 tione
1599 1573 1704 1603 omnis
1727 1573 1809 1613 ignis
1833 1574 1924 1604 omni
1946 1573 2012 1613 igni
2036 1578 2083 1603 est
2105 1573 2191 1604 idem
2215 1573 2331 1614 specie.

365 1614 496 1646 transire
520 1615 559 1645 de
583 1625 719 1656 corpore
743 1617 776 1647 in
800 1627 935 1658 corpus:
961 1617 1051 1658 quod
1067 1618 1261 1659 Pythagoras
1276 1619 1379 1659 ponit.
1396 1623 1432 1648 ut
1543 1626 1572 1647 2.
1597 1617 1793 1654 PaAn'rmuzA,
1818 1617 1892 1658 Sap.
1910 1627 1941 1648 x1
1956 1618 1974 1634 ³
1997 1617 2129 1648 dicitur:
2154 1618 2218 1648 Per
2239 1627 2323 1658 quae
2339 1622 2456 1658 peccat
2469 1617 2551 1659 quis,
2579 1625 2590 1635 ·
2603 1622 2672 1646 ven.
2687 1629 2721 1651 ¹⁷·

126 1655 337 1704 'sqffi'siss’cx'f‘ffi's
366 1660 480 1690 dicitur
498 1660 532 1690 in
549 1660 561 1690 1
577 1660 616 1691 de
631 1661 749 1691 Anima
765 1662 791 1691 ἦ
815 1680 839 1684 -
861 1662 1007 1700 Qualiter
1030 1667 1140 1693 autem
1162 1662 1203 1693 ad
1226 1662 1349 1694 dictum
1363 1663 1431 1693 Au·
1480 1670 1544 1701 per
1566 1661 1645 1692 haec
1667 1666 1699 1692 et
1721 1667 1899 1703 torquetur.
1925 1661 1988 1693 Sed
2010 1662 2159 1692 homines
2181 1667 2318 1702 peccant
2339 1671 2397 1702 per
2411 1671 2461 1692 res
2480 1671 2553 1693 sen-

127 1711 137 1720 “
152 1709 221 1736 Resp.
236 1708 265 1730 ad
282 1714 302 1730 ²-
333 1698 339 1709 ⁷
365 1704 484 1745 gustini
507 1705 546 1734 sit
568 1705 841 1746 respondendum,
865 1706 946 1736 infra
961 1707 978 1723 ⁴*
1002 1706 1134 1737 dicetur.
1447 1717 1471 1738 ις
1486 1705 1592 1735 sibiles
1615 1706 1711 1737 huius
1734 1706 1857 1737 mundi.
1882 1706 1968 1746 Ergo
1992 1706 2113 1737 iustum
2137 1711 2184 1737 est
2206 1711 2243 1736 ut
2265 1715 2324 1746 per
2347 1705 2475 1737 easdem
2489 1715 2551 1747 pu-

421 1748 590 1789 Quidquid
613 1755 721 1780 autern
745 1749 867 1780 dicatur
891 1750 930 1781 de
953 1751 1027 1790 igne
1051 1751 1107 1791 qui
1131 1752 1252 1781 animas
1275 1757 1432 1791 separatas
1487 1750 1624 1780 niantur.

367 1793 496 1829 cruciat,
520 1792 559 1823 de
583 1794 656 1834 igne
679 1799 787 1825 tamen
811 1804 878 1835 quo
903 1796 1130 1826 cruciabuntur
1149 1805 1286 1836 corpora
1301 1795 1432 1826 damna-
1540 1794 1730 1825 Ruspommo
1755 1804 1914 1825 meatuum
1938 1794 2028 1835 quod
2049 1794 2142 1834 ignis,
2165 1799 2297 1835 propter
2319 1794 2384 1825 hoc
2400 1794 2490 1835 quod
2505 1799 2553 1825 est

366 1842 475 1867 torum
496 1843 571 1878 post
594 1840 871 1876 resurrectionem,
897 1845 1026 1879 oportet
1049 1839 1154 1870 dicere
1178 1840 1268 1880 quod
1295 1841 1334 1870 sit
1362 1850 1432 1870 cor·
1486 1839 1644 1869 maximae
1667 1839 1790 1869 virtutis
1821 1840 1855 1869 in
1885 1838 2010 1879 agendo
2040 1839 2122 1869 inter
2144 1838 2268 1878 reliqua
2291 1839 2467 1875 elementa,
2492 1838 2552 1870 alia

366 1891 500 1922 poreus:
535 1883 611 1922 quia
643 1884 772 1924 corpori
802 1893 870 1914 non
899 1889 1006 1923 potest
1034 1885 1262 1915 convenienter
1292 1884 1432 1924 adaptari
1487 1892 1623 1922 corpora
1639 1892 1698 1923 pro
1714 1883 1846 1913 materia
1860 1883 1971 1914 habet:
1992 1888 2028 1914 ut
2043 1882 2203 1913 diciturin
2215 1883 2258 1913 IV
2270 1883 2407 1914 Meteor.
2421 1884 2438 1900 ⁴*
2457 1882 2552 1914 Unde
2579 1885 2694 1935 ‘coctam
2707 1891 2794 1936 ''033ss

127 1927 137 1937 '
152 1924 209 1953 Cap·
224 1931 286 1948 ¹¹¹¹·
365 1935 472 1966 poena
494 1927 556 1956 nisi
579 1928 618 1957 sit
641 1937 806 1967 corporea.
831 1927 925 1958 Unde
946 1927 1130 1968 Gregorius,
1147 1929 1180 1958 in
1197 1928 1240 1958 IV
1255 1928 1390 1969 Dialog.
1403 1929 1430 1964 ⁴²,
1446 1937 1473 1957 ιο
1488 1932 1518 1957 et
1541 1927 1623 1966 ignis
1646 1927 1816 1967 dupliciter
1837 1928 2014 1958 invenitur:
2048 1927 2168 1958 scilicet
2190 1927 2225 1957 in
2251 1928 2383 1958 materia
2411 1927 2552 1968 propria,
2580 1918 2651 1962 „0¹:¹22
2661 1944 2681 1961 ..
2725 1939 2793 1962 Aa.

367 1980 404 2000 ex
427 1970 491 2000 hoc
514 1971 586 2010 ipso
610 1972 725 2011 probat
747 1973 856 2012 ignem
879 1971 996 2002 inferni
1020 1981 1088 2002 esse
1112 1982 1317 2012 corporeum,
1343 1972 1434 2013 quod
1487 1977 1585 2012 prout
1609 1977 1655 2001 est
1677 1972 1710 2001 in
1734 1981 1791 2002 sua
1814 1972 1965 2011 sphaera;
1992 1971 2043 2002 vel
2061 1972 2095 2001 in
2118 1971 2250 2002 materia
2273 1971 2386 2008 aliena,
2402 1972 2469 2002 sive
2492 1976 2553 2002 ter·
2579 1971 2604 1988 ¹¹·

365 2015 494 2054 reprobi
515 2021 590 2055 post
613 2017 880 2047 resurrectionem
903 2017 937 2046 in
961 2026 1037 2046 eum
1071 2016 1289 2048 detrudentur.
1320 2017 1433 2057 Augu·
1487 2016 1586 2052 restri,
1604 2021 1640 2046 ut
1655 2021 1742 2055 patet
1764 2016 1798 2046 in
1822 2016 1978 2051 carbone;
2002 2016 2068 2046 sive
2088 2024 2188 2052 aerea,
2205 2020 2242 2046 ut
2257 2020 2344 2056 patet
2361 2016 2396 2047 in
2413 2015 2552 2047 flamma.

128 2057 337 2111 fifflexssvbaff}
366 2059 466 2089 stinus
491 2060 589 2090 etiam
603 2061 630 2097 *,
654 2066 691 2091 ut
713 2061 848 2092 habetur
880 2061 913 2091 in
944 2060 1047 2091 littera
1061 2062 1106 2097 ἢ,
1130 2061 1298 2092 manifeste
1331 2061 1433 2092 confi-
1488 2059 1709 2100 Quocumque
1725 2065 1833 2090 autem
1849 2059 1949 2091 modo
1965 2060 2047 2100 ignis
2061 2060 2252 2096 inveniatur,
2265 2068 2391 2100 semper
2407 2065 2454 2091 est
2468 2059 2555 2091 idem

129 2099 338 2142 “nist-x’trvss'apss
366 2108 450 2134 tetur
471 2104 580 2143 ignem
602 2105 695 2136 illum
718 2115 784 2146 quo
809 2105 1036 2136 cruciabuntur
1061 2115 1207 2146 corpora,
1225 2115 1293 2137 esse
1317 2115 1434 2147 corpo·
1487 2104 1522 2134 in
1545 2105 1663 2145 speeie,
1688 2109 1846 2145 quantum
1869 2104 1909 2135 ad
1931 2109 2078 2135 naturam
2101 2104 2183 2144 ignis
2199 2104 2351 2145 pertinet:
2375 2109 2484 2144 potest
2499 2113 2554 2135 au-

130 2138 218 2166 Quaen
233 2139 311 2158 enam·
367 2157 468 2178 reum.
501 2149 542 2179 Et
572 2148 612 2180 de
642 2150 705 2180 hoc
735 2150 775 2180 ad
806 2159 955 2190 praesens
987 2155 1034 2180 est
1058 2151 1214 2190 quaestio.
1238 2168 1262 2173 —
1284 2150 1347 2181 Sed
1370 2151 1435 2181 hoc
1448 2155 1472 2175 ⁴⁵
1488 2154 1555 2179 tem
1579 2158 1647 2179 esse
1671 2148 1833 2179 diversitas
1855 2149 1888 2179 in
1912 2149 2019 2190 specie
2050 2153 2208 2189 quantum
2238 2148 2278 2179 ad
2306 2157 2443 2188 corpora
2473 2157 2556 2189 quae

129 2192 339 2221 ·Qu.1.xx‚art.3.
366 2202 462 2234 supra
477 2193 493 2208 ⁴*
517 2192 639 2224 dictum
663 2199 719 2230 est,
745 2195 880 2234 qualiter
903 2195 1029 2225 animae
1052 2194 1278 2225 damnatorum
1299 2195 1337 2225 ab
1360 2196 1435 2235 igne
1489 2199 1564 2224 sunt
1586 2194 1718 2224 materia
1740 2193 1832 2233 ignis.
1856 2193 1950 2224 Unde
1975 2192 2104 2223 flamma
2127 2198 2159 2223 et
2182 2193 2278 2223 carbo
2302 2192 2454 2224 differunt
2483 2201 2555 2233 spe-

367 2238 429 2267 isto
454 2246 612 2278 corporeo
636 2239 819 2279 puniantur.
1490 2238 1557 2275 cie3
1582 2243 1614 2268 et
1636 2238 1779 2269 similiter
1802 2238 1926 2278 lignum
1949 2238 2081 2278 igneum
2105 2242 2137 2269 et
2159 2236 2279 2268 ferrum
2308 2237 2457 2278 ignitum.
2487 2237 2557 2268 Nec

422 2282 474 2312 An
498 2292 615 2313 Panium
635 2293 717 2313 eaeo
734 2294 895 2314 memnon
912 2283 1001 2323 quod
1021 2283 1240 2314 Damascenus
1256 2293 1324 2314 non
1340 2288 1436 2323 negat
1490 2282 1593 2313 differt
1616 2288 1774 2323 quantum
1798 2282 1838 2313 ad
1860 2282 1925 2313 hoc
1948 2282 2014 2312 sive
2037 2282 2135 2322 ignita
2165 2287 2240 2312 sunt
2269 2291 2327 2322 per
2358 2282 2556 2318 violentiam,

368 2326 552 2366 simpliciter
574 2327 666 2359 illum
689 2329 798 2368 ignem
829 2328 1027 2359 materialem
1051 2338 1135 2364 esse,
1161 2327 1217 2359 sed
1247 2327 1337 2368 quod
1369 2337 1434 2358 non
1489 2332 1526 2357 ut
1547 2327 1581 2358 in
1604 2326 1688 2358 ferro
1713 2332 1859 2368 apparet;
1884 2327 1950 2357 sive
1970 2335 2008 2357 ex
2031 2326 2191 2367 principio
2213 2326 2387 2357 intrinseco
2410 2326 2556 2363 naturali,

367 2375 414 2401 est
436 2371 614 2402 materialis
630 2372 705 2403 talis
728 2373 834 2413 qualis
857 2373 944 2414 apud
968 2382 1028 2403 nos
1050 2377 1117 2403 est:
1140 2381 1180 2403 eo
1197 2372 1287 2412 quod
1304 2372 1435 2413 quibus·
1451 2386 1476 2406 ςο
1489 2377 1526 2402 ut
1548 2371 1663 2402 accidit
1686 2372 1719 2402 in
1742 2371 1905 2411 sulphure.

368 2415 442 2446 dam
465 2417 713 2456 proprietatibus
736 2418 774 2447 ab
798 2418 862 2448 hoc
885 2418 959 2457 igne
984 2417 1196 2457 distinguitur.
1545 2415 1645 2454 Quod
1669 2425 1744 2456 ergo
1767 2416 1849 2456 ignis
1872 2415 1998 2452 inferni,
2023 2420 2182 2456 quantum
2205 2413 2246 2445 ad
2268 2415 2332 2445 hoc
2348 2414 2439 2455 quod
2461 2414 2558 2446 habet

423 2459 483 2490 Vel
507 2460 680 2492 dicendum
705 2466 752 2492 est
776 2461 884 2502 quod,
910 2462 985 2502 quia
1008 2462 1090 2501 ignis
1113 2461 1167 2491 ille
1190 2470 1258 2491 non
1288 2461 1434 2491 materia·
1490 2460 1530 2491 de
1552 2465 1665 2491 natura
1687 2461 1780 2500 ignis,
1804 2461 1844 2490 sit
1867 2459 2012 2491 eiusdem
2036 2460 2155 2500 speciei
2177 2468 2254 2490 cum
2276 2459 2351 2499 igne
2381 2459 2438 2499 qui
2469 2458 2558 2500 apud

368 2503 438 2533 liter
461 2504 570 2535 alterat
594 2515 739 2546 corpora,
764 2506 820 2536 sed
844 2506 983 2546 quadam
1007 2506 1161 2546 spirituali
1178 2506 1305 2536 actione
1323 2506 1387 2545 agit
1402 2506 1435 2536 in
1489 2515 1550 2535 nos
1574 2510 1630 2541 est,
1655 2504 1861 2535 manifestum
1885 2510 1941 2535 est.
1974 2504 2091 2535 Utrum
2121 2509 2230 2534 autem
2259 2503 2312 2534 ille
2341 2503 2423 2543 ignis
2453 2504 2493 2534 sit
2521 2504 2557 2535 in

131 2546 181 2594 “ff-
198 2552 237 2574 ‘1¹¹-
248 2551 345 2573 ΚΒΜ(
369 2557 406 2578 ea
429 2547 469 2578 ad
492 2550 696 2589 punitionem
711 2551 745 2586 *ς
770 2550 844 2581 ideo
869 2550 984 2581 dicitur
999 2560 1067 2580 non
1082 2549 1252 2580 materialis
1273 2559 1351 2586 esse,
1367 2559 1435 2580 non
1489 2550 1619 2590 propria
1641 2549 1773 2580 materia
1796 2550 1942 2585 existens,
1966 2554 2030 2586 aut,
2054 2549 2081 2579 si
2103 2549 2137 2579 in
2159 2548 2272 2584 aliena,
2296 2548 2330 2578 in
2346 2557 2411 2588 qua
2425 2548 2557 2579 materia

130 2579 172 2594 ΒΕ
188 2579 208 2602 3‘
370 2597 527 2632 quantum
552 2594 591 2624 ad
614 2595 833 2631 substantiam,
858 2594 914 2625 sed
937 2600 1096 2635 quantum
1112 2594 1152 2625 ad
1167 2594 1344 2635 punitionis
1361 2593 1435 2625 effe·
1451 2605 1474 2626 55
1490 2595 1539 2630 sit,
1563 2594 1657 2624 nobis
1680 2595 1830 2634 ignotum
1853 2599 1909 2624 est.
1934 2593 1975 2623 Et
1998 2592 2177 2624 secundum
2200 2593 2274 2629 hoc,
2298 2597 2405 2633 potest
2427 2593 2467 2622 ab
2481 2592 2557 2632 igne

371 2642 459 2667 ctum
482 2638 516 2668 in
540 2639 739 2679 corporibus,
765 2645 796 2669 et
818 2639 922 2669 multo
947 2639 1084 2679 amplius
1107 2639 1142 2669 in
1170 2639 1345 2669 animabus.
1491 2639 1547 2679 qui
1571 2637 1658 2678 apud
1680 2647 1741 2668 nos
1765 2643 1811 2668 est
1834 2638 1940 2678 specie
1965 2637 2088 2668 differre
2104 2636 2306 2668 materialiter
2325 2635 2554 2667 consideratus.

425 2682 476 2712 An
502 2693 664 2713 secuunun
689 2694 849 2714 memnon
874 2683 964 2724 quod
989 2683 1111 2714 dictum
1135 2683 1308 2724 Augustini
1331 2688 1438 2723 potest
1546 2682 1711 2721 Quasdam
1733 2687 1841 2713 tamen
1864 2683 2074 2722 proprietates
2097 2681 2278 2712 differentes
2300 2681 2396 2711 habet
2420 2681 2459 2711 ab
2482 2681 2557 2722 igne

371 2726 434 2756 hoc
456 2727 556 2758 modo
581 2728 683 2768 accipi
706 2733 742 2758 ut
763 2737 823 2768 pro
847 2733 936 2758 tanto
961 2727 1084 2759 dicatur
1106 2728 1198 2758 locus
1213 2727 1266 2758 ille
1283 2727 1323 2758 ad
1339 2737 1437 2767 quem
1491 2728 1569 2758 isto:
1594 2733 1630 2758 ut
1654 2726 1744 2767 quod
1766 2727 1978 2757 succensione
2001 2735 2069 2757 non
2091 2726 2229 2766 indiget,
2253 2734 2314 2756 nec
2336 2725 2430 2766 lignis
2456 2725 2558 2756 nutri-

371 2771 495 2802 animae
519 2771 701 2803 deferentur
716 2778 790 2812 post
813 2778 962 2809 mortem,
978 2782 1047 2803 non
1071 2782 1139 2803 esse
1159 2781 1345 2812 corporeus,
1363 2772 1438 2812 quia
1491 2777 1543 2802 tur
1558 2772 1584 2802 ’ἢ
1610 2770 1674 2802 Sed
1696 2772 1774 2802 istae
1793 2770 1988 2802 differentiae
2010 2780 2078 2802 non
2103 2770 2278 2801 ostendunt
2293 2769 2506 2801 diversitatem
2520 2769 2555 2800 in
2584 2777 2596 2788 ·
2609 2775 2647 2798 ct.
2661 2779 2709 2803 ιιι.
2724 2780 2745 2797 2.

371 2816 477 2846 anima
499 2817 533 2847 in
556 2826 596 2847 eo
621 2817 828 2857 corporaliter
850 2827 918 2848 non
943 2817 1056 2853 existit,
1081 2826 1138 2857 per
1161 2816 1298 2847 modum
1319 2816 1439 2847 scilicet
1452 2825 1479 2845 ⁶0
1492 2816 1598 2857 specie
1623 2821 1781 2856 quantum
1804 2815 1844 2846 ad
1867 2815 1899 2846 id
1923 2814 2012 2856 quod
2035 2815 2173 2856 pertinet
2196 2814 2235 2845 ad
2257 2819 2404 2844 naturam
2419 2813 2511 2854 ignis.

373 2869 439 2899 quo
464 2870 599 2901 corpora
623 2862 761 2892 existunt
784 2862 818 2892 in
841 2862 936 2898 loco,
961 2861 1017 2892 sed
1047 2861 1110 2892 alio
1144 2861 1246 2892 modo
1272 2861 1438 2901 spirituali,
1546 2861 1598 2891 An
1621 2870 1739 2890 ramum
1765 2869 1848 2891 aneo
1878 2869 2039 2890 nrcnnnuu
2060 2858 2150 2899 quod
2181 2859 2382 2899 Augustinus
2413 2857 2557 2898 loquitur

373 2905 455 2935 sicut
477 2906 580 2945 angeli
603 2906 637 2936 in
659 2906 735 2937 loco
760 2912 844 2936 sunt.
1494 2910 1652 2945 quantum
1675 2904 1715 2935 ad
1738 2904 1771 2935 id
1795 2904 1885 2945 quod
1908 2910 1955 2935 est
1977 2904 2139 2935 materiale
2162 2904 2196 2934 in
2219 2903 2293 2944 igne
2316 2902 2382 2939 illo,
2405 2911 2474 2932 non
2500 2910 2557 2932 au-

427 2949 487 2980 Vel
511 2949 685 2981 dicendum
708 2950 798 2990 quod
822 2951 1021 2990 Augustinus
1045 2950 1189 2990 loquitur
1212 2949 1388 2990 opinando,
1409 2954 1440 2980 et
1493 2955 1559 2980 tem
1584 2954 1742 2989 quantum
1765 2949 1805 2980 ad
1828 2949 1909 2989 ignis
1932 2954 2088 2979 naturam.

373 3002 441 3024 non
465 2993 723 3025 determinando:
748 2996 830 3025 sicut
854 2994 1038 3035 frequenter
1061 2994 1136 3025 facit
1159 2995 1193 3025 in
1215 2994 1297 3025 libro
1322 2994 1388 3025 illo.
1547 2994 1598 3024 An
1626 3003 1789 3024 SECUNDUM
1818 3003 1985 3024 memnon
2005 2991 2094 3033 quod
2117 2992 2199 3032 ignis
2222 2991 2279 3032 qui
2301 2988 2388 3031 apud
2410 2998 2471 3020 nos
2499 2994 2556 3040 est,

429 3038 479 3068 An
496 3048 631 3069 marum
646 3049 806 3070 mensuum
822 3039 912 3079 quod
927 3040 1009 3079 ignis
1032 3039 1085 3069 ille
1110 3039 1168 3069 erit
1190 3039 1440 3070 instrumentum
1454 3038 1588 3078 651ignis
1611 3038 1749 3068 nutritur
1772 3043 1803 3068 et
1825 3038 1865 3068 ab
1888 3038 2022 3068 homine
2045 3035 2262 3071 succenditur,
2287 3034 2362 3084 quia
2386 3038 2432 3064 est
2462 3032 2558 3064 artifi-
2873 3063 2878 3071 .

375 3081 500 3113 divinae
522 3083 659 3114 iustitiae
681 3084 854 3123 punientis.
880 3084 1132 3114 Instrumentum
1155 3089 1263 3114 autem
1290 3093 1358 3114 non
1388 3092 1441 3113 so-
1495 3083 1616 3113 cialiter
1639 3088 1670 3113 et
1693 3092 1750 3123 per
1773 3082 1960 3113 violentiam
1990 3082 2025 3112 in
2054 3081 2157 3111 aliena
2185 3079 2317 3109 materia
2346 3077 2558 3129 introductus.
2872 3077 2878 3095 ¹

375 3126 444 3156 lum
468 3127 531 3166 agit
554 3128 587 3158 in
612 3128 726 3158 virtute
750 3129 879 3168 propria
903 3134 935 3158 et
957 3137 1015 3168 per
1037 3128 1206 3168 proprium
1221 3127 1368 3164 modum,
1385 3126 1441 3158 sed
1495 3126 1559 3158 Sed
1575 3127 1656 3167 ignis
1672 3127 1726 3157 ille
1741 3127 1834 3166 lignis
1856 3135 1925 3157 non
1947 3125 2068 3165 indiget
2091 3123 2208 3164 quibus
2227 3122 2390 3173 foveatur:
2409 3131 2495 3173 ‘quia-
2507 3121 2559 3153 vel

377 3171 472 3201 etiam
495 3172 529 3201 in
551 3172 667 3202 virtute
690 3173 873 3212 principalis
898 3173 1029 3212 agentis,
1047 3178 1078 3203 et
1093 3172 1273 3203 secundum
1289 3171 1379 3213 quod
1395 3177 1442 3202 est
1495 3172 1530 3202 in
1552 3171 1683 3212 propria
1705 3171 1836 3202 materia
1859 3176 1907 3201 est
1929 3170 2082 3205 existens;
2105 3167 2156 3198 vel
2179 3171 2227 3198 est
2249 3175 2282 3197 m
2305 3171 2436 3218 materia
2450 3166 2560 3218 ⁸alle-na

377 3215 555 3254 regulatum
578 3216 617 3246 ab
641 3226 691 3246 eo.
716 3216 821 3253 Unde,
839 3217 985 3257 quamvis
1001 3215 1182 3247 secundum
1200 3217 1364 3257 propriam
1379 3217 1440 3246 vir-
1495 3225 1564 3246 non
1586 3225 1644 3256 per
1665 3215 1862 3251 violentiam,
1886 3213 1943 3244 sed
1964 3222 2022 3254 per
2043 3217 2190 3243 naturam
2213 3220 2231 3241 a
2258 3211 2418 3251 principio
2448 3215 2560 3262 mtnnj

377 3265 479 3289 tutem
502 3269 570 3290 non
592 3261 706 3291 habeat
730 3261 820 3301 quod
842 3261 968 3301 aliquos
992 3261 1112 3291 cruciet
1138 3261 1238 3301 magis
1260 3261 1312 3291 vel
1333 3261 1441 3291 minus
1455 3271 1483 3291 70
1496 3269 1581 3290 seco.
1606 3258 1700 3291 Unde
1723 3269 1791 3290 non
1814 3263 1861 3289 est
1884 3258 1923 3288 ab
1946 3257 2079 3288 homine
2097 3264 2281 3291 succensuS‚
2298 3254 2354 3286 sed
2370 3265 2388 3285 a
2403 3254 2486 3306 peu,
2503 3263 2559 3295 qui

378 3303 556 3334 secundum
585 3304 722 3335 modum
753 3306 876 3345 peccati
886 3328 893 3341 ,
918 3305 1014 3335 habet
1036 3311 1144 3336 tamen
1174 3305 1238 3335 hoc
1261 3304 1442 3336 secundum
1495 3309 1642 3334 naturam
1657 3303 1744 3334 illam
1759 3302 1904 3333 instituit.
1920 3301 1962 3331 Et
1976 3301 2040 3331 hoc
2055 3305 2103 3330 est
2118 3299 2208 3340 quod
2224 3298 2338 3330 dicitur
2355 3299 2451 3330 Isaiae
2463 3299 2558 3330 unffi:
2588 3299 2597 3311 ⁸
2612 3297 2681 3321 vm.
2694 3303 2728 3328 ³3·

379 3347 468 3387 quod
498 3349 566 3378 eius
590 3349 673 3379 actio
705 3348 909 3380 modificatur
932 3358 970 3379 ex
994 3349 1107 3380 ordine
1137 3349 1263 3380 divinae
1292 3350 1440 3380 iustitiae.
1494 3348 1609 3378 Flatus
1631 3347 1766 3377 Domini
1787 3346 1871 3377 sicut
1886 3350 2015 3375 torrens
2029 3344 2193 3384 sulphuris
2215 3343 2410 3375 succendens
2433 3353 2514 3374 eam.

379 3391 468 3422 Sicut
492 3393 588 3422 etiam
610 3393 692 3432 ignis
715 3392 852 3424 fornacis
875 3392 1080 3423 modificatur
1113 3402 1152 3423 ex
1181 3393 1335 3424 industria
1362 3393 1442 3424 fabri
1550 3392 1602 3422 An
1625 3400 1760 3422 naum(
1782 3398 1942 3420 mcmmmi
1961 3388 2061 3429 quod,
2085 3389 2167 3419 sicut
2183 3397 2319 3428 corpora
2334 3387 2560 3419 damnatorum

379 3436 413 3466 in
443 3445 500 3466 sua
530 3437 673 3473 actione,
702 3436 881 3468 secundum
913 3437 1003 3477 quod
1036 3438 1192 3477 competit
1221 3437 1261 3468 ad
1291 3436 1442 3468 effectum
1495 3441 1589 3466 erunt
1612 3434 1756 3466 eiusdem
1779 3433 1898 3474 speciei
1921 3433 2012 3463 cuius
2036 3438 2068 3463 et
2090 3432 2191 3463 modo
2209 3438 2293 3469 sunt,
2311 3433 2457 3473 quamvis
2472 3441 2560 3463 nunc

381 3480 463 3510 artis.
1455 3490 1479 3511 75
1495 3480 1558 3510 sint
1581 3478 1808 3519 corruptibilia,
1824 3483 1902 3509 tunc
1921 3482 2029 3508 autem
2047 3477 2309 3518 incorruptibilia,
2327 3486 2364 3508 ex
2386 3476 2498 3508 ordine
2513 3475 2561 3507 di-
