2878 4088
135 1718 181 1740 ‘Ad
186 1718 284 1745 Philipp.
295 1723 345 1745 cap.

135 1752 158 1771 ιι,
174 1751 232 1766 vers.
247 1751 279 1766 2¹.

135 1773 145 1783 ‘
169 1771 203 1793 Cf.
233 1771 344 1792 Ezechiel.

135 1804 184 1847 cap81
194 1803 271 1824 xxxxv,
286 1804 346 1819 vers.

134 1831 155 1851 2,
186 1840 191 1846 .

394 174 437 210 18
1073 178 1335 225 QUAESTIO
1365 179 1458 224 VIII,
1479 179 1771 217 ARTICULUS
1800 181 1850 216 VI

387 252 516 292 quando
541 253 646 293 aliqua
669 254 727 284 sibi
751 260 905 291 reservat,
932 259 1008 286 curn
1031 257 1071 286 sit
1100 257 1306 297 principalior
1336 263 1449 288 rector.

1506 257 1538 287 in
1562 267 1649 287 anno
1666 259 1698 293 ᾗ,
1728 257 1844 287 eodem
1871 257 1971 288 modo
2000 267 2033 288 se
2063 258 2157 290 debet
2183 260 2299 291 habere
2326 262 2408 292 sicut
2435 261 2488 292 ille
2516 260 2572 301 qui
2600 269 2610 277 ·

387 297 470 336 Ergo
495 297 590 327 etiam
609 304 714 338 potest
738 300 938 330 committere
962 300 1055 331 alicui
1071 301 1226 332 sacerdoti
1250 302 1338 332 alteri
1362 300 1450 340 quod
1505 301 1599 331 habet
1622 297 1729 331 solum
1752 301 1896 331 venialia.
1923 301 2010 332 Talis
2034 303 2120 332 enim
2143 303 2250 334 solum
2267 305 2402 335 venialia
2426 304 2572 335 confiteri

386 342 395 370 i
420 350 452 371 se
476 341 591 372 audiat.

396 351 417 380 p
442 395 470 415 2.
495 386 690 423 Panaima,
707 387 865 428 quidquid
887 393 993 428 potest
1016 388 1156 424 inferior,
1173 394 1279 428 potest
1294 389 1448 427 superior.

1505 343 1608 380 debet,
1626 350 1662 374 ut
1677 344 1808 384 quidam
1833 344 1943 375 dicunt
1958 346 1992 374 *t
2015 346 2066 376 vel
2080 346 2224 386 profiteri
2246 358 2280 378 se
2302 358 2321 379 a
2335 354 2468 389 peccato
2484 358 2572 379 mor-

1504 388 1558 417 tali
1581 389 1770 418 immunem.
1796 388 1837 418 Et
1860 389 2007 419 sacerdos
2024 390 2053 419 ei
2071 390 2105 420 in
2121 390 2192 421 foro
2204 389 2423 423 'conscientiae
2443 392 2570 424 credere

385 429 447 460 Sed
470 430 538 469 ipse
561 431 707 462 sacerdos
737 437 843 471 potest
869 442 929 463 suo
958 433 1153 472 parochiano
1185 432 1257 462 dare
1287 432 1449 462 licentiam
1472 441 1480 460 ς
1504 430 1599 461 debet
1623 437 1654 461 et
1676 437 1812 462 tenetur.

385 473 474 513 quod
497 474 585 504 alteri
608 475 807 507 confiteatur.
836 477 921 516 Ergo
949 477 1053 506 multo
1077 476 1189 506 fortius
1213 477 1281 505 eius
1304 475 1450 514 superior

384 518 447 548 hoc
470 524 586 558 potest.

440 562 469 592 3.
493 563 689 600 PRAETEREA,
714 570 904 604 potestatem
928 573 1025 604 quarn
1049 564 1143 592 habet
1165 562 1311 592 sacerdos
1335 562 1368 591 in
1389 571 1448 601 po-

383 607 473 646 pulo,
491 607 585 638 habet
608 609 647 638 ab
671 609 836 648 episcopo.
861 608 923 639 Sed
940 618 976 637 ex
993 608 1045 637 illa
1068 611 1224 646 potestate
1248 611 1353 646 potest
1370 615 1447 635 con-

384 650 556 682 fessionem
586 652 704 682 audire.
736 653 821 692 Ergo
846 658 876 682 et
900 651 1010 681 eadem
1040 651 1162 680 ratione
1196 650 1276 680 alius
1304 650 1356 680 cui
1381 650 1447 689 epi-

383 705 501 735 scopus
524 702 714 736 potestatem
739 696 895 726 concedit.

437 740 626 770 Ruspommo
650 750 809 770 DICENDUM
833 739 921 778 quod
944 737 1091 768 sacerdos
1121 738 1235 777 aliquis
1258 743 1365 778 potest
1389 737 1447 768 du-

383 783 506 823 pliciter
537 784 683 824 impediri
714 794 754 813 ne
785 784 916 813 alicuius
950 781 1187 812 confessionem
1219 782 1344 812 audiat:
1378 792 1446 812 uno

382 828 493 864 modo,
510 834 640 868 propter
656 827 816 857 defectum
839 826 1084 862 iurisdictionis;
1109 826 1172 857 alio
1187 826 1299 861 modo.
1316 832 1445 867 propter

382 872 648 912 impedimentum
677 872 872 901 executionis
901 870 1036 906 ordinis,
1065 871 1147 901 sicut
1177 872 1447 902 excommunicati

382 922 413 946 et
436 916 593 955 degradati
617 921 647 945 et
670 915 864 945 huiusmodi.
894 914 1102 954 Quicumque
1125 920 1233 945 autem
1256 915 1446 946 iurisdictio-

381 970 455 990 nem
472 961 575 995 habet,
593 965 697 999 potest
721 968 756 988 ea
780 969 863 998 quae
885 964 960 989 sunt
983 958 1210 990 iurisdictionis
1233 961 1444 990 committere.

381 1004 421 1033 Et
443 1003 527 1039 ideo,
544 1004 569 1033 si
593 1003 706 1042 aliquis
730 1002 922 1043 impediatur
945 1002 1035 1043 quod
1058 1003 1185 1034 alterius
1208 1003 1446 1034 confessionem

380 1047 487 1078 audire
510 1057 577 1077 non
600 1047 701 1086 possit
723 1056 780 1086 per
802 1047 1028 1078 iurisdictionis
1057 1047 1233 1084 defectum,
1257 1054 1364 1088 potest
1386 1049 1445 1078 sibi

379 1101 435 1131 per
451 1100 689 1130 quemcumque
713 1091 965 1122 iurisdictionem
989 1092 1160 1122 habentem
1178 1093 1396 1124 immediatam
1411 1093 1444 1123 in

379 1135 459 1170 illos,
485 1135 641 1165 committi
666 1135 755 1174 quod
778 1135 1015 1166 confessionem
1040 1135 1147 1166 audiat
1163 1142 1194 1166 et
1209 1137 1361 1173 absolvat,
1379 1138 1444 1167 sive

378 1189 434 1219 per
449 1179 554 1218 ipsum
571 1179 779 1215 sacerdotem,
792 1181 857 1210 sive
873 1189 930 1220 per
946 1181 1147 1220 episcopum,
1160 1181 1226 1211 sive
1241 1190 1298 1221 per
1313 1182 1442 1221 Papam.

378 1224 410 1254 Si
427 1229 533 1253 autem
549 1229 680 1263 propter
696 1225 893 1254 executionis
916 1224 1035 1255 ordinis
1050 1225 1319 1265 impedimentum
1335 1225 1443 1256 audire

377 1277 443 1297 non
466 1269 576 1307 possit,
593 1273 699 1307 potest
722 1269 781 1298 sibi
805 1268 940 1299 concedi
965 1269 1055 1309 quod
1078 1269 1316 1301 confessionem
1338 1270 1444 1300 audiat

378 1322 433 1351 per
456 1321 531 1342 eum
555 1313 611 1351 qui
635 1312 903 1352 impedimentum
927 1323 1092 1344 removere
1115 1319 1231 1354 potest.

430 1356 480 1385 AD
505 1367 621 1386 mummi
644 1367 727 1387 aneo
751 1367 911 1387 mmmmm
941 1357 1031 1398 quod
1058 1358 1290 1398 praeiudicium
1318 1368 1385 1388 non
1409 1357 1444 1388 fit

377 1400 470 1430 alicui
493 1401 554 1430 nisi
577 1401 606 1430 ei
629 1401 829 1432 subtrahatur
853 1401 943 1442 quod
966 1407 1013 1433 est
1035 1402 1070 1433 in
1093 1402 1236 1433 favorem
1255 1403 1323 1433 eius
1339 1402 1443 1433 indul-

376 1450 454 1474 tum.
480 1445 707 1476 Iurisdictionis
731 1451 839 1476 autem
858 1451 997 1486 potestas
1015 1456 1084 1477 non
1100 1453 1147 1478 est
1162 1448 1332 1478 commissa
1349 1447 1443 1477 alicui

376 1489 499 1519 homini
522 1490 555 1519 in
579 1489 722 1520 favorem
745 1500 850 1526 suum,
875 1490 931 1521 sed
954 1491 988 1521 in
1010 1491 1180 1522 utilitatem
1204 1492 1305 1531 plebis
1330 1497 1360 1521 et
1383 1492 1443 1521 ho-

375 1543 487 1563 norem
511 1534 581 1564 Dei.
606 1534 647 1564 Et
670 1534 754 1570 ideo,
775 1535 800 1564 si
824 1535 1041 1575 superioribus
1064 1536 1209 1576 praelatis
1234 1535 1381 1575 expedire
1396 1535 1443 1565 vi-

376 1577 486 1608 deatur
508 1578 548 1608 ad
571 1578 706 1609 salutem
729 1579 830 1618 plebis
855 1585 886 1610 et
910 1580 1068 1610 honorem
1088 1580 1149 1611 Dei
1171 1579 1441 1620 promovendum,

375 1622 464 1661 quod
488 1622 554 1652 aliis
579 1632 661 1662 quae
683 1628 756 1653 sunt
772 1623 998 1654 iurisdictionis
1022 1626 1233 1660 committant,
1250 1625 1283 1654 in
1299 1625 1390 1654 nullo
1406 1623 1443 1655 fit

374 1666 605 1706 praeiudicium
628 1667 831 1698 inferioribus
854 1668 1018 1708 praelatis:
1043 1669 1103 1699 nisi
1126 1669 1186 1699 illis
1210 1670 1266 1708 qui
1282 1674 1444 1709 quaerunt

374 1720 456 1752 quae
478 1721 539 1741 sua
561 1717 645 1748 sunt,
664 1722 728 1742 non
752 1722 835 1752 quae
858 1713 932 1743 Iesu
951 1713 1071 1743 Christi
1087 1714 1113 1749 *,
1131 1719 1162 1743 et
1178 1714 1233 1753 qui
1249 1714 1335 1753 gregi
1352 1723 1442 1753 prae-

374 1761 457 1792 sunt,
483 1765 547 1786 non
574 1761 609 1786 ut
631 1766 685 1787 eos
703 1762 852 1797 pascant,
876 1757 933 1788 sed
955 1762 991 1788 ut
1013 1758 1053 1788 ab
1076 1758 1121 1788 eis
1138 1763 1321 1798 pascantur
1335 1759 1361 1788 ἢ

427 1800 478 1830 Ar>
510 1810 672 1831 SECUNDUM
707 1810 866 1831 DicaNnUM
901 1801 990 1842 quod
1024 1808 1127 1832 rector
1162 1802 1314 1833 ecclesiae
1348 1801 1443 1833 debet

374 1845 496 1875 vultum
515 1845 645 1885 pecoris
668 1846 719 1875 sui
738 1855 935 1887 cognoscere
958 1846 1136 1886 dupliciter.
1162 1847 1236 1877 Uno
1257 1846 1368 1883 modo,
1385 1856 1442 1887 per

374 1889 543 1919 sollicitam
573 1891 735 1920 exterioris
767 1891 1017 1921 conversationis
1048 1890 1353 1927 considerationem,
1378 1900 1442 1931 qua

374 1934 536 1973 invigilare
560 1934 654 1964 debet
678 1944 774 1974 super
796 1944 926 1974 gregem
949 1935 1008 1965 sibi
1032 1936 1251 1966 commissum.
1277 1936 1317 1966 Et
1332 1936 1365 1966 in
1381 1936 1442 1966 hac

1559 475 1593 505 Si
1615 481 1724 506 tamen
1746 476 1862 506 iterum
1886 476 2032 507 confiteri
2055 482 2225 515 teneretur,
2245 489 2313 510 non
2334 479 2449 510 frustra
2464 481 2569 520 primo

1504 518 1670 549 confessus
1693 519 1821 550 fuisset:
1847 520 1923 560 quia
1946 526 2068 560 quanto
2092 522 2237 561 pluribus
2256 523 2472 555 sacerdotibus
2492 534 2570 555 con·

1502 562 1610 593 fitetur
1637 564 1723 603 quis,
1747 569 1836 594 tanto
1865 564 1938 604 plus
1966 564 2006 595 de
2034 575 2140 605 poena
2166 567 2336 597 remittitur
2359 568 2407 603 ei;
2437 573 2508 598 tum
2531 577 2570 599 ex

1503 607 1722 638 erubescentia
1748 607 1975 645 confessionis,
2001 618 2084 649 quae
2106 610 2141 640 in
2163 619 2304 650 poenam
2331 611 2570 643 satisfactoriam

1464 659 1488 673 ιο
1503 657 1726 691 computatum
1751 657 1821 682 tum
1845 662 1883 682 ex
1907 653 1937 682 vi
1961 653 2109 684 clavium.
2133 654 2227 685 Unde
2250 656 2344 685 toties
2367 661 2476 695 posset
2491 665 2569 686 con-

1502 694 1583 725 fiteri
1600 695 1690 735 quod
1705 696 1743 726 ab
1760 697 1848 727 omni
1866 705 1972 736 poena
1987 697 2171 728 liberaretur
2187 699 2213 735 ἦ.
2237 699 2306 729 Nec
2321 700 2479 730 reiteratio
2495 698 2570 730 facit
2597 707 2608 717 ·
2626 706 2661 729 ef.
2684 713 2722 735 qu.
2742 714 2808 734 xvm.

1501 739 1650 770 iniuriam
1673 746 1883 776 sacramento,
1899 742 1961 771 nisi
1978 741 2024 772 illi
2039 742 2073 772 in
2089 751 2156 782 quo
2173 742 2379 774 sanctificatio
2404 743 2570 774 adhibetur
2597 737 2639 755 ω·
2653 739 2674 760 ²¹
2689 734 2718 755 *ἀ
2731 741 2754 761 ⁴·

1501 784 1552 814 vel
1575 794 1632 824 per
1655 785 1841 815 characteris
1865 785 2120 825 impressionem,
2137 787 2188 817 vel
2203 796 2261 827 per
2283 788 2432 818 materiae
2457 797 2570 818 conse-

1502 829 1695 859 crationem:
1721 838 1861 869 quorum
1884 835 2035 860 neutrum
2059 836 2106 860 est
2120 831 2153 861 in
2169 831 2377 871 poenitentia.
2401 831 2496 862 Unde
2511 831 2570 862 bo-

1462 881 1484 900 15
1501 882 1581 902 num
1605 878 1652 903 est
1674 873 1764 913 quod
1787 874 1839 904 ille
1863 874 1921 914 qui
1948 875 2135 905 auctoritate
2165 876 2309 915 episcopi
2332 875 2569 906 confessionem

1501 917 1598 953 audit,
1622 917 1753 948 inducat
1776 917 1984 949 confitentem
2001 918 2091 959 quod
2107 919 2298 950 confiteatur
2319 921 2451 960 proprio
2468 929 2569 950 sacer-

1501 961 1579 991 doti.
1603 962 1703 1000 Quod
1726 962 1752 992 si
1775 962 1926 999 noluerit,
1942 963 2152 994 nihilominus
2177 973 2253 994 eum
2275 964 2440 995 absolvere
2464 963 2567 995 debet.

1588 1027 1687 1058 ART.
1712 1028 1765 1058 VI.
1793 1038 1898 1058 urium
1920 1039 1952 1059 m
1976 1039 2046 1059 rma
2069 1040 2161 1060 vrrAn
2185 1040 2354 1061 POENITENS
2377 1040 2480 1061 Possm·

1754 1083 1773 1102 A
1798 1082 1953 1103 anonam
1977 1083 2157 1104 sAcnanorn
2180 1084 2310 1106 Ansolm

1545 1131 1578 1152 IV
1592 1131 1668 1158 ΒΜΔ,
1683 1131 1736 1153 dist.
1752 1138 1815 1159 xviu,
1844 1138 1884 1160 qu.
1900 1138 1923 1158 n,
1938 1135 1980 1155 an.
1994 1138 2014 1160 5,
2031 1133 2076 1161 qu*
2092 1140 2115 1159 ις
2130 1133 2184 1156 dist.
2199 1140 2247 1160 xix,
2262 1140 2301 1162 qu.
2317 1140 2333 1161 ι,
2347 1138 2390 1157 art.
2403 1141 2424 1163 3,
2440 1135 2484 1162 qu·
2500 1142 2519 1158 ι.

1500 1192 1584 1255 ΑΙ)
1615 1192 1735 1212 SEXTUM
1757 1192 1803 1212 s1c
1833 1192 2039 1213 PRocantm.
2069 1183 2202 1214 Videtur
2226 1184 2315 1224 quod
2341 1185 2376 1215 in
2398 1184 2462 1216 fine
2486 1186 2568 1216 vitae

1563 1227 1733 1266 poenitens
1765 1236 1835 1257 non
1866 1227 1967 1266 possit
2003 1237 2021 1257 a
2056 1227 2202 1267 quolibet
2233 1228 2396 1259 sacerdote
2433 1229 2566 1260 absolvi.

1498 1270 1584 1308 Quia
1607 1270 1647 1301 ad
1670 1270 1908 1301 absolutionem
1930 1272 2102 1311 requiritur
2124 1272 2230 1312 aliqua
2252 1272 2440 1309 iurisdictio,
2461 1278 2498 1304 ut
2521 1273 2568 1304 di-

1459 1325 1481 1344 25
1499 1320 1587 1344 ctum
1604 1320 1651 1345 est
1666 1316 1693 1345 ἢ
1718 1314 1782 1346 Sed
1797 1315 1944 1346 sacerdos
1959 1325 2028 1346 non
2043 1316 2178 1356 acquirit
2199 1316 2454 1348 iurisdictionem
2472 1327 2568 1358 super
2594 1326 2605 1337 ·

1498 1359 1589 1389 illum
1613 1360 1669 1399 qui
1692 1360 1725 1390 in
1749 1359 1814 1390 fine
1837 1360 1992 1399 poenitet.
2016 1359 2102 1400 Ergo
2126 1370 2194 1391 non
2217 1366 2324 1400 potest
2347 1370 2422 1392 eum
2445 1362 2480 1392 in
2502 1361 2567 1392 fine

1498 1403 1672 1434 absolvere.

1555 1457 1584 1477 2.
1608 1447 1805 1484 Plurimum,
1822 1448 1876 1479 ille
1892 1449 1948 1488 qui
1964 1453 2198 1479 sacramentum
2219 1449 2368 1489 baptismi
2383 1450 2418 1480 in
2433 1450 2567 1481 arficulo

1497 1493 1609 1522 mortis
1633 1492 1671 1522 ab
1696 1492 1759 1522 alio
1783 1502 1882 1532 quam
1905 1494 2037 1533 proprio
2060 1492 2224 1524 sacerdote
2247 1494 2369 1534 recipit,
2385 1503 2454 1525 non
2473 1493 2568 1526 debet

1459 1546 1483 1565 ³⁰
1498 1545 1516 1566 a
1538 1537 1670 1576 proprio
1695 1536 1858 1567 sacerdote
1882 1538 1998 1568 iterum
2021 1538 2183 1578 baptizari.
2207 1537 2240 1568 Si
2262 1547 2338 1578 ergo
2362 1538 2497 1578 quilibet
2517 1548 2566 1570 sa-

1497 1580 1610 1611 cerdos
1633 1581 1666 1611 in
1690 1581 1824 1612 articulo
1848 1582 1960 1612 mortis
1983 1587 2092 1622 posset
2114 1582 2278 1612 absolvere
2297 1592 2316 1612 a
2331 1582 2477 1622 quolibet
2491 1592 2567 1623 pec-

1498 1630 1580 1660 cat0,
1604 1635 1672 1655 non
1696 1625 1825 1656 deberet
1847 1626 2028 1666 poenitens,
2052 1627 2079 1656 si
2102 1625 2216 1662 evadit,
2238 1626 2279 1657 ad
2301 1636 2398 1658 suum
2420 1627 2568 1658 sacerdo-

1496 1674 1563 1699 tem
1585 1679 1757 1700 recurrere.
1781 1669 1881 1708 Quod
1903 1669 2019 1701 falsum
2043 1676 2107 1702 est:
2133 1671 2208 1711 quia
2231 1671 2306 1702 alias
2329 1671 2475 1702 sacerdos
2498 1681 2565 1703 non

1496 1713 1627 1744 haberet
1649 1714 1868 1756 cognitionem
1891 1714 1931 1745 de
1953 1715 2044 1746 vultu
2061 1715 2192 1756 pecoris
2213 1715 2266 1746 sui
2280 1716 2307 1745 *-

1553 1757 1583 1788 3.
1608 1758 1804 1795 Prummu,
1829 1759 1863 1789 in
1885 1759 2019 1790 articulo
2043 1760 2165 1796 mortis,
2190 1760 2272 1790 sicut
2294 1759 2368 1790 licet
2391 1759 2496 1790 alieno
2517 1769 2565 1791 sa-

1497 1801 1619 1832 cerdoti
1642 1803 1819 1843 baptizare,
1843 1804 1886 1834 ita
1909 1809 1941 1834 et
1963 1803 2213 1834 non-sacerdoti.
2249 1803 2312 1835 Sed
2334 1803 2566 1835 non-sacerdos

1496 1855 1665 1886 nunquam
1687 1853 1795 1887 potest
1813 1847 1977 1878 absolvere
1999 1849 2032 1878 in
2057 1847 2128 1878 foro
2148 1848 2378 1888 poenitentiali.
2402 1848 2488 1888 Ergo
2504 1858 2565 1879 nec

1496 1891 1644 1921 sacerdos
1659 1891 1693 1921 in
1709 1892 1844 1922 articulo
1866 1893 1979 1922 mortis
2003 1902 2079 1923 eum
2100 1893 2156 1932 qui
2171 1902 2239 1923 non
2256 1897 2303 1922 est
2325 1892 2385 1923 sibi
2407 1892 2564 1924 subditus.

1551 1935 1614 1966 Sim
1639 1945 1772 1972 con-rm,
1796 1934 1967 1966 necessitas
1990 1937 2159 1977 spiritualis
2183 1941 2230 1966 est
2252 1937 2356 1967 maior
2379 1945 2477 1977 quam
2495 1946 2567 1968 cor-

374 1979 558 2017 cognitione
582 1988 649 2008 non
674 1984 802 2018 oportet
831 1979 922 2019 quod
950 1979 1056 2010 credat
1086 1980 1210 2016 subito,
1235 1980 1290 2010 sed
1314 1980 1442 2010 certitu·
1456 1992 1482 2012 40
1495 1980 1623 2020 poralis.
1657 1979 1720 2011 Sed
1746 1980 1861 2020 aliquis
1883 1981 1917 2010 in
1940 1981 2128 2011 necessitate
2155 1981 2268 2011 ultima
2295 1986 2402 2021 potest
2428 1981 2567 2012 aliorum

374 2022 481 2052 dinem
505 2022 589 2059 facti,
606 2023 799 2063 inquantum
823 2029 939 2063 potest,
955 2025 1104 2064 inquirat.
1121 2043 1143 2046 —
1158 2025 1233 2054 Alio
1257 2024 1367 2061 modo,
1385 2034 1442 2065 per

373 2066 583 2097 confessionis
607 2066 908 2098 manifestationem.
933 2068 974 2098 Et
997 2074 1153 2108 quantum
1170 2068 1209 2099 ad
1225 2069 1307 2099 hanc
1331 2070 1441 2109 cogni-

373 2111 505 2147 tionem,
530 2121 597 2142 non
621 2117 727 2152 potest
750 2113 905 2142 maiorem
929 2113 1151 2143 certitudinem
1175 2114 1318 2153 accipere
1343 2123 1441 2154 quarn

372 2161 408 2185 ut
431 2155 558 2187 subdito
589 2156 712 2187 credat:
743 2157 820 2196 quia
846 2157 909 2187 hoe
938 2163 985 2187 est
1013 2157 1051 2187 ad
1079 2157 1334 2188 subveniendum
1363 2168 1440 2188 con-

373 2200 522 2230 scientiae
545 2201 654 2240 ipsius.
679 2200 773 2232 Unde
789 2201 823 2231 in
838 2200 910 2232 foro
927 2201 1137 2232 confessionis
1162 2202 1299 2233 creditur
1316 2203 1441 2234 homini

373 2250 404 2274 et
427 2254 486 2284 pro
510 2254 543 2275 se
568 2251 599 2275 et
622 2251 733 2275 contra
756 2255 808 2276 se:
832 2255 900 2276 non
924 2251 1031 2276 autem
1055 2247 1088 2276 in
1114 2246 1183 2276 foro
1208 2247 1370 2277 exterioris
1392 2247 1441 2278 iu-

373 2288 456 2319 dicii.
490 2289 530 2319 Et
553 2289 627 2320 ideo
651 2289 691 2320 ad
714 2290 796 2320 hanc
820 2290 1040 2330 cognitionem
1071 2290 1186 2321 sufficit
1216 2291 1306 2331 quod
1335 2291 1441 2322 credat

373 2333 500 2364 subdito
525 2333 642 2364 dicenti
659 2344 692 2364 se
709 2334 796 2364 alteri
820 2334 984 2365 absolvere
1000 2335 1116 2365 valenti
1132 2334 1228 2366 fuisse
1245 2334 1440 2366 confessum.

373 2378 414 2408 Et
436 2378 480 2408 sic
504 2384 590 2417 patet
619 2378 708 2418 quod
736 2379 805 2409 talis
834 2379 977 2419 cognitio
1005 2380 1130 2419 pecoris
1158 2389 1215 2419 per
1238 2380 1441 2420 privilegium

373 2422 467 2452 alicui
494 2422 655 2453 indultum
683 2422 722 2453 de
746 2422 949 2454 confessione
977 2424 1135 2454 audienda
1162 2434 1230 2454 non
1258 2425 1440 2465 impeditur.

427 2467 478 2496 An
502 2477 637 2497 ‘ram-mm
660 2477 821 2497 monimum
849 2468 939 2507 quod
961 2469 1191 2499 inconveniens
1221 2475 1303 2500 esset
1325 2470 1350 2499 si
1374 2469 1440 2500 duo

374 2511 546 2551 aequaliter
569 2521 665 2552 super
689 2511 824 2542 eandem
846 2512 975 2552 plebem
1000 2513 1242 2543 constituantur.
1267 2513 1330 2544 Sed
1352 2513 1442 2553 quod

374 2555 439 2586 duo
470 2565 611 2596 quorum
642 2566 726 2586 unus
757 2557 819 2587 alio
853 2557 1059 2597 principalior
1092 2563 1155 2593 est,
1180 2567 1275 2597 super
1306 2558 1441 2588 eandem

373 2600 500 2639 plebem
525 2601 768 2637 constituantur,
785 2610 853 2631 non
873 2607 919 2632 est
934 2602 1174 2632 inconveniens.
1199 2603 1240 2632 Et
1263 2602 1441 2633 secundum

374 2645 450 2680 hoc,
478 2655 574 2685 super
601 2645 737 2676 eandem
764 2645 893 2685 plebem
921 2645 1104 2676 immediate
1133 2652 1207 2676 sunt
1236 2652 1267 2677 et
1294 2646 1441 2677 sacerdos

374 2690 572 2728 parochialis,
590 2695 621 2719 et
637 2690 818 2730 episcopus,
836 2696 868 2720 et
882 2691 984 2730 Papa:
1006 2696 1036 2720 et
1052 2691 1187 2730 quilibet
1207 2700 1319 2721 eorum
1336 2696 1441 2731 potest

375 2743 411 2763 ea
428 2743 509 2773 quae
527 2739 599 2764 sunt
615 2734 840 2765 iurisdictionis
857 2734 896 2765 ad
912 2736 1018 2774 ipsum
1035 2736 1225 2775 pertinentia
1248 2735 1336 2765 alteri
1353 2745 1442 2766 com-

375 2778 508 2808 mittere.
533 2797 556 2800 —
579 2778 642 2809 Sed
669 2779 695 2809 si
719 2779 864 2819 superior
887 2780 1076 2815 committat,
1101 2780 1157 2819 qui
1180 2785 1211 2809 et
1233 2780 1440 2820 principalior

375 2828 430 2858 est,
455 2822 622 2862 dupliciter
645 2828 752 2863 potest
774 2824 985 2854 committere.
1010 2824 1075 2854 Aut
1098 2825 1140 2854 ita
1164 2823 1254 2864 quod
1277 2834 1353 2854 eum
1372 2825 1442 2855 vice

1495 2024 1590 2054 rebus
1614 2025 1671 2060 uti,
1697 2025 1792 2055 etiam
1815 2025 1921 2055 invitis
1945 2024 2094 2062 dominis,
2111 2025 2151 2056 ad
2169 2024 2426 2056 subveniendum
2449 2034 2566 2066 corpo-

1496 2068 1553 2098 rali
1567 2069 1757 2100 necessitati.
1771 2069 1856 2109 Ergo
1873 2074 1905 2100 et
1919 2070 1953 2100 in
1969 2069 2103 2100 articulo
2119 2070 2241 2106 mortis,
2254 2069 2294 2100 ad
2309 2069 2566 2101 subveniendum

1496 2113 1650 2153 spirituali
1674 2114 1869 2150 necessitati,
1893 2119 2000 2154 potest
2023 2124 2041 2144 a
2063 2123 2131 2144 non
2154 2123 2214 2144 suo
2242 2113 2406 2144 sacerdote
2432 2114 2564 2145 absolvi.

1552 2166 1582 2187 2.
1607 2157 1813 2194 Prummu,
1847 2158 1887 2188 ad
1918 2157 2005 2189 idem
2037 2164 2112 2189 sunt
2144 2158 2347 2189 auctoritates
2377 2159 2502 2199 positae
2531 2159 2564 2190 in

1455 2219 1478 2238 ⁴5
1495 2201 1598 2232 littera
1613 2203 1640 2232 *.

1550 2246 1740 2277 Rsssponnno
1765 2256 1925 2277 mmmmm
1949 2246 2039 2287 quod
2062 2247 2196 2287 quilibet
2219 2246 2383 2283 sacerdos,
2407 2252 2565 2287 quantum

1496 2296 1543 2320 est
1566 2290 1605 2320 de
1630 2291 1745 2321 virtute
1773 2291 1929 2327 clavium,
1953 2292 2048 2322 habet
2075 2296 2267 2331 potestatem
2293 2291 2508 2322 indifferenter
2530 2291 2565 2322 in

1496 2344 1625 2370 omnes,
1650 2340 1681 2365 et
1709 2341 1867 2375 quantum
1895 2335 1935 2366 ad
1963 2336 2072 2366 omnia
2104 2341 2262 2376 peccatur
2286 2335 2342 2366 sed
2374 2335 2464 2376 quod
2495 2345 2564 2366 non

1495 2379 1596 2419 possit
1620 2389 1733 2410 omnes
1757 2380 1796 2410 ab
1820 2380 1971 2410 omnibus
1994 2381 2132 2420 peccatis
2156 2380 2331 2416 absolvere,
2347 2381 2410 2411 hoc
2426 2386 2473 2411 est
2489 2381 2565 2420 quia

1456 2439 1482 2459 ,ο
1495 2433 1552 2463 per
1568 2423 1803 2454 ordinationem
1819 2424 1980 2455 Ecclesiae
2003 2425 2100 2455 habet
2118 2424 2371 2455 iurisdictionem
2386 2425 2564 2461 limitatam,

1496 2468 1547 2498 vel
1569 2469 1706 2499 omnino
1729 2468 1852 2498 nullam
1875 2469 1979 2500 habet.
2004 2468 2067 2500 Sed
2091 2469 2166 2509 quia
2191 2469 2362 2500 necessitas
2377 2469 2481 2510 legem
2498 2478 2564 2500 non

1494 2512 1589 2543 habet
1603 2513 1635 2549 ⁴*,
1659 2512 1748 2549 ideo,
1773 2512 1904 2553 quando
1927 2514 2122 2544 necessitatis
2149 2513 2299 2544 articulus
2321 2514 2483 2550 imminet,
2507 2522 2565 2554 per

1496 2557 1657 2588 Ecclesiae
1681 2557 1916 2588 ordinationem
1931 2567 2000 2588 non
2015 2557 2188 2598 impeditur
2209 2558 2289 2598 quin
2309 2558 2473 2588 absolvere
2489 2567 2565 2598 pos-

1495 2602 1544 2638 sit,
1562 2611 1600 2632 ex
1608 2611 1683 2641 quo
1707 2602 1802 2632 habet
1825 2601 1939 2638 claves,
1964 2602 2060 2632 etiam
2083 2602 2366 2633 sacramentaliter:
2393 2607 2424 2633 et
2438 2607 2564 2633 tantum

1457 2660 1479 2680 ςς
1496 2646 1705 2686 consequitur
1728 2655 1766 2676 ex
1790 2646 1993 2677 absolutione
2016 2646 2144 2677 alterius
2166 2647 2249 2677 sicut
2271 2647 2299 2677 si
2321 2657 2340 2677 a
2361 2647 2493 2687 proprio
2516 2655 2565 2678 sa-

1497 2690 1626 2721 cerdote
1650 2690 1875 2721 absolveretur.
1899 2691 1968 2721 Nec
1991 2691 2098 2721 solum
2122 2701 2140 2721 a
2162 2691 2302 2731 peccatis
2323 2696 2402 2722 tunc
2425 2696 2532 2731 potest
2545 2699 2564 2721 a

1496 2735 1642 2774 quolibet
1669 2734 1833 2766 sacerdote
1862 2735 1999 2771 absolvi,
2029 2735 2085 2766 sed
2113 2735 2209 2766 etiam
2236 2735 2276 2765 ab
2305 2735 2565 2766 excommunica-

1495 2780 1594 2816 tione,
1619 2789 1637 2809 a
1660 2788 1871 2820 quocumque
1894 2779 1934 2810 sit
1956 2779 2028 2810 lata.
2056 2779 2097 2810 Et
2119 2779 2198 2810 haec
2221 2780 2382 2810 absolutio
2405 2780 2501 2810 etiam
2524 2778 2564 2810 ad

1495 2823 1749 2854 iurisdictionem
1772 2824 1920 2864 pertinet,
1937 2833 2020 2864 quae
2035 2833 2093 2864 per
2107 2823 2212 2864 legem
2227 2823 2437 2855 ordinationis
2452 2823 2563 2854 Eccle-

375 2867 423 2896 sui
447 2867 634 2897 constituat:
667 2868 749 2898 sicut
771 2867 857 2907 Papa
881 2874 912 2898 et
935 2869 1107 2908 episcopus
1130 2878 1206 2898 suos
1229 2869 1441 2908 poenitentia·
1455 2880 1482 2900 ⁶0
1496 2869 1559 2898 siae
1583 2873 1771 2898 coarctatur.

375 2911 438 2940 rios
462 2912 669 2942 constituunt.
695 2912 735 2942 Et
758 2917 835 2942 tunc
859 2913 928 2942 talis
950 2918 996 2943 est
1011 2913 1217 2952 principalior
1241 2921 1338 2952 quam
1361 2912 1442 2943 infe-

376 2955 439 2984 rior
454 2956 620 2994 praelatus‚
637 2957 718 2986 sicut
737 2957 1000 2996 poenitentiarius
1023 2957 1128 2997 Papae
1145 2966 1242 2996 quam
1259 2957 1440 2997 episcopus,

378 3004 408 3028 et
430 3000 691 3038 poenitentiarius
715 3001 859 3041 episcopi
884 3011 981 3041 quam
1005 3001 1152 3032 sacerdos
1180 3002 1385 3041 parochialis:
1411 3007 1442 3032 et

377 3043 475 3082 magis
499 3049 622 3074 tenetur
646 3045 675 3074 ei
699 3045 855 3075 confitens
879 3045 1019 3076 obedire.
1043 3063 1066 3068 -
1088 3045 1162 3076 Alio
1186 3045 1297 3081 modo,
1315 3051 1350 3076 ut
1366 3055 1441 3076 eum

1550 2913 1601 2942 An
1626 2922 1743 2942 ramum
1766 2922 1849 2942 zano
1873 2922 2034 2942 mmmmm
2057 2911 2148 2952 quod
2174 2912 2288 2952 aliquis
2315 2917 2422 2952 potest
2443 2913 2491 2942 uti
2513 2912 2563 2942 iu-

1496 2956 1679 2987 risdictione
1702 2957 1830 2987 alterius
1853 2966 1892 2986 ex
1915 2957 1983 2987 eius
2006 2956 2189 2987 voluntate:
2215 2956 2290 2996 quia
2313 2966 2350 2987 ea
2373 2965 2456 2996 quae
2471 2956 2563 2987 iuris·

1496 3000 1645 3031 dictionis
1667 3006 1742 3031 sunt
1765 3001 1924 3030 committi
1946 3006 2091 3040 possunt.
2119 2999 2223 3036 Unde,
2247 3000 2323 3040 quia
2346 3000 2488 3031 Ecclesia
2511 3009 2564 3031 ac·

1496 3050 1602 3085 ceptat
1634 3050 1670 3075 ut
1697 3044 1831 3084 quilibet
1863 3044 2010 3075 sacerdos
2044 3044 2208 3075 absolvere
2239 3045 2340 3084 possit
2366 3045 2400 3075 in
2429 3044 2562 3076 articulo

378 3086 596 3118 coadiutorem
620 3089 702 3119 illius
727 3089 896 3120 sacerdotis
920 3091 1102 3120 constituat.
1127 3090 1167 3120 Et
1184 3090 1259 3130 quia
1275 3089 1442 3120 coadiutor
1455 3100 1479 3126 ες
1495 3090 1618 3125 mortis,
1641 3088 1715 3119 ideo
1739 3098 1777 3119 ex
1801 3089 1864 3119 hoc
1887 3089 1958 3128 ipso
1983 3089 2055 3128 quis
2078 3098 2174 3119 usum
2201 3087 2428 3119 iurisdictionis
2457 3089 2562 3125 habet,

379 3130 541 3160 ordinatur
564 3132 603 3161 ad
627 3142 701 3162 eum
725 3134 774 3163 cui
800 3134 967 3164 coadiutor
991 3134 1092 3170 datur,
1113 3133 1188 3164 ideo
1212 3133 1380 3165 coadiutor
1395 3139 1442 3165 est

379 3175 484 3204 minus
507 3176 697 3215 principalis.
722 3177 762 3207 Et
782 3178 855 3208 ideo
879 3179 1048 3218 poenitens
1071 3188 1140 3209 non
1162 3184 1288 3209 tantum
1311 3177 1442 3210 obedire

379 3224 504 3248 tenetur
527 3219 555 3248 ei
580 3226 735 3258 quantum
759 3223 889 3261 proprio
913 3223 1078 3253 sacerdoti.

434 3263 484 3292 An
510 3273 656 3293 QUARTUM
688 3274 845 3295 mensuum
878 3267 967 3306 quod
999 3268 1107 3298 nullus
1138 3273 1264 3298 tenetur
1296 3266 1442 3298 confiteri

1497 3134 1642 3173 quamvis
1666 3132 1884 3164 iurisdictione
1908 3138 2021 3163 careat.

1551 3178 1602 3208 An
1619 3187 1781 3208 ssscmmun
1804 3186 1964 3207 mens-mm
1980 3176 2070 3217 quod
2085 3186 2152 3207 non
2169 3182 2298 3217 oportet
2312 3186 2388 3207 eum
2403 3186 2564 3208 recurrere

1496 3222 1536 3253 ad
1558 3222 1726 3262 proprium
1749 3220 1948 3252 sacerdotem
1970 3227 2006 3251 ut
2026 3221 2142 3252 iterum
2165 3231 2183 3252 a
2206 3222 2344 3261 peccatis
2367 3221 2519 3258 solvatur,
2546 3231 2564 3252 a

1497 3267 1615 3307 quibus
1630 3267 1663 3296 in
1679 3265 1813 3296 articulo
1829 3266 1940 3296 mortis
1956 3265 2121 3297 absolutus
2137 3271 2202 3296 est:
2222 3265 2278 3296 sed
2289 3271 2326 3296 ut
2340 3266 2519 3296 innotescat
2534 3266 2564 3297 ei

379 3312 509 3346 peccata
532 3316 613 3346 quae
637 3317 703 3337 non
727 3309 829 3339 habet.
854 3310 894 3339 Et
916 3311 999 3347 ideo,
1017 3312 1042 3341 si
1058 3312 1171 3351 aliquis
1195 3311 1441 3352 poenitentiario
1456 3326 1483 3347 7⁰
1497 3310 1587 3351 quod
1603 3315 1649 3341 est
1664 3310 1838 3340 absolutus.
1855 3327 1877 3332 -
1892 3309 1961 3340 Nec
1983 3309 2126 3340 similiter
2149 3315 2277 3350 oportet
2293 3309 2383 3350 quod
2398 3310 2563 3341 absolutus

381 3351 539 3390 episcopi,
564 3351 614 3380 vel
642 3351 729 3381 alteri
757 3353 795 3381 ab
824 3354 976 3393 episcopo
1006 3356 1268 3386 commissionem
1296 3356 1440 3392 habenti,

381 3394 545 3424 confessus
573 3394 683 3431 fuerit,
708 3405 782 3425 cum
806 3397 867 3426 sint
890 3399 949 3427 sibi
972 3398 1099 3429 dimissa
1126 3405 1256 3439 peccata
1279 3406 1310 3430 et
1334 3400 1442 3440 quoad

380 3439 486 3468 Deum
510 3444 541 3468 et
565 3438 671 3478 quoad
694 3439 879 3476 Ecclesiam,
903 3451 969 3471 non
993 3448 1117 3473 tenetur
1141 3443 1286 3473 confiteri
1309 3445 1441 3484 proprio

381 3482 553 3515 sacerdoti.
585 3489 884 3523 quantumcumque
907 3491 1002 3523 petat.
1036 3486 1098 3516 Sed
1126 3493 1256 3526 propter
1288 3493 1442 3518 statutum

1497 3356 1536 3386 ab
1552 3355 1887 3386 excommunicatione
1902 3353 1943 3384 ad
1956 3353 2097 3385 iudicem
2113 3353 2215 3390 vadat,
2233 3355 2289 3394 qui
2305 3354 2380 3385 alias
2399 3354 2564 3385 absolvere

1496 3400 1663 3440 potuisset,
1680 3398 1918 3429 absolutionem
1939 3403 2062 3438 petens,
2079 3398 2135 3429 sed
2150 3398 2399 3429 satisfactionem
2415 3398 2563 3430 offerens.

1552 3444 1602 3474 An
1631 3453 1766 3474 'runi-nm
1793 3452 1953 3473 meimmm
1982 3442 2072 3483 quod
2103 3443 2280 3483 baptismus
2307 3443 2404 3474 habet
2430 3453 2468 3474 ex
2494 3443 2564 3484 ipsa

1497 3487 1747 3518 sanctificatione
1770 3488 1920 3518 materiae
1943 3486 2135 3518 efficaciam:
2161 3493 2192 3518 et
2214 3487 2300 3524 ideo,
2317 3497 2335 3518 a
2353 3496 2563 3527 quocumque

381 3527 541 3557 Ecclesiae
560 3526 599 3557 de
616 3526 817 3558 confessione
842 3527 983 3558 facienda
1002 3530 1138 3569 proprio
1162 3531 1323 3561 sacerdoti
1345 3533 1442 3563 semel
1455 3547 1480 3567 75
1498 3532 1679 3563 conferatur
1701 3532 1807 3568 alicui,
1831 3531 1884 3562 ille
1907 3537 2142 3562 sacramentum
2164 3533 2286 3572 recipit.
2311 3531 2374 3563 Sed
2396 3532 2443 3562 vis
2462 3541 2563 3562 sacra-

2670 275 2692 297 p.
2717 269 2800 292 Omm'e

2599 295 2736 323 utriusque,
2770 296 2799 318 de

2599 321 2688 353 poenit.
2711 324 2734 343 el
2753 322 2796 344 Re-

2598 354 2663 370 mus.

2598 376 2609 385 ·
2623 374 2658 396 Cf.
2675 380 2714 400 qu.
2725 380 2755 402 vt,
2768 378 2810 397 m.

2598 406 2618 429 3,
2632 401 2661 422 ad
2675 407 2695 429 3.

2619 1326 2707 1354 Αη.4.

2593 1718 2673 1742 ῬΙ-ον.
2680 1724 2732 1748 cup.
2737 1725 2805 1746 xxva.

2593 1751 2653 1768 ven.
2667 1751 2701 1776 ²3-

2592 2207 2603 2218 '
2615 2205 2652 2228 Cf.
2664 2205 2697 2228 tv
2706 2205 2782 2234 Seru„

2591 2232 2646 2281 51¹2·
2659 2238 2781 2282 δήθ’·

2590 2517 2664 2571 {⁶13¹
2663 2523 2694 2566 33
2705 2517 2804 2567 otim:

2589 2570 2769 2624 πνὺξ-εει
2788 2586 2802 2624 ι’

2590 2613 2642 2652 αρ’.
2657 2629 2688 2646 ιν.
2778 2613 2785 2620 ‘
2796 2613 2804 2625 ’
