2918 4088
28 693 46 728 L?>
95 709 108 720 ⁶
125 707 176 729 Art.
193 713 201 729 ι

35 715 36 718 ¹
236 705 308 728 rinei-

55 741 57 745 ·
94 733 148 762 pali.
164 744 175 750 -
190 732 209 755 C
219 748 225 755 .
241 739 306 756 num.

93 765 131 783 m.

14 2854 36 2859 ,
84 2837 98 2850 ·
106 2836 163 2862 10⁶.
173 2837 212 2860 eit.
220 2837 244 2860 in
254 2839 298 2860 m.

34 2878 42 2903 ',
83 2863 298 2893 &asuerum

84 2942 298 2998 meamet:

41 2995 46 3003 '
86 2995 298 3019 -OEGlou.0rd.

85 3022 160 3046 unte.
177 3028 230 3051 enp.
246 3028 286 3045 xix
291 3038 298 3051 ,

16 3031 18 3038 .
31 3042 35 3062 '5
86 3054 148 3072 ven.
163 3055 196 3077 ¹7.

990 172 1253 218 QUAESTIO
1283 171 1478 219 LXXXV,
1507 170 1800 209 ARTICULUS
1829 172 1879 208 lV

2448 172 2521 209 303

1013 321 1351 353 Commentaria
1372 319 1626 352 Cardinalis
1648 319 1849 352 Caietam

367 446 387 466 N
411 435 544 466 articulo
569 436 662 466 tertio
686 436 744 466 tria
767 435 957 466 advertenda
981 441 1163 466 occurrunt.
1188 436 1331 466 Primum
1356 441 1402 466 est

340 447 406 511 Ide
430 485 503 511 actu
526 481 759 520 poenitentiae:
793 490 833 510 an
858 481 1058 510 contineatur
1089 480 1147 510 sub
1173 480 1402 510 commutativa

334 525 463 555 iustifia.
474 543 498 547 —
509 524 696 555 Secundum
713 529 773 554 est:
791 534 831 554 an
847 525 934 554 sistat
949 525 982 554 in
995 525 1222 554 commutativa
1238 524 1366 554 iustitia.
1378 542 1401 546 —

335 569 482 600 Tertium
506 574 568 599 est:
594 578 634 599 an
653 568 763 599 reddat
785 568 919 608 aequale
942 568 1137 608 simpliciter,
1153 568 1204 598 vel
1222 567 1401 598 secundum

334 614 591 654 acceptationem
614 613 675 643 Dei
698 618 834 643 tantum.

389 658 431 688 Et
446 658 588 698 primum
612 656 745 697 quidem
767 661 900 697 propter
923 656 1069 692 Scotum,
1094 657 1161 696 qui,
1186 656 1219 686 in
1244 656 1287 686 IV
1302 656 1401 691 Sent„

334 701 405 732 dist.
422 712 484 738 ΧΠ,
509 711 563 742 qu.
580 711 603 731 11
618 702 652 737 ὓ,
679 701 790 741 posuit
817 706 925 731 actum
951 701 1169 740 poenitentiae
1201 710 1268 730 esse
1292 705 1400 730 actum

332 747 469 776 iustitiae
492 746 666 786 punitivae,
691 754 774 785 quae
795 744 999 784 distinguitur
1015 750 1126 774 contra
1141 745 1293 775 iustitiam
1310 754 1400 774 com-

332 791 530 821 mutativam.
555 790 677 820 Tenuit
697 790 784 819 enim
799 789 1023 829 poenitentem
1038 794 1074 818 ut
1089 789 1271 820 ministrum
1286 788 1401 819 iudicis

331 836 447 875 punire
470 844 514 871 se,
538 839 575 864 ut
597 834 693 874 culpa
716 833 881 863 ordinetur
903 842 961 873 per
983 842 1135 873 poenam.
1170 833 1218 863 Ac
1245 843 1302 873 per
1324 834 1399 870 hoc,

332 889 407 910 cum
430 884 519 909 actus
542 877 656 908 iudicis
679 878 718 907 sit
740 877 912 913 vindicare,
929 887 986 907 seu
1001 877 1083 908 velle
1098 877 1242 917 infligere
1258 887 1399 918 poenam

330 933 390 964 pro
413 928 558 963 peccato,
576 922 633 962 qui
648 927 695 952 est
710 926 799 952 actus
814 922 952 952 iustitiae
967 921 1188 958 vindicativae,
1205 922 1290 952 idem
1310 928 1400 953 actus

332 968 390 998 erit
412 968 445 998 in
460 967 657 1008 poenitente,
673 971 828 1006 tanquam
844 971 1023 1006 exequente
1044 971 1155 997 contra
1170 967 1312 1007 seipsum
1331 968 1399 998 vin-

331 1011 450 1043 dictam
472 1021 491 1042 a
512 1010 620 1041 iudice
643 1015 804 1041 statutam.

383 1054 571 1087 Secundum
581 1064 659 1085 vero
676 1054 812 1085 dubium
827 1060 956 1085 motum
968 1061 1016 1086 est
1026 1061 1158 1095 propter
1170 1055 1362 1086 Durandum
1372 1057 1398 1093 θ,

330 1099 401 1132 dist.
417 1111 479 1136 x1v‚
504 1105 560 1130 art.
577 1109 609 1136 11,
641 1099 697 1130 ubi
720 1100 814 1140 ponit
843 1100 1075 1139 poenitentiam
1103 1109 1172 1130 esse
1194 1100 1282 1131 idem
1309 1100 1399 1140 quod

329 1145 449 1175 iustitia
471 1144 715 1175 commutativa:
747 1144 824 1184 quia
847 1143 973 1174 ordinat
995 1145 1162 1175 hominem
1189 1144 1229 1175 ad
1251 1145 1397 1182 alterum,

329 1188 412 1220 idest
433 1189 551 1225 Deum,
575 1189 609 1218 in
631 1188 755 1218 ratione
778 1188 876 1218 debiti
898 1194 1031 1228 propter
1053 1188 1219 1219 offensam.

386 1233 534 1264 Tertium
561 1238 669 1263 autem
701 1238 850 1263 movetur
879 1239 1010 1273 propter
1033 1233 1184 1270 Scotum,
1212 1235 1268 1264 ubi
1293 1244 1397 1274 supra,

267 1281 272 1286 “
292 1292 303 1298 ·
330 1287 385 1319 qu.
398 1288 433 1308 111
447 1279 474 1314 ³,
494 1282 659 1308 tenentem
675 1276 765 1317 quod
781 1277 914 1317 aequale
931 1287 969 1308 ex
984 1283 1097 1308 natura
1111 1279 1157 1308 rei
1172 1284 1283 1318 posset
1297 1278 1397 1316 reddi,

303 1359 307 1360 ⁷
329 1321 487 1363 itaquae}
509 1331 617 1362 poena
640 1326 722 1352 esset
744 1321 885 1362 aequalis
909 1322 1039 1362 culpae:
1068 1327 1104 1352 ut
1127 1323 1171 1352 sic
1193 1323 1288 1364 culpa
1311 1323 1398 1354 suffi-

322 1363 450 1398 cienter
473 1365 638 1397 ordinetur
660 1375 718 1406 per
733 1375 884 1406 poenam.

385 1411 423 1441 11.
447 1410 500 1441 Ad
521 1410 640 1440 horum
664 1409 870 1447 evidentiam,
894 1410 1075 1441 notandum
1098 1416 1145 1441 est
1167 1411 1284 1450 primo,
1309 1411 1399 1452 quod

329 1455 454 1486 Auctor
475 1455 620 1495 loquitur
635 1453 675 1485 de
690 1455 890 1495 poenitentia
905 1460 941 1485 ut
961 1460 1009 1485 est
1030 1455 1307 1495 recompensativa
1326 1456 1397 1486 Deo
1413 1480 1416 1483 .

328 1505 395 1530 tam
409 1509 470 1540 pro
487 1499 582 1539 culpa
598 1508 696 1539 quam
711 1509 771 1539 pro
787 1509 904 1539 poena.
927 1499 1044 1530 Scotus
1059 1509 1136 1529 vero
1154 1499 1256 1530 solam
1271 1509 1398 1540 poenae

286 1556 288 1558 ·
327 1544 486 1574 rationem
509 1543 633 1574 habuit:
657 1552 718 1573 nec
738 1544 848 1583 posuit
869 1544 1102 1583 poenitentiam
1126 1543 1166 1573 ad
1188 1544 1397 1574 reconcilian-

329 1587 409 1619 dum
431 1588 539 1618 Deum
563 1587 734 1623 offensum,
759 1586 815 1618 sed
834 1586 1042 1618 solummodo
1059 1587 1099 1617 ad
1114 1587 1313 1627 puniendam
1330 1589 1398 1619 cul-

326 1640 404 1672 pam
427 1632 644 1662 commissam.

383 1675 478 1707 Unde
500 1675 628 1706 adverte
652 1674 810 1711 secundo,
836 1674 927 1715 quod
949 1675 1073 1706 Auctor
1095 1676 1205 1715 posuit
1226 1676 1397 1715 poeniten-

326 1725 394 1751 tem
416 1725 454 1750 ut
475 1720 611 1750 alterum
634 1725 814 1750 extremum
836 1724 984 1759 respectu
1007 1719 1079 1750 Dei.
1104 1719 1220 1750 Scotus
1242 1730 1320 1750 vero
1335 1730 1396 1760 po-

326 1765 391 1795 suit
412 1765 635 1805 poenitentem
658 1764 692 1795 in
714 1769 855 1804 utroque
879 1769 1041 1794 extremo:
1071 1763 1150 1794 dum
1172 1765 1266 1804 ponit
1289 1765 1397 1804 ipsum

327 1817 366 1840 ex
380 1818 446 1839 una
463 1814 553 1849 parte
571 1814 607 1839 ut
622 1809 805 1839 ministrum
819 1807 934 1838 iudicis
949 1807 1180 1844 vindicantem3
1199 1813 1230 1838 et
1246 1818 1284 1838 ex
1300 1809 1396 1839 altera

325 1858 416 1894 parte
438 1854 533 1893 ponit
554 1853 663 1893 ipsum
686 1858 723 1883 ut
744 1862 837 1883 reum
864 1853 898 1882 in
922 1861 1021 1892 quem
1044 1851 1081 1882 fit
1102 1852 1252 1889 vindicta,
1277 1854 1397 1884 consti-

325 1896 448 1928 tuendo
472 1897 698 1938 aequalitatem
721 1906 847 1937 poenae
866 1896 906 1927 ad
921 1897 1061 1937 culpam.
1085 1896 1127 1927 Et
1141 1902 1312 1937 propterea
1327 1907 1395 1928 non

327 1947 375 1973 est
396 1942 515 1973 mirum
539 1942 565 1972 si
586 1942 671 1972 varia
695 1941 846 1972 dicuntur
869 1942 908 1971 ab
931 1942 1009 1972 istis.

380 1986 503 2018 Verum
525 1987 552 2017 si
566 1985 758 2027 ‚diligentius
781 1991 986 2026 perspectum
1010 1984 1124 2022 fuerit,
1149 1990 1180 2015 et
1202 1986 1396 2026 praecipuus

1454 436 1671 475 poenitentiae
1696 441 1784 466 actus
1808 435 2026 466 consideratus
2042 435 2147 472 fuerit,
2172 439 2336 477 apparebit
2352 438 2441 478 quod
2456 440 2520 480 pri-

1456 488 1509 509 ma
1531 480 1747 519 poenitentiae
1771 481 1905 510 intentio
1939 486 1985 510 est
2009 481 2133 520 operari
2165 480 2204 511 ad
2227 483 2520 514 reconciliationem

1457 523 1572 554 offensi
1601 534 1658 564 per
1685 525 1942 564 recognitionem
1972 525 2095 564 peccati
2126 530 2157 554 et
2180 526 2426 557 submissionem
2453 529 2519 558 sui:

1455 568 1543 598 iuxta
1565 567 1645 598 illud
1661 569 1693 598 *z
1724 569 1821 604 Dixi,
1849 568 2035 609 Confitebor
2064 568 2234 599 adversum
2258 579 2308 599 me
2331 571 2520 601 iniustitiam

1455 621 1559 642 meam
1582 612 1748 642 Domino:
1778 618 1810 643 et
1832 617 1866 642 tu
1897 613 2049 643 remisisti
2072 613 2264 653 impietatem
2290 615 2417 654 peccati
2440 616 2502 646 mei
2509 623 2521 652 ;

1454 657 1511 686 ubi
1527 657 1720 697 impietatem
1737 656 1823 692 dixit,
1836 666 1904 687 non
1914 667 2066 697 poenam,
2083 663 2265 688 monstrans
2280 667 2338 697 per
2352 659 2415 688 hoc
2432 659 2521 699 quod

1454 700 1642 731 huiusmodi
1665 701 1715 731 sui
1738 702 1837 741 ipsius
1861 702 2021 732 accusatio
2045 701 2131 741 apud
2147 702 2254 732 Deum
2277 703 2456 733 remissioni
2473 703 2521 733 of—

1454 744 1564 775 fensae
1589 750 1790 786 cooperatur,
1815 750 1929 785 utpote
1953 745 1993 776 ad
2014 746 2102 776 illam
2126 746 2280 777 ordinata.

1511 790 1552 820 Et
1574 790 1650 820 hinc
1674 790 1818 829 sequitur
1848 789 1938 829 quod
1960 791 2146 830 poenitens,
2178 796 2214 821 ut
2236 792 2422 830 poenitens,
2453 801 2521 822 non

1454 839 1541 864 tenet
1563 843 1735 874 personam
1758 834 1894 864 ministri
1918 839 1948 864 et
1970 835 2029 865 rei:
2055 834 2111 865 sed
2133 835 2179 865 rei
2197 835 2433 872 tantummodo,
2452 846 2521 866 non

1454 878 1610 918 puniendi
1633 883 1776 914 tantum,
1810 877 1866 908 sed
1887 879 2094 919 principalius
2117 879 2344 910 reconciliandi
2366 889 2424 919 per
2446 890 2521 920 pro-

1453 923 1561 963 prium
1585 932 1668 962 opus
1692 922 1732 953 ad
1754 922 1895 953 divinam
1917 922 2169 954 misericordiam
2193 924 2382 954 accedentis.

1510 967 1561 997 111.
1583 967 1676 998 Unde
1694 966 1733 998 ad
1748 967 1889 1007 primum
1913 967 2048 998 dubium
2063 969 2080 984 ⁴*
2103 967 2219 998 dicitur
2235 968 2333 1008 quod,
2350 968 2425 999 licet
2440 978 2520 1009 poe-

1453 1012 1586 1042 nitentia
1606 1011 1715 1052 quoad
1731 1017 1839 1042 actum
1861 1004 2097 1048 secundarium,
2114 1013 2170 1052 qui
2186 1018 2233 1043 est
2248 1013 2367 1043 solutio
2383 1023 2518 1053 poenae,

1454 1057 1493 1086 sit
1516 1055 1598 1086 forte
1622 1061 1711 1086 actus
1734 1057 1872 1086 iustitiae
1895 1056 2122 1087 vindicativae:
2151 1058 2227 1097 quia
2249 1062 2356 1087 tamen
2379 1057 2520 1088 vindicta

1452 1100 1489 1131 fit
1511 1100 1692 1131 secundum
1711 1101 1845 1140 aequale
1868 1101 2004 1131 iustitiae
2028 1102 2286 1137 commutativae‚
2312 1111 2350 1132 ex
2368 1102 2518 1142 hocipso

1452 1154 1521 1175 non
1544 1144 1723 1175 excluditur
1744 1145 1863 1175 iustitia
1886 1146 2124 1181 commutativa,
2148 1145 2204 1176 sed
2226 1145 2413 1182 includitur,
2437 1147 2520 1177 sicut

1452 1199 1554 1230 genus
1577 1189 1751 1220 includitur
1773 1190 1807 1219 in
1830 1190 1947 1229 specie.
1981 1189 2050 1220 Nec
2081 1191 2167 1220 enim
2198 1190 2286 1220 aliter
2316 1189 2520 1230 distinguitur

1451 1233 1643 1264 vindicativa
1666 1239 1777 1264 contra
1800 1234 2064 1264 commutativam
2086 1235 2147 1265 nisi
2170 1235 2254 1264 sicut
2271 1235 2393 1274 species
2409 1234 2518 1266 distin-

1452 1279 1561 1318 guitur
1584 1288 1602 1308 a
1624 1287 1751 1318 genere.

1507 1322 1559 1352 Ad
1581 1321 1761 1353 secundum
1783 1331 1859 1352 vero
1890 1321 2025 1352 dubium
2056 1322 2172 1353 dicitur
2200 1322 2306 1362 quod,
2339 1332 2414 1354 cum
2437 1324 2520 1354 inter

1453 1367 1560 1397 Deum
1584 1372 1615 1397 et
1638 1367 1805 1397 hominem
1827 1376 1895 1396 non
1919 1367 1959 1396 sit
1981 1367 2101 1397 iustum
2124 1367 2310 1407 simpliciter
2333 1367 2388 1398 sed
2403 1377 2518 1398 secun-

1453 1410 1531 1441 dum
1555 1410 1649 1450 quid,
1673 1420 1740 1441 non
1763 1410 1888 1441 videtur
1911 1410 2032 1441 erudite
2056 1410 2177 1442 dictum
2209 1411 2298 1451 quod
2320 1412 2519 1451 poenitentia

1453 1454 1606 1485 coincidit
1629 1464 1705 1485 cum
1728 1455 1846 1485 iustitia
1862 1455 2017 1485 absolute.
2041 1455 2110 1485 Nec
2125 1456 2205 1486 ratio
2222 1456 2314 1486 allata
2328 1457 2392 1486 hoc
2407 1456 2517 1487 infert:

1452 1500 1608 1539 quoniam
1639 1504 1768 1539 oportet
1798 1498 1912 1529 addere
1944 1498 2034 1539 quod
2060 1499 2163 1530 reddit
2192 1499 2336 1530 debitum
2363 1501 2499 1541 aequale
2506 1508 2519 1538 ;

1453 1543 1543 1583 quod
1565 1544 1618 1573 hic
1640 1553 1709 1573 non
1732 1543 1878 1573 salvatur.

1507 1586 1559 1617 Ad
1581 1588 1711 1617 tertium
1734 1592 1843 1617 autem
1866 1586 2049 1623 dicendum,
2066 1593 2158 1627 puto,
2183 1588 2273 1628 quod
2287 1589 2322 1618 in
2337 1589 2517 1628 aequivoco

1451 1631 1644 1661 laboramus.
1672 1631 1838 1668 Quoniam
1861 1641 1921 1661 nos
1945 1630 1985 1661 de
2009 1632 2135 1671 aequali
2158 1631 2197 1662 ad
2219 1637 2327 1662 totum
2350 1632 2441 1672 quod
2464 1633 2518 1663 de-

1451 1675 1544 1705 betur
1567 1685 1605 1705 ex
1627 1676 1751 1715 peccati
1774 1675 1908 1711 ratione,
1932 1675 2114 1715 loquimur:
2140 1681 2171 1706 et
2186 1675 2323 1706 dicimus
2338 1686 2407 1706 non
2422 1686 2518 1717 posse

1451 1719 1541 1750 reddi
1563 1719 1697 1759 aequale
1724 1719 1806 1749 Deo.
1839 1719 1894 1749 Ille
1921 1729 1996 1750 vero
2024 1719 2064 1750 de
2091 1720 2218 1760 aequali
2243 1720 2283 1751 ad
2309 1721 2412 1751 solam
2438 1730 2518 1761 poe-

1450 1773 1526 1794 nam
1554 1763 1784 1804 temporalem,
1816 1773 1898 1803 quae
1930 1769 2005 1803 post
2036 1764 2332 1795 reconciliationem
2364 1765 2519 1796 solvenda

1449 1813 1553 1844 restat,
1578 1808 1670 1848 loqui
1692 1807 1834 1838 videtur:
1867 1817 1966 1848 quam
1989 1808 2213 1849 aequalitatem
2236 1808 2306 1839 fieri
2328 1819 2424 1849 posse
2449 1819 2518 1840 non

1448 1851 1574 1882 videtur
1605 1851 1799 1892 negandum,
1825 1861 1900 1882 cum
1933 1852 1990 1882 Iob
2023 1852 2107 1883 dicat
2121 1854 2156 1883 *z
2195 1853 2326 1884 Utinam
2358 1854 2518 1894 appende-

1450 1902 1564 1927 rentur
1589 1901 1726 1937 peccata
1759 1906 1847 1932 mea,
1873 1897 1988 1937 quibus
2020 1898 2104 1928 iram
2136 1898 2257 1933 merui,
2287 1903 2318 1928 et
2347 1898 2519 1930 calamitas

1447 1951 1544 1982 quam
1558 1941 1681 1981 patior,
1699 1941 1732 1971 in
1747 1946 1891 1972 statera:
1913 1942 2006 1982 quasi
2028 1951 2130 1972 arena
2154 1942 2256 1973 maris
2278 1942 2358 1973 haec
2378 1943 2520 1984 gravior

1449 1990 1632 2026 appareret.

1109 2166 1429 2208 ARTICULUS
1460 2165 1735 2217 QUARTUS

747 2278 906 2310 UTRUM
931 2277 1184 2310 SUBIECTUM
1207 2278 1535 2309 POENITENTIAE
1559 2279 1626 2310 SIT
1649 2278 1834 2310 PROPRIE
1857 2279 2095 2311 VOLUNTAS

1114 2367 1148 2392 IV
1168 2367 1252 2397 Sent„
1274 2367 1332 2392 dist.
1350 2374 1394 2392 xiv

526 2406 541 2415 α

537 2469 560 2494 D
580 2468 753 2499 QUARTUM
772 2468 823 2493 s1c
843 2468 1081 2494 PROCEDITUR.
1104 2455 1267 2493 Videtur
1285 2456 1393 2505 quod

538 2509 755 2547 subiectum
778 2509 1035 2559 poenitentiae
1063 2522 1145 2547 non
1164 2509 1210 2546 sit
1236 2509 1392 2559 proprie

403 2580 464 2609 Vr,
484 2570 507 2613 ἦ
537 2563 728 2600 voluntas.
758 2562 998 2600 Poenitentia
1017 2562 1123 2599 enim
1151 2570 1206 2599 est
1224 2562 1393 2600 tristitiae

380 2593 479 2653 ἐξ)
495 2610 695 2665 &species
727 2616 803 2653 Sed
830 2615 976 2653 tristitia
1004 2623 1059 2652 est
1086 2616 1126 2653 in
1154 2615 1392 2665 concupisci-

344 2568 379 2622 ,Α

351 2474 389 2527 (23ss
412 2476 420 2489 ι
441 2476 451 2493 ι
476 2487 483 2493 Ι.

358 2514 397 2571 *ψ

325 2669 413 2717 bili,
442 2668 539 2706 sicut
567 2677 603 2706 et
629 2669 826 2718 gaudium.
870 2670 972 2717 Ergo
1000 2668 1236 2718 poenitentia
1269 2677 1326 2706 est
1352 2669 1393 2706 in

325 2722 625 2772 concupiscibili.

379 2787 415 2812 2.
436 2777 670 2821 ΡΚΑΕΤΕΚΕΑ,
691 2775 926 2825 poenitentia
944 2783 1000 2813 est
1013 2776 1174 2814 vindicta
1194 2775 1391 2825 quaedam,

325 2837 367 2867 ut
385 2829 623 2878 Augustinus
646 2829 747 2874 dicit,
767 2829 807 2866 in
826 2829 923 2867 libro
947 2829 992 2866 de
1009 2830 1239 2866 Poenitentz‘a
1253 2827 1283 2865 ²¹².
1315 2829 1391 2866 Sed

324 2882 493 2920 vindicta
520 2883 673 2920 videtur
709 2882 759 2919 ad
790 2882 1019 2919 irascibilem
1051 2881 1260 2931 pertinere:
1301 2881 1393 2930 quia

325 2935 382 2974 ira
409 2944 465 2973 est
491 2938 672 2986 appetitus
703 2935 888 2973 vindictae
905 2935 936 2972 ²¹⁸.
973 2936 1075 2983 Ergo
1103 2934 1257 2972 videtur
1284 2935 1393 2984 quod

325 2989 560 3039 poenitentia
587 2989 634 3026 sit
661 2988 701 3025 in
727 2988 915 3026 irascibili.

381 3042 416 3080 3.
445 3043 679 3087 PRAETEREA‚
707 3041 957 3091 praeteritum
984 3049 1040 3078 est
1066 3041 1270 3091 proprium
1290 3040 1392 3079 obie-

326 3102 433 3133 ctum
459 3095 685 3141 memoriae,
715 3095 931 3132 secundum
959 3095 1256 3144 Philosophum,
1286 3093 1325 3131 in
1353 3093 1391 3131 li-

326 3149 398 3187 bro
426 3149 471 3186 de
497 3151 690 3187 Memoria
707 3148 739 3185 *.
770 3149 847 3186 Sed
870 3148 1105 3198 poenitentia
1124 3155 1179 3184 est
1207 3147 1255 3184 de
1283 3159 1391 3197 prae-

325 3201 455 3254 terito,
484 3210 527 3239 ut
554 3202 701 3240 dictum
729 3209 785 3239 est
802 3201 833 3238 ²³².
872 3202 974 3250 Ergo
1002 3200 1238 3251 poenitentia
1270 3209 1325 3237 est
1352 3200 1392 3237 in

327 3254 517 3293 memoria
544 3255 653 3292 sicuti
680 3255 719 3292 in
748 3254 931 3292 subiecto.

380 3320 417 3355 4.
447 3309 679 3355 ΡΚΑΕΤΕΗΕΑ,
708 3307 803 3345 nihil
823 3308 896 3356 agit
917 3307 985 3345 ubi
1007 3320 1087 3345 non
1106 3315 1172 3344 est.
1203 3308 1280 3345 Sed
1298 3319 1390 3356 poe-

327 3360 484 3398 nitentia
521 3361 685 3398 excludit
716 3369 872 3411 peccata
897 3367 914 3383 ‘²
946 3361 994 3399 ab
1030 3361 1212 3399 omnibus
1244 3360 1391 3398 viribus

383 3493 410 3529 α)
427 3497 548 3527 peccata.
566 3508 586 3513 -
599 3497 739 3527 peccatum
760 3494 822 3520 PFc.

1396 2386 1402 2398 ,
1423 2375 1468 2400 qu.
1486 2375 1504 2398 1,
1524 2373 1571 2393 art.
1593 2367 1616 2399 3,
1636 2368 1687 2401 qu*
1709 2375 1732 2394 1.

1446 2456 1611 2494 animae.
1641 2458 1744 2505 Ergo
1772 2457 2008 2507 poenitentia
2035 2465 2092 2494 est
2118 2457 2158 2495 in
2184 2458 2353 2507 qualibet
2376 2458 2415 2495 vi
2434 2459 2514 2496 ani-

1446 2522 1546 2556 mae,
1576 2517 1613 2546 et
1640 2522 1721 2548 non
1749 2510 1789 2548 in
1817 2511 2014 2548 voluntate
2042 2518 2204 2548 tantum.

1500 2563 1574 2600 SED
1595 2576 1751 2611 CONTRA,
1781 2563 2018 2613 poenitentia
2045 2572 2100 2601 est
2128 2563 2360 2602 sacrificium
2388 2566 2513 2615 quod-

1446 2616 1557 2653 dam:
1588 2617 1804 2666 secundum
1834 2617 1928 2654 illud
1950 2617 2092 2655 Psalmi
2111 2618 2147 2654 *z
2178 2619 2412 2666 Sacrificium
2430 2620 2513 2656 Deo

1443 2671 1592 2719 spiritus
1619 2670 1896 2707 contribulatus.
1927 2671 2004 2708 Sed
2032 2671 2171 2709 offerre
2200 2671 2432 2709 sacrificium
2457 2680 2514 2709 est

1445 2730 1552 2760 actus
1578 2723 1806 2760 voluntatis:
1844 2724 2062 2761 secundum
2089 2724 2182 2762 illud
2210 2724 2352 2761 Psalmi
2370 2725 2404 2761 ²¹⁶:
2443 2727 2512 2762 Vo-

1444 2776 1606 2813 luntarie
1631 2778 1852 2825 sacrificabo
1880 2778 1954 2814 tibi.
1992 2778 2095 2825 Ergo
2127 2777 2362 2827 poenitentia
2389 2785 2445 2814 est
2472 2778 2511 2815 in

1445 2829 1656 2866 voluntate.

1498 2883 1724 2919 RESPONDEO
1757 2894 1940 2920 DICENDUM
1968 2883 2076 2932 quod
2104 2883 2152 2920 de
2179 2883 2415 2932 poenitentia
2443 2884 2511 2921 du-

1445 2934 1591 2983 pliciter
1617 2934 1726 2984 loqui
1752 2947 1974 2984 possumus.
2013 2937 2102 2973 Uno
2130 2936 2263 2983 modo,
2293 2937 2511 2974 secundum

1446 2988 1554 3037 quod
1573 2995 1628 3024 est
1646 2987 1774 3037 passio
1802 2988 2007 3037 quaedam.
2038 2989 2086 3026 Et
2105 2988 2168 3035 sic,
2189 3001 2280 3026 cum
2300 2988 2347 3026 sit
2365 2990 2510 3038 species

1445 3040 1627 3088 tristitiae,
1657 3049 1713 3078 est
1744 3040 1784 3077 in
1811 3041 2100 3090 concupiscibili
2133 3041 2231 3079 sicut
2257 3041 2297 3079 in
2317 3042 2508 3080 subiecto.

1499 3093 1584 3130 Alio
1622 3094 1761 3141 modo,
1801 3094 2018 3131 secundum
2055 3095 2162 3144 quod
2200 3102 2256 3131 est
2291 3095 2423 3132 virtus.
2462 3097 2511 3133 Et

1446 3147 1516 3193 sic,
1546 3147 1643 3184 sicut
1674 3146 1821 3184 dictum
1853 3155 1908 3184 est
1926 3147 1964 3193 ²⁸,
2001 3155 2056 3184 est
2090 3147 2235 3196 species
2272 3147 2433 3185 iustitiae
2456 3149 2507 3186 '¹‘*.

1445 3199 1587 3237 Iustitia
1614 3202 1755 3246 autem,
1779 3207 1821 3237 ut
1839 3199 1879 3237 in
1899 3200 2079 3237 Secunda
2098 3202 2208 3238 Parte
2227 3200 2247 3222 ’¹‘
2275 3200 2419 3238 dictum
2443 3209 2508 3249 est,

1447 3253 1562 3290 habet
1595 3265 1667 3302 pro
1696 3252 1868 3290 subiecto
1903 3253 2117 3303 appetitum
2149 3253 2325 3301 rationis,
2360 3254 2427 3303 qui
2455 3263 2511 3292 est

1445 3308 1635 3344 voluntas.
1665 3306 1777 3343 Unde
1797 3306 2043 3344 manifestum
2062 3314 2117 3343 est
2136 3307 2243 3356 quod
2262 3307 2508 3357 poenitentia,

1447 3360 1664 3397 secundum
1692 3359 1800 3409 quod
1828 3367 1883 3396 est
1901 3359 2034 3406 virtus,
2055 3367 2110 3397 est
2130 3360 2168 3397 in
2188 3362 2384 3398 voluntate
2413 3361 2510 3398 sicut

2546 579 2600 600 'Ps.
2608 584 2759 607 xxxi,vers.5.

2545 973 2556 984 ·
2570 972 2641 995 Num.
2657 979 2672 994 ι.

2543 1861 2554 1872 ·
2569 1860 2627 1888 Cap.
2644 1866 2680 1888 vl,
2695 1867 2756 1883 vers.

2543 1893 2565 1914 a,
2579 1893 2600 1916 3.

2539 2626 2551 2636 ·
2564 2625 2602 2648 Ρε.
2612 2631 2634 2651 ι,
2644 2630 2704 2646 vers.
2717 2631 2750 2653 ¹9-

2538 2731 2549 2742 ·
2556 2730 2594 2752 Pr».
2602 2736 2652 2757 Lm,
2662 2736 2720 2752 vers.
2728 2731 2749 2753 8.

2535 3152 2546 3163 ·
2560 3152 2612 3173 Art.
2630 3152 2735 3179 praeced.

2536 3179 2558 3189 *¹¹
2572 3178 2600 3200 D.
2617 3185 2680 3205 ¹0¹7-

2536 3205 2547 3216 ·
2569 3205 2604 3226 11·
2627 3205 2685 3231 11⁸⁶,
2726 3212 2749 3227 u.

2536 3237 2599 3256 ινιιι,
2610 3236 2652 3253 art.
2660 3239 2683 3257 4.
2693 3243 2703 3248 -
2725 3231 2748 3253 ·f.

2536 3258 2579 3279 [⁸¹¹²
2591 3258 2644 3284 11⁸⁶,
2656 3264 2694 3286 qu.
2703 3264 2748 3284 ινι,

2536 3288 2578 3307 m.
2593 3285 2615 3306 6.
