2878 4088
97 693 191 743 aas:
202 700 285 743 a...

96 781 108 792 ·
121 779 189 803 Vera.
205 786 238 808 ¹7-

95 868 107 880 ·
119 867 179 890 lbid.
194 873 254 890 ven.
269 873 308 894 τις

94 893 307 922 Marc-capanea.

94 919 309 949 anatramp-mnu,

94 952 155 970 ven.
169 953 203 970 a.

192 2660 203 2671 ,
216 2648 268 2672 cup.
278 2649 306 2671 u,

92 2642 194 2697 s

95 3265 106 3275 ·
120 3263 219 3286 Aristot.
229 3261 306 3285 Ethic.

95 3289 136 3312 tib.
152 3289 186 3317 V,
208 3295 259 3317 cap.
280 3295 307 3317 v,

95 3322 141 3364 “rit
156 3322 248 3365 ἰὲὰῖΐ.
260 3327 271 3333 “
281 3316 306 3338 ⁵·

916 127 1180 174 QUAESTIO
1209 127 1343 174 XCVI,
1372 125 1665 164 ARTICULUS
1694 127 1756 174 XI,
1778 128 1856 173 XII,
1876 128 1958 164 XIII
2448 124 2523 173 239

1462 205 1548 236 flicta
1570 206 1603 236 in
1627 215 1745 245 corpus
1767 207 1945 245 proprium.
1976 206 2070 238 Unde
2092 208 2271 247 paupertati
2293 216 2361 237 non
2392 205 2525 237 debetur

1462 250 1602 280 aureola.
1627 249 1690 280 Sed
1713 249 1846 280 debetur
1870 251 1899 280 ei
1921 250 2084 281 iudiciaria
2106 256 2256 291 potestas,
2280 252 2403 281 ratione
2418 250 2524 281 humi-

1462 294 1617 330 liationis,
1642 303 1725 334 quae
1748 295 1957 333 consequitur
1979 301 2200 335 paupertatem
2215 297 2241 326 ’ἢ
2274 295 2387 326 Glossa
2416 300 2524 325 autem

1461 337 1592 369 inducta
1614 338 1700 378 large
1723 338 1839 378 accipit
1861 339 2024 369 aureolam
2039 349 2098 379 pro
2115 340 2260 379 quolibet
2275 340 2417 380 praemio
2434 338 2525 379 quod

342 389 424 452 An
453 389 635 411 unnsscmmr
662 391 708 412 s1c
736 391 941 412 paocenrrua.
971 382 1104 413 Videtur
1135 382 1226 423 quod
1253 384 1407 413 inconve-
1429 388 1439 408 ς
1461 381 1603 413 redditur
1625 383 1740 412 merito
1765 382 1942 412 excellenti.

403 423 528 455 nienter
551 424 756 465 designentur
771 431 832 457 tres
853 427 1012 462 aureolae,
1033 427 1210 467 virginum,
1231 432 1407 467 martyrum
1517 426 1558 456 Et
1581 426 1724 457 similiter
1747 426 1920 457 dicendum
1944 425 1983 456 ad
2006 427 2134 457 tertium
2158 433 2188 457 et
2212 433 2372 467 quartum.

339 472 371 497 et
392 467 659 508 praedicatorum.
683 470 826 501 Aureola
849 472 936 501 enim
958 476 1134 511 martyrum
1157 471 1331 511 respondet
1345 472 1407 501 vir-
1516 471 1567 500 An
1593 481 1733 501 numi-ma
1754 480 1915 501 mensuum
1938 470 2029 510 quod
2052 471 2147 501 etiam
2170 472 2378 502 scribentibus
2403 481 2524 503 sacram

338 512 400 542 tuti
429 511 624 544 fortitudinis
659 523 794 551 eorum;
828 515 958 546 aureola
991 524 1067 545 vero
1104 516 1265 555 virginum
1298 516 1406 545 virtuti
1462 513 1641 545 doctrinam
1664 514 1798 546 debetur
1816 515 1956 545 aureola.
1981 514 2044 545 Sed
2067 515 2145 545 haee
2168 525 2236 545 non
2259 516 2461 555 distinguitur
2485 517 2523 546 ab

338 557 586 596 temperantiae3
617 559 747 589 aureola
769 568 846 590 vero
875 559 1045 590 doctorum
1073 559 1180 590 virtuti
1206 559 1404 599 prudentiae.
1461 559 1591 589 aureola
1614 558 1801 590 doctorum:
1827 560 1902 599 quia
1917 559 2033 600 scripta
2049 568 2246 599 componere
2262 560 2393 600 quidam
2407 560 2524 591 modus

338 600 423 640 Ergo
447 600 573 632 videtur
596 602 686 642 quod
709 602 823 634 debeat
846 613 914 634 esse
942 609 1054 644 quarta
1076 604 1222 639 aureola,
1245 612 1328 644 quae
1356 613 1406 634 re·
1421 608 1447 623 ¹⁰
1461 602 1601 634 docendi
1624 609 1680 634 est.

338 644 495 684 spondeat
517 646 625 677 virtuti
647 647 795 677 iustitiae.

395 698 424 720 2·
448 689 651 727 pmmuA'
674 691 782 722 Exod.
807 701 869 722 xxv
891 692 908 708 s
931 691 1007 722 dicit
1037 690 1152 722 Glossa
1172 691 1206 708 a*
1239 690 1329 730 quod
1352 700 1405 721 co„
1632 676 1731 707 ART.
1749 677 1818 707 XII.
1843 687 1947 707 urium
1971 687 2116 707 AUREOLA
2134 687 2286 708 vmonwm
2309 688 2354 708 srr

338 742 423 764 rona
449 743 553 765 aurea
576 734 709 765 additur
731 745 803 766 cum
820 745 884 776 per
905 735 1124 776 Euangelium
1146 735 1196 765 his
1227 735 1283 775 qui
1314 744 1405 765 man·
1803 731 1894 751 mma
1917 731 2005 752 AUAS
2029 731 2189 752 ¹²⁰T¹⁵⁵¹M¹³

337 777 414 808 data
437 778 631 815 custodiunt,
648 779 714 810 uita
731 784 865 810 aeterna
882 779 1106 819 promittitur:
1121 779 1233 809 Matth.
1250 789 1303 808 xm
1318 780 1345 815 Ἣ
1370 779 1405 809 Si
1833 771 1868 793 ¹¹⁸
1882 772 1936 798 ¹¹⁵⁶*
1952 778 1993 799 Ψ*-
2008 778 2058 799 ‘²¹¹‘
2075 776 2117 794 m·
2131 779 2152 801 3·

337 822 385 852 vis
407 822 451 852 ad
473 822 571 853 vitam
594 822 733 864 ingredi,
757 832 852 854 serua
874 823 1040 853 mandata,
1072 823 1164 853 Huic
1186 823 1324 854 aureola
1351 832 1405 854 su-
1420 828 1443 848 ις
1460 830 1545 893 ΑΒ
1574 830 1779 852 nuonacmrm
1807 832 1852 852 src
1879 832 2084 853 rnocnnrrun.
2107 822 2240 854 Videtur
2271 823 2361 864 quod
2393 825 2523 856 aureola

330 866 626 907 perponitur-cum
653 867 774 898 dicitur
788 868 824 897 *z
858 880 872 894 «
892 867 928 897 Si
951 868 999 898 vis
1016 867 1184 909 perfectus
1214 877 1298 903 esse,
1323 867 1405 899 vade
1524 865 1683 905 virginum
1711 867 1751 896 sit
1777 866 1860 897 inter
1887 866 1962 897 alias
1992 868 2167 907 potissima.
2201 868 2287 906 Quia
2316 871 2414 910 Apoc.
2436 880 2489 900 xxv
2507 871 2523 887 ⁴*

336 915 367 941 et
388 910 490 942 vende
513 910 622 941 omnia
655 921 738 952 quae
767 911 883 948 habes,
908 917 940 942 et
967 911 1009 942 da
1035 912 1236 952 pauperibus
1255 925 1283 942 ».
1317 912 1403 953 Ergo
1459 908 1499 939 de
1521 909 1696 949 virginibus
1720 910 1834 942 dicitur
1858 910 1947 951 quod
1969 917 2149 952 sequuntur
2170 914 2301 953 Agnum
2325 923 2524 955 quocumque

334 955 515 994 paupertati
538 954 672 986 debetur
694 955 835 986 aureola.
1458 953 1542 989 ierit,
1567 960 1599 984 et
1621 954 1711 995 quod
1735 965 1828 986 nemo
1851 956 1937 986 alius
1954 962 2087 996 poterat
2115 956 2222 987 dicere
2245 959 2406 989 canticum
2434 959 2523 999 quod

391 998 421 1030 3.
445 998 643 1035 Pam-rimu,
666 1009 725 1040 per
747 1005 862 1030 votum
878 999 1079 1031 obedientiae
1095 1000 1210 1040 aliquis
1225 1010 1260 1031 se
1276 1001 1404 1031 subiicit
1457 998 1594 1038 virgines
1618 999 1787 1030 cantabant
1801 1001 1828 1030 ’ἢ
1853 1000 1938 1040 Ergo
1960 1001 2097 1041 virgines
2120 1002 2239 1032 habent
2263 1002 2522 1034 excellentiorem

334 1042 406 1074 Deo
429 1043 578 1074 totaliter.
603 1043 689 1084 Ergo
713 1044 747 1075 in
770 1050 848 1075 voto
873 1044 1075 1076 obedientiae
1093 1045 1232 1075 maxima
1246 1045 1402 1085 perfectio
1417 1049 1444 1064 ²⁰
1458 1043 1631 1073 aureolam.

334 1087 489 1118 consistit.
514 1087 556 1118 Et
578 1089 622 1118 ita
644 1087 770 1119 videtur
793 1088 884 1129 quod
908 1089 937 1119 ei
959 1089 1090 1120 aureola
1113 1089 1276 1120 debeatur.
1513 1097 1544 1118 2·
1567 1087 1771 1124 PRAETEREA‚
1803 1087 1984 1129 Cyprianus
2006 1091 2023 1106 ⁴*
2053 1089 2129 1120 dicit
2159 1090 2199 1121 de
2231 1091 2404 1130 virginibus
2433 1091 2522 1132 quod

388 1140 420 1171 4.
444 1132 642 1169 PRAETRREA,
666 1133 768 1164 multa
790 1138 866 1164 sunt
894 1134 990 1164 etiam
1018 1134 1078 1164 alia
1110 1134 1402 1174 supererogationis
1457 1137 1531 1161 sunt
1555 1131 1717 1162 illustrior
1732 1133 1846 1172 portio
1868 1133 1983 1175 gregis
2008 1134 2138 1165 Christi.
2162 1135 2248 1175 Ergo
2273 1136 2317 1165 eis
2339 1136 2443 1166 maior
2465 1146 2522 1167 au-

334 1185 443 1216 opera,
468 1175 508 1207 de
532 1177 649 1217 quibus
673 1178 774 1208 homo
798 1178 831 1208 in
862 1177 972 1209 futuro
1003 1178 1140 1219 speciale
1169 1178 1324 1219 gaudium
1347 1179 1402 1208 ha—
1456 1176 1544 1206 reola
1567 1176 1710 1207 debetur.

334 1220 431 1251 bebit.
455 1220 542 1261 Ergo
565 1222 685 1256 multae
709 1227 784 1253 sunt
806 1222 885 1253 aliae
909 1223 1058 1253 aureolae
1081 1228 1205 1263 praeter
1226 1223 1301 1253 istas
1328 1227 1400 1253 tres.
1513 1220 1543 1250 3.
1568 1221 1644 1251 Iram
1671 1220 1796 1252 videtur
1819 1221 1909 1261 quod
1934 1222 2100 1262 potissima
2123 1223 2162 1253 sit
2186 1224 2316 1254 aureola
2334 1230 2520 1265 martyrum.

338 1264 641 1302 ..ff-&Quanam
665 1266 885 1307 sicut-aliquis
908 1267 1050 1307 divulgat
1072 1266 1170 1298 fidem
1186 1266 1400 1307 praedicando
1416 1277 1439 1298 ις
1456 1264 1542 1302 Quia
1557 1264 1633 1295 dicit
1648 1266 1777 1306 Haymo
1794 1266 1810 1282 ⁴*
1834 1265 1924 1305 quod
1940 1276 2005 1296 non
2031 1276 2140 1297 omnes
2162 1267 2307 1308 uirgines
2327 1268 2522 1310 coniugatus

335 1314 367 1339 et
389 1308 550 1346 docend0‚
569 1310 613 1341 ita
635 1311 752 1351 scripta
767 1311 984 1351 compilando.
1010 1312 1096 1352 Ergo
1113 1317 1144 1342 et
1159 1312 1274 1342 talibus
1290 1316 1402 1352 quarta
1449 1309 1671 1349 praecedunt:
1693 1309 1750 1340 sed
1771 1310 1805 1339 hi
1827 1310 2010 1350 specialiter
2032 1311 2088 1352 qui
2111 1311 2143 1341 in
2168 1317 2327 1343 tormento
2344 1313 2521 1352 passionis,

335 1353 465 1384 aureola
487 1353 631 1386 debetur.
1455 1353 1644 1394 virginitate
1678 1354 1810 1394 insuper
1847 1354 2027 1390 custodita,
2062 1361 2285 1396 coaequantur
2322 1357 2523 1398 martyribus

387 1398 578 1429 Rnsponnao
601 1408 762 1429 DICRNDUM
791 1398 882 1439 quod
904 1399 1035 1430 aureola
1066 1405 1114 1430 est
1146 1398 1313 1440 quoddam
1335 1399 1400 1439 pri-.
1455 1398 1650 1439 coniugatis.
1674 1398 1760 1438 Ergo
1777 1399 1962 1439 martyrium
1981 1399 2034 1430 dat
2049 1400 2219 1440 virginitati
2238 1402 2522 1440 praeeminentiam

332 1442 519 1483 vilegiatum
552 1444 733 1483 praemium
762 1443 978 1483 privilegiatae
1008 1444 1160 1475 victoriae
1189 1442 1398 1483 respondens.
1455 1451 1551 1482 super
1574 1443 1653 1473 alios
1676 1448 1785 1473 status.
1810 1443 1896 1483 Ergo
1919 1445 2071 1484 martyrio
2094 1445 2203 1484 potior
2226 1445 2355 1476 aureola
2378 1445 2520 1476 debetur.

333 1486 375 1517 Et
397 1486 471 1518 ideo
495 1487 675 1518 secundum
698 1488 910 1527 privilegiatas
932 1488 1137 1519 victorias·in
1159 1489 1260 1519 tribus
1282 1488 1400 1528 pugnis
1415 1498 1441 1518 ιο
1509 1495 1541 1525 4.
1566 1487 1642 1517 Irim
1672 1487 1797 1518 videtur
1828 1487 1918 1528 quod
1948 1489 2115 1528 potissima
2144 1488 2296 1520 debeatur
2324 1489 2521 1521 doctoribuS.

333 1540 417 1572 quae
440 1531 571 1562 cuilibet
593 1532 719 1562 homini
742 1532 931 1568 imminent,
955 1538 1017 1562 tres
1041 1532 1190 1563 aureolae
1217 1538 1398 1563 sumuntur.
1455 1530 1541 1568 Quia
1563 1531 1706 1562 Ecclesia
1728 1532 1867 1562 militans
1899 1533 2076 1572 exemplata
2100 1538 2147 1563 est
2169 1534 2208 1563 ab
2236 1534 2379 1564 Ecclesia
2410 1535 2522 1566 trium-

333 1576 368 1606 In
391 1585 501 1616 pugna
524 1577 611 1606 enim
635 1585 718 1616 quae
742 1581 789 1606 est
812 1581 924 1606 contra
947 1586 1094 1613 carnem,
1118 1577 1172 1607 ille
1199 1577 1400 1617 potissimam
1453 1575 1583 1615 phante.
1608 1575 1671 1606 Sed
1694 1577 1727 1606 in
1751 1576 1894 1607 Ecclesia
1917 1577 2073 1607 militante
2092 1578 2250 1608 maximus
2265 1579 2373 1609 honor
2387 1578 2520 1610 debetur

332 1620 499 1651 victoriam
522 1621 646 1651 obtinet
667 1616 726 1660 >qui
749 1630 767 1650 a
790 1619 1031 1651 delectabilibus
1054 1621 1208 1657 venereis,
1226 1631 1309 1661 quae
1318 1625 1400 1652 ‚sunt
1454 1619 1655 1650 doctoribus:
1673 1620 1685 1650 1
1705 1621 1784 1651 Tim.
1802 1631 1822 1651 v
1838 1622 1864 1657 ὕ,
1892 1620 1957 1657 Qui
1979 1621 2058 1652 bene
2074 1628 2235 1661 praesunt
2252 1623 2445 1663 preslgrteri,
2463 1624 2521 1654 du-

330 1664 504 1704 praecipua
526 1665 560 1694 in
583 1665 648 1695 hoc
669 1673 797 1704 genere,
822 1665 958 1695 omnino
982 1665 1127 1696 abstinet.
1153 1666 1194 1696 Et
1214 1665 1289 1696 ideo
1306 1665 1400 1705 virgi·
1447 1664 1530 1703 plici
1552 1664 1678 1695 honore
1700 1665 1794 1706 digni
1816 1665 2017 1696 habeantur:
2040 1667 2181 1696 maxime
2210 1672 2317 1697 autem
2347 1668 2403 1708 qui
2433 1668 2522 1698 labo-

331 1709 422 1739 nitati
445 1708 576 1739 aureola
599 1708 742 1739 debetur.
766 1726 790 1731 -
812 1708 848 1739 In
871 1719 980 1749 pugna
1002 1719 1079 1740 vero
1096 1719 1161 1750 qua
1177 1715 1288 1740 contra
1303 1719 1399 1740 mun·
1415 1718 1437 1738 ις
1454 1713 1532 1738 rant
1561 1709 1657 1739 verbo
1686 1714 1718 1739 et
1746 1709 1906 1740 doctrina.
1942 1710 2028 1749 Ergo
2062 1711 2096 1740 in
2129 1710 2272 1741 Ecclesia
2305 1712 2522 1752 triumphante

331 1752 412 1784 dum
433 1758 605 1793 pugnatur,
621 1753 676 1783 illa
699 1758 746 1783 est
768 1754 942 1794 praecipua
964 1763 1040 1785 cum
1060 1764 1078 1784 a
1100 1753 1225 1784 mundo
1249 1763 1399 1794 persecu·
1454 1752 1570 1783 talibus
1592 1754 1702 1793 potior
1725 1753 1855 1784 aureola
1879 1753 2021 1784 debetur.

330 1797 455 1828 tionem
478 1806 583 1838 usque
606 1796 646 1829 ad
668 1802 808 1828 mortem
831 1798 1037 1829 sustinemus.
1069 1798 1164 1830 Unde
1193 1804 1225 1829 et
1253 1798 1399 1839 martyri-
1509 1797 1700 1828 Rusponnno
1728 1808 1889 1828 DICBNDUM
1920 1798 2010 1838 quod
2036 1799 2287 1838 praeeminentia
2310 1800 2459 1830 aureolae
2482 1800 2522 1830 ad

331 1842 402 1878 bus,
419 1842 476 1882 qui
491 1843 525 1873 in
539 1842 598 1872 ista
612 1851 722 1882 pugna
744 1842 912 1873 victoriam
935 1843 1092 1879 obtinent,
1109 1842 1250 1874 secunda
1270 1843 1400 1874 aureola
1455 1842 1620 1872 aureolam
1642 1847 1751 1882 potest
1774 1841 1943 1882 dupliciter
1966 1842 2096 1873 attendi.
2130 1843 2256 1878 Primo,
2282 1852 2319 1874 ex
2342 1850 2431 1884 parte
2460 1854 2522 1885 pu-

332 1885 476 1918 debetur.
498 1905 521 1909 -
544 1886 580 1917 In
603 1895 714 1927 pugna
727 1896 805 1917 vero
822 1896 887 1927 qua
903 1893 1015 1918 contra
1038 1887 1204 1918 diabolum
1227 1893 1398 1927 pugnatur,
1454 1895 1551 1926 gnae:
1578 1891 1613 1916 ut
1635 1885 1759 1917 dicatur
1782 1887 1912 1917 aureola
1933 1887 2043 1927 potior
2066 1897 2149 1927 quae
2173 1887 2296 1918 fortiori
2317 1898 2446 1928 pugnae
2467 1888 2522 1920 de-

331 1931 385 1962 illa
407 1936 455 1961 est
476 1931 649 1971 praecipua
671 1931 805 1962 victoria
829 1941 906 1962 cum
928 1932 1043 1972 aliquis
1065 1932 1193 1962 hostem
1208 1941 1276 1962 non
1291 1932 1399 1963 solum
1413 1943 1441 1962 4⁰
1454 1931 1556 1961 betur.
1582 1931 1623 1961 Et
1645 1940 1703 1970 per
1725 1931 1813 1962 hunc
1831 1931 1968 1962 modum
1998 1932 2128 1962 aureola
2157 1937 2333 1972 martyrum
2366 1933 2433 1963 aliis
2464 1943 2520 1964 au-

331 1985 350 2005 a
372 1984 416 2012 se,
441 1975 497 2006 sed
520 1985 538 2006 a
561 1975 711 2006 cordibus
735 1975 873 2006 aliorum
896 1981 1060 2012 removet,
1085 1976 1175 2017 quod
1198 1975 1234 2006 fit
1256 1985 1313 2016 per
1341 1975 1399 2007 do·
1454 1975 1550 2006 reolis
1573 1975 1790 2015 supereminet
1822 1975 1966 2015 quodam
1997 1975 2116 2012 modo,
2141 1981 2172 2006 et
2202 1976 2332 2007 aureola
2361 1978 2521 2017 virginum

332 2020 467 2051 ctrinam
491 2025 522 2051 et
540 2019 827 2060 praedicationem.
853 2020 894 2051 Et
916 2020 990 2051 ideo
1014 2020 1206 2059 doctoribus,
1221 2026 1252 2051 et
1274 2020 1399 2061 praedi·
1454 2020 1517 2050 alio
1540 2019 1653 2050 modo.
1677 2019 1789 2059 Pugna
1813 2021 1900 2050 enim
1922 2025 2098 2060 martyrum
2123 2026 2169 2050 est
2197 2021 2309 2051 fortior
2341 2022 2520 2053 secundum

331 2065 492 2095 catoribus
515 2065 607 2095 tertia
630 2064 760 2095 aureola
783 2064 926 2096 debetur.
1454 2065 1601 2104 seipsam,
1627 2070 1658 2094 et
1681 2065 1902 2094 vehementius
1926 2064 2077 2104 affligens.
2110 2064 2173 2095 Sed
2202 2075 2312 2105 pugna
2344 2067 2445 2097 carnis
2473 2073 2521 2098 est

387 2108 530 2147 Quidam
552 2118 629 2139 vero
654 2107 854 2149 distinguunt
876 2114 939 2139 tres
963 2109 1108 2139 aureolas
1131 2108 1311 2140 secundum
1334 2114 1397 2140 tres
1453 2109 1681 2149 periculosior:
1710 2109 1904 2149 inquantum
1938 2115 1984 2139 est
2013 2108 2210 2145 diuturnior,
2236 2115 2267 2140 et
2295 2111 2396 2150 magis
2426 2112 2520 2142 nobis

331 2153 413 2184 vires
436 2153 580 2184 animae:
605 2158 642 2183 ut
664 2152 810 2184 dicantur
824 2159 887 2184 tres
910 2153 1059 2184 aureolae
1082 2153 1277 2194 respondere
1299 2155 1399 2194 potis-
1413 2163 1437 2184 45
1453 2154 1601 2184 imminet
1624 2163 1642 2183 e
1664 2153 1781 2183 vicino.
1801 2171 1824 2176 ——
1847 2153 2009 2189 Secundo,
2027 2163 2064 2183 ex
2086 2159 2175 2194 parte
2200 2163 2313 2184 eorum
2337 2154 2377 2185 de
2401 2156 2519 2195 quibus

331 2198 419 2228 simis
441 2198 539 2228 trium
562 2197 678 2228 virium
701 2198 826 2228 animae
842 2198 974 2228 actibus.
998 2198 1188 2229 Potissimus
1204 2198 1291 2228 enim
1310 2204 1399 2229 actus
1454 2203 1501 2228 est
1523 2207 1642 2238 pugna.
1667 2197 1708 2227 Et
1731 2198 1776 2228 sic
1800 2198 1929 2228 aureola
1952 2197 2125 2228 doctorum
2148 2199 2230 2229 inter
2253 2208 2366 2229 omnes
2390 2205 2437 2230 est
2459 2210 2519 2240 po-

331 2242 494 2272 rationalis
517 2247 564 2273 est
586 2242 752 2273 veritatem
775 2241 851 2272 fidei
874 2243 971 2273 etiam
993 2243 1027 2273 in
1050 2242 1117 2273 aliis
1141 2242 1329 2273 diffundere.
1358 2243 1400 2274 Et
1453 2243 1525 2273 tior.
1551 2242 1636 2280 Quia
1659 2241 1846 2272 huiusmodi
1868 2252 1977 2282 pugna
1999 2248 2141 2273 versatur
2165 2243 2248 2273 circa
2271 2243 2357 2274 bona
2372 2244 2519 2285 intelligi-

331 2286 408 2317 huic
437 2287 524 2317 actui
554 2285 688 2316 debetur
719 2285 892 2318 doctorum
924 2287 1063 2317 aureola.
1086 2305 1110 2309 -
1133 2287 1298 2318 Irascibilis
1321 2297 1398 2318 vero
1453 2287 1546 2317 bilia:
1571 2287 1651 2317 aliae
1674 2296 1750 2317 vero
1774 2296 1902 2326 pugnae
1926 2287 2009 2317 circa
2032 2287 2196 2318 sensibiles
2217 2288 2392 2327 passiones.

332 2335 421 2361 actus
443 2331 629 2371 potissimus
653 2336 700 2361 est
724 2331 820 2362 etiam
842 2337 982 2362 mortem
1005 2336 1136 2372 propter
1159 2331 1324 2362 Christum
1346 2342 1399 2362 su·
1509 2330 1573 2362 Sed
1595 2331 1649 2362 illa
1672 2331 1845 2362 eminentia
1869 2340 1952 2371 quae
1971 2331 2143 2362 attenditur
2159 2341 2197 2362 ex
2211 2337 2300 2372 parte
2316 2342 2454 2372 pugnae,
2472 2339 2519 2363 est

330 2384 452 2415 perare.
477 2375 518 2406 Et
540 2375 618 2406 huic
641 2376 727 2406 actui
749 2375 884 2406 debetur
906 2376 1037 2406 aureola
1059 2382 1247 2417 martyrum.
1262 2394 1286 2398 —
1309 2376 1398 2407 Con·
1414 2385 1440 2405 50
1453 2376 1604 2406 aureolae
1635 2376 1847 2406 essentialior:
1881 2376 1957 2416 quia
1987 2376 2118 2406 aureola
2149 2376 2329 2407 secundum
2355 2378 2519 2417 propriam

332 2419 526 2460 cupiscibilis
558 2425 667 2450 autern
693 2425 783 2450 actus
812 2421 1000 2460 potissimus
1031 2425 1078 2450 est
1107 2430 1125 2451 a
1158 2420 1399 2451 delectabilibus
1453 2421 1612 2451 rationem
1634 2421 1763 2460 respicit
1785 2421 1952 2450 victoriam
1977 2425 2008 2451 et
2029 2430 2182 2461 pugnam.
2214 2420 2391 2451 Difficultas
2422 2422 2519 2452 etiam

331 2464 477 2494 maximis
499 2465 629 2505 penitus
652 2464 819 2495 abstinere.
850 2465 892 2495 Et
920 2465 997 2496 huic
1020 2463 1154 2496 debetur
1177 2465 1308 2496 aureola
1337 2466 1398 2496 vir-
1453 2475 1582 2506 pugnae
1606 2474 1690 2505 quae
1713 2464 1885 2495 attenditur
1908 2474 1946 2495 ex
1968 2470 2058 2505 parte
2080 2465 2180 2505 ipsius
2195 2475 2333 2505 pugnae,
2350 2471 2397 2496 est
2411 2467 2520 2506 potior

332 2509 454 2549 ginum.
1454 2519 1553 2550 quam
1575 2509 1630 2540 illa
1653 2518 1736 2549 quae
1759 2509 1931 2539 attenditur
1954 2519 1993 2539 ex
2016 2515 2105 2549 parte
2128 2510 2229 2540 nostri
2251 2510 2445 2550 inquantum
2473 2516 2520 2541 est

386 2553 452 2583 Alii
474 2561 551 2583 vero
574 2553 720 2583 aureolas
743 2558 806 2583 tres
829 2552 1031 2593 distinguunt
1053 2553 1233 2584 secundum
1261 2563 1299 2584 ea
1328 2554 1399 2594 qui·
1453 2555 1547 2585 nobis
1571 2554 1715 2584 vicinior.
1740 2553 1781 2583 Et
1795 2553 1881 2590 ideo,
1898 2554 2083 2594 simpliciter
2098 2553 2275 2594 loquendo,
2292 2555 2422 2585 aureola
2436 2564 2519 2585 mar-

332 2597 392 2627 bus
409 2596 538 2628 Christo
553 2597 752 2628 nobilissime
775 2596 1027 2628 conformamur.
1052 2598 1123 2638 Ipse
1139 2598 1227 2628 enim
1241 2597 1400 2629 mediator
1415 2610 1437 2631 ςς
1453 2604 1561 2639 tyrum
1584 2599 1665 2628 inter
1689 2607 1802 2628 omnes
1822 2603 1869 2628 est
1891 2599 2009 2638 potior.
2034 2598 2075 2628 Et
2097 2598 2172 2629 ideo
2188 2598 2303 2629 dicitur
2326 2599 2439 2629 Matth.
2456 2610 2476 2629 v
2491 2600 2518 2635 Ἢ

333 2640 393 2672 fuit
411 2641 493 2671 inter
515 2641 644 2671 Patrem
667 2647 698 2672 et
720 2641 881 2672 mundum
897 2643 924 2672 θ.
948 2642 1023 2673 Fuit
1042 2652 1118 2683 ergo
1142 2642 1267 2679 doctor,
1285 2652 1399 2674 secun·
1453 2644 1487 2674 in
1512 2642 1628 2673 Glossa
1642 2644 1669 2679 ³,
1694 2641 1785 2683 quod
1807 2642 1841 2672 in
1861 2648 1974 2673 octava
1989 2642 2195 2679 beatitudine,
2214 2653 2296 2683 quae
2312 2643 2352 2674 ad
2366 2649 2519 2684 martyres

334 2685 412 2716 dum
436 2684 527 2725 quod
548 2686 714 2716 veritatem
737 2695 836 2726 quam
852 2696 870 2716 a
884 2686 977 2717 Patre
999 2692 1175 2727 acceperat,
1191 2686 1316 2718 mundo
1332 2696 1400 2717 ma·
1453 2688 1601 2728 pertinet,
1626 2686 1755 2723 scilicet,
1778 2687 1874 2717 Beati
1895 2687 1952 2727 qui
1967 2687 2227 2726 persecutionem
2249 2688 2425 2730 patiuntur
2447 2693 2518 2724 etc.,

333 2728 502 2760 nifestavit.
526 2729 602 2760 Fuit
624 2735 732 2760 autem
755 2736 884 2771 martyr,
908 2730 1089 2762 secundum
1112 2730 1203 2772 quod
1226 2741 1245 2761 a
1274 2731 1399 2762 mundo
1455 2741 1569 2762 omnes
1593 2731 1672 2762 aliae
1694 2730 1914 2771 perficiuntur.
1945 2731 1987 2761 Et
2008 2736 2141 2771 propter
2163 2732 2227 2762 hoc
2251 2732 2346 2762 etiam
2376 2732 2520 2762 Ecclesia

332 2774 593 2815 persecutionem
616 2774 775 2805 sustinuit.
800 2775 875 2805 Fuit
897 2784 974 2805 vero
998 2776 1099 2815 virgo,
1122 2776 1317 2816 inquantum
1339 2785 1400 2816 pu·-
1451 2777 1488 2807 -in
1512 2776 1800 2807 connumeratione
1823 2780 2007 2805 sanctorum
2030 2780 2183 2816 martyres
2207 2775 2392 2806 doctoribus
2412 2781 2443 2806 et
2458 2777 2519 2806 vir-

332 2819 459 2849 ritatem
480 2819 514 2848 in
537 2819 643 2858 seipso
667 2819 811 2849 servavit.
835 2819 877 2849 Et
899 2818 973 2849 ideo
997 2818 1161 2856 doctores,
1184 2825 1338 2861 martyres
1370 2826 1402 2851 et
1414 2829 1441 2850 60
1454 2821 1582 2860 ginibus
1605 2819 1818 2860 praeordinat.
1840 2837 1864 2841 ——
1887 2818 1951 2850 Sed
1974 2824 2132 2859 quantum
2148 2819 2188 2850 ad
2203 2819 2333 2860 aliquid,
2350 2820 2429 2850 nihil
2444 2830 2519 2860 pro-

333 2863 471 2903 virgines
494 2863 524 2893 ei
546 2862 777 2902 perfectissime
801 2862 1054 2894 conformantur.
1079 2864 1174 2895 Unde
1202 2865 1318 2895 talibus
1346 2864 1401 2895 de·
1455 2865 1543 2895 hibet
1566 2864 1642 2895 alias
1665 2864 1810 2895 aureolas
1834 2863 2074 2894 excellentiores
2099 2873 2176 2894 esse.

333 2907 431 2938 betur‘
448 2907 588 2938 aureola.
1511 2906 1552 2940 Et
1575 2918 1633 2949 per
1655 2909 1719 2939 hoc
1742 2913 1829 2948 patet
1851 2908 1971 2938 solutio
1995 2907 2035 2938 ad
2058 2908 2193 2938 obiecta.

389 2951 440 2982 An
464 2961 582 2982 panum
606 2961 690 2982 nRoo
717 2960 878 2982 meantum
901 2951 992 2991 quod
1018 2952 1052 2982 in
1075 2957 1149 2982 actu
1171 2952 1310 2983 iustitiae
1332 2962 1401 2984 non

334 2995 506 3027 attenditur
529 2996 637 3036 aliqua
665 3005 793 3036 pugna,
817 2996 900 3026 sicut
929 2997 963 3027 in
993 2996 1116 3027 actibus
1145 2996 1279 3027 aliarum
1301 2997 1399 3027 virtu-

334 3045 414 3071 tum.
437 3058 461 3063 —
483 3040 552 3071 Nec
574 3045 684 3071 tamen
706 3041 770 3071 hoc
792 3049 905 3070 verum
929 3045 985 3077 est,
1010 3040 1100 3080 quod
1123 3040 1240 3071 docere
1256 3041 1295 3070 sit
1310 3047 1400 3072 actus
1413 3049 1438 3075 ες

334 3083 532 3124 prudentiae.
556 3084 660 3115 Immo
685 3090 732 3115 est
754 3085 862 3125 potius
886 3090 975 3115 actus
999 3085 1134 3115 caritatis
1156 3084 1207 3115 vel
1222 3085 1401 3116 misericor·
1519 3094 1540 3114 n
1566 3093 1842 3114 nncmuurnssrrtm
1862 3094 1908 3114 src
1934 3093 2139 3114 rnocnnrrtm.
2164 3083 2298 3114 Videtur
2319 3083 2409 3124 quod
2431 3093 2515 3114 unus

335 3127 416 3164 diae,
440 3128 620 3160 secundum
643 3129 734 3169 quod
757 3139 795 3159 ex
818 3129 872 3159 tali
895 3129 1006 3159 habitu
1024 3129 1216 3159 inclinamur
1235 3129 1275 3159 ad
1290 3129 1400 3161 huius·
1456 3097 1685 3159 Aaureolam
1712 3129 1898 3168 virginitatis
1922 3128 1972 3158 vel
1995 3128 2136 3169 martyrii
2164 3128 2216 3158 vel
2244 3127 2384 3158 doctoris
2415 3128 2520 3159 excel-

335 3171 426 3202 modi
448 3173 652 3210 exercitium;
675 3173 727 3204 vel
751 3174 847 3204 etiam
870 3174 1044 3213 sapientiae
1067 3178 1103 3204 ut
1126 3172 1298 3213 dirigentis.
1455 3173 1572 3204 lentius
1595 3173 1658 3203 alio
1682 3182 1750 3203 non
1773 3173 1897 3203 habeat.
1928 3172 2014 3210 Quia
2045 3182 2081 3203 ea
2105 3182 2188 3212 quae
2211 3178 2285 3203 sunt
2306 3173 2341 3203 in
2369 3173 2517 3209 termino,

390 3215 452 3247 Vel
473 3221 581 3256 potest
603 3216 680 3254 dici,
704 3217 884 3249 secundum
907 3218 1006 3254 alios,
1030 3217 1121 3258 quod
1142 3218 1261 3248 iustitia
1289 3218 1402 3249 circuit
1454 3227 1523 3247 non
1546 3216 1756 3247 intenduntur
1780 3222 1811 3246 et
1834 3217 2048 3247 remittuntur.
2081 3217 2222 3247 Aureola
2250 3222 2358 3247 autem
2386 3216 2520 3248 debetur

337 3268 450 3290 omnes
472 3260 603 3291 virtutes
625 3262 659 3292 *z
690 3267 722 3293 et
744 3261 818 3293 ideo
843 3262 873 3293 ei
896 3262 1074 3302 specialiter
1097 3262 1226 3292 aureola
1249 3271 1317 3292 non
1345 3261 1400 3293 de·
1414 3275 1441 3295 70
1456 3261 1607 3302 operibus
1631 3270 1714 3301 quae
1737 3266 1812 3292 sunt
1833 3261 1868 3291 in
1890 3261 2027 3291 termino
2046 3260 2262 3301 perfectionis.
2287 3261 2373 3301 Ergo
2389 3261 2519 3292 aureola

336 3303 439 3334 betur.
1455 3316 1523 3337 non
1545 3305 1720 3336 intenditur
1741 3315 1850 3345 neque
1871 3306 2051 3336 remittitur.

391 3347 444 3377 An
474 3357 637 3378 secuuntur
662 3358 822 3380 mcmmmr
848 3350 939 3391 quod
967 3356 1155 3391 paupertas,
1184 3350 1329 3391 quamvis
1361 3351 1401 3381 sit
1512 3359 1542 3380 2.
1565 3350 1762 3386 Pani-nana,
1786 3350 1946 3390 virginitas
1969 3359 2038 3380 non
2061 3350 2193 3390 suscipit
2215 3350 2316 3389 magis
2338 3354 2370 3380 et
2392 3350 2516 3380 minus:

338 3400 421 3431 opus
444 3390 666 3431 perfectionis,
689 3402 757 3424 non
779 3399 888 3429 tamen
919 3400 1008 3426 tenet
1039 3405 1204 3426 summum
1233 3395 1344 3426 locum
1366 3395 1401 3425 in
1455 3404 1531 3425 cum
1554 3395 1706 3434 importet
1728 3394 1940 3434 privationem
1973 3393 2151 3434 quandam,
2176 3399 2207 3424 et
2234 3394 2421 3434 negationes
2450 3403 2519 3425 non

337 3435 445 3475 aliqua
467 3435 622 3475 spirituali
649 3445 776 3477 pugna:
811 3439 887 3478 quia
915 3449 1007 3470 amor
1036 3439 1263 3480 temporalium
1293 3439 1400 3470 minus
1455 3438 1661 3470 intendantur
1684 3448 1744 3469 nec
1766 3439 1967 3469 remittantur
1981 3439 2008 3469 ἢ
2032 3438 2118 3478 Ergo
2141 3447 2202 3469 nec
2225 3438 2405 3478 praemium
2422 3438 2517 3479 virgi-

337 3480 505 3520 impugnat
528 3489 627 3520 quam
650 3482 910 3522 concupiscentia
933 3484 1045 3520 carnis,
1070 3484 1120 3515 vel
1142 3485 1323 3525 persecutio
1352 3484 1400 3514 in-
1414 3496 1439 3517 75
1454 3484 1571 3520 nitatis,
1595 3483 1716 3515 scilicet
1738 3483 1867 3514 aureola
1889 3483 2064 3523 virginum,
2088 3482 2262 3513 intenditur
2285 3488 2316 3513 et
2338 3483 2517 3514 remittitur.

340 224 440 255 ART.
457 226 510 256 XI.
534 236 639 257 unum
655 237 893 258 commmumnn
909 238 1124 259 nnsmmmrua
1139 239 1214 260 rans
1230 238 1406 264 AUREOLAE,

523 280 686 308 monum,
711 282 879 303 MARTYRUM
902 283 941 303 ΕΤ
964 283 1224 304 PRAEDICATORUM

686 322 707 344 u
721 322 754 343 ad
767 322 835 349 Tim„
851 328 902 350 cap.
918 329 949 349 iv,
965 323 1017 344 lect.
1032 329 1057 345 ιι.

1561 2974 1661 3005 ART.
1677 2973 1760 3004 XIII.
1784 2983 1890 3004 u’rmm
1912 2983 1990 3004 unus
2014 2983 2182 3003 AURROLAM
2204 2983 2412 3004 vraom‘rans

1498 3028 1558 3049 vm.
1581 3028 1729 3048 marran
1750 3027 1809 3048 vm.
1833 3027 1987 3048 nocroms
2010 3027 2236 3048 nxanLuNrms
2260 3027 2332 3049 auo
2352 3027 2475 3048 ΗΑΒΕΑΤ

2552 303 2562 313 ·
2576 301 2626 328 Qu.
2641 306 2738 328 uxxxx,

2552 331 2594 349 an.
2609 333 2629 349 2.

2552 874 2561 884 ·
2577 873 2644 895 νει-ι.
2659 881 2683 900 4.

2551 1010 2561 1020 ·
2575 1008 2642 1031 Vei-s.
2658 1015 2678 1038 3.

2549 1100 2560 1110 ·
2569 1099 2605 1130 pe
2613 1099 2704 1122 natvm
2713 1099 2763 1122 vtr-

2546 1132 2636 1153 gruunt.

2549 1272 2560 1283 ·
2568 1271 2676 1299 Exposit.
2690 1272 2715 1294 in
2728 1273 2759 1294 A·

2545 1304 2598 1325 poc.
2614 1298 2654 1319 lib.
2669 1298 2715 1323 111.
2731 1299 2759 1321 ad

2549 1330 2600 1353 cap.
2610 1331 2657 1352 xiv,
2668 1331 2728 1347 vers.
2738 1332 2760 1355 3.

2548 1630 2560 1642 ·
2573 1630 2640 1651 Vers.
2656 1635 2689 1656 ¹7.

2549 2606 2558 2614 *
2572 2603 2639 2625 Vers.
2655 2609 2691 2625 ιο.

2547 2652 2558 2662 ·
2573 2651 2631 2674 Ord-

2546 3355 2557 3366 *
2571 3354 2607 3377 cf.
2618 3355 2715 3377 Aristot.
2728 3354 2757 3376 de

2544 3381 2756 3404 Parum-alium.

2545 3408 2585 3430 lib.
2604 3409 2628 3434 Ι,
2646 3414 2672 3429 οι
2691 3423 2697 3430 .
2718 3413 2757 3433 πη

2545 3435 2638 3463 Pityaia.
2656 3414 2696 3456 lig.
2716 3434 2757 3460 1v,

2545 3466 2679 3510 ξἭἾὲἑι
2686 3466 2758 3509 ”2214'
