2918 4088
82 347 92 357 “
100 345 228 398 &aa
234 345 293 399 ass'.

0 384 3 418 ,l
79 403 173 446 ξλεαρ.
193 397 294 426 Quaeri-

73 1414 88 1427 *
99 1412 134 1436 Ν
145 1413 220 1442 Sat,
234 1413 289 1436 din.

34 1459 38 1462 -
59 1445 288 1494 .²'i=t²a:2¹¹¹,¹²at.¹.:

32 1507 35 1511 “
75 1497 110 1520 ¹7»
154 1498 200 1542 :nv'
213 1496 290 1520 ⁸¹¹¹·4»

183 1533 191 1542 ·
240 1551 289 1568 um-

34 1582 41 1604 ..
74 1577 213 1607 „mm
266 1586 268 1588 ,

70 2736 91 2773 Υ·
103 2735 171 2760 ven.
185 2741 209 2765 ις
224 2741 277 2765 nqq.

971 200 1234 247 QUAESTIO
1262 199 1432 247 LXVIII,
1466 199 1758 237 ARTICULUS
1786 199 1836 236 XI

320 278 435 316 etiam
462 286 500 314 et
527 278 574 315 de
603 278 732 328 pueris
752 278 1001 328 antiquorum
1021 278 1159 315 dicitur
1185 278 1292 327 quod
1310 277 1382 314 sal-

319 333 504 369 vabantur
521 332 560 367 in
571 331 656 379 fide
673 338 870 380 parentum
889 331 919 368 ²¹⁸.
950 332 998 368 Et
1017 331 1104 368 ideo
1128 338 1260 367 contra
1279 329 1382 366 iusti—

320 383 414 421 tiam
447 385 662 420 naturalem
696 392 794 420 esset
821 383 852 420 si
879 385 972 420 tales
999 383 1128 432 pueri,
1165 382 1291 419 invitis
1319 393 1382 430 pa-

321 435 502 483 rentibus,
527 436 824 486 baptizarentur:
853 436 950 473 sicut
971 436 1084 473 etiam
1103 435 1135 472 si
1154 434 1290 484 aliquis
1316 435 1382 471 ha-

310 489 415 526 bens
448 501 565 526 usum
598 489 753 527 rationis
787 489 1045 538 baptizaretur
1078 487 1230 524 invitus.
1274 488 1383 524 Esset

320 541 435 578 etiam
462 541 724 590 periculosum
751 542 872 579 taliter
898 541 998 578 filios
1019 540 1234 577 infidelium
1261 539 1382 588 bapti-

320 606 426 631 zare:
456 594 548 643 quia
565 595 614 631 de
633 594 731 632 facili
749 594 798 632 ad
818 593 1080 631 infidelitatem
1098 592 1274 638 redirent,
1294 604 1382 641 pro-

319 654 404 696 pter
422 649 633 684 naturalem
651 648 832 684 affectum
851 647 901 683 ad
919 653 1106 695 parentes.
1128 646 1176 682 Et
1195 645 1282 682 ideo
1302 657 1382 682 non

319 699 437 737 habet
470 700 547 736 hoc
574 699 765 737 Ecclesiae
793 699 1046 744 consuetudo,
1067 698 1175 747 quod
1202 697 1270 735 filii
1298 698 1382 734 infi-

319 751 478 798 delium,
507 752 632 789 invitis
658 751 893 801 parentibus,
922 750 1179 800 Baptizentur..

373 805 431 842 An
459 817 594 842 PmMUM
622 817 720 842 ERGO
749 815 930 841 DtCENDUM
963 804 1070 853 quod
1098 816 1121 840 a
1148 811 1271 841 morte
1299 816 1382 841 cor-

318 857 441 906 porali
469 869 549 894 non
573 864 629 895 est
654 856 790 906 aliquis
809 856 1028 906 eripiendus
1056 864 1188 893 contra
1207 857 1382 894 ordinem

319 909 412 946 iuris
440 909 579 947 civilis:
617 917 728 959 puta,
758 909 790 946 si
817 908 954 958 aliquis
988 921 1011 946 a
1038 921 1110 946 suo
1139 909 1264 946 iudice
1293 921 1383 946 con-

319 962 526 999 demnetur
550 962 600 999 ad
628 970 808 1010 mortem,
837 963 966 999 nullus
991 961 1104 999 debet
1130 974 1222 999 eum
1240 962 1389 999 violen-

2422 197 2492 235 103

1436 284 1492 313 ter
1519 290 1541 313 a
1570 285 1692 314 morte
1720 277 1875 326 eripere.
1906 277 2017 315 Unde
2046 289 2116 314 nec
2145 276 2279 326 aliquis
2307 276 2421 314 debet
2446 275 2493 312 ir-

1437 342 1615 379 rumpere
1651 330 1826 367 ordinem
1864 330 1955 366 iuris
1986 338 2161 376 naturae,
2198 341 2278 378 quo
2310 328 2412 365 filius
2439 336 2495 365 est

1437 382 1508 419 sub
1537 395 1628 419 cura
1654 382 1780 432 patris,
1801 390 1842 419 ut
1861 395 1953 419 eum
1972 383 2102 420 liberet
2130 395 2152 419 a
2170 381 2340 431 periculo
2360 381 2493 418 mortis

1436 442 1622 472 aeternae.

1489 489 1545 524 An
1574 500 1761 526 SECUNDUM
1780 500 1960 525 DICENDUM
1986 488 2093 536 quod
2122 486 2251 524 Iudaei
2279 494 2366 523 sunt
2394 486 2493 523 servi

1436 540 1654 590 principum
1682 541 1859 578 servitute
1888 540 1999 587 civili,
2022 552 2122 589 quae
2150 551 2230 577 non
2249 538 2414 576 excludit
2433 551 2493 575 or-

1436 593 1567 630 dinem
1596 593 1687 630 iuris
1715 593 1894 631 naturalis
1921 594 1983 630 vel
2011 592 2141 630 divini.

1490 647 1546 682 AD
1582 658 1740 684 TERTIUM
1777 658 1957 683 memnon
1994 646 2101 694 quod
2138 646 2259 681 homo
2296 644 2494 681 ordinatur

1436 699 1484 735 ad
1513 699 1641 736 Deum
1668 711 1738 748 per
1761 698 1959 745 rationem,
1979 710 2048 747 per
2066 709 2185 746 quam
2204 698 2333 734 Deum
2352 709 2493 745 cogno-

1436 763 1539 788 scere
1558 759 1691 800 potest.
1717 752 1828 789 Unde
1847 763 1955 801 puer,
1975 758 2183 799 antequam
2202 762 2319 786 usum
2339 748 2493 786 rationis

1436 804 1591 851 habeat,
1621 804 1783 841 naturali
1810 803 1945 840 ordine
1973 803 2170 840 ordinatur
2201 802 2241 839 in
2269 802 2398 839 Deum
2425 814 2494 851 per

1437 857 1623 896 rationem
1659 864 1883 906 parentum,
1919 868 2087 905 quorum
2126 867 2239 892 curae
2277 855 2494 892 naturaliter

1437 909 1615 956 subiacet,
1644 918 1681 947 et
1706 909 1919 947 secundum
1941 920 2078 946 eorum
2097 907 2387 957 dispositionem
2406 916 2493 944 sunt

1436 962 1534 999 circa
1562 962 1690 1012 ipsum
1718 962 1848 999 divina
1876 962 2033 1010 agenda.

990 1067 1325 1100 Commentario.
1346 1067 1599 1100 Oardinalis
1622 1067 1823 1100 Caietani

319 1166 367 1230 IN
389 1157 523 1188 articulo
547 1156 685 1193 decimo,
704 1157 738 1187 in
754 1166 890 1197 corpore
905 1156 1038 1192 articuli,
1058 1155 1185 1187 adverte
1204 1157 1379 1186 Auctorem

347 1201 473 1238 sentire,
496 1201 598 1232 immo
621 1210 816 1241 supponere,
841 1200 924 1231 filios
947 1199 1126 1230 infidelium
1148 1199 1218 1231 fore
1236 1209 1309 1231 vere
1325 1201 1379 1230 ba-

315 1245 468 1286 ptizatos,
499 1246 525 1275 si
554 1245 661 1276 invitis
693 1245 876 1285 parentibus
908 1245 1151 1285 baptizarentur.
1186 1244 1260 1274 Hoc
1293 1245 1379 1274 enirn

315 1290 472 1330 supponit
493 1289 573 1320 ratio
601 1289 726 1320 dicens:
754 1289 848 1319 Esset
859 1289 1080 1329 periculosum
1096 1288 1205 1318 taliter
1216 1288 1312 1329 filios
1331 1288 1379 1318 in-

304 1332 644 1376 fidssliumrbwtizffe,
660 1333 737 1374 quia
759 1333 799 1364 de
805 1333 907 1375 sacili
929 1332 973 1363 ad
995 1332 1214 1374 infidelitatem
1237 1332 1381 1363 redirent

280 1390 286 1391 ⁷
306 1376 455 1418 propia-⁷
469 1378 651 1408 naturalem
674 1377 824 1418 affectum
847 1377 891 1407 ad
907 1382 1069 1417 parentes.

370 1420 439 1452 Nec
463 1431 546 1462 opus
569 1431 637 1452 esse
663 1421 796 1452 arbitror
826 1420 986 1461 disputare
1008 1421 1060 1451 hic
1091 1430 1166 1451 cum
1189 1419 1342 1451 Durando
1363 1421 1380 1437 ⁴*

317 1470 348 1496 et
369 1465 465 1496 Petro
493 1465 532 1496 de
555 1464 674 1496 Palude
688 1466 724 1495 ἐ
755 1466 911 1506 quoniam
941 1474 979 1495 ex
1005 1474 1100 1505 supra
1130 1464 1220 1495 dictis
1247 1465 1280 1494 in
1308 1464 1392 1498 arti-v

317 1509 392 1540 culo
408 1510 547 1549 septimo
563 1510 580 1526 ⁴*
595 1510 669 1540 satis
691 1515 823 1549 apparet
837 1509 1083 1539 irrationabilem
1107 1518 1174 1539 esse
1190 1509 1379 1548 opinionem

317 1553 494 1585 dicentium
516 1553 716 1584 voluntatem
735 1554 943 1583 extrinsecam
966 1553 1084 1592 requiri
1107 1562 1145 1583 ex
1167 1558 1256 1593 parte
1278 1552 1381 1592 bapti-

315 1598 378 1629 zati
399 1597 529 1628 infantis
551 1597 591 1628 de
614 1597 801 1627 necessitate
825 1597 1022 1627 sacramenti.

324 1665 326 1668 ,
372 1641 411 1672 11.
435 1641 472 1672 In
490 1640 617 1677 eodem,
634 1641 761 1671 adverte
776 1641 953 1671 Auctorem
968 1650 1036 1670 non
1052 1639 1155 1670 facere
1171 1639 1380 1670 differentiam

316 1683 427 1726 quoad
448 1685 654 1726 propositum
669 1685 759 1715 vinter
781 1683 864 1714 filios
888 1684 1080 1714 Iudaeorum
1103 1684 1154 1714 vel
1173 1684 1308 1714 aliorum
1331 1685 1379 1717 in-

316 1727 471 1761 fidelium.
511 1728 688 1759 Difficultas
720 1734 829 1758 tamen
859 1728 1003 1768 specialis
1034 1727 1073 1758 de
1104 1727 1227 1758 Iudaeis
1258 1728 1380 1758 ratione

314 1772 475 1804 servitutis
497 1782 566 1803 non
585 1778 633 1803 est
655 1773 783 1808 omissa,
803 1771 859 1802 sed
873 1772 906 1802 in
922 1772 1131 1812 responsione
1147 1771 1187 1802 ad
1202 1771 1380 1803 secundum

314 1817 420 1848 soluta
443 1821 500 1848 est.

371 1861 435 1892 Ubi
462 1861 561 1896 scito,
588 1866 720 1901 propter
749 1860 931 1890 molestiam
952 1861 1138 1890 instantium
1168 1864 1199 1889 et
1227 1860 1379 1890 obiicien-

315 1905 398 1936 tium
421 1905 496 1945 quia
526 1903 583 1934 filii
612 1913 779 1935 servorum
801 1909 938 1945 possunt
961 1904 999 1934 ab
1024 1905 1068 1934 eis
1092 1903 1216 1939 auferri,
1237 1909 1267 1934 et
1286 1904 1380 1934 ablati

315 1954 454 1990 possunt
475 1949 637 1989 baptizari,
654 1954 691 1979 ut
705 1954 837 1979 testatur
852 1948 1014 1978 Ecclesiae
1034 1947 1234 1978 consuetudo
1254 1947 1292 1978 de
1308 1947 1380 1978 filiis

316 1994 517 2034 Aethiopum
540 1994 597 2033 qui
619 1992 806 2024 Christianis
821 1992 1021 2023 venduntur:
1047 2001 1123 2032 ergo
1139 1993 1206 2022 sine
1223 1992 1381 2022 ablatione

313 2037 422 2069 media
435 2042 568 2078 possent
583 2037 678 2068 etiam
694 2046 859 2067 servorum
874 2035 1053 2067 infidelium
1076 2035 1133 2066 filii
1148 2036 1252 2066 invitis
1267 2045 1380 2076 paren-

314 2081 399 2116 tibus
414 2082 584 2123 baptizari;
606 2082 676 2122 ipsa
697 2090 838 2122 namque
859 2081 975 2111 ablatio
998 2090 1067 2111 non
1090 2085 1137 2111 est
1158 2079 1302 2111 medium
1325 2089 1381 2110 ne-

1434 1157 1604 1186 cessarium
1620 1156 1660 1186 ad
1682 1157 1804 1187 licitum
1827 1157 2040 1197 baptismum:
2064 1177 2087 1181 -
2109 1160 2199 1196 scito,
2219 1161 2362 1201 inquam,
2385 1161 2493 1192 distin-

1433 1210 1530 1240 guere
1553 1201 1634 1230 inter
1654 1200 1686 1230 id
1710 1200 1799 1240 quod
1821 1200 1936 1241 smper
1954 1211 2001 1238 se,
2026 1208 2058 1232 et
2087 1203 2176 1243 quod
2199 1204 2235 1235 fit
2257 1215 2314 1244 per
2336 1205 2491 1236 accidens.
2525 1239 2529 1242 ,

1433 1244 1534 1280 Nam,
1550 1253 1608 1284 per
1630 1254 1663 1274 se
1686 1244 1861 1284 loquendo,
1886 1251 2183 1287 quantumcumque
2214 1248 2364 1280 dominus
2394 1250 2493 1290 possit

1434 1287 1556 1319 auferre
1571 1287 1674 1318 filium
1690 1298 1708 1318 a
1731 1298 1832 1325 servo,
1849 1298 1917 1319 non
1935 1295 2041 1320 tamen
2057 1296 2163 1331 potest
2179 1301 2215 1322 ea
2230 1294 2351 1324 ratione
2371 1293 2493 1324 auferre

1433 1338 1469 1362 ut
1491 1333 1630 1372 baptizet
1643 1332 1745 1363 illum.
1769 1333 1854 1370 Quia
1877 1334 2052 1373 baptismus
2068 1340 2099 1365 et
2117 1336 2233 1366 ablatio
2257 1342 2331 1367 sunt
2353 1337 2493 1368 diverso-

1433 1386 1505 1407 rum
1520 1377 1654 1407 iurium:
1680 1377 1834 1416 quoniam
1864 1377 2039 1417 baptismus
2067 1379 2144 1409 iuris
2167 1386 2214 1410 est
2238 1380 2352 1417 divini,
2377 1391 2414 1412 ac
2436 1391 2493 1421 per

1433 1421 1496 1451 hoc
1512 1420 1552 1450 ad
1566 1421 1662 1460 patris
1681 1421 1731 1451 ius
1749 1426 1914 1460 spectans;
1938 1422 2053 1452 ablatio
2076 1432 2152 1454 vero
2177 1424 2277 1454 civilis
2292 1430 2339 1455 est
2354 1426 2440 1461 iuris,
2456 1435 2493 1455 ac

1433 1474 1490 1505 per
1500 1465 1564 1495 hoc
1576 1463 1615 1494 ad
1627 1463 1750 1495 domini
1765 1465 1814 1495 ius
1830 1470 1959 1505 spectat.
1977 1465 2017 1496 Et
2028 1464 2196 1507 propterea
2211 1467 2326 1499 falsum
2342 1475 2388 1499 est
2404 1468 2493 1509 quod

1433 1509 1526 1539 liceat
1548 1508 1688 1538 ablatum
1710 1507 1813 1539 filium
1832 1518 1850 1538 a
1865 1518 1955 1539 servo
1980 1510 2139 1549 baptizare
2161 1511 2266 1542 invitis
2289 1513 2490 1553 parentibus:

1434 1552 1550 1582 ablatio
1573 1553 1660 1582 enim
1683 1552 1782 1582 civilis
1799 1561 1868 1582 non
1883 1553 1966 1583 tollit
1980 1554 2030 1584 ius
2045 1559 2213 1593 paternum
2237 1565 2309 1596 erga
2331 1556 2447 1587 divina.

1487 1596 1556 1626 Nec
1579 1596 1739 1626 Ecclesiae
1763 1596 1964 1627 consuetudo
1984 1597 2079 1628 habet
2093 1603 2130 1628 ut
2144 1599 2343 1639 baptizentur
2357 1600 2493 1631 infantes

1433 1640 1632 1679 Aethiopum
1655 1640 1886 1679 praesentium:
1914 1640 1970 1671 sed
1992 1641 2064 1671 illos
2090 1647 2214 1673 tantum
2236 1653 2355 1683 pueros
2379 1645 2435 1684 qui
2457 1651 2494 1675 ut

1433 1684 1616 1724 parentibus
1639 1683 1781 1714 destituti
1803 1684 1959 1714 habentur
1982 1685 2129 1725 baptizat,
2152 1696 2415 1727 praesupponens
2433 1689 2492 1718 hu-

1433 1727 1573 1758 iusmodi
1603 1737 1722 1768 pueros
1744 1727 1871 1758 venales
1894 1733 2047 1768 tanquam
2078 1730 2146 1760 sine
2169 1732 2352 1770 parentibus
2378 1738 2492 1762 essent.

1433 1772 1475 1802 Et
1496 1771 1723 1802 rationabiliter
1746 1771 1890 1811 quidem:
1923 1773 2078 1812 quoniam
2101 1773 2198 1804 chaos
2221 1784 2375 1816 magnum
2398 1785 2492 1816 expe—

1432 1816 1533 1846 rimur
1560 1815 1799 1855 interpositum,
1829 1816 1873 1845 ita
1895 1821 1931 1846 ut
1960 1816 2040 1847 nulli
2070 1827 2215 1857 unquam
2241 1821 2494 1859 comparaverint

1432 1865 1579 1900 parentes
1606 1868 1666 1899 pro
1689 1858 1779 1895 filiis,
1807 1868 1868 1890 nec
1895 1859 1952 1890 filii
1981 1861 2191 1900 postmodum
2219 1863 2334 1893 reversi
2357 1869 2431 1894 sunt
2453 1863 2492 1894 ad

1432 1908 1593 1944 parentes,
1617 1902 1673 1934 sed
1695 1903 1879 1934 nutriuntur
1902 1904 2038 1935 totaliter
2061 1904 2241 1942 Christiani,
2267 1912 2297 1936 et
2320 1907 2364 1937 sic
2387 1917 2492 1947 perse-

1432 1953 1551 1978 verant.

1488 1991 1589 2022 Multa
1611 1992 1664 2022 hic
1687 1992 1864 2022 omittimus
1888 1992 1970 2022 circa
1991 1994 2164 2033 praesentis
2180 1994 2303 2026 articuli
2318 1996 2491 2031 materiam,

1435 2036 1511 2110 {liga
1539 2036 1573 2066 in
1603 2035 1670 2066 aliis
1701 2035 1948 2066 Commentariis
1966 2037 1982 2053 ⁴*
2008 2038 2214 2068 meminimus
2243 2048 2304 2069 nos
2334 2040 2493 2080 scripsisse

1492 2089 1558 2110 use.

1061 2233 1381 2276 ARTICULUS
1412 2233 1746 2276 UNDECIMUS

714 2329 871 2361 UTRUM
895 2329 939 2359 IN
962 2327 1183 2359 MATERNIS
1207 2327 1362 2359 UTEms
1385 2327 1653 2358 EXISTENTES
1675 2326 1854 2359 PossmT
1877 2328 2101 2359 BAPTIZARI

479 2409 613 2451 llffssent„
633 2408 690 2434 dist.
707 2415 745 2438 ιιι,
764 2415 808 2440 qu.
826 2415 844 2438 1,
863 2413 910 2433 an.
931 2414 954 2436 ι,
973 2407 1023 2440 qu²
1043 2407 1067 2438 3,
1086 2407 1117 2432 ad
1139 2414 1167 2437 1;
1187 2406 1229 2438 lV,
1249 2407 1308 2432 dist.
1326 2414 1344 2437 1,
1363 2414 1407 2438 qu.
1425 2414 1454 2436 11,
1472 2411 1518 2431 art.
1538 2405 1562 2435 6,
1581 2406 1631 2439 qu·
1651 2413 1675 2436 2,
1693 2407 1726 2431 ad
1746 2414 1775 2437 23
1795 2407 1854 2431 dist.
1871 2414 1908 2435 iu.
1927 2415 1973 2439 qu.
1991 2415 2008 2436 1,
2027 2412 2074 2432 art.
2095 2414 2118 2438 1,
2137 2408 2187 2440 qu⁸
2207 2408 2231 2439 3,
2251 2409 2282 2433 ad
2303 2415 2332 2440 1;

763 2444 822 2470 dist.
839 2451 874 2475 vx,
893 2451 938 2476 qu.
956 2450 974 2473 1,
993 2448 1039 2468 art.
1060 2450 1083 2472 ι,
1102 2443 1153 2476 qu·
1174 2449 1201 2472 1;
1221 2442 1270 2475 qu*
1291 2449 1314 2472 2,
1333 2442 1365 2466 ad
1386 2448 1412 2471 1;

351 2542 415 2568 ,ta—»ts
454 2547 503 2569 ax«
527 2535 551 2561 n
565 2535 775 2561 υΝῡΕειΜυΜ
790 2534 842 2560 stc
853 2534 1090 2560 pnocnm‘run.
1099 2520 1261 2559 Videtur
1274 2521 1381 2570 quod

343 2554 503 2625 ’,ἱξὶζιῖ
529 2575 570 2612 in
589 2581 606 2597 ²
633 2575 815 2612 maternis
850 2575 967 2612 uteris
1002 2575 1203 2612 existentes
1234 2573 1382 2623 possint

336 2611 455 2686 ᾹῨν,
466 2614 722 2677 'r'baptizari
765 2627 971 2666 Efficaeius
1006 2636 1062 2665 est
1097 2627 1203 2665 enim
1231 2628 1382 2664 donum

374 2657 471 2715 45³3)
486 2675 519 2717 k
532 2680 672 2718 Christi
685 2681 735 2718 ad
750 2682 913 2718 salutem
927 2693 1047 2730 quarn
1061 2688 1261 2730 peccatum
1275 2680 1382 2717 Adae

317 2733 368 2772 ad
395 2732 703 2780 damnationem,
738 2741 781 2770 ut
807 2734 1015 2784 Apostolus
1043 2733 1148 2781 dicit,
1176 2735 1287 2778 Rom.
1307 2746 1332 2770 v
1349 2732 1380 2769 *.

320 2783 398 2825 Sed
425 2785 534 2836 pueri
564 2786 603 2823 in
622 2785 804 2823 maternis
822 2786 939 2824 uteris
967 2785 1167 2824 existentes
1194 2786 1381 2823 damnan-

318 2848 381 2877 tur
407 2847 566 2889 propter
592 2847 795 2888 peccatum
822 2839 941 2876 Adae.
981 2840 1083 2887 Ergo
1111 2840 1234 2876 multo
1262 2838 1384 2886 magis

319 2892 457 2931 salvari
488 2899 652 2942 possunt
682 2903 753 2941 per
779 2892 930 2928 donum
959 2891 1109 2929 Christi.
1153 2891 1273 2938 Quod
1301 2891 1384 2940 qui-

319 2946 411 2983 dem
439 2945 483 2982 fit
509 2957 579 2994 per
605 2945 854 2994 baptismum.
885 2945 987 2992 Ergo
1015 2943 1124 2993 pueri
1144 2943 1184 2981 in
1202 2944 1383 2981 maternis

318 2998 436 3036 uteris
464 2998 665 3035 existentes
692 3005 855 3047 possunt
882 2996 1074 3046 baptizari.

374 3062 410 3088 2.
440 3052 678 3098 PRAETEREA,
715 3063 813 3100 puer
847 3049 887 3087 in
914 3057 1024 3088 utero
1056 3049 1187 3087 matris
1221 3049 1383 3086 existens

320 3103 464 3154 aliquid
482 3103 613 3141 matris
633 3115 715 3141 esse
734 3103 896 3140 videtur.
928 3103 1016 3149 Sed,
1045 3102 1231 3152 baptizata
1250 3110 1382 3149 matre,

319 3156 534 3207 baptizatur
555 3156 747 3206 quidquid
766 3164 821 3193 est
841 3156 922 3193 eius
950 3155 1046 3193 intra
1065 3155 1189 3204 ipsam
1208 3154 1381 3192 existens.

321 3211 423 3258 Ergo
450 3209 603 3247 videtur
630 3209 755 3259 quod,
783 3209 980 3260 ¹baptizata
1007 3216 1144 3254 matre,
1173 3208 1384 3258 baptizetur

320 3274 419 3312 puer
446 3261 485 3299 in
512 3270 622 3300 utero
651 3262 734 3299 eius
762 3262 936 3299 existens,

377 3315 411 3352 3.
442 3316 682 3359 PRAETEREA,
718 3327 824 3352 mors
858 3323 1011 3352 aeterna
1044 3313 1154 3363 peior
1181 3321 1236 3351 est
1263 3326 1382 3363 quam

322 3380 428 3405 mors
463 3368 681 3418 corporalis.
727 3369 803 3406 Sed
838 3368 885 3405 de
921 3367 1076 3405 duobus
1109 3366 1219 3404 malis
1254 3366 1383 3404 minus

373 3498 400 3533 α)
421 3499 456 3524 in.
473 3513 493 3518 —
505 3500 587 3532 pueri
605 3500 631 3525 in
651 3500 670 3524 F
689 3505 714 3525 et
733 3500 805 3524 tertia
824 3504 926 3532 praeter
945 3499 968 3530 13
988 3499 1019 3523 cf.
1039 3497 1061 3523 δ.
1079 3513 1098 3517 -
1116 3498 1261 3523 existentes
1280 3506 1332 3522 om.
1353 3498 1381 3523 F.
1406 3495 1409 3522 Ι

1433 2442 1492 2467 dist.
1509 2449 1578 2473 xxm,
1598 2449 1642 2474 qu.
1661 2449 1689 2472 u,
1708 2447 1754 2467 art.
1774 2449 1798 2472 2,
1817 2442 1866 2474 qu·
1886 2449 1908 2472 i,
1928 2443 1960 2467 ad
1980 2449 2003 2473 ι,
2024 2450 2048 2468 2.

1435 2522 1585 2558 malum
1620 2520 1840 2569 eligendum
1872 2529 1937 2559 est.
1982 2521 2023 2559 Si
2054 2534 2144 2570 ergo
2179 2535 2277 2572 puer
2312 2524 2352 2561 in
2386 2532 2494 2561 utero

1435 2574 1566 2611 matris
1594 2574 1758 2611 existens
1786 2574 1967 2623 baptizari
1987 2586 2067 2611 non
2090 2582 2223 2624 potest⁷
2244 2577 2380 2613 melius
2400 2585 2495 2614 esset

1437 2627 1544 2676 quod
1572 2634 1695 2664 mater
1722 2626 1932 2676 aperiretur
1959 2635 1995 2664 et
2021 2640 2120 2677 puer
2137 2628 2176 2665 vi
2196 2629 2356 2666 eductus
2376 2629 2495 2679 bapti-

1436 2687 1596 2726 zaretur,
1613 2684 1732 2730 quam'
1747 2681 1855 2729 quod
1872 2692 1971 2730 puer
1984 2680 2220 2718 aeternaliter
2237 2682 2495 2729 damnaretur,

1437 2733 1584 2782 absque
1610 2733 1802 2783 baptismo
1831 2733 2031 2770 decedens.

1490 2798 1527 2834 4.
1548 2787 1780 2832 PRAETEREA,
1796 2786 1978 2834 contingit
1994 2787 2230 2836 quandoque
2249 2788 2356 2836 quod
2370 2788 2496 2837 aliqua

1437 2851 1525 2888 pars
1561 2838 1672 2888 pueri
1708 2838 1815 2888 prius
1852 2839 2061 2887 egreditur:
2104 2840 2199 2877 sicut
2235 2840 2368 2888 legitur
2402 2841 2493 2877 Gen.

1437 2903 1567 2928 xxxvm
1591 2891 1612 2913 *
1646 2892 1764 2941 quod,
1802 2891 1972 2941 pariente
2009 2893 2193 2938 Thamar,
2228 2894 2264 2929 in
2298 2895 2377 2942 ipsa
2404 2893 2495 2942 effu-

1436 2946 1540 2981 sione
1557 2945 1767 2992 infantium,
1797 2957 1892 2981 unus
1913 2946 2066 2994 protulit
2092 2958 2257 2991 manum,
2278 2947 2315 2982 in
2342 2959 2414 2995 qua
2433 2948 2494 2983 oh-

1436 2998 1566 3034 stetrix
1591 2998 1721 3047 ligavit
1757 2999 1967 3044 coccinum,
2004 2998 2144 3044 dicens,
2180 3000 2252 3035 Iste
2288 2999 2496 3048 egredietur

1431 3051 1553 3099 prior.
1582 3050 1655 3087 Illo
1672 3063 1761 3088 vero
1789 3063 1943 3087 manum
1972 3052 2178 3088 retrahente
2196 3049 2222 3096 β,
2251 3062 2419 3100 egressus
2446 3057 2496 3088 est

1437 3103 1541 3140 alter.
1581 3103 1830 3152 Quandoque
1865 3111 1993 3140 autem
2029 3103 2068 3139 in
2099 3103 2162 3140 tali
2197 3116 2287 3140 casu
2322 3103 2495 3140 imminet

1437 3155 1651 3205 periculum
1690 3156 1834 3193 mortis.
1871 3156 1972 3203 Ergo
2000 3155 2151 3193 videtur
2185 3156 2292 3205 quod
2319 3156 2381 3193 illa
2408 3168 2495 3205 pars

1437 3208 1575 3245 debeat
1602 3208 1795 3258 baptizari,
1824 3220 1946 3258 puero
1975 3209 2102 3245 adhuc
2126 3208 2165 3245 in
2184 3216 2357 3246 materno
2386 3217 2494 3246 utero

1438 3269 1629 3299 ex1stente.

1491 3314 1564 3351 SED
1594 3326 1737 3351 CONTRA
1765 3326 1829 3351 EST
1862 3314 1968 3362 quod
1996 3314 2241 3362 Augustinus
2263 3314 2301 3350 in
2327 3314 2494 3363 Epistola

1436 3367 1487 3404 ad
1504 3367 1726 3404 Dardanum
1741 3366 1771 3411 ³¹⁶,
1792 3366 1899 3403 dicit:
1920 3367 2044 3403 Nemo
2064 3369 2268 3404 renascitur
2287 3368 2358 3403 nisi
2368 3368 2494 3416 primo

1491 3497 1503 3513 (⁴

1490 3498 1516 3531 p)
1536 3498 1696 3523 retrahente.
1714 3512 1733 3516 —
1751 3498 1793 3522 EF
1812 3502 1838 3522 et
1855 3498 1941 3528 tertia;
1961 3497 2093 3522 trahente.

2520 2046 2530 2055 ·
2543 2044 2577 2065 11⁸
2590 2043 2635 2065 11⁸⁶
2658 2049 2696 2071 qu.
2707 2050 2731 2070 x,

2520 2074 2560 2093 art.
2576 2075 2608 2097 η,
2625 2059 2716 2092 domm.

2522 2904 2532 2914 ·
2547 2902 2613 2924 Vers.
2627 2908 2653 2929 27
2668 2907 2718 2929 sqq.

2553 3351 2593 3379 Ep.
2616 3356 2730 3375 ‹zi-xxxvii,

2522 3354 2531 3363 .

2521 3379 2549 3399 al.
2564 3383 2618 3403 Lvn,
2633 3382 2682 3404 cap.
2699 3382 2729 3397 lx.
