2918 4088
207 1286 217 1295 ·
231 1284 280 1305 Art.
295 1290 316 1305 2.

446 193 498 230 40

450 267 686 297 sacramenta
721 260 915 296 character
949 258 1195 308 imprimitur,
1225 258 1363 295 scilicet
1390 256 1510 305 bapti-

450 324 591 360 smum,
622 312 957 349 confirmationem
984 320 1021 349 et
1049 311 1236 348 ordinem.

502 366 559 401 AD
588 377 723 403 ramum
751 377 849 402 ERGO
868 377 1050 402 DICENDUM
1070 364 1177 413 quod
1203 375 1273 412 per
1301 361 1432 399 omnia
1453 373 1510 397 sa-

449 425 644 455 cramenta
670 417 714 454 fit
741 418 862 455 homo
899 417 1087 467 particeps
1125 415 1324 453 sacerdotii
1358 413 1507 460 Christi,

448 478 581 520 utpote
617 470 832 520 percipiens
866 470 1033 519 aliquem
1073 469 1254 506 effectum
1289 467 1390 504 eius:
1428 477 1509 503 non

448 531 579 560 tamen
606 535 677 572 per
704 523 836 560 omnia
863 530 1099 560 sacramenta
1135 520 1269 569 aliquis
1304 520 1510 568 deputatur

448 576 498 612 ad
525 576 720 624 agendum
748 575 891 624 aliquid
910 576 972 611 vel
999 574 1261 622 recipiendum
1289 571 1396 620 quod
1423 583 1509 620 per-

447 627 564 665 tineat
591 629 640 665 ad
669 629 815 665 cultum
853 626 1051 665 sacerdotii
1091 625 1240 663 Christi.
1276 624 1395 671 Quod
1427 623 1508 672 qui-

449 681 539 718 dem
568 680 727 729 exigitur
753 681 802 717 ad
830 681 906 717 hoc
933 679 1040 728 quod
1065 685 1349 715 sacramentum
1377 677 1508 714 chara-

450 741 592 770 cterem
620 733 826 782 imprimat.

501 787 559 823 An
578 798 767 823 SECUNDUM
794 797 974 822 DICENDUM
1003 784 1109 833 quod
1136 795 1208 832 per
1226 782 1358 820 omnia
1385 794 1507 820 sacra-

448 846 578 876 menta
614 838 868 876 sanctificatur
904 838 1037 883 homo,
1071 843 1228 885 propter
1264 836 1340 872 hoc
1358 833 1371 857 ⁶
1400 836 1507 885 quod

499 952 524 988 ὃ)
538 957 654 986 propter
671 953 726 979 hoc.
743 967 764 972 —
781 953 923 979 secundum
942 952 1023 977 tertia.
1041 965 1060 970 —-
1078 952 1128 976 Pro
1146 951 1218 984 quod
1229 951 1272 985 fit,
1291 958 1359 984 quae
1370 952 1407 985 fit
1425 952 1453 977 P.

1124 181 1387 228 QUAESTIO
1415 180 1549 226 LXIII,
1579 177 1871 215 ARTICULUS
1899 177 1949 213 VI

1565 255 1738 293 sanctitas
1766 255 1947 304 importat
1974 255 2205 294 munditiam
2225 269 2247 294 a
2267 265 2437 306 peccato,
2458 258 2565 308 quod
2583 257 2627 295 fit

1563 320 1632 357 per
1659 307 1829 356 gratiam.
1860 307 1937 345 Sed
1957 307 2167 357 specialiter
2193 320 2263 358 per
2281 311 2475 359 quaedam
2503 322 2626 348 sacra-

1563 368 1704 407 menta,
1725 372 1825 409 quae
1854 361 2114 398 characterem
2133 360 2372 411 imprimunt,
2392 363 2514 401 homo
2541 375 2626 400 san-

1563 412 1749 450 ctificatur
1777 413 1947 462 quadam
1975 413 2280 463 consecratione,
2309 423 2442 465 utpote
2470 416 2626 465 deputa-

1562 473 1624 502 tus
1652 466 1702 503 ad
1729 465 1908 503 divinum
1942 467 2107 503 cultum:
2145 465 2241 504 sicut
2269 467 2383 505 etiam
2420 479 2480 506 res
2508 468 2626 505 inani-

1563 526 1689 556 matae
1708 518 1934 556 sanctificari
1953 518 2135 556 dicuntur
2152 519 2384 569 inquantum
2399 521 2532 558 divino
2550 522 2626 558 cul-

1562 571 1618 608 tui
1646 571 1892 620 deputantur.

1615 625 1673 661 An
1701 636 1860 662 TERTIUM
1887 637 2070 662 DICENDUM
2089 624 2213 675 quod,
2242 624 2327 662 licet
2359 626 2555 664 character
2581 626 2628 663 sit
2652 615 2658 621 ³

1563 689 1622 714 res
1643 685 1679 714 et
1697 685 1993 725 sacramentum,
2014 690 2095 715 non
2114 685 2244 715 tamen
2264 686 2414 728 oportet
2432 677 2472 716 id
2486 683 2497 700 ⁸
2519 678 2628 727 quod

1563 737 1618 766 est
1645 742 1705 767 res
1734 738 1770 767 et
1797 738 2094 779 sacramentum,
2119 743 2202 768 esse
2221 732 2492 769 characterem.
2521 731 2628 779 Quid

1562 790 1693 820 autem
1721 782 1767 820 sit
1789 795 1849 820 res
1875 791 1911 820 et
1936 792 2221 822 sacramentum
2240 784 2280 822 in
2308 784 2389 822 aliis
2412 796 2628 822 sacramen-

1562 835 1618 883 tis,
1647 835 1744 872 infra
1762 835 1782 858 '¹‘
1810 835 1968 873 dicetur.

1616 951 1639 986 ε)
1659 952 1694 978 id.
1713 966 1732 971 -
1750 959 1805 978 esse
1824 952 1852 977 id
1871 953 1888 982 1,
1907 953 1978 985 quod
1997 953 2025 978 id
2043 960 2065 982 c,
2084 960 2162 978 omne
2180 953 2208 978 id
2226 953 2255 978 P.

1117 1030 1454 1064 Commentaria
1475 1031 1728 1064 cardinalis
1749 1032 1951 1066 Caietani

506 1120 613 1140 mirus
644 1110 755 1140 clarus.
779 1128 802 1132 -
829 1109 864 1140 In
893 1117 1028 1149 corpore
1058 1118 1123 1139 una
1151 1114 1198 1139 est
1225 1109 1407 1140 conclusio:
1446 1109 1510 1140 Per

448 1123 571 1185 Ttria
598 1158 802 1184 sacramenta
826 1158 949 1184 tantum
983 1153 1180 1193 imprimitur
1205 1153 1384 1184 character.
1418 1154 1508 1184 Haec

446 1198 622 1234 conclusio,
643 1197 752 1238 quoad
768 1202 983 1238 exponentem
998 1198 1188 1237 negativam,
1204 1197 1359 1239 implicite
1377 1198 1509 1238 ponitur

444 1242 478 1272 in
499 1242 611 1273 littera.
635 1242 677 1272 Et
699 1241 876 1272 secundum
901 1251 934 1272 se
956 1246 1058 1271 totam
1080 1241 1114 1272 in
1129 1241 1232 1272 littera
1257 1242 1411 1282 implicite
1433 1251 1508 1282 pro-

444 1287 546 1323 batur,
561 1285 853 1327 praesupponendo
870 1295 965 1326 supra
980 1286 997 1302 ⁴*
1021 1284 1104 1316 dicta
1119 1284 1159 1316 de
1175 1286 1364 1322 charactere,
1389 1286 1509 1316 scilicet

446 1331 534 1370 quod
558 1335 604 1360 est
626 1331 770 1371 potentia
792 1329 832 1361 ad
854 1328 1075 1371 recipiendum
1093 1330 1144 1361 vel
1159 1330 1349 1361 tradendum
1366 1339 1403 1361 ea
1426 1339 1508 1371 quae

385 1380 387 1384 ·
445 1381 519 1405 sunt
543 1374 640 1405 divini
663 1375 777 1405 cultus.
801 1375 849 1405 Ex
869 1375 933 1405 hoc
957 1375 1043 1405 enim
1066 1375 1234 1415 supposito
1251 1375 1409 1415 principio
1433 1384 1508 1415 pro-

446 1418 529 1449 cedit
551 1419 683 1455 Auctor,
708 1419 798 1459 quasi
813 1419 1032 1450 subsumendo
1054 1418 1212 1459 quaedam
1231 1425 1426 1450 sacramenta
1441 1428 1509 1449 non

445 1468 586 1503 spectare
611 1463 728 1494 directe
751 1463 791 1494 ad
812 1473 936 1494 novum
960 1463 1083 1494 cultum
1107 1463 1265 1500 divinum,
1289 1468 1344 1495 aut
1366 1473 1435 1494 non
1458 1473 1510 1494 or-

446 1506 553 1537 dinare
576 1506 616 1537 ad
638 1506 859 1547 recipiendum
881 1507 932 1538 vel
955 1507 1144 1539 tradendum
1151 1518 1159 1544 ;
1177 1517 1221 1538 rac
1243 1517 1300 1548 per
1315 1507 1388 1544 hoc,
1413 1508 1445 1537 in
1461 1508 1509 1538 his

444 1561 513 1581 non
528 1552 668 1592 imprimi
685 1552 907 1582 characterem.
924 1551 1019 1583 Unde
1033 1551 1198 1592 distinguit
1211 1552 1246 1582 in
1261 1552 1371 1592 primis
1385 1552 1510 1582 Auctor

446 1595 528 1625 duos
552 1601 823 1626 sacramentorum
846 1595 943 1626 fines:
973 1596 1093 1626 scilicet
1119 1595 1298 1626 remedium
1320 1596 1454 1636 peccati,
1477 1601 1510 1626 et

447 1638 591 1670 divinum
615 1640 748 1670 cultum.
779 1640 821 1670 Et
842 1640 876 1670 in
898 1641 1005 1680 primo
1028 1641 1137 1670 omnia
1161 1639 1237 1670 dicit
1260 1640 1448 1670 convenire:
1476 1641 1510 1670 in

447 1683 589 1714 secundo
614 1689 721 1714 autem
743 1693 828 1720 non,
853 1684 954 1724 quod·
968 1684 1083 1724 probat
1112 1684 1152 1714 de
1174 1689 1373 1715 sacramento
1396 1685 1510 1724 poeni·

446 1728 572 1758 tentiae.
606 1727 838 1768 Subdistinguit
866 1727 981 1759 deinde
1012 1729 1046 1759 in
1070 1729 1127 1758 tria
1149 1729 1293 1759 membra
1316 1734 1512 1759 sacramenta

1561 1155 1635 1185 licet
1657 1154 1884 1192 Eucharistiae,
1909 1154 2073 1187 concludit
2087 1156 2211 1196 reliqua
2225 1156 2291 1187 duo
2310 1165 2427 1197 genera
2444 1156 2628 1197 imprimere

1562 1199 1785 1230 characterem.
1810 1200 1851 1230 Et
1874 1200 1956 1230 clare
1978 1205 2066 1240 patet
2087 1210 2257 1240 processus
2279 1201 2314 1231 in
2337 1201 2449 1232 littera.

1617 1242 1654 1274 ΙΙ.
1678 1242 1816 1274 Adverte
1839 1243 1892 1274 hic
1916 1243 2006 1284 quod
2036 1244 2119 1275 circa
2149 1244 2365 1275 Eucharistiae
2395 1250 2629 1275 sacramentum

1561 1292 1698 1328 possunt
1713 1287 1779 1318 duo
1796 1287 2003 1320 considerari:
2021 1288 2141 1319 scilicet
2154 1289 2263 1329 ipsum
2278 1293 2522 1325 sacramentum,
2539 1287 2630 1329 quod

1561 1331 1640 1362 nihil
1664 1331 1750 1362 aliud
1767 1337 1813 1362 est
1837 1340 1935 1372 quam
1951 1332 2034 1362 actio
2051 1332 2285 1363 sacramentalis
2309 1332 2485 1362 consistens
2499 1332 2535 1362 in
2550 1340 2630 1362 con-

1561 1376 1739 1406 secratione
1762 1377 1931 1412 materiae3
1957 1381 1988 1406 et
2006 1381 2112 1416 potest
2128 1375 2321 1406 considerari
2336 1385 2414 1406 usus
2429 1376 2629 1412 sacramenti,

1562 1429 1629 1459 quo
1653 1420 1852 1450 Eucharistia
1873 1421 2049 1460 percipitur
2072 1430 2090 1450 a
2112 1420 2216 1451 nobis.
2240 1420 2282 1450 Et
2304 1419 2344 1451 de
2359 1420 2465 1460 primo
2485 1419 2629 1460 quidem,

1562 1474 1603 1494 an
1618 1465 1781 1504 imprimat
1796 1465 2020 1501 characterem,
2033 1465 2092 1495 sub
2105 1464 2294 1505 quaestione
2307 1463 2420 1495 cadere
2431 1473 2500 1495 non
2511 1469 2628 1505 potest:

1563 1508 1639 1548 quia
1662 1509 1746 1539 actio
1769 1508 1823 1539 illa
1845 1509 1925 1539 nihil
1947 1509 2041 1549 ponit
2057 1509 2092 1539 in
2108 1508 2275 1539 animabus
2290 1509 2416 1545 nostris,
2433 1507 2489 1539 sed
2508 1507 2548 1538 ad
2562 1517 2632 1538 ma-

1561 1553 1674 1583 teriam
1697 1553 1887 1583 exteriorem
1909 1553 2106 1583 terminatur.
2135 1553 2185 1583 De
2208 1552 2351 1583 secundo
2375 1558 2484 1583 autem
2506 1553 2633 1583 Auctor

1562 1595 1716 1636 loquitur,
1740 1595 1875 1627 reddens
1890 1597 2048 1627 rationem
2071 1606 2170 1637 quare
2192 1606 2261 1627 non
2275 1597 2431 1637 imprimit
2445 1596 2540 1627 nobis
2556 1597 2631 1627 cha-

1562 1646 1733 1671 racterem:
1759 1646 1791 1672 et
1813 1650 1888 1671 cum
1911 1641 1984 1677 hoc,
2008 1640 2216 1681 magnificans
2230 1641 2348 1681 ipsum,
2373 1640 2464 1681 quod
2486 1641 2633 1672 continet

1564 1684 1739 1721 Christum,
1763 1685 1798 1716 in
1822 1694 1888 1726 quo
1913 1690 1960 1715 est
1983 1685 2055 1716 fons
2079 1686 2227 1716 omnium
2251 1686 2478 1716 characterum.

2753 689 2764 705 Ε

2654 715 2664 725 ·
2671 714 2798 741 Qu.r.xxm,
2803 717 2870 741 nrm,

2655 740 2870 795 {Servi-33:2¹3:

2652 794 2723 821 ptem.
2750 799 2789 821 qu.
2812 798 2869 820 xxx,

2655 819 2822 873 zzz-eafae.

1540 1108 1549 1115 ⁸
1562 1109 1706 1141 ordinata
1729 1110 1769 1142 ad
1792 1110 1970 1142 secundum
1993 1110 2106 1142 finem:
2133 1117 2173 1148 et,
2189 1112 2319 1143 excluso
2338 1121 2406 1143 uno
2428 1121 2551 1148 eorum,
2568 1113 2628 1142 sci·
2658 1112 2664 1116 ’

2823 825 2871 874 3¹3:
