2918 4088
162 300 172 309 ·
179 299 299 326 Qu.1.xvn‚
306 298 372 319 art-6.

156 1616 168 1626 ¹
175 1615 222 1642 Qu.
228 1621 295 1642 mxxv,
302 1618 344 1636 art.
349 1621 371 1642 7.

158 2013 167 2022 ·
177 2011 294 2039 Integrum
305 2017 370 2034 num.

157 2044 180 2059 iv
195 2044 243 2060 om.
258 2038 282 2060 Ρ.

159 3003 169 3012 ·
183 3000 219 3022 ef.
232 3000 369 3022 Ecclesia-rt.

162 3026 226 3054 Offic.
246 3026 371 3048 secundum

161 3053 220 3075 Ord.
228 3053 269 3074 FF
269 3069 275 3075 .
284 3053 369 3075 Praed.

158 3079 370 3132 {Patassfziissz

159 3138 171 3154 2
193 3132 222 3153 ad
244 3132 352 3154 Matutin.
366 3139 372 3158 ;

160 3159 224 3180 Brev.
232 3158 299 3180 Rom.
305 3158 370 3185 ibid,

159 3191 219 3212 resp.
234 3192 257 3211 4.

404 172 478 208 262

403 250 441 279 ab
466 250 636 290 episcopo,
661 250 836 280 referantur
859 250 898 280 ad
920 250 999 281 illud
1023 250 1109 281 idem
1132 252 1261 286 instans,
1285 250 1464 280 voluntarie

403 293 532 324 dicitur:
557 295 740 324 meminisse
764 295 850 324 enim
874 300 1000 334 oportet
1025 294 1123 334 quod,
1148 294 1226 324 dum
1249 299 1432 324 tractaretur
1447 295 1463 310 ⁴*

403 337 441 367 de
465 338 608 377 pluribus
636 339 867 378 baptizantibus
897 349 1017 374 unum,
1042 344 1180 378 utroque
1204 338 1328 368 dicente
1356 343 1387 368 et
1410 338 1463 367 ab-

401 381 519 417 luente,
545 382 735 412 conclusum
759 388 804 412 est
828 382 926 422 quod,
951 383 976 412 si
999 392 1066 412 non
1091 381 1183 412 simul
1208 382 1376 422 baptizant,
1401 382 1464 421 pri-

401 434 473 455 mus
498 426 584 456 solus
607 427 764 466 baptizat;
796 432 827 456 et
853 427 995 456 similiter
1017 427 1068 456 hic
1093 425 1263 456 dicendum
1288 431 1343 461 est,
1367 426 1393 455 si
1416 435 1464 455 se-

402 469 546 500 cundum
573 476 691 501 rectam
717 470 874 500 rationem
897 469 1104 500 iudicandum
1132 474 1193 500 est:
1218 488 1240 491 —
1262 475 1370 510 posset
1397 479 1464 499 me-

402 512 452 543 dia
475 515 525 544 via
546 515 664 550 teneri,
690 514 826 545 dicendo
851 524 887 544 ex
912 514 1124 544 ecclesiastico
1149 519 1265 544 statuto
1293 523 1350 544 seu
1373 523 1463 543 more

402 566 469 587 esse
501 558 590 598 quod
619 559 696 588 novi
727 558 904 588 sacerdotes
940 558 1164 587 concelebrent
1198 557 1334 588 dicendo
1369 557 1464 587 simul

402 611 477 631 cum
505 603 658 642 episcopo
690 602 936 632 consecrationis
966 602 1077 638 verba;
1113 611 1151 631 ex
1174 602 1328 632 abusione
1356 607 1464 632 autem

400 645 591 676 intervenire
615 645 704 686 quod
733 655 817 676 unus
844 646 941 685 prius,
966 645 1043 675 alter
1065 651 1148 685 post,
1173 646 1267 676 verba
1298 655 1463 676 consecra-

400 689 497 720 tionis
520 690 669 730 proferat.
700 690 919 729 Probaturque
946 690 1009 719 hoc
1034 699 1071 719 ex
1097 689 1276 720 Pontificali
1303 690 1462 726 Romano,

378 734 457 764 ,ubi
491 734 620 764 dicitur:
659 734 759 764 Curet
785 733 940 775 pontifex
975 739 1010 764 ut
1041 743 1170 764 morose
1204 739 1235 764 et
1267 734 1332 764 alte
1365 743 1463 764 cano-

401 787 473 808 nem
504 778 609 814 dicat;
643 783 673 808 et
703 777 847 808 subditur
879 777 969 818 quod
999 777 1115 808 eodem
1145 784 1313 808 momento
1347 777 1464 808 debent

401 822 440 851 ab
467 822 617 853 ordinatis
649 822 744 852 verba
777 823 1024 852 consecrationis
1057 822 1120 852 dici
1153 832 1219 862 quo
1253 822 1402 853 dicuntur
1425 823 1463 852 ab

401 866 566 906 episcopo.

455 909 507 940 III.
532 909 595 941 Sed
618 911 667 940 via
690 911 767 940 haec
790 910 897 940 minus
919 920 993 940 vera
1012 909 1145 940 videtur.
1171 910 1258 941 Tum
1282 911 1366 951 quia,
1391 912 1464 942 licet

400 953 463 983 hoc
488 959 641 984 statutum
663 955 841 984 inveniatur
864 955 897 984 in
913 953 1092 984 Pontificali
1108 955 1256 984 Romano
1281 965 1298 985 a
1318 961 1464 995 tempore

401 997 579 1028 Innocentii
594 998 675 1034 VIII,
700 999 733 1028 in
757 998 894 1037 antiquis
917 1003 1025 1027 tamen
1047 997 1286 1028 Pontificalibus
1310 999 1373 1029 hoc
1396 1009 1463 1030 non

400 1041 542 1071 habetur.

455 1085 542 1115 Turn
566 1086 641 1125 quia
659 1086 782 1115 Auctor
797 1085 830 1114 in
846 1085 957 1120 littera,
983 1094 1020 1114 ex
1037 1085 1225 1115 Innocentio
1243 1086 1293 1122 111,
1319 1096 1463 1126 expresse

400 1130 510 1168 satagit
533 1129 572 1159 ad
596 1128 781 1158 salvandum
804 1129 900 1158 verba
923 1128 1045 1168 prolata
1067 1138 1135 1158 non
1159 1129 1263 1165 simul,
1288 1129 1366 1159 dum
1389 1130 1464 1160 dicit

400 1173 490 1212 quod
513 1183 580 1203 non
603 1173 765 1203 reiteratur
782 1172 979 1202 consecratio
997 1181 1092 1212 super
1109 1172 1219 1202 eadem
1236 1174 1366 1203 materia
1389 1183 1463 1214 pro-

399 1222 469 1256 pter
491 1217 704 1247 intentionem
729 1217 876 1246 omnium
895 1215 934 1246 ad
949 1226 1052 1246 unum
1068 1217 1204 1246 instans:
1230 1218 1295 1253 ubi,
1312 1218 1372 1248 nisi
1388 1228 1463 1258 sup-

399 1267 534 1300 poneret
557 1271 660 1291 unum
683 1261 770 1301 prius
795 1265 825 1290 et
848 1260 982 1290 alterum
1005 1265 1079 1300 post
1102 1262 1350 1291 consecrationis
1369 1263 1464 1292 verba

400 1305 514 1341 dicere,
538 1315 639 1335 vanus
663 1310 744 1335 esset
766 1305 856 1334 labor
880 1309 911 1334 et
934 1314 1079 1334 recursus
1106 1304 1145 1335 ad
1168 1305 1380 1336 intentionem
1404 1316 1463 1346 pro

400 1349 515 1380 eodem
533 1350 671 1379 instanti.
696 1349 745 1378 De
761 1349 809 1378 his
826 1349 911 1378 enim
928 1358 1010 1388 quae
1027 1349 1122 1379 simul
1144 1348 1360 1388 proferuntur,
1376 1351 1464 1381 nulla

400 1399 446 1423 est
470 1394 614 1433 quaestio
638 1393 857 1424 reiterationis.

455 1438 541 1467 Tum
566 1438 641 1477 quia
664 1442 817 1467 statutum
833 1437 896 1466 hoc
920 1441 966 1466 est
990 1436 1234 1476 quodammodo
1255 1439 1462 1478 impossibile.

399 1481 581 1519 Quoniam,
614 1481 909 1521 quantulacumque
939 1481 1071 1510 minima
1101 1482 1227 1512 morula
1250 1483 1345 1513 verba
1369 1484 1463 1513 unius

398 1526 641 1566 praefinirentur
664 1531 836 1565 antequam
860 1525 936 1555 alter
959 1526 1150 1562 terminaret,
1174 1526 1208 1556 in
1229 1527 1463 1558 reiterationem

399 1570 716 1611 superfluitatemque
739 1569 946 1599 incideretur:
979 1570 1133 1609 quoniam
1146 1594 1153 1606 ,
1178 1576 1214 1600 ut
1236 1576 1323 1610 patet
1342 1578 1388 1601 'ex
1411 1581 1463 1602 su-

398 1624 455 1655 pra
470 1616 487 1631 ⁴*
511 1614 611 1650 dictis,
635 1615 669 1644 in
691 1614 820 1644 instanti
843 1612 879 1643 fit
903 1614 1101 1654 consecratio
1125 1624 1182 1644 seu
1207 1616 1384 1646 conversio.

453 1659 495 1689 Et
518 1659 596 1688 scito
622 1657 711 1697 quod
735 1667 848 1687 omnes
871 1657 986 1688 referre
1010 1659 1223 1689 intentionem
1246 1669 1337 1690 suam
1360 1659 1400 1690 ad
1415 1661 1463 1691 in-

398 1708 483 1733 stans
506 1712 609 1733 unum
634 1711 700 1742 quo
725 1702 896 1742 episcopus
921 1708 1095 1738 consecrat,
1112 1703 1211 1733 salvat
1226 1703 1358 1743 quidem
1374 1705 1463 1744 quod

397 1757 466 1778 non
489 1746 663 1776 formaliter
693 1746 733 1776 sit
755 1746 913 1776 reiteratio
938 1747 1188 1777 consecrationis
1215 1757 1311 1788 super
1333 1750 1463 1779 materia

399 1790 520 1827 eadem,
545 1791 621 1831 quia
643 1800 711 1820 non
735 1800 773 1820 ex
796 1791 975 1820 intentione
990 1791 1050 1821 hac
1074 1790 1223 1822 dicuntur
1237 1793 1332 1822 verba
1355 1798 1391 1823 ut
1406 1793 1464 1823 ite-

398 1840 484 1866 retur
507 1835 721 1865 consecratio:
746 1833 802 1864 sed
824 1843 891 1864 non
917 1834 1055 1865 excludit
1079 1836 1158 1876 quin
1181 1836 1220 1865 sit
1238 1836 1361 1867 iteratio
1386 1847 1464 1867 con-

399 1879 582 1910 secrationis
605 1878 816 1914 materialiter,
841 1879 916 1918 quia
935 1879 1072 1918 prolatio
1097 1880 1232 1910 exterior
1248 1882 1463 1912 consecrativa

399 1922 620 1965 superadditur
643 1932 661 1952 a
683 1928 757 1962 post
781 1921 968 1958 dicentibus,
993 1923 1019 1953 si
1042 1923 1177 1964 quilibet
1200 1925 1411 1961 concelebrat,
1428 1932 1464 1956 ut

399 1972 598 2008 supponunt.

452 2013 468 2028 ⁴*
481 2012 533 2042 IV.
551 2011 712 2049 Quocirca
727 2010 887 2041 videretur
902 2011 991 2047 mihi,
1005 2012 1029 2041 si
1042 2011 1088 2042 fas
1105 2017 1160 2048 est,
1174 2012 1263 2043 aliter
1279 2012 1462 2049 dicendum.

398 2054 623 2096 distinguendo
654 2055 735 2085 inter
757 2054 791 2085 id
814 2054 904 2094 quod
928 2060 974 2085 est
998 2055 1037 2085 de
1060 2055 1163 2092 facto,
1189 2061 1220 2086 et
1242 2056 1275 2087 id
1299 2057 1388 2097 quod
1417 2063 1463 2088 est

398 2100 437 2130 de
463 2099 626 2140 possibili:
660 2104 691 2128 et
721 2098 858 2129 dicendo
890 2098 980 2138 quod
1011 2098 1050 2129 de
1080 2100 1225 2140 possibili
1255 2101 1298 2131 ita
1327 2107 1463 2142 possunt

396 2144 504 2184 plures
520 2143 700 2174 sacerdotes
717 2143 851 2173 eandem
867 2143 1005 2173 hostiam
1021 2153 1217 2180 consecrare,
1231 2145 1313 2175 sicut
1328 2151 1464 2185 possunt

396 2188 504 2229 plures
527 2188 623 2219 simul
646 2197 749 2218 unum
773 2188 942 2228 baptizare,
967 2188 1114 2228 quolibet
1141 2189 1290 2220 abluente
1314 2191 1464 2221 etverba

397 2232 542 2269 dicente;
567 2232 606 2263 de
621 2231 706 2262 facto
731 2237 839 2262 autem
863 2231 1042 2263 sacerdotes
1063 2242 1166 2263 novos
1181 2243 1250 2264 non
1266 2243 1461 2271 consecrare,

396 2277 452 2308 sed
476 2287 514 2307 ex
537 2276 771 2307 consuetudine
803 2276 908 2307 dicere
940 2282 1065 2308 tantum
1090 2278 1184 2308 verba
1214 2279 1463 2311 consecrationis

1052 171 1314 219 QUAESTIO
1343 171 1537 216 LXXXII,
1567 171 1859 209 ARTICULUS
1887 173 1932 209 III

1518 259 1593 280 cum
1616 250 1741 290 reliquo
1766 260 1900 281 canone.
1925 250 1970 281 Ita
1994 250 2083 291 quod
2106 252 2193 282 solus
2217 253 2388 293 episcopus
2412 259 2443 284 et
2459 253 2534 284 dicit
2551 259 2581 284 et

1519 300 1699 324 consecrat:
1725 295 1777 325 alii
1799 304 1876 325 vero
1901 294 2011 325 dicunt
2034 301 2168 332 tantum,
2190 302 2220 326 et
2242 306 2310 327 non
2335 303 2531 328 consecrant.

1574 338 1709 368 Moveor
1732 344 1839 369 autem
1855 339 1895 369 ad
1910 339 1983 376 hoc,
2000 345 2070 370 tum
2087 341 2162 379 quia
2177 340 2264 371 iuxta
2285 341 2368 372 hanc
2386 343 2471 372 viam
2489 342 2580 372 nullo

1519 388 1565 412 est
1581 392 1663 422 opus
1679 383 1852 418 miraculo;
1877 383 2003 413 nullum
2020 383 2242 414 difficillimum
2258 390 2312 415 aut
2328 386 2418 426 quasi
2433 386 2581 426 impossi-

1518 426 1581 456 bile
1604 427 1677 456 usui
1700 427 1861 457 Ecclesiae
1893 427 2089 463 attribuitur;
2123 429 2297 468 omniaque
2324 428 2436 466 facilia,
2460 431 2581 470 absque

1519 470 1736 510 superfluitate
1761 480 1977 511 quacumque,
2001 472 2218 502 inveniuntur.

1574 515 1661 545 Tum
1685 515 1760 555 quia
1777 515 1919 545 Ecclesia
1941 525 2009 545 non
2029 515 2138 546 adorat
2160 522 2226 547 tarn
2248 517 2386 548 hostiam
2409 527 2507 558 quam
2530 528 2581 549 ca-

1517 559 1613 588 licem
1628 559 1733 589 donec
1749 568 1806 598 per
1821 560 2012 599 episcopum
2028 559 2122 590 fuerit
2141 562 2339 591 consecratio
2362 561 2453 592 facta.
2479 562 2581 593 Cuius

1519 604 1706 643 oppositum
1725 603 1858 633 'deberet
1881 603 1949 633 fieri
1973 603 2103 643 quando
2127 604 2241 645 aliquis
2258 604 2297 635 de
2318 605 2469 636 ordinatis
2491 616 2581 646 prae-

1517 648 1604 677 venit
1629 647 1829 687 episcopum.

1573 691 1641 721 Nec
1657 690 1916 731 parvipendenda
1933 697 2007 722 sunt
2021 692 2117 723 verba
2132 692 2327 724 Pontificalis
2342 694 2481 724 Romani
2502 695 2581 724 anti-

1518 736 1583 775 qui,
1597 735 1730 766 dicentis
1747 735 1786 765 de
1802 736 1926 766 noviter
1941 736 2092 767 ordinatis
2110 737 2318 778 presbyteris:
2336 738 2458 768 Dicant
2473 738 2582 768 omnia

1517 789 1599 820 quae
1621 785 1698 810 sunt
1720 780 1752 810 in
1774 780 1897 810 missali
1918 780 2003 811 sicut
2016 781 2045 811 si
2060 781 2267 812 celebrarent.
2293 781 2472 813 Insinuatur
2495 783 2582 813 enim

1517 825 1592 854 hinc
1617 823 1706 864 quod
1729 825 1789 864 ipsi
1812 834 1879 854 non
1904 824 2079 861 celebrant,
2105 835 2141 856 ac
2165 835 2222 866 per
2244 827 2318 862 hoc,
2342 836 2411 856 non
2433 827 2581 857 concele-

1518 869 1609 899 brant
1632 869 1797 908 episcopo,
1817 868 1872 898 sed
1895 868 2006 899 dicunt
2028 874 2141 900 tantun
2165 875 2271 900 totum
2295 880 2463 901 canonem.
2487 871 2582 902 Unde

1517 913 1550 943 in
1566 913 1658 943 novis
1674 912 1914 943 Pontificalibus
1929 918 2083 944 statutum
2098 913 2177 944 illud
2191 915 2436 955 praerecitatum
2447 916 2464 932 ³*
2480 925 2581 956 appo-

1517 958 1614 987 situm
1641 956 1766 987 videtur
1789 966 1827 987 ex
1851 958 2018 988 communi
2045 958 2200 998 opinione
2228 960 2432 999 sequentium
2456 960 2581 1000 exposi-

1517 1002 1640 1031 tionem
1664 1001 1841 1031 Innocentii
1865 1001 1917 1037 III,
1941 1002 1998 1042 qui
2020 1002 2243 1042 interpretatus
2270 1009 2317 1034 est
2339 1003 2426 1034 illam
2449 1005 2581 1035 canonis

1518 1045 1731 1085 prolationem
1760 1055 1842 1085 quae
1866 1046 1904 1075 ab
1929 1045 2079 1076 ordinatis
2107 1046 2176 1077 fieri
2204 1049 2384 1084 consuevit,
2410 1058 2478 1078 esse
2502 1058 2581 1079 con-

1519 1089 1775 1119 celebrationem.
1812 1089 1915 1128 Super
1944 1090 2007 1120 hoc
2039 1091 2126 1120 enim
2156 1093 2401 1132 praesupposito
2433 1092 2581 1123 doctores

1517 1133 1618 1162 locuti
1642 1138 1725 1168 sunt,
1750 1133 1814 1162 sive
1839 1133 2040 1164 defendendo
2065 1135 2130 1165 sive
2153 1136 2425 1175 reprehendendo.

1573 1177 1612 1206 V.
1629 1176 1677 1206 Ex
1690 1177 1806 1216 quibus
1818 1177 1979 1213 omnibus,
1991 1178 2143 1208 tutiorem
2159 1185 2281 1218 partem
2294 1180 2452 1220 eligendo,
2465 1180 2531 1211 duo
2548 1182 2582 1211 in

1518 1219 1602 1250 facto
1627 1220 1779 1250 servanda
1802 1226 1885 1250 sunt.
1917 1221 2059 1251 Primum
2085 1227 2131 1252 est
2154 1223 2237 1253 circa
2259 1223 2473 1263 prolationem
2497 1231 2582 1256 exte-

1518 1265 1651 1294 riorem:
1678 1264 1767 1303 quod
1791 1264 1925 1304 quilibet
1948 1264 2111 1296 ordinatus
2135 1272 2236 1297 servet
2258 1268 2355 1298 ritum
2378 1268 2462 1298 illius
2481 1270 2582 1299 eccle-

1518 1309 1592 1343 siae,
1617 1308 1754 1339 dicendo
1778 1312 1890 1339 totum'
1908 1318 2076 1340 canonem.

1573 1352 1759 1383 Secundum
1784 1358 1830 1383 est
1853 1353 1935 1383 circa
1953 1354 2185 1385 intentionem:
2211 1355 2301 1395 quod
2315 1366 2383 1386 non
2399 1357 2513 1388 habeat
2529 1357 2583 1388 de-

1517 1397 1684 1427 terminate
1705 1398 1918 1428 intentionem
1935 1398 2159 1435 consectandi;
2184 1405 2215 1430 et
2230 1400 2372 1430 similiter
2386 1411 2454 1431 non
2469 1402 2584 1432 habeat

1518 1441 1725 1471 determinate
1748 1441 1961 1471 intentionem
1984 1451 2052 1472 non
2076 1443 2300 1480 consecrandi;
2325 1444 2380 1475 sed
2403 1446 2516 1476 habeat
2534 1447 2584 1476 in-

1517 1486 1696 1516 tentionem
1719 1485 1875 1521 debitam,
1900 1486 1963 1516 hoc
1988 1492 2050 1522 est,
2075 1493 2235 1527 proponat
2259 1488 2344 1528 apud
2367 1499 2417 1526 se,
2445 1489 2583 1521 Intende

1517 1529 1624 1560 dicere
1647 1539 1719 1560 cum
1743 1539 1780 1560 ea
1805 1530 1982 1560 intentione
2004 1540 2067 1571 qua
2091 1531 2188 1562 debeo
2212 1532 2328 1563 dicere.
2353 1533 2405 1564 Sic
2429 1534 2516 1564 enirn
2531 1540 2583 1565 tu-

1517 1574 1637 1604 tissima
1660 1575 1710 1604 via
1734 1583 1847 1604 omnes
1871 1573 2006 1604 ordinati
2030 1575 2193 1612 incedunt,
2218 1582 2249 1607 et
2272 1577 2332 1607 soli
2356 1578 2511 1618 episcopo
2534 1589 2584 1610 re-

1517 1618 1669 1658 linquunt
1683 1619 1896 1648 intentionem
1913 1618 2154 1650 determinatam
2170 1620 2210 1651 ad
2226 1621 2495 1662 consecrandum:
2510 1623 2584 1655 nul-

1517 1662 1612 1702 laque
1635 1662 1825 1702 relinquitur
1848 1662 2085 1694 difficultatibus
2109 1666 2265 1704 quaestio,
2289 1665 2377 1702 dum,
2398 1665 2503 1698 dubiis
2519 1668 2583 1699 exi-

1517 1707 1673 1737 stentibus
1697 1707 1829 1743 actibus,
1853 1707 1952 1738 tutior
1975 1717 2046 1748 pars
2069 1709 2170 1740 electa
2193 1715 2249 1740 est.

1573 1751 1632 1781 His
1655 1751 1742 1781 enim
1766 1752 1903 1787 servatis,
1928 1751 2038 1783 satisfit
2060 1754 2188 1793 utrique
2204 1754 2370 1794 opinioni:
2395 1755 2516 1787 scilicet
2537 1761 2584 1787 te·
2608 1786 2610 1788 ,

1517 1795 1664 1826 nentium
1688 1794 1778 1835 quod
1801 1795 1937 1826 ordinati
1961 1797 2201 1834 concelebrant;
2233 1803 2264 1829 et
2287 1799 2467 1831 tenentium
2493 1800 2584 1841 quod

1518 1838 1654 1870 ordinati
1677 1849 1745 1869 non
1769 1840 2003 1877 concelebrant,
2028 1840 2083 1871 sed
2107 1841 2218 1872 dicunt
2239 1848 2374 1874 tantum.
2576 1857 2580 1861 ·

1572 1883 1625 1913 VI.
1650 1883 1691 1913 Et
1713 1884 1791 1914 haec
1816 1883 1947 1924 quidem
1971 1884 2011 1915 de
2035 1885 2186 1916 ordinatis
2209 1887 2410 1928 presbyteris.
2434 1888 2484 1919 De
2504 1897 2583 1919 con-

1517 1933 1639 1958 secrato
1663 1933 1772 1958 autem
1789 1929 1943 1968 episcopo
1967 1938 2060 1959 secus
2076 1929 2249 1961 dicendum
2272 1932 2392 1971 absque
2409 1931 2510 1963 dubio
2525 1937 2582 1963 est.

1518 1971 1683 2009 Quoniam
1705 1972 1891 2002 Romanum
1914 1972 2102 2004 pontificale
2125 1975 2295 2014 antiquum
2319 1985 2465 2016 expresse
2487 1975 2584 2008 habet

1518 2015 1607 2055 quod
1619 2017 1833 2046 consecratori
1845 2015 1991 2056 pontifici
2004 2017 2175 2049 celebranti
2187 2018 2282 2050 debet
2293 2025 2497 2051 consecratus
2506 2031 2583 2059 con-

1517 2059 1690 2096 celebrare,
1704 2065 1735 2090 et
1751 2059 1896 2091 subditur
1912 2060 2002 2101 quod
2018 2061 2107 2103 legat
2122 2067 2153 2093 et
2157 2062 2271 2104 saciat
2285 2064 2395 2095 omnia
2410 2074 2494 2105 quae
2509 2071 2584 2097 sunt

1516 2104 1550 2133 in
1567 2113 1691 2134 canone
1707 2105 1832 2135 missae.
1853 2104 1903 2135 De
1917 2105 1965 2135 his
1982 2106 2068 2136 enim
2085 2106 2257 2138 dicendum
2274 2112 2325 2150 est,
2336 2108 2427 2150 quod
2442 2108 2482 2140 de
2497 2108 2582 2140 facto

1517 2148 1613 2178 ambo
1630 2154 1818 2179 consecrant
1833 2148 1969 2180 eandem
1988 2151 2152 2181 materiam
2168 2151 2280 2182 simul:
2305 2154 2461 2193 quoniam
2476 2153 2511 2184 in
2527 2162 2583 2185 eo-

1517 2191 1591 2222 dem
1615 2192 1703 2223 altari
1725 2198 1842 2224 mutuo
1862 2203 1896 2224 se
1913 2199 2114 2234 expectantes
2138 2196 2381 2234 concelebrant;
2406 2197 2496 2238 quod
2514 2204 2583 2229 non

1517 2237 1661 2267 continet
1676 2236 1905 2274 difficultatem,
1918 2244 1973 2269 aut
1989 2239 2080 2279 quasi
2094 2240 2392 2280 impossibilitatem,
2405 2251 2489 2282 quae
2504 2252 2583 2275 con·-

1516 2281 1609 2321 tingit
1627 2281 1661 2311 in
1676 2280 1882 2320 multitudine
1905 2283 2165 2324 presbyterorum
2188 2285 2244 2324 qui
2267 2285 2363 2316 simul
2385 2286 2582 2318 ordinantur.

1202 2423 1522 2466 ARTICULUS
1551 2425 1782 2468 TERTIUS

595 2514 754 2546 UTRUM
777 2515 1027 2546 PERTINEAT
1051 2516 1201 2548 SOLUM
1224 2517 1284 2547 AD
1308 2517 1608 2549 SACERDOTEM
1633 2518 1916 2551 DISPENSATIO
1939 2521 2073 2553 mnus
2097 2522 2380 2556 SACRAMENTI

1163 2595 1196 2620 1v
1216 2595 1299 2625 Sent„
1319 2595 1378 2621 dist.
1397 2603 1451 2627 ¹111,
1470 2604 1516 2629 qu.
1533 2604 1552 2628 ι,
1571 2602 1618 2622 art.
1639 2597 1662 2629 3,
1683 2598 1732 2631 qu·
1755 2605 1778 2629 1,
1798 2606 1822 2624 2.

434 2694 483 2729 χὴ
545 2694 584 2723 2<ae
607 2687 629 2711 D
649 2686 808 2711 TERTmM
828 2686 879 2711 stc
901 2686 1137 2713 PRocnmwa.
1167 2674 1328 2712 Videtur
1354 2676 1458 2724 quod

425 2714 689 2785 527¹ng
729 2726 915 2776 pertineat
958 2729 1086 2765 solum
1127 2728 1176 2765 ad
1222 2728 1462 2766 sacerdotem

414 2781 535 2858 ᾔει
552 2782 577 2820 ‘6
609 2780 840 2830 dispensatio
875 2780 992 2817 huius
1024 2781 1263 2818 sacramenti.
1299 2781 1462 2830 Sanguis

454 2846 463 2858 N
487 2854 493 2856 s

497 2824 551 2864 Ψ)
567 2823 713 2871 enim
752 2833 891 2871 Christi
928 2845 1008 2871 non
1045 2834 1175 2871 minus
1211 2834 1373 2884 pertinet
1413 2834 1462 2871 ad

397 2888 474 2924 hoc
511 2894 795 2924 sacramentum
836 2899 956 2936 quam
997 2899 1150 2937 corpus.
1195 2888 1271 2925 Sed
1309 2887 1462 2936 sanguis

399 2938 538 2977 Christi
566 2940 807 2990 dispensatur
827 2952 896 2989 per
915 2940 1114 2978 diacones:
1145 2941 1249 2978 unde
1272 2948 1308 2977 et
1327 2940 1461 2978 beatus

397 2993 628 3030 Laurentius
656 2993 749 3030 dixit
776 2993 888 3030 beato
918 2993 1023 3031 Sixto
1042 2994 1081 3030 ³⁸:
1119 2995 1306 3044 Experire
1338 3000 1461 3031 utrum

398 3046 571 3083 idoneum
599 3048 807 3084 ministrum
844 3047 1018 3096 elegeris,
1047 3049 1109 3084 cui
1140 3049 1354 3085 commisisti
1384 3048 1461 3085 Do-

398 3100 527 3136 minici
557 3101 752 3149 sanguinis
788 3100 1106 3149 dispensationem.
1148 3101 1265 3149 Ergo,
1294 3100 1377 3150 pari
1404 3113 1461 3138 ra-

396 3151 522 3196 tione,
552 3152 784 3200 dispensatio
816 3152 1011 3189 Dominici
1039 3153 1210 3202 corporis
1242 3165 1323 3191 non
1349 3154 1462 3203 perti-

399 3210 463 3240 net
490 3205 539 3240 ad
567 3206 669 3241 solos
701 3205 927 3242 sacerdotes.

454 3267 488 3292 2.
519 3257 751 3302 PRAETEREA,
767 3258 982 3294 sacerdotes
1001 3258 1284 3296 constituuntur
1302 3259 1463 3296 ministri

399 3316 740 3346 sacramentorum.
771 3310 848 3346 Sed
867 3311 943 3347 hoc
962 3319 1246 3349 sacramentum
1266 3311 1463 3361 perficitur

398 3360 439 3398 in
467 3361 751 3398 consecratione
780 3361 972 3407 materiae,
1002 3375 1082 3399 non
1105 3363 1144 3400 in
1168 3377 1253 3411 usu,
1275 3364 1323 3401 ad
1343 3377 1462 3413 quem

399 3413 562 3463 pertinet
589 3413 833 3463 dispensatio.
863 3415 965 3461 Ergo
983 3414 1136 3452 videtur
1154 3417 1261 3465 quod
1280 3429 1361 3453 non
1379 3429 1462 3466 per-

398 3466 516 3504 tineat
543 3467 592 3503 ad
611 3467 849 3504 sacerdotem
872 3478 1014 3516 corpus
1042 3467 1201 3505 Domini
1229 3468 1460 3518 dispensare.

1572 2676 1605 2713 3.
1634 2678 1867 2725 PRAETEREA,
1896 2679 2107 2730 Dionysius
2134 2681 2234 2730 dicit,
2254 2683 2295 2721 in
2322 2683 2420 2723 libro
2441 2683 2580 2727 Eccles.

1515 2730 1626 2766 H'ier.
1647 2730 1677 2776 ²¹⁸,
1708 2731 1816 2780 quod
1844 2732 1919 2770 hoc
1948 2742 2231 2773 sacramentum
2265 2737 2381 2774 habet
2406 2740 2580 2788 perfecti-

1515 2795 1603 2820 vam
1631 2785 1813 2832 virtutem,
1834 2784 1930 2823 sicut
1949 2794 1985 2823 et
2004 2786 2180 2826 chrisma.
2213 2789 2289 2827 Sed
2308 2789 2455 2839 signare
2483 2792 2580 2830 chri-

1516 2844 1637 2873 smate
1657 2837 1866 2887 baptizatos
1885 2851 1966 2876 non
1993 2840 2156 2890 pertinet
2174 2842 2223 2879 ad
2242 2843 2491 2894 sacerdotem,
2512 2846 2580 2883 sed

1516 2890 1565 2926 ad
1594 2890 1834 2940 episcopum.
1871 2893 1972 2941 Ergo
2008 2893 2123 2937 etiarn
2155 2894 2375 2944 dispensare
2411 2898 2487 2935 hoc
2522 2911 2580 2936 sa-

1515 2951 1759 2981 cramentum
1785 2945 1947 2994 pertinet
1979 2946 2028 2983 ad
2057 2947 2303 2997 episcopum,
2332 2960 2413 2986 non
2441 2951 2490 2987 ad
2522 2964 2580 2991 sa-

1516 2997 1723 3034 cerdotem.
1999 3021 2000 3025 =

1571 3050 1644 3087 SED
1687 3063 1832 3088 CONTRA
1869 3063 1935 3089 Εετ
1977 3052 2083 3102 quod
2121 3052 2258 3090 dicitur
2299 3054 2345 3091 de
2382 3056 2578 3105 Consecr.,

1516 3102 1599 3140 dist.
1616 3103 1699 3140 11²³:
1729 3105 1901 3142 Pervenit
1927 3105 1980 3142 ad
2005 3106 2170 3143 notitiam
2190 3112 2354 3144 nostram
2380 3110 2479 3157 quod
2505 3112 2580 3160 qui-

1516 3156 1603 3193 dam
1626 3158 1839 3205 presbyteri
1863 3157 1959 3195 laico
1986 3164 2050 3195 aut
2071 3158 2240 3204 feminae
2265 3171 2400 3209 corpus
2425 3163 2583 3201 Domini

1515 3209 1667 3245 tradunt
1697 3209 1749 3246 ad
1773 3209 2013 3258 deferendum
2047 3211 2217 3258 infirmis.
2256 3214 2363 3263 Ergo
2400 3216 2582 3254 interdicit

1515 3262 1681 3310 synodus
1700 3274 1747 3298 ne
1764 3262 1847 3299 talis
1857 3265 2112 3312 praesumptio
2131 3264 2282 3302 ulterius
2287 3268 2381 3314 fiat:
2397 3268 2464 3305 sed
2473 3281 2580 3319 pres·

1515 3316 1623 3362 hyter
1643 3326 1717 3364 per
1742 3316 1974 3364 semetipsum
2002 3317 2171 3364 infirmos
2198 3322 2453 3358 communicet.

1569 3367 1794 3404 RESPONDEO
1822 3379 2003 3405 mCENDUM
2024 3370 2132 3417 quod
2159 3370 2208 3407 ad
2227 3373 2466 3411 sacerdotem
2493 3387 2579 3424 per-

1515 3418 1608 3455 tinet
1644 3419 1876 3468 dispensatio
1911 3421 2082 3470 corporis
2119 3423 2278 3472 Christi,
2307 3434 2464 3475 propter
2497 3427 2578 3466 tria.

1517 3470 1648 3508 Primo
1672 3471 1831 3520 quidem
1850 3473 1952 3522 quia,
1974 3474 2069 3511 sicut
2088 3475 2234 3514 dictum
2253 3485 2308 3515 est
2326 3478 2357 3527 ³⁸,
2387 3479 2468 3529 ipse
2487 3492 2579 3518 con*-
2605 3491 2616 3501 ·
2629 3489 2681 3511 Art·
2697 3494 2717 3511 ¹·

2608 920 2618 929 '
2632 917 2704 940 Num.
2719 923 2744 940 n.

2607 2745 2704 2803 33⁶2,
2714 2747 2777 2799 ¹3¹3}
2793 2753 2802 2768 ¹
2812 2752 2823 2774 ἶ

2624 3117 2826 3167 actssffl
2859 3162 2861 3165 ,
