2918 4088
88 296 98 307 ·
113 294 179 317 Vers.
195 301 213 321 ι,
228 300 248 316 2.

86 455 97 466 ·
110 453 177 476 Vers.
190 453 228 480 48.

83 711 295 760 ·Αι·ἰοο.ῃ.ιῐί”α1ος

85 745 135 767 0³9
149 745 181 765 Ἰ
217 745 294 767 45

82 745 287 793 ·Cf.Arist.Etnic

83 797 123 820 1i.b
143 786 294 844 11,cap.1¹=¹}

83 813 184 851 ιι.8,9;
200 828 269 851 ειμι

82 855 105 872 ιι.
129 856 147 872 ι.
203 849 227 872 8.
249 839 294 872 Th.

82 877 175 903 leun,
189 881 224 898 ιι.

78 1090 92 1101 “
105 1087 172 1111 Vm.
187 1094 207 1117 5,
221 1086 244 1109 6.

78 1193 92 1205 “
105 1191 184 1214 Glon.
194 1191 278 1214 Lomb.

77 1349 91 1361 ·
108 1347 210 1372 lutei-lin.
230 1350 254 1369 et

25 1379 27 1382 “
79 1374 164 1398 Lomb.

77 2657 170 2682 ‘Ven-
186 2658 220 2682 ιδ.

36 2802 220 2845 γ”·νοι·ι.ι7.

1012 215 1278 262 QUAESTIO
1307 215 1446 261 LXIX,
1475 214 1768 252 ARTICULUS
1797 217 1832 252 V

326 288 501 327 virtutes:
537 289 634 327 sicut
660 291 740 328 Act.
762 304 785 328 x
803 291 823 313 '¹‘
850 291 1001 339 legitur:
1039 293 1104 329 Vir
1131 292 1279 341 quidam
1307 296 1387 328 erat

326 343 364 378 in
397 343 594 389 Caesarea,
625 346 774 381 nomine
801 345 1005 390 Cornelius,
1034 346 1198 382 centurio
1229 345 1387 380 cohortis

326 407 421 454 quae
452 396 584 432 dicitur
614 397 758 443 Italica,
788 398 982 447 religiosus
1013 403 1046 434 et
1076 399 1207 434 timens
1242 398 1387 440 Deum,-

325 446 393 496 qui
418 455 551 485 tamen
577 457 711 498 postea
739 462 762 486 a
788 451 902 487 Petro
929 449 1139 498 baptizatus
1163 456 1218 486 est
1233 448 1264 484 ²¹².
1294 449 1386 484 Non

325 511 415 548 ergo
448 513 518 550 per
551 501 788 551 baptismum
823 502 1071 540 conferuntur
1105 501 1221 550 gratia
1250 508 1286 537 et
1311 500 1386 537 vir-

323 560 433 590 tutes.

379 606 413 643 3.
452 607 692 654 PRAETEREA,
729 608 850 645 virtus
886 615 943 644 est
978 606 1148 643 habitus:
1192 606 1241 643 ad
1277 605 1386 642 cuius

323 659 512 696 rationem
539 660 701 709 pertinet
728 661 835 709 quod
864 660 909 696 sit
935 659 1095 708 qualitas
1123 658 1274 696 difficile
1303 670 1386 695 mo—

323 711 406 748 bilis
425 712 460 758 ³⁸,
494 725 564 762 per
596 725 715 762 quam
752 713 887 762 aliquis
923 712 1077 749 faciliter
1113 718 1149 748 et
1185 711 1385 748 delectabi-

322 764 405 802 liter
439 773 619 814 operetur
635 765 665 803 ²¹².
705 766 782 802 Sed
818 773 905 814 post
941 764 1177 813 baptismum
1214 771 1387 801 remanet

321 817 362 854 in
398 818 621 855 hominibus
661 818 831 867 pronitas
872 818 922 854 ad
962 818 1130 864 malum,
1169 829 1238 866 per
1279 817 1385 865 quod

320 870 463 907 tollitur
489 870 626 916 virtus3
660 878 698 907 et
724 870 973 919 consequitur
1006 870 1268 906 difficultatem
1301 869 1385 918 quis

321 923 372 960 ad
407 923 575 970 bonum,
604 924 711 972 quod
747 931 803 960 est
839 930 945 960 actus
980 923 1139 959 virtutis.
1178 924 1279 970 Ergo
1317 934 1386 971 per

321 975 558 1024 baptismum
594 988 675 1013 non
711 976 960 1025 consequitur
995 976 1117 1012 homo
1154 976 1312 1024 gratiam
1349 983 1386 1012 et

320 1035 489 1065 VlrtuteS.

375 1081 449 1119 SED
478 1093 623 1119 CONTRA
650 1093 715 1119 EST
743 1082 862 1131 quod,
891 1082 940 1119 ad
964 1084 1032 1119 Tit.
1054 1094 1086 1118 111
1105 1081 1136 1130 ²¹⁶,
1167 1081 1255 1118 dicit
1283 1083 1384 1131 Apo-

321 1135 458 1171 stolus:
493 1134 623 1172 Salvos
655 1147 722 1172 nos
746 1136 835 1181 fecit
863 1148 936 1184 per
962 1136 1155 1173 lavacrum
1185 1147 1383 1185 regenera-

319 1188 445 1233 tionis,
485 1188 615 1224 «idest
650 1200 718 1237 per
754 1190 974 1238 baptismum
993 1188 1013 1210 '¹‘
1034 1203 1074 1232 »‚
1111 1194 1144 1224 et
1179 1190 1384 1226 renovatio-

320 1241 376 1276 nis
404 1242 558 1290 Spiritus
590 1243 726 1288 Sancti,
762 1254 869 1291 quem
904 1241 1031 1290 effudit
1059 1243 1095 1278 in
1125 1254 1192 1279 nos
1225 1242 1382 1287 abunde,

319 1292 416 1330 idest
442 1293 493 1330 ad
519 1295 771 1332 remissionem
802 1301 1043 1344 peccatorum
1076 1300 1109 1331 et
1137 1296 1283 1344 copiam
1310 1296 1384 1332 vir-

319 1351 448 1392 tutum,
478 1354 519 1383 ut
548 1347 684 1384 Glossa
702 1347 722 1369 *
749 1347 894 1384 ibidem
927 1347 1092 1396 exponit.
1137 1347 1199 1385 Sic
1226 1359 1316 1395 ergo
1345 1347 1385 1384 in

319 1398 511 1458 baptismo
548 1400 660 1437 datur
692 1400 810 1449 gratia
845 1400 1006 1450 Spiritus
1042 1400 1169 1438 Sancti
1204 1408 1240 1437 et
1273 1400 1385 1449 copia

319 1460 517 1490 V1rtutum.

372 1506 597 1543 Responm-:o
634 1519 816 1544 DICENDUM
854 1507 977 1555 quod,
1016 1506 1112 1543 sicut
1148 1497 1393 1554 Augustinus

284 1573 290 1607 3
319 1557 419 1605 dicit,
440 1558 479 1595 in
502 1559 599 1596 libro
627 1560 673 1596 de
698 1561 891 1609 Baptismo
918 1560 1169 1597 Parvulorum
1188 1559 1218 1606 ³¹⁶,
1247 1560 1299 1596 ad
1315 1560 1385 1596 hoc

265 1617 291 1660 ’ζ
317 1612 518 1661 baptismus
543 1612 651 1658 valet,
672 1618 710 1648 ut
732 1614 904 1661 baptizati
926 1613 1070 1649 Christo
1098 1614 1384 1661 incorporentur

318 1669 357 1701 ut
374 1665 544 1701 membra
559 1666 646 1702 eius.
669 1666 711 1703 ,Α
729 1664 851 1714 capite
871 1672 1001 1702 autem
1022 1664 1173 1702 Christo
1193 1664 1232 1701 in
1252 1664 1382 1702 omnia

311 1717 495 1763 fmembra
523 1716 605 1754 eius
641 1716 781 1766 gratiae
810 1725 846 1754 et
873 1717 1021 1755 virtutis
1053 1717 1252 1767 plenitudo
1285 1717 1382 1755 deri-

316 1777 446 1808 vatur:
481 1770 696 1808 secundum
727 1770 820 1808 illud
847 1772 951 1808 Ioan.
973 1771 1038 1808 1²⁸:
1074 1772 1133 1808 De
1153 1771 1384 1821 plenitudine

316 1823 394 1860 eius
422 1835 489 1861 nos
517 1836 646 1861 omnes
672 1825 892 1874 accepimus.
922 1824 1033 1862 Unde
1062 1824 1307 1861 manifestum
1327 1832 1382 1861 est

2426 230 2496 266 109

1441 292 1547 350 quod
1575 304 1644 340 per
1663 292 1898 341 baptismum
1922 294 2056 343 aliquis
2075 297 2321 344 consequitur
2338 296 2497 344 gratiam

1441 351 1478 380 et
1504 352 1671 381 Virtutes.

1494 397 1551 433 AD
1587 409 1720 434 PRIMUM
1755 409 1853 434 ERGO
1890 410 2070 436 DICENDUM
2102 401 2229 448 quod,
2267 401 2362 437 sicut
2397 414 2498 450 aqua

1440 450 1619 498 baptismi
1654 461 1722 498 per
1749 462 1860 486 suam
1889 451 2124 488 ablutionem
2152 452 2335 500 significat
2363 465 2497 490 emun-

1441 502 1637 539 dationem
1664 504 1812 551 culpae‚
1842 510 1878 539 et
1905 515 1974 551 per
2001 516 2116 540 suum
2136 505 2368 552 refrigerium
2388 506 2497 553 signi-

1440 555 1528 592 ficat
1565 555 1828 592 liberationem
1862 568 1884 592 a
1915 568 2061 604 poena,
2101 556 2150 593 ita
2186 569 2255 605 per
2287 560 2497 595 naturalem

1439 608 1647 645 claritatem
1685 607 1870 656 significat
1905 609 2150 657 splendorem
2184 609 2321 657 gratiae
2356 618 2392 646 et
2424 611 2497 647 vir-

1439 669 1577 698 tutum.

1493 715 1550 750 An
1570 726 1757 755 SECUNDUM
1776 726 1957 766 cheNDUM
1977 714 2094 762 quod,
2115 714 2210 751 sicut
2234 714 2378 751 dictum
2397 723 2452 752 est
2465 715 2496 762 ²⁸,

1440 766 1706 803 remissionem
1727 774 1974 815 peccatorum
1995 766 2129 815 aliquis
2149 767 2395 815 consequitur
2412 776 2497 805 ante

1440 819 1676 868 baptismum
1713 820 1929 856 secundum
1967 820 2073 868 quod
2115 819 2229 856 habet
2265 820 2498 868 baptismum

1439 873 1478 909 in
1506 880 1619 919 voto,
1655 874 1717 910 vel
1749 872 1920 921 explicite
1954 873 2016 908 vel
2050 872 2252 921 implicite3
2295 881 2331 909 et
2357 881 2497 920 tamen,

1440 938 1531 962 cum
1559 925 1707 962 realiter
1734 925 1891 974 suscipit
1917 924 2168 973 baptismum,
2198 925 2241 961 fit
2267 925 2416 974 plenior
2443 939 2498 964 re-

1439 978 1590 1026 missio,
1620 986 1810 1028 quantum
1839 978 1887 1015 ad
1915 977 2177 1015 liberationem
2207 990 2228 1014 a
2255 985 2334 1015 tota
2361 991 2497 1027 poena.

1439 1033 1491 1068 Ita
1511 1032 1625 1068 etiam
1644 1039 1730 1068 ante
1749 1031 1985 1080 baptismum
2006 1030 2206 1067 Cornelius
2227 1038 2261 1067 et
2281 1031 2341 1067 alii
2360 1031 2499 1068 similes

1440 1093 1730 1134 consequuntur
1756 1084 1915 1132 gratiam
1935 1092 1971 1120 et
1989 1084 2145 1120 virtutes
2164 1096 2234 1132 per
2251 1083 2371 1120 fidem
2392 1084 2499 1121 Chri-

1439 1138 1484 1175 sti
1513 1146 1549 1175 et
1568 1137 1801 1174 desiderium
1819 1136 2010 1186 baptismi,
2030 1136 2209 1185 implicite
2229 1137 2290 1173 vel
2309 1137 2496 1186 explicite:

1438 1191 1693 1241 postmodum
1720 1198 1850 1227 tamen
1869 1190 1908 1226 in
1927 1190 2118 1239 baptismo
2138 1190 2324 1226 maiorem
2347 1190 2498 1239 copiam

1439 1244 1578 1293 gratiae
1612 1252 1648 1280 et
1678 1243 1864 1280 virtutum
1901 1250 2201 1292 consequuntur.
2245 1243 2355 1280 Unde
2384 1255 2499 1291 super

1439 1298 1531 1335 illud
1559 1296 1701 1334 Psalmi
1720 1297 1750 1342 ²¹⁶,
1787 1299 1905 1346 Super
1933 1308 2069 1345 aquam
2098 1297 2306 1344 refectionis
2334 1296 2499 1333 educavit
2526 1307 2535 1315 “
2562 1311 2572 1326 s
2589 1311 2725 1326 xxcversz

1439 1364 1509 1394 me,
1539 1350 1628 1387 dicit
1656 1350 1793 1387 Glossa
1811 1349 1845 1386 *z
1874 1351 1948 1386 Per
1967 1355 2208 1399 augmentum
2228 1351 2367 1387 virtutis
2386 1355 2418 1385 et
2436 1351 2498 1385 bo-

1439 1417 1511 1442 nae
1539 1405 1762 1453 operationis
1790 1403 1956 1440 educavit
1983 1404 2020 1439 in
2049 1403 2240 1451 baptismo.

1491 1459 1548 1494 AD
1562 1468 1721 1493 TERTIUM
1740 1468 1921 1493 DICENDUM
1936 1455 2043 1504 quod
2062 1455 2262 1492 difficultas
2282 1454 2330 1491 ad
2350 1454 2498 1491 bonum

1438 1518 1475 1547 et
1501 1509 1672 1559 pronitas
1701 1509 1750 1546 ad
1777 1510 1925 1545 malum
1954 1508 2203 1544 inveniuntur
2229 1507 2269 1544 in
2292 1507 2497 1556 baptizatis,

1438 1575 1518 1600 non
1546 1570 1703 1612 propter
1730 1562 1921 1598 desectum
1940 1561 2091 1598 habitus
2111 1560 2307 1607 virtutum,
2329 1561 2395 1597 sed
2413 1573 2498 1609 pro-

1436 1624 1521 1665 pter
1548 1614 1914 1664 concupiscentiam,
1944 1626 2043 1663 quae
2079 1625 2159 1651 non
2194 1613 2336 1650 tollitur
2366 1613 2406 1650 in
2433 1613 2498 1650 ba-

1436 1669 1589 1718 ptismo.
1625 1667 1730 1705 Sicut
1757 1675 1887 1704 tamen
1914 1679 1984 1716 per
2011 1667 2247 1716 baptismum
2275 1665 2499 1703 diminuitur

1437 1720 1756 1771 concupiscentia,
1785 1727 1827 1757 ut
1854 1732 1935 1757 non
1963 1720 2194 1767 dominetur,
2224 1719 2274 1756 ita
2302 1718 2415 1756 etiam
2443 1719 2497 1756 di-

1436 1774 1623 1812 minuitur
1653 1782 1862 1823 utrumque
1892 1773 2053 1810 istorum
2074 1779 2107 1820 ²,
2136 1785 2184 1810 ne
2214 1773 2334 1809 homo
2363 1772 2411 1809 ab
2440 1771 2498 1808 his

1437 1835 1648 1878 superetur.

370 1945 399 1979 οι)
419 1946 568 1972 istorum.—
582 1946 715 1971 dictorum
730 1945 779 1970 IsG
793 1951 819 1970 et
831 1945 964 1976 editiones,
976 1945 1099 1970 dotorum
1113 1945 1163 1978 pG,
1175 1946 1312 1970 doctorum
1326 1946 1360 1970 H.
1371 1945 1420 1969 Pro
1433 1944 1466 1969 ab
1479 1943 1520 1968 his
1532 1946 1680 1975 superetur,
1691 1945 1831 1975 superetur
1846 1942 1903 1974 GH,
1913 1945 2055 1974 superetur
2067 1942 2100 1966 ab
2114 1941 2154 1966 his
2167 1942 2190 1970 b,
2201 1944 2343 1974 superetur
2354 1942 2387 1966 ab
2402 1942 2462 1967 ali1's
2472 1949 2495 1967 c.

1107 2064 1426 2106 ARTICULUS
1457 2061 1714 2114 QUINTUS

340 2161 498 2193 UTRUM
522 2159 867 2191 CONVENIENTER
889 2158 1236 2189 ATTRIBUANTUR
1258 2155 1476 2187 BAPTISMO
1493 2155 1576 2186 PRO
1594 2154 1860 2186 EFFECTIBUS
1884 2154 2056 2192 QUIDAM
2071 2154 2216 2186 ACTUS
2231 2154 2474 2192 VIRTUTUM,

646 2203 845 2235 SCILICET
869 2201 1196 2233 INCORPORATIO
1221 2202 1280 2232 AD
1305 2200 1540 2236 CHRISTUM,
1565 2198 1863 2235 ILLUMINATIO,
1888 2198 2170 2229 FECUNDATIO

672 2282 706 2307 lV
725 2282 808 2311 Sent„
829 2281 887 2306 dist.
906 2287 944 2311 ιιι,
963 2288 1007 2313 qu.
1026 2288 1043 2309 1,
1062 2285 1109 2305 art.
1130 2286 1152 2310 1,
1173 2279 1223 2312 qu⁸
1242 2287 1267 2311 4,
1287 2279 1318 2304 ad
1339 2279 1367 2309 3;
1383 2283 1429 2305 art.
1450 2278 1474 2309 3,
1493 2278 1544 2311 qu*
1565 2285 1592 2308 1;
1612 2278 1670 2305 dist.
1690 2285 1723 2308 iv,
1743 2285 1787 2310 qu.
1806 2285 1833 2308 11,
1852 2282 1900 2302 art.
1921 2284 1944 2306 2,
1964 2277 2012 2309 qu²
2033 2276 2046 2301 3
2066 2284 2125 2309 sqq.
2132 2285 2139 2308 ;

904 2315 963 2341 dist.
981 2323 1006 2345 v,
1026 2323 1069 2348 qu.
1088 2323 1115 2347 ιι,
1135 2321 1182 2340 art.
1203 2322 1226 2345 1,
1246 2315 1295 2348 qu'²
1316 2322 1346 2345 2;
1367 2314 1426 2339 dist.
1444 2321 1498 2344 vm,
1518 2321 1563 2346 qu.
1580 2321 1598 2343 ι,
1618 2319 1663 2338 art.
1683 2320 1707 2344 ι,
1726 2313 1776 2346 qu⁸
1797 2320 1819 2342 1.
1839 2313 1870 2337 ad
1890 2319 1914 2337 1.

402 2407 412 2433 ,ν
501 2412 505 2416 ›
529 2401 552 2426 D
574 2399 735 2431 QulNTUM
755 2399 806 2423 sm
826 2397 1062 2423 PROCEDITUR.
1092 2384 1253 2422 Videtur
1276 2385 1382 2434 quod

367 2455 372 2462 ·
458 2427 528 2501 Ψ]
530 2439 848 2479 inconvenienter
892 2439 1146 2476 attribuantur
1190 2438 1382 2487 baptismo

355 2497 370 2543 ¹¹
396 2512 457 2539 v,
478 2494 602 2544 aspro
632 2493 830 2531 effectibus
859 2492 1020 2542 quidam
1048 2499 1155 2528 actus
1182 2491 1381 2538 virtutum,

376 2516 497 2582 (3³¹³)
488 2540 520 2583 K
532 2547 670 2585 scilicet
702 2548 953 2596 incorporatio
982 2546 1033 2582 ad
1062 2546 1266 2590 Christum,
1303 2544 1383 2581 illu-

319 2602 485 2647 minatio,
511 2600 735 2646 fecundatio.
778 2600 871 2636 Non
899 2599 1001 2635 enim
1031 2597 1244 2647 baptismus
1272 2597 1384 2634 datur

319 2654 451 2692 adulto
479 2653 552 2691 nisi
578 2652 700 2690 fideli:
737 2652 954 2689 secundum
986 2651 1078 2688 illud
1105 2652 1226 2687 Marc.
1255 2652 1321 2687 ult.
1341 2650 1381 2687 *ε

325 2709 400 2751 Qui
425 2707 620 2744 crediderit
647 2712 680 2743 et
698 2707 897 2755 baptizatus
911 2706 1036 2752 fuerit,
1056 2704 1179 2742 salvus
1198 2706 1276 2741 erit.
1307 2680 1383 2741 Sed

318 2772 389 2811 per
401 2759 519 2798 fidem
537 2758 672 2809 aliquis
691 2758 958 2807 incorporatur
977 2757 1144 2794 Christo:
1166 2757 1383 2794 secundum

318 2813 413 2851 illud
443 2815 576 2864 Ephes.
598 2824 631 2849 111
652 2811 689 2848 *ε
726 2812 915 2848 Habitare
948 2812 1134 2847 Christum
1165 2823 1238 2859 per
1260 2811 1382 2858 fidem

319 2869 356 2904 in
386 2867 558 2904 cordibus
584 2867 722 2903 vestris.
766 2865 867 2913 Ergo
903 2864 1031 2900 nullus
1062 2863 1276 2912 baptizatur
1311 2863 1383 2900 nisi

310 2919 397 2957 'iam
417 2919 570 2957 Christo
590 2918 899 2967 incorporatus.
871 2922 888 2939 α
929 2917 1022 2953 Non
1041 2927 1130 2964 ergo
1150 2923 1206 2952 est
1225 2916 1383 2953 effectus

318 2972 499 3022 baptismi
527 2971 763 3021 incorporari
792 2970 955 3008 Christo.

375 3037 410 3063 2.
440 3027 672 3071 PRAETEREA,
707 3023 933 3061 illuminatio
968 3022 1011 3059 fit
1046 3033 1116 3071 per
1147 3021 1380 3059 doctrinam:

311 3079 535 3116 secundum
565 3078 659 3115 illud
686 3078 819 3127 Ephes.
841 3089 873 3114 111
891 3076 928 3113 ³⁸:
958 3077 1060 3113 Mhi
1085 3077 1253 3112 omnium
1272 3073 1288 3104 β
1314 3077 1382 3112 mi-

320 3133 422 3170 nimo
450 3133 537 3169 data
565 3137 615 3169 est
641 3132 767 3181 gratia
795 3131 898 3176 haec,
921 3106 1135 3166 illuminare
1156 3139 1295 3174 omnes,
1312 3135 1380 3165 etc.

320 3185 397 3223 Sed
417 3184 589 3223 doctrina
607 3183 800 3234 praecedit
817 3182 1054 3232 baptismum
1077 3180 1117 3218 in
1136 3180 1379 3218 catechismo.

318 3239 412 3275 Non
439 3249 530 3286 ergo
558 3245 614 3275 est
641 3237 799 3274 effectus
827 3235 1017 3285 baptismi.

375 3291 409 3328 3.
439 3292 671 3337 PRAETEREA,
695 3289 906 3327 fecunditas
924 3287 1086 3338 pertinet
1105 3286 1154 3324 ad
1172 3286 1381 3335 generatio-

318 3355 411 3382 nem
438 3343 613 3382 activam.
649 3343 725 3381 Sed
753 3354 823 3392 per
849 3341 1086 3391 baptismum
1115 3339 1251 3389 aliquis
1279 3351 1381 3388 rege-

318 3498 405 3564 nte&
417 3529 544 3555 omnium.
562 3543 582 3548 —-
598 3531 752 3554 sanctorum
772 3528 869 3553 addunt
887 3527 908 3552 E
929 3532 954 3552 et
971 3527 1052 3552 tertia.

372 3456 403 3492 α)
419 3458 615 3491 incorporatus.
625 3470 646 3477 -
656 3456 727 3482 FIsD
740 3463 766 3482 et
778 3457 917 3487 editionm3
938 3457 1109 3488 incorporato
1122 3455 1180 3487 GH,
1195 3455 1384 3487 incorporatur

1436 2392 1592 2420 neratur
1619 2383 1869 2432 spiritualiter.
1899 2384 2000 2431 Ergo
2028 2383 2237 2420 fecunditas
2265 2395 2345 2419 non
2364 2383 2495 2420 estes-

1437 2437 1556 2474 sectus
1583 2436 1773 2486 baptismi.

1491 2491 1564 2527 SED
1585 2502 1730 2527 CONTRA
1749 2501 1814 2526 EST
1834 2489 1940 2538 quod
1969 2488 2204 2537 Augustinus
2223 2488 2321 2535 dicit,
2342 2488 2381 2525 in
2400 2488 2495 2526 libro

1437 2543 1482 2579 de
1512 2545 1704 2592 Baptismo
1738 2543 1989 2580 Parvulorum
2011 2542 2048 2588 ²¹²,
2086 2542 2192 2591 quod
2226 2542 2277 2579 ad
2302 2543 2372 2579 hoc
2403 2543 2534 2579 valet·

1436 2597 1647 2655 baptismus
1663 2601 1701 2632 ut
1728 2597 1900 2645 baptizati
1920 2596 2063 2632 Christo
2082 2597 2375 2644 incorporentur.
2406 2594 2496 2632 Dio-

1435 2649 1568 2698 nysius
1603 2648 1735 2696 etiam,
1765 2661 1786 2685 11
1814 2660 1896 2697 cap.
1926 2648 2026 2685 Eccl.
2056 2650 2165 2685 Hier.
2189 2647 2227 2694 ³¹⁸,
2263 2648 2496 2685 illuminatio-

1437 2715 1522 2739 nem
1541 2707 1557 2730 Υ
1578 2678 1746 2739 attribuit
1764 2701 1967 2750 baptismo.
1998 2702 2046 2738 Et
2065 2713 2181 2750 super
2199 2700 2291 2738 illud
2311 2701 2451 2738 Psalmi
2465 2701 2495 2748 ²¹⁸,

1437 2757 1556 2805 Super
1582 2767 1721 2805 aquam
1740 2753 1990 2802 ⁶refectionis
2017 2754 2194 2799 educavit,
2223 2753 2310 2791 dicit
2329 2754 2465 2791 Glossa
2478 2754 2498 2776 ’¹‘

1437 2809 1544 2858 quod
1572 2810 1700 2845 anima
1722 2813 1978 2858 peccatorum,
2008 2808 2177 2844 ariditate
2202 2807 2342 2853 sterilis,
2367 2808 2496 2853 fecun-

1436 2862 1546 2899 datur
1567 2874 1640 2911 per
1666 2862 1898 2911 baptismum.

1490 2916 1714 2952 RESPONDEO
1743 2926 1924 2951 DICENDUM
1952 2913 2059 2962 quod
2086 2925 2156 2962 per
2174 2912 2408 2962 baptismum
2432 2912 2495 2949 ali-

1436 2967 1523 3017 quis
1550 2975 1794 3016 regeneratur
1820 2967 1860 3003 in
1888 2966 2121 3015 spiritualem
2148 2965 2284 3012 vitam,
2313 2977 2413 3014 quae
2441 2972 2495 3001 est

1435 3020 1592 3070 propria
1622 3020 1797 3058 fidelium
1827 3019 1984 3057 Christi:
2023 3019 2118 3056 sicut
2151 3019 2358 3067 Apostolus
2394 3017 2493 3064 dicit,

1440 3075 1560 3111 Galat.
1581 3086 1602 3110 11
1620 3073 1658 3110 *ε
1702 3073 1812 3116 Quod
1837 3079 1958 3110 autem
1992 3084 2090 3109 nunc
2117 3073 2200 3109 vivo
2228 3073 2265 3108 in
2294 3083 2428 3117 carne,
2457 3072 2493 3108 in

1424 3127 1509 3175 fide
1535 3129 1619 3165 vivo
1638 3127 1726 3164 Filii
1743 3127 1825 3163 Dei.
1854 3125 1941 3162 Vita
1959 3132 2088 3162 autem
2108 3136 2188 3161 non
2207 3131 2262 3160 est
2283 3123 2354 3160 nisi
2372 3135 2494 3160 mem-

1435 3179 1599 3217 brorum
1627 3178 1740 3239 capiti
1766 3178 1976 3224 unitorum,
2006 3191 2028 3215 a
2056 3189 2134 3226 quo
2163 3189 2318 3213 sensum
2348 3184 2384 3213 et
2411 3188 2494 3214 mo-

1435 3241 1520 3270 tum
1548 3232 1770 3281 suscipiunt.
1814 3233 1862 3268 Et
1894 3231 1981 3268 ideo
2014 3242 2167 3267 necesse
2200 3237 2255 3266 est
2289 3229 2396 3278 quod
2427 3241 2496 3278 per

1435 3285 1672 3336 baptismum
1714 3284 1849 3334 aliquis
1886 3284 2150 3333 incorporetur
2191 3282 2342 3320 Christo
2386 3281 2494 3330 quasi

1434 3337 1685 3376 membrum
1677 3337 1807 3387 1psius.
1828 3360 1853 3364 —
1874 3337 1978 3375 Sicut
1997 3343 2125 3373 autem
2145 3348 2167 3373 a
2186 3335 2306 3384 capite
2334 3334 2494 3372 naturali

1488 3453 1515 3487 γ)
1535 3453 1765 3478 illuminationem.
1783 3466 1802 3471 -
1819 3452 1920 3481 Tei-tiu
1940 3450 2152 3476 illuminationes.

1488 3488 1513 3523 δ)
1532 3496 1671 3522 aquam.-
1689 3489 1711 3513 D
1731 3493 1756 3512 et
1773 3488 1846 3512 tertia
1865 3491 1966 3520 praeter
1983 3486 2021 3515 H;
2040 3492 2110 3517 aqua
2123 3485 2155 3515 H,
2168 3490 2251 3516 aquas
2270 3483 2353 3508 ceteri.
2372 3482 2494 3507 educavit

1434 3532 1488 3551 om.
1508 3525 1596 3554 tertia,
1616 3531 1657 3549 me
1675 3522 1772 3548 addunt
1790 3522 1836 3547 Fa.

2526 1358 2536 1367 ·
2550 1357 2632 1379 Lomb.

2548 2550 2584 2571 Al.
2600 2549 2686 2571 dePec
2700 2552 2732 2571 at.

2524 2575 2577 2597 Mer
2577 2576 2712 2598 iaettRemis

2525 2602 2722 2650 etdeBchtPcm*

2525 2629 2669 2655 vul„i..lb1
2684 2635 2734 2677 (ΞΡ

2602 2655 2664 2677 -Cf.

2524 2661 2596 2703 Advho
2597 2682 2647 2703 cb
2632 2683 2695 2709 ptr
2686 2661 2735 2708 mii,

2525 2708 2608 2730 deone
2610 2709 2734 2735 εοπεάἰε.ῑ

2524 2734 2563 2755 IV.

2523 2911 2532 2920 ·
2551 2910 2650 2931 Interlin.

2522 2936 2556 2957 Lo

2524 2760 2657 2808 :hultiuotl
2652 2765 2733 2814 appan

2701 2794 2724 2809 ΙΙΙ

2564 2787 2652 2808 -.ch

2622 2793 2665 2848 Υει

2524 2848 2663 2874 'fflmev

2559 2937 2605 2958 mb.

2622 2876 2636 2900 δ

2522 3077 2532 3087 “
2547 3077 2612 3099 vers.
2628 3084 2664 3099 20.

2673 2915 2694 2932 et
