2918 4088
957 208 1219 254 QUAESTIO
1249 209 1454 256 LXXVIII,
1484 210 1776 248 ARTICULUS
1804 213 1854 248 VI

317 282 357 314 de
381 292 447 323 quo
463 284 586 323 possint
602 285 711 315 omnia
726 285 863 324 inquiri:
886 303 909 307 —
932 286 1011 315 mihi
1026 291 1133 316 tamen
1149 286 1272 317 videtur
1288 286 1378 326 quod

316 326 513 358 demonstret
540 327 741 358 individuum
767 329 973 364 substantiae,
1001 329 1097 366 idest,
1126 330 1210 360 hanc
1232 331 1377 360 substan-

315 370 404 401 tiam.

368 414 412 457 ‘Et
435 414 566 454 quidem
590 415 679 456 quod
702 415 898 447 demonstret
921 416 1132 454 individuum,
1156 418 1236 447 nulli
1252 423 1299 447 est
1318 417 1376 447 du-

314 458 420 489 bium:
446 459 600 499 quoniam
623 469 692 490 non
714 460 900 496 universale,
925 460 980 490 sed
1003 461 1160 500 singulare
1177 460 1308 501 aliquod
1330 466 1378 491 est

312 507 379 532 tam
409 502 499 542 quod
526 504 720 534 convertitur
751 505 784 534 in
808 513 925 544 corpus
954 503 1087 540 Christi,
1120 514 1218 544 quam
1246 504 1284 535 de
1309 514 1375 545 quo

313 547 497 576 enuntiatur
520 556 637 588 corpus
661 546 787 578 Christi.

368 590 468 628 Quod
486 600 563 621 vero
586 592 626 622 sit
647 590 851 622 individuum
874 592 1077 628 substantiae,
1100 592 1263 632 probatur.
1288 593 1375 623 Tum

313 643 352 667 ex
376 643 415 664 eo
439 633 529 675 quod
551 635 584 676 ly
606 635 667 666 hoc
697 641 744 666 est
773 645 955 676 pronomen
986 634 1271 666 demonstrativum
1301 637 1375 666 sub-

312 679 453 709 stantiae.
477 697 500 700 —
522 679 610 709 Tum
634 689 672 709 ex
691 689 730 710 eo
755 679 845 720 quod
859 680 938 710 haec
954 679 1180 710 demonstratio
1198 679 1291 710 debet
1307 690 1375 711 esse

312 727 406 752 certa.
424 722 682 754 Demonstrando
698 729 806 754 autern
822 724 904 754 hanc
916 723 1132 760 substantiam,
1145 723 1374 755 demonstratio

313 771 360 796 est
382 767 571 798 certissima:
596 768 751 807 quoniam
766 768 845 798 haec
861 768 1034 798 substantia
1050 773 1096 798 est
1112 778 1229 808 corpus
1246 768 1373 799 Christi.

311 809 375 841 Sed
398 813 423 840 si
447 810 676 842 demonstraret
696 811 898 842 individuum
913 813 1003 848 entis,
1028 811 1256 842 demonstratio
1272 822 1374 842 rema-

310 860 400 884 neret
424 855 588 895 ambigua,
612 856 714 886 immo
741 857 841 896 magis
869 855 945 886 falsa
975 862 1139 896 appareret
1163 866 1260 896 quam
1283 866 1372 887 vera:

310 907 386 928 nam
408 899 441 939 ly
463 899 524 929 hoc
547 909 603 930 ens
633 905 742 940 posset
765 900 982 930 demonstrare
1010 906 1076 930 tam
1102 900 1248 931 accidens
1275 910 1373 940 quam

310 943 535 979 substantiam,
560 953 635 974 cum
659 949 832 984 utrumque
855 945 894 979 sit
916 945 980 974 hoc
1003 954 1075 980 ens;
1100 950 1132 975 et
1153 945 1253 984 magis
1277 954 1373 985 appa-

309 991 392 1016 reret
415 986 624 1017 demonstrari
646 987 803 1024 accidens,
827 994 958 1028 propter
977 988 1282 1019 demonstrationem
1305 988 1374 1019 fieri

309 1029 349 1060 ad
372 1040 511 1061 sensum.
530 1049 554 1053 ——
576 1031 663 1062 Tum
688 1033 772 1072 quia,
802 1031 1050 1063 demonstrando
1073 1032 1274 1063 individuum
1298 1033 1372 1063 sub-

309 1075 450 1111 stantiae,
475 1074 703 1106 demonstratio
727 1082 774 1106 est
794 1077 969 1117 simplicior
992 1082 1023 1107 et
1041 1078 1161 1117 purior,
1185 1087 1252 1107 non
1276 1087 1372 1117 egens

307 1118 430 1159 glossis.
451 1119 545 1155 Nam,
562 1121 708 1160 apposita
723 1127 796 1151 ante
812 1130 923 1151 sensus
938 1121 1051 1156 hostia.
1069 1127 1100 1151 et
1115 1121 1262 1157 dicendo,
1278 1121 1372 1152 Haec

306 1162 485 1194 substantia
509 1169 556 1194 est
578 1173 696 1205 corpus
714 1175 835 1201 meum,
866 1175 933 1195 non
958 1171 1085 1205 oportet
1113 1165 1152 1196 ad
1178 1166 1297 1206 glossas
1323 1175 1370 1196 re-

307 1216 449 1237 currere:
485 1207 572 1244 Quid
599 1213 646 1239 est
671 1209 754 1240 illud
783 1210 870 1250 quod
900 1215 947 1240 est
976 1219 1166 1240 conversum
1194 1210 1226 1240 in
1254 1220 1372 1250 corpus

309 1250 457 1281 Christi?
479 1257 543 1288 aut,
571 1252 658 1289 Quid
680 1258 728 1284 est
749 1253 831 1284 illud
853 1253 940 1294 quod
961 1254 1013 1284 hic
1036 1254 1240 1285 adoramus?
1264 1259 1294 1284 et
1310 1255 1370 1284 hu-

305 1295 456 1326 iusmodi.

360 1339 400 1371 V.
423 1340 481 1372 Est
503 1346 611 1371 autem
638 1342 795 1372 sententia
817 1342 896 1372 haec
921 1343 1016 1373 etiam
1032 1342 1191 1373 Auctoris,
1214 1343 1298 1373 Nam
1317 1352 1369 1373 ex-

2417 216 2490 252 215

1431 296 1536 326 presse
1553 286 1637 323 dicit,
1654 289 1687 318 in
1703 290 1910 328 responsione
1935 290 1974 320 ad
1997 292 2135 330 primum
2152 300 2182 323 et
2198 294 2384 330 secundum,
2402 294 2491 335 quod

1430 330 1462 370 ly
1477 331 1537 360 hoc
1561 330 1755 362 demonstrat
1776 333 1984 364 substantiam
2007 335 2075 364 sine
2098 337 2251 376 qualitate
2266 339 2292 373 ἥ,
2316 338 2405 374 idest,
2422 339 2491 369 sine

1430 373 1695 405 determinatione
1718 376 1855 406 alicuius
1872 378 2029 417 propriae
2049 384 2185 410 naturae
2196 382 2222 416 ἢ
2239 387 2316 420 puta
2331 383 2420 421 panis
2436 388 2491 413 aut

1431 418 1574 457 corporis
1599 418 1726 449 Christi.
1750 437 1773 441 -
1795 420 1836 449 Et
1862 420 1925 450 hoc
1956 420 2041 451 idem
2069 423 2204 453 intendit
2234 425 2369 455 dicendo
2401 425 2490 465 quod

1430 460 1627 492 demonstrat
1643 467 1826 493 contentum
1843 464 1875 493 in
1891 465 2040 504 generali
2054 466 2112 496 sub
2125 467 2192 497 istis
2207 469 2366 506 speciebus
2378 470 2403 499 4.
2424 469 2490 500 Sci-

1430 505 1474 535 vit
1497 506 1583 535 enim
1607 505 1696 546 quod
1718 516 1786 536 non
1810 506 2044 538 demonstratur
2067 510 2242 540 universale
2264 512 2409 551 aliquod:
2434 513 2490 543 sed

1431 549 1680 580 circumlocutus
1697 556 1743 580 est
1758 550 1959 581 individuum
1976 554 2206 584 communioris
2219 564 2275 584 seu
2287 556 2489 594 generalioris

1429 593 1468 622 ab
1488 593 1704 624 accidentibus
1721 594 1868 630 distincti,
1886 605 1922 625 ac
1938 596 1996 625 sub
2022 597 2065 626 eis
2089 599 2240 628 contenti.
2265 598 2388 628 Dantur
2404 601 2489 630 enim

1428 635 1592 667 individua
1614 638 1714 677 magis
1738 643 1768 668 et
1790 639 1897 669 minus
1913 639 2109 676 universalia,
2134 641 2215 671 sicut
2231 641 2344 672 dantur
2359 648 2487 673 naturae

1428 681 1528 720 magis
1553 686 1583 711 et
1605 681 1712 711 minus
1735 682 1943 713 universales:
1970 690 2016 713 est
2036 684 2121 714 enirn
2136 685 2310 724 intelligere
2327 686 2489 717 Socratem

1427 724 1461 754 in
1483 724 1742 764 praedicamento
1767 727 1958 757 substantiae
1983 737 2050 758 esse
2073 738 2141 758 non
2158 729 2263 759 solum
2282 730 2368 760 hunc
2384 730 2488 760 homi-

1427 777 1512 804 nem,
1537 768 1593 799 sed
1615 769 1679 799 hoc
1702 770 1828 806 animal,
1852 771 1915 801 hoc
1938 772 2057 807 vivum,
2074 772 2137 802 hoc
2160 782 2286 812 corpuS‚
2311 774 2392 804 hanc
2415 775 2488 804 sub-

1428 813 1584 843 stantiam.
1609 813 1650 843 Et
1672 814 1717 843 sic
1740 814 1818 844 haec
1838 816 2020 851 substantia,
2045 815 2260 846 demonstrata
2283 826 2340 856 per
2363 818 2394 858 ly
2417 818 2486 853 hoc,

1428 862 1474 886 est
1497 862 1648 887 contenta
1671 858 1729 887 sub
1753 858 1819 888 istis
1835 858 2050 889 accidentibus
2066 860 2099 889 in
2122 861 2270 900 generali,
2287 860 2376 896 idest,
2399 871 2488 891 com-

1426 901 1566 931 muniter
1589 911 1622 931 se
1645 901 1764 931 habens
1781 901 1820 932 ad
1835 912 1951 942 panem
1968 909 1999 933 et
2015 913 2131 943 corpus
2148 903 2273 940 Christi,
2291 914 2349 944 pro
2367 911 2487 945 quanto

1427 945 1466 974 ab
1490 951 1630 985 utroque
1653 946 1863 977 abstrahendo
1887 947 2090 987 significatur.

1481 988 1533 1019 Ad
1556 990 1712 1020 rationem
1736 995 1843 1020 autem
1867 991 1955 1021 Scoti
1970 993 1986 1008 ὓ
2011 991 2125 1022 dicitur
2140 991 2239 1032 quod,
2256 992 2329 1022 lieet
2348 993 2488 1032 primum

1426 1042 1548 1063 nomen
1571 1033 1644 1064 loco
1669 1034 1759 1064 cuius
1783 1040 1888 1074 potest
1911 1036 1990 1075 poni
2013 1036 2092 1072 hoc,
2120 1037 2159 1066 sit
2182 1036 2383 1067 individuum
2407 1038 2486 1067 entis

1427 1078 1682 1108 communissimi
1706 1078 1870 1119 analogice
1894 1080 1989 1110 etiam
2012 1079 2052 1110 ad
2075 1081 2159 1110 entia
2181 1081 2311 1111 rationis
2319 1091 2327 1117 ;
2352 1082 2427 1121 quia
2441 1087 2486 1111 ta-

1426 1131 1501 1152 men
1530 1122 1686 1152 certitudo
1717 1122 1948 1154 demonstratae
1975 1124 2021 1154 rei
2052 1124 2300 1164 praeponderat,
2333 1126 2486 1164 quoniam

1425 1165 1464 1196 ad
1486 1166 1649 1206 propriam
1674 1172 1856 1207 certamque
1880 1169 2026 1198 notitiam
2049 1169 2237 1199 sacramenti
2252 1169 2348 1199 huius
2364 1175 2485 1209 spectat

1425 1219 1473 1240 res
1497 1209 1726 1247 demonstrata;
1759 1212 1838 1241 ratio
1863 1212 1915 1242 illa
1945 1211 1984 1242 ad
2008 1213 2194 1243 communia
2216 1214 2387 1243 nominum
2410 1213 2484 1244 ideo

1424 1254 1644 1294 posthabenda
1667 1260 1728 1291 est,
1759 1265 1799 1285 ne
1823 1256 1856 1286 in
1878 1257 2028 1296 ambiguo
2052 1266 2112 1286 nos
2136 1256 2362 1287 demonstratio
2391 1258 2485 1288 relin-

1425 1304 1510 1338 quat,
1528 1298 1583 1329 sed
1599 1304 1700 1329 certos
1724 1299 1951 1330 demonstratio
1975 1300 2084 1331 reddat
2103 1300 2192 1341 quod
2207 1301 2285 1331 haec
2307 1302 2484 1332 substantia

1424 1347 1472 1373 est
1493 1352 1611 1383 corpus
1637 1343 1765 1373 Christi.

1116 1479 1437 1521 ARTICULUS
1467 1478 1676 1520 SEXTUS

572 1572 731 1603 UTRUM
754 1572 909 1603 FORMA
932 1571 1309 1603 CONSECRATIONIS
1332 1571 1456 1602 PANIS
1480 1571 1808 1610 CONSEQUATUR
1831 1573 2069 1604 EFFECTUM
2093 1574 2212 1605 SUUM

769 1616 1020 1654 ANTEQUAM
1042 1616 1332 1646 PERFICIATUR
1354 1615 1508 1646 FORMA
1532 1615 1910 1647 CONSECRATIONIS
1933 1617 2021 1647 VINI

383 1698 385 1700 “
408 1695 442 1720 lV
461 1695 543 1724 Sene„
564 1695 623 1719 dist.
640 1701 695 1725 vm,
714 1702 759 1727 qu.
777 1702 803 1725 11,
824 1699 871 1720 art.
889 1702 915 1726 4,
934 1694 984 1727 qu⁸
1004 1702 1034 1725 η
1054 1695 1113 1720 dist.
1131 1702 1165 1724 x1,
1184 1702 1229 1727 qu.
1248 1701 1276 1725 11,
1295 1700 1341 1719 art.
1362 1700 1385 1724 1,
1405 1693 1454 1726 qu·
1476 1700 1498 1723 1,
1518 1694 1549 1718 ad
1568 1701 1598 1725 4;
1621 1694 1648 1718 In
1668 1694 1779 1722 Matt11.,
1799 1702 1855 1727 cap.
1873 1703 1945 1726 xxV1;
1966 1696 1974 1719 1
1994 1696 2030 1720 ad
2051 1697 2120 1725 Cor„
2141 1704 2195 1728 cap.
2214 1704 2247 1728 x1‚
2267 1697 2323 1722 lect.
2342 1704 2376 1722 vr.

423 1806 425 1808 ‚
453 1812 456 1813 ⁷
513 1778 536 1803 D
564 1776 706 1802 SEXTUM
734 1776 786 1802 sm
806 1776 1041 1801 moerim-ma.
1071 1763 1232 1800 Videtur
1259 1763 1366 1812 quod

432 1808 492 1860 ΕΞ.
513 1818 637 1855 forma
665 1816 961 1854 consecrationis
988 1816 1099 1866 panis
1126 1828 1207 1853 non
1233 1828 1366 1853 conse-

321 1900 342 1917 ,,
381 1886 439 1915 *⁷⁴
450 1856 656 1920 'rquatur
683 1870 865 1907 effectum
897 1882 1015 1906 suum
1047 1881 1253 1919 quousque
1281 1881 1366 1918 per-

319 1916 333 1928 ””
358 1899 454 1958 ἑῇ)
470 1916 502 1961 N
514 1923 665 1961 ficiatur
682 1923 806 1960 forma
824 1922 1120 1960 consecrationis
1138 1922 1229 1959 vini.
1261 1922 1367 1959 Sicut

300 1975 406 2014 enim
423 1988 494 2026 per
512 1976 841 2014 consecrationem
854 1975 964 2025 panis
983 1975 1114 2025 incipit
1128 1987 1209 2012 esse
1224 1987 1366 2024 corpus

301 2029 440 2067 Christi
468 2030 541 2067 sub
568 2030 645 2067 hoe
663 2036 914 2076 sacramento,
943 2028 995 2066 ita
1021 2041 1091 2078 per
1113 2027 1365 2065 consecratio-

299 2093 392 2120 nem
419 2082 500 2120 vini
520 2082 652 2132 incipit
670 2095 753 2120 esse
772 2082 936 2131 sanguis.
967 2081 1008 2119 Si
1027 2094 1117 2130 ergo
1136 2081 1371 2126 verba-conat.

299 2135 519 2173 secrationis
552 2135 663 2185 panis
695 2135 880 2172 haberent
917 2135 1096 2172 effectum
1126 2145 1251 2172 suum.
1277 2141 1371 2172 antea
1398 2176 1402 2179 ,

299 2188 629 2226 consecrationem
656 2188 748 2234 vini,
778 2195 1002 2238 sequeretur
1028 2188 1137 2237 quod
1155 2187 1195 2224 in
1213 2188 1290 2224 hoc
1309 2199 1364 2224 sa-

299 2249 496 2279 cramento
515 2241 698 2291 inciperet
716 2253 798 2278 esse
813 2253 955 2291 corpus
971 2240 1111 2279 Christi
1130 2252 1321 2289 exsangue
1333 2245 1362 2277 Φ.
1386 2257 1403 2281 3

300 2294 421 2342 Quod
447 2303 504 2332 est
530 2294 818 2332 inconveniens.

353 2359 389 2385 2.
410 2349 642 2395 ΡΚΑΕΤΕΚΕΑ,
658 2360 784 2385 unum
799 2354 1084 2385 sacramentum
1103 2359 1228 2384 unum
1248 2347 1364 2384 habet

299 2402 650 2451 complementum:
680 2401 797 2447 unde,
821 2400 906 2438 licet
925 2400 965 2438 in
983 2400 1176 2450 baptismo
1196 2400 1270 2437 sint
1287 2407 1363 2436 tres

298 2452 576 2502 immersiones,
605 2466 686 2491 non
713 2461 844 2491 tamen
871 2453 996 2503 prima
1015 2453 1211 2490 immersio
1231 2465 1363 2490 conse-

298 2506 429 2556 quitur
447 2519 563 2544 suum
583 2507 764 2544 effectum
792 2519 998 2556 quousque
1026 2506 1134 2543 tertia
1151 2505 1263 2543 fuerit
1290 2514 1362 2543 ter-

262 2582 270 2595 ,
298 2559 443 2597 minata
456 2560 487 2597 ²¹⁸.
511 2560 588 2598 Sed
606 2567 733 2597 totum
751 2561 827 2597 hoc
845 2567 1130 2598 sacramentum
1149 2567 1205 2596 est
1223 2572 1360 2606 unum,

211 2636 219 2649 ‚
262 2636 268 2643 -
297 2620 340 2650 ut
367 2625 484 2662 supra
501 2613 522 2635 *
549 2613 695 2650 dictum
723 2620 789 2650 est.
823 2614 926 2661 Ergo
953 2613 1073 2650 verba
1100 2612 1241 2662 quibus
1269 2624 1360 2649 con-

297 2674 467 2704 secratur
492 2666 614 2716 panis,
635 2678 716 2703 non
734 2674 1025 2715 consequuntur
1044 2678 1160 2703 suum
1179 2666 1361 2703 effectum

297 2718 379 2756 sine
406 2719 533 2757 verbis
566 2719 903 2756 sacramentalibus
937 2719 1080 2768 quibus
1116 2726 1362 2756 consecratur

296 2771 446 2810 vinum.

351 2825 386 2862 3.
415 2826 658 2871 Pium-muza,
687 2825 727 2862 in
754 2825 837 2874 ipsa
860 2823 875 2854 β
906 2825 1031 2862 forma
1064 2824 1360 2862 consecrationis

294 2877 405 2928 panis
432 2886 521 2916 sunt
547 2879 659 2928 plura
677 2878 806 2925 verba,
835 2890 1006 2927 quorum
1024 2877 1150 2927 prima
1168 2890 1249 2915 non
1268 2889 1359 2914 con-

295 2939 511 2981 sequuntur
533 2931 716 2968 effectum
743 2931 815 2968 nisi
833 2932 982 2980 prolato
1001 2931 1151 2976 ultimo,
1181 2930 1277 2968 sicut
1304 2931 1359 2967 di-

260 2996 267 3029 }
295 2992 402 3023 ctum
430 2992 486 3022 est
503 2984 533 3021 *.
563 2985 677 3033 Ergo,
697 2984 780 3033 pari
799 2984 956 3031 ratione⁷
976 2996 1049 3021 nec
1070 2984 1190 3021 verba
1217 2983 1359 3034 quibus

237 3032 267 3070 ,ἶ
294 3045 540 3076 consecratur
566 3049 708 3087 corpus
728 3037 867 3075 Christi
895 3037 1038 3074 habent
1065 3037 1258 3083 effectum,
1287 3036 1359 3073 nisi

294 3090 450 3140 prolatis
491 3090 618 3128 verbis
664 3090 806 3140 quibus
847 3090 1000 3139 sanguis
1043 3089 1182 3127 Christi
1226 3101 1359 3126 conse-

295 3150 433 3181 cratur.

349 3197 423 3234 SED
441 3208 587 3234 CONTRA
605 3209 671 3234 EST
696 3197 814 3246 quod,
835 3196 960 3234 statim
988 3195 1095 3233 dictis
1113 3195 1240 3232 verbis
1268 3207 1364 3232 con-⁴

296 3249 516 3287 sectationis
557 3249 679 3299 panis,
708 3249 833 3287 hostia
869 3256 1089 3287 consecrata
1129 3247 1360 3297 proponitur

294 3303 443 3352 populo
471 3302 678 3340 adoranda.
709 3303 829 3350 Quod
856 3314 937 3340 non
964 3301 1073 3339 fieret
1100 3300 1131 3338 si
1158 3313 1239 3338 non
1262 3307 1360 3337 esset

347 3415 376 3452 α)
394 3423 542 3451 exsangue.
558 3431 578 3436 -
595 3417 644 3442 GH
664 3421 690 3442 et
707 3424 753 3450 per
766 3417 842 3442 Ah'as
855 3424 945 3449 margo
960 3417 995 3447 P;
1014 3417 1071 3442 sine
1089 3415 1221 3449 sanguine
1234 3415 1359 3440 editiones

294 3457 320 3477 et
337 3459 363 3481 a,
381 3452 550 3486 exsanguirie
568 3452 655 3477 ceteri.

348 3485 363 3520 β
393 3487 420 3512 in
440 3487 506 3520 ipsa.
523 3501 543 3507 -
561 3487 619 3520 ipsa
638 3487 688 3512 PF.

347 3530 364 3556 γ
394 3522 451 3548 hoc.
469 3537 488 3542 -
505 3523 544 3549 sle
562 3523 697 3548 editiones.

1421 1763 1474 1800 ibi
1509 1776 1649 1813 corpus
1685 1763 1842 1801 Christi:
1882 1765 1973 1814 quia
2005 1766 2080 1802 hoc
2103 1771 2118 1793 Υ
2153 1766 2203 1802 ad
2230 1766 2483 1804 idololatriam

1421 1816 1635 1865 pertineret.
1666 1817 1767 1864 Ergo
1795 1818 1914 1854 verba
1941 1818 2236 1856 consecrationis
2255 1817 2268 1840 δ
2297 1832 2412 1856 suum
2432 1821 2482 1857 ef-

1420 1870 1564 1906 fectum
1578 1877 1870 1918 consequuntur
1888 1878 2096 1920 antequam
2110 1872 2351 1921 proferantur
2365 1873 2482 1910 verba

1421 1930 1717 1959 consecratlonls
1745 1935 1835 1959 vim.

1473 1977 1698 2013 RESPONDEO
1717 1987 1899 2014 DICENDUM
1918 1977 2025 2026 quod
2054 1976 2212 2026 quidam
2240 1978 2386 2027 antiqui
2413 1978 2481 2015 do-

1401 2036 1543 2065 ctores
1575 2028 1753 2065 dixerunt
1785 2030 1893 2078 quod
1921 2030 1993 2066 hae
2022 2030 2122 2067 duae
2154 2030 2310 2078 formae,
2345 2030 2483 2068 scilicet

1410 2081 1715 2123 ‘consecrationis
1733 2082 1843 2130 panis
1862 2090 1899 2119 et
1916 2082 2007 2129 vini,
2038 2095 2078 2119 se
2097 2082 2264 2124 invicem
2283 2091 2482 2133 expectant

1419 2132 1460 2171 i'n
1496 2134 1667 2183 agendo:
1687 2174 1689 2176 ,
1709 2133 1760 2171 ita
1797 2135 1936 2172 scilicet
1973 2136 2079 2185 quod
2116 2136 2242 2185 prima
2278 2149 2359 2174 non
2395 2149 2480 2186 per-

1418 2187 1498 2230 ficit
1533 2185 1665 2230 suum«
1686 2184 1867 2225 effectum
1907 2196 2114 2237 antequam
2152 2190 2320 2226 secunda
2356 2190 2479 2239 profe-

1419 2248 1533 2285 ratur.
1604 2288 1606 2290 .
1674 2247 1678 2250 ·

1426 2307 1429 2309 ⁴
1473 2294 1550 2332 Sed
1571 2289 1653 2331 ‘ho'c
1681 2303 1777 2332 stare
1801 2306 1881 2331 non
1900 2302 2034 2343 potest.
2066 2294 2179 2341 Quia,
2209 2295 2305 2332 sicut
2333 2295 2478 2332 dictum

1419 2354 1474 2383 est
1492 2347 1524 2394 ³³²,
1554 2347 1603 2384 ad
1622 2347 1821 2385 veritatem
1842 2347 1957 2384 huius
1976 2347 2191 2393 locutionis,
2219 2349 2309 2385 Hoc
2327 2354 2377 2385 est
2395 2361 2477 2385 cor-

1412 2412 1485 2450 pus
1513 2413 1650 2447 meum,
1679 2400 1894 2450 requiritur,
1914 2408 2071 2450 propter
2088 2401 2254 2438 verbum
2271 2401 2479 2450 praesentis

1417 2453 1613 2502 temporis,
1643 2454 1750 2502 quod
1779 2465 1838 2490 res
1866 2453 2073 2502 significata
2101 2453 2214 2490 simul
2241 2461 2414 2503 tempore
2434 2454 2480 2490 sit

1418 2518 1509 2543 cum
1537 2505 1619 2556 ipsa
1647 2506 1920 2555 significatione
1940 2506 2156 2543 locutionis:
2186 2506 2369 2555 alioquin,
2390 2507 2421 2543 si
2440 2507 2479 2543 in

1416 2559 1590 2596 futurum
1618 2567 1880 2609 expectaretur
1898 2572 1957 2596 res
1977 2559 2195 2608 significata,
2220 2568 2479 2609 apponeretur

1416 2612 1582 2649 verbum
1601 2612 1717 2649 futuri
1736 2612 1931 2662 temporis,
1947 2624 2028 2649 non
2042 2619 2172 2649 autem
2186 2613 2349 2649 verbum
2370 2625 2477 2662 prae-

1417 2665 1553 2711 sentis;
1591 2665 1642 2702 ita
1669 2665 1807 2703 scilicet
1835 2665 1942 2715 quod
1969 2677 2050 2702 non
2078 2665 2283 2710 diceretur,
2312 2667 2401 2703 Hoc
2428 2672 2479 2702 est

1416 2731 1552 2768 corpus
1570 2731 1707 2765 meum,
1738 2718 1815 2765 sed,
1845 2720 1934 2755 Hoc
1952 2720 2020 2755 erit
2038 2731 2172 2768 corpus
2190 2731 2324 2755 meum.
2356 2718 2476 2766 Signi-

1415 2771 1543 2808 ficatio
1572 2779 1702 2809 autem
1731 2771 1847 2808 huius
1874 2770 2076 2808 locutionis
2111 2772 2325 2820 completur
2352 2771 2476 2808 statim

1415 2826 1607 2874 completa
1634 2824 1847 2873 prolatione
1867 2829 1878 2845 ὃ
1907 2825 2049 2860 horum
2069 2824 2290 2860 verborum.
2321 2825 2369 2860 Et
2387 2823 2474 2860 ideo

1416 2885 1566 2926 oportet
1594 2890 1676 2914 rem
1696 2876 1945 2925 significatam
1964 2876 2089 2913 statim
2108 2876 2252 2921 adesse,
2273 2888 2371 2925 quae
2391 2875 2473 2924 qui-

1415 2931 1506 2967 dem
1535 2938 1590 2967 est
1618 2930 1774 2966 effectus
1802 2929 1918 2966 huius
1947 2928 2192 2965 sacramenti:
2222 2928 2392 2977 alioquin
2419 2929 2473 2965 lo-

1414 2983 1516 3020 cutio
1545 2995 1625 3020 non
1653 2990 1750 3019 esset
1776 2994 1878 3018 vera.
1908 3004 1933 3008 -
1961 2982 2028 3018 Est
2060 2981 2174 3018 etiam
2209 2982 2303 3017 haec
2334 2980 2472 3030 positio

1414 3043 1546 3073 contra
1574 3035 1690 3072 ritum
1718 3034 1924 3081 Ecclesiae,
1954 3046 2053 3083 quae
2082 3033 2207 3070 statim
2234 3041 2322 3082 post
2347 3035 2472 3082 prola-

1414 3089 1561 3125 tionem
1587 3088 1799 3124 verborum
1827 3099 1967 3136 corpus
1997 3085 2135 3123 Christi
2163 3086 2306 3123 adorat.

1466 3141 1577 3178 Unde
1606 3140 1814 3177 dicendum
1847 3147 1902 3176 est
1937 3139 2044 3187 quod
2076 3138 2201 3188 prima
2231 3139 2355 3176 forma
2392 3151 2471 3176 non

1413 3201 1586 3243 expectat
1613 3192 1823 3229 secundam
1850 3191 1890 3228 in
1918 3192 2078 3240 agendo,
2108 3191 2175 3228 sed
2204 3191 2329 3228 statim
2357 3192 2472 3229 habet

1413 3259 1529 3284 suurn
1557 3246 1748 3282 effectum.

1465 3300 1522 3336 AD
1548 3310 1682 3336 PmMUM
1708 3309 1805 3335 ERGO
1829 3309 2009 3335 meENDUM
2035 3297 2142 3346 quod
2170 3309 2216 3334 ex
2236 3297 2307 3334 hac
2326 3297 2470 3335 ratione

1465 3412 1489 3445 δ)
1508 3412 1722 3438 consecrationis.
1741 3426 1759 3431 -
1773 3412 1853 3444 panis
1872 3412 1969 3436 addunt
1986 3411 2017 3436 ΡΙ
2036 3416 2061 3436 et
2080 3411 2212 3436 editiones.

1464 3449 1486 3483 ε)
1505 3449 1636 3481 completa
1656 3447 1817 3480 prolatione.
1841 3461 1861 3465 —
1884 3447 2016 3472 locutione
2039 3447 2169 3479 completa
2192 3447 2229 3475 bc,
2252 3447 2382 3479 completa
2400 3447 2471 3472 locu—

1412 3485 1484 3510 tione
1502 3484 1530 3509 P.

2519 342 2529 352 ·
2543 341 2567 362 In
2583 341 2627 363 fine
2642 347 2708 369 corp.

2518 386 2529 396 ''
2542 384 2611 412 Resp.
2627 385 2654 406 ad
2673 393 2690 407 ι.

2517 469 2527 478 ·
2542 468 2566 489 In
2582 468 2625 490 fine
2639 474 2704 496 corp.

2515 997 2524 1006 ·
2540 996 2608 1018 Num.
2622 1003 2698 1024 praec.

2505 2355 2516 2365 ·
2530 2354 2581 2375 Art.
2596 2360 2615 2382 5,
2631 2354 2658 2375 ad
2673 2360 2693 2382 3.
