2918 4088
218 836 228 846 ·
243 836 292 856 Art.
310 842 327 856 ι.

221 1960 230 1968 ·
244 1958 294 1979 Art.
312 1965 330 1983 ι,
346 1957 374 1979 ad
388 1964 407 1986 3.

223 2390 232 2399 ⁸
248 2388 303 2415 Cap.
315 2393 362 2414 xvr,
376 2393 432 2408 xvir.

462 193 504 228 16

457 270 563 310 quoad
587 271 750 300 scientiam
766 271 831 301 sive
855 269 962 310 quoad
977 269 1117 309 gratiam.
1142 268 1238 307 Ergo.
1253 285 1276 290 -
1292 267 1393 297 Maior
1409 265 1512 296 decla-

455 320 548 344 ratur.
574 313 658 351 Quia
681 315 762 344 sicut
783 323 874 344 mens
898 314 956 344 sub
980 314 1061 349 Deo,
1085 313 1128 343 ita
1151 317 1210 342 etc.

510 358 547 388 11.
573 358 665 388 Circa
687 358 770 388 hanc
799 357 991 392 doctrinam,
1016 356 1111 386 simul
1137 365 1212 386 cum
1240 364 1276 385 ea
1306 363 1387 394 quae
1412 353 1512 393 expri-

455 402 551 433 mitur
573 402 607 432 in
629 402 838 442 responsione
862 400 901 431 ad
924 400 1115 435 secundum,
1139 399 1273 429 dubium
1303 397 1449 432 occurrit,
1473 406 1512 426 an

455 446 533 475 haec
563 445 655 481 dicta,
680 444 798 476 scilicet
828 444 917 484 quod
944 445 978 474 in
1006 449 1087 474 statu
1116 442 1319 473 innocentiae
1350 441 1513 480 superiora

456 489 546 519 nullo
570 489 669 519 modo
693 488 915 528 dependebant
930 489 968 518 ab
984 487 1196 522 inferioribus,
1214 491 1245 516 et
1259 485 1402 515 similiter
1425 483 1514 524 quod

457 534 562 563 anima
594 538 750 572 quantum
780 532 819 562 ad
848 532 1045 571 superiorem
1076 535 1198 570 partem
1230 538 1298 559 non
1329 528 1514 568 indiguisset

457 577 598 616 accipere
622 575 741 616 aliquid
757 586 774 605 a
789 575 1007 615 corporalibus
1030 575 1123 604 rebus
1147 573 1186 603 ad
1201 573 1250 603 sui
1273 572 1513 613 perfectionem,

456 619 659 659 intelligenda
680 621 741 649 sint
757 619 795 649 de
811 620 881 659 ipso
898 624 980 648 statu
1003 618 1204 647 innocentiae
1229 616 1394 646 communi
1409 615 1513 655 primo

456 664 580 693 homini
604 669 635 693 et
657 663 729 693 filiis
753 664 808 702 qui
831 662 963 692 fuissent
985 662 1191 691 innocentes:
1216 670 1256 690 an
1280 659 1318 689 de
1334 660 1439 699 primo
1455 659 1514 688 ho-

457 708 542 737 mine
566 707 681 742 solum,
706 707 762 746 qui
785 707 872 736 solus
900 705 959 736 fuit
989 710 1060 735 ante
1091 709 1268 744 peccatum.
1302 703 1343 733 Et
1366 708 1412 733 est
1435 702 1513 732 ratio

457 750 544 780 dubii
572 751 646 790 quia
674 751 707 780 in
738 756 820 780 statu
849 750 1050 779 innocentiae
1080 748 1136 778 filii
1159 747 1246 778 Adae
1278 747 1516 786 acquisivissent

458 795 621 824 scientiam
646 804 682 824 ex
706 793 914 829 sensibilibus,
931 799 966 823 ut
987 793 1109 822 Auctor
1132 791 1208 822 dicit
1230 792 1263 821 in
1286 791 1391 820 Prima
1413 790 1514 825 Parte,

458 848 512 878 qu.
530 848 558 867 cx
574 839 604 867 ἢ
630 847 665 868 ac
681 847 738 877 per
760 838 833 872 hoc,
853 838 1015 876 superiora
1039 836 1146 875 aliquo
1171 834 1270 865 modo
1294 833 1516 874 dependebant

457 883 495 912 ab
518 881 730 917 inferioribus,
755 887 787 911 et
809 881 954 920 superior
975 889 1046 919 pars
1070 879 1194 909 animae
1221 878 1382 917 indigebat
1405 876 1443 907 ad
1466 878 1514 907 sui

457 925 687 965 perfectionem
711 925 853 964 accipere
877 934 894 954 a
918 923 1135 963 corporalibus
1158 923 1261 952 rebus.
1287 921 1388 952 Cuius
1411 918 1535 960 eppo-⁷

458 970 554 999 situm
576 970 628 999 hic
651 968 775 999 dicitur.
799 969 839 998 Et
861 974 1029 1007 propterea
1052 967 1130 997 haec
1149 966 1245 996 verba
1267 975 1335 995 non
1357 965 1516 1004 pertinent

458 1013 496 1043 ad
519 1018 636 1044 statum
658 1012 860 1042 innocentiae
883 1020 1091 1042 communem
1115 1010 1195 1050 patri
1219 1015 1250 1039 et
1273 1009 1354 1039 filiis.

513 1056 575 1086 Sed
594 1065 655 1086 nec
671 1055 710 1085 de
726 1057 797 1095 ipso
813 1054 917 1086 Adam
940 1054 1150 1084 verificantur.
1175 1053 1259 1091 Quia
1282 1053 1406 1082 animae
1421 1052 1515 1091 primi

457 1101 597 1130 hominis
620 1100 821 1139 competebat
844 1098 960 1128 modus
981 1096 1176 1137 intelligendi
1199 1106 1256 1136 per
1273 1096 1516 1126 conversionem

458 1143 496 1173 ad
519 1144 755 1182 phantasmata:
780 1148 815 1172 ut
830 1143 954 1172 Auctor
977 1141 1053 1171 dixit
1076 1142 1109 1170 in
1125 1141 1229 1170 Prima
1244 1140 1345 1175 Parte,
1362 1139 1416 1179 quss
1433 1149 1514 1175 xcrv,

457 1193 512 1216 art.
531 1196 559 1216 2.
585 1187 760 1216 Intellectio
785 1187 870 1215 enim
893 1195 949 1224 per
973 1185 1216 1214 conversionem
1240 1183 1279 1213 ad
1299 1183 1516 1222 phantasmata

457 1229 615 1269 dependet
631 1240 649 1260 a
664 1229 944 1269 phantasmatibus.
968 1229 1021 1265 Ac,
1040 1237 1096 1267 per
1119 1227 1191 1262 hoc,
1212 1227 1375 1266 superiora
1397 1226 1515 1265 depen-

457 1274 573 1304 debant
596 1274 703 1313 aiiquo
727 1273 826 1303 modo
844 1273 881 1302 ab
898 1271 1110 1302 inferioribus.
1136 1270 1237 1300 Cuius
1261 1270 1448 1310 oppositum
1464 1270 1515 1299 hic

458 1317 580 1348 dicitur.

512 1361 562 1391 ΙΙΙ.
586 1361 637 1391 Ad
652 1362 715 1391 hoc
731 1361 844 1391 dicitur
863 1359 951 1399 quod
975 1368 1122 1399 praesens
1147 1357 1290 1387 doctrina
1313 1356 1516 1396 intelligenda

457 1411 503 1435 est
526 1405 565 1435 de
589 1411 670 1435 statu
700 1405 902 1435 innocentiae
926 1408 962 1433 ut
985 1402 1044 1433 fuit
1066 1403 1100 1432 in
1123 1401 1236 1432 Adam.
1268 1401 1355 1431 Tum
1385 1401 1462 1440 quia
1483 1401 1517 1430 in

1141 187 1402 235 QUAESTIo
1431 187 1534 232 LXI,

1569 182 1860 222 ARTICULUS
1887 183 1933 219 111

1565 265 1635 304 ipso
1653 263 1722 293 solo
1746 262 1806 293 fuit
1829 262 1896 291 sine
1918 260 2129 300 dependentia
2152 260 2354 300 superiorum
2369 260 2408 290 ab
2423 259 2625 292 inferioribus

1566 307 1673 347 quoad
1697 306 1870 337 scientiam.
1894 323 1917 327 —
1940 304 2027 334 Tum
2051 305 2126 344 quia
2148 304 2271 335 Auctor
2293 313 2361 334 non
2388 305 2510 344 quaerit
2533 305 2626 335 abso-

1565 352 1631 381 lute
1655 350 1693 380 de
1717 355 1798 380 statu
1822 349 2034 383 innocentiae,
2054 347 2110 378 sed
2132 346 2171 377 de
2193 347 2321 378 homine
2342 353 2419 379 ante
2434 353 2626 388 peccatum:

1566 400 1601 425 ut
1624 404 1680 434 per
1703 394 1735 435 ly
1758 398 1833 423 ante
1850 396 2017 433 peccatum
2041 391 2228 422 determinet
2251 390 2341 431 quod
2364 390 2403 422 de
2425 392 2558 422 homine
2578 401 2626 422 se-

1566 438 1708 469 cundum
1731 443 1858 477 tempus
1876 435 1955 466 illud
1972 444 2038 475 quo
2055 434 2115 465 fuit
2131 439 2302 474 antequam
2325 440 2471 474 peccaret
2493 435 2625 475 quaerit,

1567 488 1598 512 et
1613 492 1679 512 non
1704 481 1887 521 simpliciter
1910 479 1949 510 de
1972 479 2104 510 homine
2127 479 2153 508 si
2171 484 2399 518 perseverasset
2422 488 2497 509 cum
2519 484 2628 519 poste-

1566 527 1655 556 ritate
1679 526 1712 555 in
1736 524 1928 555 innocentia.

1621 569 1672 599 Ad
1696 569 1910 599 obiectionem
1934 572 2041 598 autern
2064 567 2098 597 in
2122 566 2310 606 oppositum
2333 565 2447 597 dicitur
2469 566 2559 606 quod
2579 567 2629 596 in-

1567 613 1705 643 tellectio
1734 611 1832 647 Adae,
1857 612 1932 651 quia
1956 621 1993 641 ex
2017 610 2183 650 speciebus
2213 618 2280 639 non
2310 609 2471 649 acquisitis
2495 619 2533 640 ex
2557 619 2628 640 sen-

1567 657 1663 692 sibus,
1692 655 1747 686 sed
1776 655 1888 686 infusis
1912 665 1930 685 a
1952 655 2022 685 Deo
2054 653 2264 694 procedebat,
2293 662 2360 683 non
2389 652 2588 693 dependebat
2611 663 2629 683 a

1567 700 1856 740 phantasmatibus:
1888 698 1943 729 sed
1970 698 2117 728 utebatur
2146 697 2417 737 phantasmatibus
2439 702 2476 727 ut
2498 696 2629 727 inferio-

1567 745 1663 780 ribus,
1688 745 1769 774 sicut
1792 744 1897 773 anima
1920 743 2066 772 utebatur
2089 751 2224 781 corpore
2248 740 2386 771 subdito.

1623 788 1675 818 lv.
1706 788 1747 818 Et
1783 788 1809 817 si
1841 791 2009 827 quaeratur
2041 785 2118 825 quid
2150 784 2411 825 respondendum
2451 784 2629 815 secundum

1570 832 1717 864 Auctoris
1744 830 1922 861 doctrinam
1945 831 1983 860 sit
2007 830 2171 870 quaerenti
2194 839 2234 859 an
2257 828 2314 859 filii
2337 829 2525 859 innocentes
2548 828 2630 859 indi-

1568 876 1709 915 guissent
1738 875 1958 905 sacramentis:
1989 873 2104 904 dicitur
2134 873 2223 913 quod
2253 882 2320 903 non
2349 872 2483 903 fuissent
2505 873 2551 903 eis
2573 882 2630 903 ne-

1569 920 1701 950 cessaria
1716 923 1920 949 sacramenta.
1944 917 2029 955 Quia
2044 917 2225 957 principalis
2243 916 2397 957 perfectio
2418 917 2558 947 hominis
2573 925 2631 956 per

1568 969 1762 993 sacramenta
1778 968 1825 992 est
1840 972 1896 1002 per
1912 963 2053 1001 gratiam.
2077 962 2235 991 Homines
2258 966 2366 991 autem
2385 960 2518 991 fuissent
2532 961 2631 1000 geniti

1569 1017 1643 1037 cum
1666 1007 1780 1046 gratia:
1805 1012 1841 1036 ut
1864 1007 1897 1036 in
1917 1006 2022 1036 Prima
2043 1005 2144 1040 Parte,
2162 1014 2216 1045 qu.
2234 1015 2262 1039 e,
2279 1010 2334 1035 art.
2356 1012 2383 1040 1,
2400 1005 2523 1035 Auctor
2542 1003 2630 1034 dixit.

1568 1051 1644 1081 Non
1675 1050 1884 1090 indiguissent
1915 1050 2010 1089 igitur
2042 1059 2080 1080 ex
2110 1048 2296 1079 conditione
2328 1049 2377 1079 sui
2409 1053 2507 1079 status
2530 1057 2631 1078 sacra-

1569 1095 1683 1125 mentis
1706 1094 1886 1134 perfectivis
1909 1094 2049 1123 hominis
2077 1098 2234 1133 quantum
2257 1091 2296 1123 ad
2318 1093 2460 1132 gratiam.
2491 1092 2533 1122 Et
2555 1093 2632 1132 quia

1569 1139 1700 1178 gratiam
1722 1139 1914 1168 comitantur
1929 1137 2015 1167 dona
2029 1137 2208 1167 intellectus
2230 1135 2412 1176 perfectiva,
2430 1145 2633 1176 consequens

1570 1187 1616 1212 est
1639 1187 1674 1212 ut
1696 1191 1756 1212 nec
1781 1181 1888 1221 quoad
1914 1180 2145 1220 perfectionem
2176 1181 2325 1210 scientiae
2348 1179 2387 1210 de
2411 1185 2632 1220 supernatura-

1569 1226 1651 1255 libus
1674 1225 1884 1265 indiguissent
1906 1225 2118 1255 sacramentis.
2143 1224 2269 1254 Eodem
2292 1224 2379 1254 enim
2402 1223 2501 1254 modo
2526 1223 2632 1254 divina

1570 1269 1723 1308 sapientia
1746 1268 1893 1308 providet
1916 1268 1955 1298 de
1978 1268 2146 1308 principali
2170 1273 2201 1298 et
2224 1268 2416 1298 accessorio:
2441 1273 2478 1297 ut
2492 1272 2578 1307 patet
2594 1277 2632 1298 ex

1571 1313 1723 1352 opposito
1746 1317 1858 1342 nostro
1881 1317 1973 1347 statu,
1997 1312 2030 1341 in
2054 1321 2120 1351 quo
2145 1311 2377 1351 perfectionem
2407 1311 2557 1341 scientiae
2580 1321 2632 1341 su—

1569 1355 1776 1395 pernaturalis
1792 1365 1829 1385 ex
1846 1355 2047 1385 sacramentis
2071 1355 2256 1395 accipimus,
2273 1356 2349 1395 quia
2363 1364 2421 1395 per
2436 1355 2489 1385 illa
2508 1359 2633 1385 tantum

1569 1400 1701 1439 gratiam
1724 1409 1742 1429 a
1765 1400 1836 1430 Deo
1860 1399 2025 1429 habemus.

1252 1543 1571 1586 ARTICULUS
1599 1543 1831 1586 TERTIUS

697 1639 854 1671 UTRUM
876 1638 987 1669 POST
1010 1637 1262 1674 ΡΕοοΑΤυΜ,
1286 1637 1406 1667 ANTE
1430 1636 1666 1673 CHmSTUM,
1691 1637 1990 1668 SACRAMENTA
2012 1637 2264 1669 DEBUEmN‘r
2286 1637 2389 1669 ESSE

1227 1716 1261 1741 1v
1281 1717 1363 1746 Sem„
1383 1717 1443 1741 dist.
1461 1724 1478 1746 1,
1498 1724 1543 1749 qu.
1561 1723 1579 1745 ι,
1598 1721 1644 1741 art.
1659 1724 1688 1755 J,
1709 1715 1766 1749 quis
1786 1716 1810 1747 3,
1828 1725 1854 1747 4.

500 1821 554 1860 ,ἰᾷ
573 1825 643 1849 fl(
666 1813 689 1837 D
715 1810 874 1836 TERTIUM
898 1810 949 1835 S1c
977 1809 1212 1834 paocssmrun.
1232 1797 1392 1834 Videtur
1410 1797 1517 1845 quod

488 1845 646 1912 &Za
667 1860 753 1902 post
779 1858 1002 1908 peccatum,
1033 1858 1118 1887 ante
1148 1850 1365 1895 Christum,
1394 1861 1516 1886 sacra-

472 1897 522 1967 Χ
533 1923 593 1953 v,
604 1892 796 1948 'r‘menta
815 1915 894 1940 non
917 1903 1133 1940 debuerunt
1159 1915 1251 1939 esse.
1281 1902 1437 1940 Dictum
1463 1909 1519 1938 est

490 1936 608 1995 ἑῧῖ)
624 1952 771 1995 &enim
798 1957 818 1978 '¹‘
855 1957 961 2006 quod
1002 1968 1073 2005 per
1111 1962 1349 1993 sacramenta
1389 1954 1516 2004 passio

460 2011 598 2048 Christi
621 2010 844 2047 hominibus
864 2009 1093 2059 applicatur:
1123 2016 1159 2046 et
1191 2008 1243 2045 sic
1262 2007 1388 2057 passio
1409 2007 1519 2044 Chri-

459 2064 503 2101 sti
531 2071 776 2113 comparatur
794 2063 843 2099 ad
871 2069 1107 2099 sacramenta
1135 2061 1230 2098 sicut
1248 2073 1364 2098 causa
1392 2060 1440 2097 ad
1469 2060 1519 2097 ef-

457 2118 609 2153 fectum.
641 2116 717 2153 Sed
737 2115 892 2152 effectus
912 2126 991 2151 non
1010 2113 1202 2163 praecedit
1221 2125 1388 2150 causam.
1417 2114 1518 2161 Ergo

458 2176 694 2206 Sacramenta
721 2179 801 2204 non
829 2168 1045 2204 debuerunt
1072 2179 1154 2204 esse
1182 2174 1268 2203 ante
1298 2165 1436 2203 Christi
1456 2166 1518 2203 ad-

458 2229 629 2259 ventum.

513 2286 546 2311 2.
576 2275 807 2320 PRAETEREA‚
828 2280 1063 2310 sacramenta
1098 2272 1238 2309 debent
1271 2283 1352 2308 esse
1381 2283 1519 2308 conve-

459 2327 600 2364 nientia
627 2326 738 2363 statui
766 2326 927 2363 humani
955 2325 1116 2374 generis:
1147 2333 1189 2362 ut
1216 2332 1318 2373 patet
1345 2335 1414 2373 per
1441 2325 1519 2360 Au—

459 2379 666 2428 gustinum,
686 2380 774 2415 XIX
801 2385 932 2416 contra
950 2381 1127 2416 Faustum
1145 2378 1176 2414 ³¹².
1207 2378 1283 2414 Sed
1306 2384 1424 2414 status
1451 2377 1519 2413 hu-

461 2432 566 2469 mani
602 2431 748 2480 generis
776 2443 856 2469 non
891 2431 959 2468 fuit
991 2438 1160 2468 mutatus
1196 2438 1282 2479 post
1317 2437 1519 2479 peccatum

461 2497 584 2534 usque
622 2484 671 2521 ad
707 2483 987 2533 reparationem
1026 2484 1164 2520 saetam
1200 2495 1270 2532 per
1311 2482 1518 2519 Christum.

462 2539 563 2585 Ergo
597 2549 668 2573 nec
703 2544 938 2574 sacramenta
972 2537 1189 2574 debuerunt
1223 2535 1430 2583 immutari,
1456 2542 1519 2582 ut,

462 2598 611 2639 praeter
637 2597 873 2626 sacramenta
899 2589 989 2638 legis
1016 2597 1186 2635 naturae,
1210 2588 1282 2626 alia
1315 2595 1521 2625 statueren-

463 2651 524 2679 tur
551 2642 590 2679 in
617 2643 697 2690 lege
725 2642 863 2691 Moysi.

521 2695 554 2731 3.
585 2696 823 2740 PRAETEREA,
853 2702 997 2744 quanto
1025 2693 1145 2742 magis
1182 2701 1237 2731 est
1264 2693 1406 2743 aliquid
1434 2706 1522 2743 pro—

465 2747 658 2797 pinquum
683 2747 861 2796 perfecto,
885 2754 990 2784 tanto
1018 2746 1138 2795 magis
1172 2747 1285 2784 debet
1311 2746 1346 2783 ei
1380 2746 1523 2783 assimi-

466 2800 544 2837 lari.
575 2800 651 2837 Sed
678 2800 858 2848 perfectio
895 2799 1023 2837 salutis
1043 2805 1061 2821 ¹²
1088 2800 1282 2836 humanae
1318 2811 1387 2849 per
1415 2799 1523 2836 Chri-

467 2861 569 2890 stum
597 2853 691 2889 facta
719 2859 784 2899 est,
813 2852 875 2889 cui
902 2851 1179 2902 propinquiora
1214 2853 1367 2889 fuerunt
1403 2864 1524 2890 sacra-

467 2914 596 2942 menta
628 2905 880 2953 veteris'legis
907 2917 1027 2955 quam
1054 2917 1099 2942 ea
1132 2916 1230 2954 quae
1258 2905 1411 2942 fuerunt
1438 2913 1524 2942 ante

467 2960 600 3006 legem.
629 2958 730 3006 Ergo
759 2957 974 2995 debuerunt
1001 2969 1082 2995 esse
1111 2957 1291 2995 similiora
1314 2970 1525 2996 sacramen-

468 3011 513 3047 tis
542 3010 691 3047 Christi.
723 3010 842 3047 Cuius
864 3018 994 3048 tamen
1021 3010 1255 3048 contrarium
1283 3018 1450 3060 apparet,
1479 3023 1525 3048 ex

470 3075 516 3099 eo
546 3063 652 3111 quod
680 3063 934 3100 sacerdotium
955 3063 1093 3100 Christi
1116 3063 1345 3112 praedicitur
1371 3076 1453 3100 esse
1471 3064 1526 3101 fu-

470 3123 601 3151 turum
634 3115 833 3151 secundum
868 3116 1034 3152 ordinem
1069 3116 1359 3162 Melchisedech,
1376 3123 1422 3153 ⁴et
1450 3130 1523 3154 non

237 3179 246 3189 ·
260 3178 326 3199 vers.
343 3184 396 3199 u.—
409 3177 444 3198 ef.
471 3167 671 3203 secundum
699 3167 865 3203 ordinem
892 3169 1036 3213 Aaron,
1055 3175 1098 3204 ut
1125 3168 1287 3205 habetur
1312 3170 1411 3206 Heh.
1431 3181 1477 3205 vn
1495 3169 1526 3205 ²¹².

238 3204 273 3225 Pe.
290 3209 334 3230 cix,
350 3209 407 3225 vers.
422 3210 445 3229 4.

473 3219 566 3254 Non
602 3230 691 3265 ergo
728 3219 998 3256 convenienter
1037 3220 1189 3256 fuerunt
1226 3220 1407 3269 disposita
1443 3228 1528 3257 ante

477 3270 671 3307 Christum
699 3279 943 3308 sacramenta.

530 3323 602 3359 SED
618 3334 760 3359 CONTRA
775 3335 839 3360 EsT
858 3324 964 3372 quod
979 3323 1212 3371 Augustinus
1227 3323 1326 3371 dicit,
1343 3324 1429 3361 XIX
1443 3337 1530 3362 con-

1571 1802 1630 1833 tra
1657 1799 1781 1835 Faust.
1801 1798 1833 1844 ³¹²,
1854 1798 1961 1847 quod
1983 1800 2112 1848 prima
2138 1805 2392 1847 sacramenta,
2422 1813 2518 1850 quae
2543 1801 2636 1838 cele·

1573 1851 1779 1887 brabantur
1805 1857 1838 1887 et
1874 1853 2166 1889 observabantur
2200 1864 2250 1889 ex
2285 1852 2385 1902 lege,
2407 1854 2637 1903 praenuntia

1573 1909 1680 1939 erant
1717 1904 1852 1953 Christi
1884 1906 2038 1941 venturi.
2069 1902 2146 1942 Sed
2179 1904 2439 1942 necessarium
2473 1913 2552 1944 erat
2587 1906 2637 1944 ad

1573 1956 1788 1993 humanam
1817 1958 1977 1993 salutem
1998 1964 2039 1993 ut
2067 1957 2254 1994 adventus
2283 1957 2422 1995 Christi
2444 1970 2637 2008 praenun—

1573 2008 1738 2045 tiaretur.
1777 2010 1879 2057 Ergo
1914 2009 2174 2047 necessarium
2206 2017 2286 2047 erat
2319 2018 2406 2048 ante
2440 2011 2638 2051 Christum

1574 2069 1811 2098 sacramenta
1839 2062 2031 2111 quaedam
2059 2062 2226 2112 disponi.

1628 2115 1852 2152 RESPONDEO
1886 2127 2067 2153 morannum
2096 2116 2204 2165 quod
2239 2124 2476 2154 sacramenta
2509 2128 2638 2155 neces-

1575 2166 1672 2204 saria
1692 2175 1780 2204 sunt
1807 2167 1856 2204 ad
1875 2168 2087 2205 humanam
2118 2170 2280 2206 salutem
2299 2169 2531 2218 inquantum
2549 2167 2640 2214 sun‘t'

1575 2220 1768 2268 quaedam
1787 2219 1977 2257 sensibilia
1996 2220 2102 2269 signa
2129 2220 2378 2259 invisibilium
2405 2234 2534 2260 rerum
2555 2222 2638 2273 qui-

1574 2272 1648 2309 bus
1675 2274 1797 2310 homo
1835 2273 2099 2311 sanctificatur.
2143 2275 2283 2311 Nullus
2311 2282 2440 2313 autem
2475 2274 2638 2313 sanctifi-

1575 2325 1651 2362 cari
1687 2332 1812 2375 potest
1848 2333 1935 2375 post
1971 2333 2174 2375 peccatum
2206 2327 2278 2364 nisi
2312 2339 2383 2377 per
2419 2327 2636 2376 Christum,

1576 2390 1683 2428 quem
1705 2380 1899 2428 proposuit
1925 2380 2026 2416 Deus
2047 2381 2331 2429 propitiatorem
2352 2393 2426 2430 per
2449 2381 2571 2430 fidem
2598 2382 2637 2419 in

1574 2433 1758 2481 sanguine
1785 2433 1907 2480 ipsius,
1928 2432 1979 2468 ad
2004 2434 2245 2470 ostensionem
2273 2434 2428 2471 iustitiae
2462 2447 2571 2481 suae,
2601 2439 2640 2471 ut

1574 2486 1619 2521 sit
1646 2486 1722 2532 ipse
1748 2485 1859 2521 iustus
1884 2483 1900 2514 β
1927 2490 1960 2521 et
1987 2486 2186 2533 iustificans
2213 2498 2297 2523 eum
2324 2487 2388 2536 qui
2413 2499 2463 2524 ex
2477 2487 2562 2536 fide
2588 2492 2641 2524 est

1577 2539 1660 2573 Iesu
1683 2538 1819 2574 Christi
1835 2536 1865 2573 ²¹².
1896 2537 1944 2574 Et
1971 2536 2058 2574 ideo
2078 2538 2279 2587 oportebat
2306 2547 2393 2576 ante
2414 2539 2554 2577 Christi
2572 2540 2639 2577 ad·
2665 2548 2676 2558 ·

1576 2597 1737 2626 ventum
1756 2601 1837 2626 esse
1853 2589 2045 2639 quaedam
2064 2590 2170 2639 signa
2183 2591 2344 2629 visibilia
2357 2592 2499 2641 quibus
2517 2593 2639 2630 homo

1577 2642 1697 2679 fidem
1733 2654 1844 2679 suam
1880 2649 2150 2692 protestaretur
2188 2644 2236 2681 de
2269 2644 2398 2682 futuro
2434 2645 2641 2684 Salvatoris

1578 2695 1758 2732 adventu.
1788 2695 1836 2732 Et
1863 2695 2087 2733 huiusmodi
2116 2696 2222 2745 signa
2249 2706 2487 2736 sacramenta
2509 2698 2640 2736 dicun-

1578 2754 1650 2785 tur.
1690 2748 1738 2785 Et
1771 2747 1824 2784 sic
1851 2756 1954 2797 patet
1989 2749 2096 2798 quod
2124 2757 2212 2787 ante
2253 2749 2392 2788 Christi
2429 2751 2640 2789 adventum

1579 2812 1732 2838 necesse
1761 2800 1829 2837 fuit
1856 2802 2049 2850 quaedam
2076 2810 2314 2840 sacramenta
2341 2802 2495 2841 institui.

1632 2854 1689 2890 Ab
1718 2865 1852 2891 PRIMUM
1880 2866 1978 2892 ERGO
2006 2867 2186 2893 mcx-:noum
2212 2856 2319 2904 quod
2345 2855 2473 2906 passio
2502 2855 2642 2893 Christi

1579 2914 1635 2943 est
1662 2918 1777 2943 causa
1804 2905 1927 2943 finalis
1955 2915 2130 2945 veterum
2157 2915 2504 2946 sacramentorum:
2540 2920 2641 2957 quae

1580 2958 1718 2996 scilicet
1754 2959 1803 2995 ad
1840 2959 1964 3008 ipsam
2004 2960 2294 3008 significandam
2331 2967 2420 2998 sunt
2460 2960 2639 2998 instituta.

1582 3012 1708 3049 Causa
1736 3019 1866 3049 autem
1893 3011 2016 3050 finalis
2044 3025 2124 3050 non
2150 3012 2342 3062 praecedit
2367 3021 2554 3063 ternpore,
2574 3013 2642 3050 sed

1581 3066 1709 3102 solum
1736 3064 1776 3101 in
1803 3063 2012 3102 intentione
2040 3065 2192 3113 agentis.
2223 3066 2271 3102 Et
2297 3065 2385 3103 ideo
2405 3077 2486 3103 non
2513 3073 2569 3103 est
2584 3065 2642 3102 in-

1581 3116 1815 3160 conveniens
1843 3116 1970 3166 aliqua
2004 3125 2241 3155 sacramenta
2275 3125 2361 3155 ante
2391 3118 2530 3156 Christi
2556 3130 2642 3168 pas-

1583 3169 1730 3206 sionem
1760 3168 1886 3206 fuisse.
1908 3199 1912 3205 ,

1636 3222 1693 3257 Ab
1712 3233 1901 3258 SECUNDUM
1923 3233 2104 3259 mcENDUM
2132 3222 2239 3271 quod
2258 3229 2375 3260 Status
2402 3224 2565 3261 humani
2583 3237 2643 3274 ge·

1583 3273 1684 3310 neris
1712 3281 1798 3324 post
1822 3281 2023 3324 peceatum
2051 3282 2087 3310 et
2114 3282 2200 3312 ante
2221 3275 2417 3313 Christum
2445 3276 2645 3326 dupliciter

1584 3333 1707 3374 potest
1735 3325 1976 3363 considerari.
2019 3327 2107 3364 Uno
2135 3327 2275 3375 modo,
2305 3329 2520 3366 secundum
2552 3330 2644 3368 fidei

530 3435 557 3469 α)
576 3436 678 3461 salutis.
695 3450 715 3455 —
731 3436 774 3461 EF
793 3442 818 3461 et
836 3437 908 3462 tertia
926 3441 1027 3469 praeter
1045 3438 1102 3470 pG;
1122 3438 1188 3472 legis
1206 3440 1308 3466 salutis.

1585 3475 1618 3500 Γ
1639 3439 1665 3500 βῘ)
1685 3441 1776 3466 iustus.
1795 3455 1814 3459 —
1831 3440 1890 3472 PG;
1917 3441 2038 3467 Christus
2063 3441 2148 3467 iustus
2170 3442 2234 3472 Hbc,
2256 3442 2378 3469 Gir-istus
2401 3444 2486 3476 ceteri,
2505 3443 2554 3470 nisi
2579 3444 2645 3470 forte

1593 3482 1629 3507 pc
1660 3495 1666 3501 .

2662 1809 2674 1819 ·
2688 1807 2746 1834 Cup.
2759 1812 2816 1829 xm.
