2918 4088
0 911 3 925 ‚
57 893 70 904 ·
81 891 135 914 Art.
148 897 170 920 7.

159 1733 176 1769 β

23 1785 189 1815 ··cnp.xv.

159 1842 179 1872 ἲ

60 2300 223 2344 {mzffind
232 2321 256 2342 a.

942 206 1204 253 QUAESTIO
1232 205 1404 252 LXVIII,
1432 203 1724 241 ARTICULUS
1752 204 1818 239 XII

2395 204 2464 240 105

968 359 1287 402 ARTICULUS
1318 357 1700 401 DUODECIMUS

816 461 972 492 UTRUM
996 460 1165 492 Fumost
1190 461 1248 491 ET
1271 458 1478 490 AMENTES
1500 458 1706 489 DEBEANT
1730 458 1955 488 BAPTlZARl

563 547 585 573 1⁸
604 547 661 578 11⁸⁹,
680 555 724 580 qu.
744 555 813 578 cxux,
833 553 879 572 art.
900 547 923 578 3,
943 548 975 571 ad
995 554 1023 577 ¹5
1042 548 1076 572 IV
1095 547 1177 576 Sent„
1197 547 1255 572 dist.
1275 554 1308 577 ιν,
1327 554 1372 579 qu.
1390 553 1428 576 m,
1447 551 1493 571 art.
1514 552 1538 577 ι,
1557 545 1606 578 qu¹
1626 545 1656 575 33
1676 545 1735 571 dist.
1754 552 1787 574 vr.
1807 552 1851 577 qu.
1870 553 1886 574 1,
1906 551 1953 571 art.
1974 553 1996 575 2.
2017 546 2066 578 qu⁸
2087 546 2111 576 3,
2130 547 2161 571 ad
2182 554 2209 577 2;

394 584 452 609 dist.
470 591 539 613 xxm.
558 591 602 616 qu.
621 590 649 614 11,
668 588 714 608 art.
735 590 758 612 2,
777 583 826 615 qu*
848 582 870 612 3,
890 583 922 607 ad
942 589 970 613 2;
990 582 1048 607 dist.
1066 590 1122 613 xxv,
1142 590 1186 615 qu.
1206 590 1233 613 11,
1252 587 1298 607 art.
1319 589 1342 613 1,
1361 582 1393 606 ad
1414 588 1444 612 2;
1464 581 1523 606 dist.
1541 588 1622 610 κων,
1640 585 1686 606 art.
1704 588 1730 612 4.
1749 581 1780 605 ad
1801 587 1830 611 1;
1853 580 1893 606 De
1915 581 2004 610 Ver-it„
2024 589 2068 613 qu.
2087 589 2171 611 xxvm,
2190 588 2236 607 art.
2257 582 2280 612 3,
2299 584 2330 607 ad
2351 591 2374 609 2.

326 718 330 726 a
450 717 471 730 Ἀ.

328 705 485 782 &Asyla
509 723 617 773 quod
651 722 783 759 furiosi
816 731 852 759 et
884 730 1054 759 amentes
1087 735 1167 760 non
1196 723 1360 759 debeant

314 782 316 785 '
345 768 361 784 Ν
412 805 414 807 v
445 762 476 818 ’ᾗ
491 774 495 778 “
511 775 702 825 baptizari.
746 776 806 812 Ad
842 775 1125 824 susceptionem
1158 775 1262 812 enim
1294 775 1359 812 ba-

466 823 638 878 ptismi
666 827 871 877 requiritur
889 828 1047 865 intentio
1074 828 1114 865 in
1133 841 1179 866 eo
1208 827 1276 877 qui
1293 827 1359 865 ba-

297 882 479 933 ptizatur,
514 889 557 919 ut
591 893 707 930 supra
725 880 746 902 *
772 880 918 918 dictum
947 889 1012 918 est.
1057 881 1132 919 Sed
1164 880 1296 919 furiosi
1324 888 1360 917 et

299 942 480 981 amentes,
501 947 593 972 cum
620 941 773 971 careant
800 947 875 971 usu
903 933 1069 980 rationis,
1090 946 1170 971 non
1199 941 1361 983 possunt

299 988 441 1025 habere
461 987 533 1024 nisi
551 986 809 1024 inordinatam
825 993 841 1008 ²
866 987 1128 1024 intentionem.
1159 988 1260 1035 Ergo
1280 998 1361 1023 non

299 1041 441 1078 debent
468 1039 661 1090 baptizari.

355 1105 390 1130 2.
420 1094 657 1138 PRAETEREA,
686 1093 808 1130 homo
836 1093 948 1130 bruta
976 1092 1154 1130 animalia
1181 1104 1360 1142 superex-

299 1146 399 1184 cedit
433 1146 473 1183 in
501 1146 578 1183 hoc
605 1146 712 1195 quod
740 1146 855 1183 habet
883 1146 1081 1183 rationem.
1126 1146 1202 1183 Sed
1229 1144 1362 1182 furiosi

300 1207 336 1236 et
363 1207 536 1236 amentes
564 1211 644 1236 non
673 1199 816 1236 habent
843 1211 960 1236 usum
981 1198 1154 1236 rationis:
1185 1205 1221 1235 et
1239 1209 1361 1247 quan-

300 1252 430 1301 doque
459 1251 574 1289 etiam
602 1252 642 1288 in
670 1251 722 1289 eis
750 1264 831 1289 non
859 1259 1095 1301 expectatur,
1125 1250 1222 1288 sicut
1249 1262 1362 1299 expe-

300 1312 422 1342 ctatur
449 1305 489 1342 in
507 1305 648 1354 pueris.
678 1306 780 1353 Ergo
799 1305 951 1342 videtur
978 1305 1097 1354 quod,
1127 1304 1224 1341 sicut
1251 1305 1363 1341 bruta

300 1357 480 1396 animalia
508 1370 589 1395 non
617 1357 867 1407 baptizantur,
897 1358 946 1394 ita
965 1357 1080 1394 etiam
1108 1369 1180 1394 nec
1198 1358 1290 1394 tales
1308 1357 1362 1393 fu-

299 1410 390 1448 riosi
418 1418 455 1448 et
482 1418 653 1448 amentes
681 1411 846 1448 debeant
874 1410 1066 1459 baptizari.

356 1464 390 1501 3.
425 1465 664 1510 Pmrrrsnm,
703 1463 823 1511 magis
858 1463 992 1511 ligatus
1029 1471 1085 1500 est
1121 1475 1215 1500 usus
1252 1462 1364 1499 ratio-

300 1516 360 1554 nis
388 1516 428 1553 in
455 1516 606 1554 furiosis
624 1517 687 1553 vel
714 1516 931 1553 amentibus
954 1528 1074 1565 quam
1102 1516 1141 1552 in
1169 1515 1363 1552 dormien-

263 1590 265 1592 ·
299 1569 413 1607 tibus.
458 1570 534 1607 Sed
562 1569 775 1618 baptismus
812 1581 893 1606 non
925 1568 1126 1605 consuevit
1161 1568 1243 1605 dari
1279 1568 1364 1605 dor-

300 1621 519 1660 mientibus.
563 1622 664 1670 Ergo
693 1633 774 1658 non
811 1621 924 1658 debet
959 1621 1040 1658 dari
1075 1620 1291 1658 amentibus
1329 1628 1365 1657 et

299 1674 463 1712 furiosis.

354 1728 429 1765 SED
444 1739 589 1764 CONTRA
603 1739 668 1764 EST
687 1727 795 1776 quod
809 1726 1046 1774 Augustinus
1060 1726 1150 1763 dicit
1163 1725 1189 1774 β,
1205 1728 1255 1764 IV
1270 1728 1364 1764 Con-

296 1779 384 1828 fess.
404 1779 436 1828 ³⁸³,
465 1780 513 1816 de
542 1779 668 1816 amico
697 1775 781 1825 suo,
810 1779 890 1828 qui,
910 1791 995 1816 cum
1015 1780 1283 1829 desperaretur,
1303 1782 1365 1817 ha-

295 1830 453 1884 ptizatus
480 1838 531 1869 est
549 1837 576 1869 Υ.
607 1833 655 1869 Et
678 1840 809 1869 tamen
828 1831 867 1868 in
886 1832 971 1880 ipso
999 1832 1213 1882 baptismus
1241 1833 1365 1870 effica-

301 1885 403 1924 ciam
435 1885 579 1922 habuit.
627 1885 740 1922 Unde
775 1892 811 1922 et
846 1884 1062 1922 carentibus
1097 1898 1171 1922 usu
1209 1885 1365 1923 rationis

240 1981 243 1985 ,
267 1973 272 1979 .
301 1937 510 1988 aliquando
538 1937 753 1988 baptismus
781 1937 863 1975 dari
892 1938 1016 1975 debet.

354 1992 580 2029 RESPONDEO
599 2003 782 2029 DICENDUM
810 1991 917 2040 quod
945 1991 1044 2028 circa
1063 1999 1234 2028 amentes
1254 1999 1291 2028 et
1308 1992 1366 2029 fu-

301 2042 424 2082 riosos
452 2052 508 2081 est
540 2043 865 2092 distinguendum.
896 2044 1068 2091 Quidam
1096 2044 1201 2082 enim
1229 2052 1317 2082 sunt
1345 2057 1367 2082 a

301 2097 495 2136 nativitate
515 2096 528 2119 ⁶
556 2098 659 2144 tales,
679 2098 784 2134 nulla
803 2097 987 2134 habentes
1014 2097 1141 2135 lucida
1159 2097 1365 2145 intervalla,

301 2149 342 2189 in
361 2149 504 2200 quibus
531 2150 647 2188 etiam
675 2151 803 2187 nullus
823 2163 916 2187 usus
936 2150 1092 2187 rationis
1120 2158 1288 2200 apparet.
1319 2151 1368 2188 Et

301 2203 351 2242 de
378 2203 527 2250 talibus,
557 2211 748 2253 quantum
776 2203 826 2241 ad
853 2203 1032 2253 baptismi
1060 2204 1366 2253 susceptionem,

301 2256 456 2295 videtur
491 2268 573 2293 esse
609 2256 713 2294 idem
748 2256 935 2294 iudicium
973 2264 1009 2293 et
1046 2257 1094 2294 de
1121 2256 1272 2306 pueris,
1302 2256 1369 2306 qui

302 2309 545 2360 baptizantur
581 2309 621 2346 in
657 2309 734 2347 fide
771 2309 985 2357 Ecclesiae,
1020 2317 1063 2346 ut
1104 2322 1221 2359 supra
1256 2310 1277 2332 '¹‘
1313 2309 1369 2347 di-

303 2370 411 2401 ctum
439 2370 505 2400 est.

357 2415 431 2453 Alii
463 2423 558 2458 vero
594 2423 683 2453 sunt
715 2423 887 2453 amentes
924 2415 991 2465 qui
1027 2428 1073 2452 ex
1111 2428 1204 2453 sana
1239 2423 1368 2454 mente

304 2480 425 2519 quam
452 2469 672 2506 habuerunt
697 2468 815 2518 prius,
844 2468 885 2505 in
912 2468 1122 2506 amentiam
1140 2468 1368 2506 inciderunt.

271 2558 276 2563 ,
304 2521 354 2560 Et
388 2522 480 2558 tales
517 2529 607 2558 sunt
642 2521 837 2559 iudicandi
878 2522 1095 2559 secundum
1131 2523 1370 2559 voluntatem

305 2585 426 2625 quam
461 2573 680 2611 habuerunt
716 2574 812 2611 dum
841 2587 956 2612 sanae
983 2574 1123 2612 mentis
1155 2574 1367 2612 existerent.

306 2627 355 2665 Et
382 2626 483 2673 ideo,
513 2626 544 2663 si
570 2634 664 2664 tunc
691 2626 866 2676 apparuit
897 2627 937 2664 in
966 2627 1019 2664 eis
1046 2629 1225 2665 voluntas
1253 2627 1370 2665 susci-

305 2679 437 2730 piendi
464 2678 714 2728 baptismum,
739 2679 852 2716 debet
871 2679 1042 2717 exhiberi
1061 2679 1114 2717 eis
1135 2680 1175 2717 in
1193 2680 1291 2718 furia
1308 2682 1371 2718 vel

307 2732 474 2770 amentia
502 2731 724 2778 constitutis,
754 2732 868 2769 etiam
896 2732 927 2769 si
945 2739 1038 2769 tunc
1065 2733 1327 2770 contradicant
1345 2738 1368 2770 ‘.

307 2785 501 2835 Alioquin,
523 2784 553 2822 si
572 2786 677 2822 nulla
690 2785 868 2822 voluntas
884 2785 1116 2834 suscipiendi
1134 2785 1371 2835 baptismum

362 2919 391 2954 α)
410 2920 463 2946 nisi
481 2920 674 2945 inordinatam.
690 2933 710 2938 —
728 2918 883 2944 ordinatam
903 2918 943 2943 Pl.

362 2956 388 2990 β)
407 2956 482 2982 dicit.
498 2970 519 2975 —-
536 2956 564 2980 In
583 2955 591 2980 I
611 2954 728 2987 sequitur
753 2954 864 2986 spatium
888 2961 998 2979 vacuum
1025 2954 1134 2978 duarum
1158 2953 1294 2984 linearum,
1312 2958 1373 2986 post

308 2992 379 3026 quod
398 2991 556 3024 Respondet)
576 2990 716 3015 dicendum
737 2995 784 3014 etc.
804 2989 844 3014 Cf.
861 2989 921 3015 Vol.
940 2988 983 3014 XI.
1002 2988 1084 3014 Praef.
1104 2997 1130 3013 n.
1145 2995 1186 3014 22.

361 3027 390 3062 γ)
407 3028 559 3060 baptizatus
576 3029 624 3052 est.
641 3040 661 3045 -
679 3025 796 3051 nesciens
819 3025 888 3050 addit
906 3025 979 3050 tertia
998 3023 1057 3057 (pro
1077 3024 1084 3048 I
1104 3024 1137 3049 cf.
1157 3022 1198 3057 β);
1217 3024 1306 3048 eadem
1325 3031 1373 3056 pro

309 3063 336 3089 in
356 3063 414 3096 ipso
433 3063 588 3095 baptismus,
608 3061 754 3094 baptismus
773 3061 800 3085 in
819 3067 857 3090 eo,
878 3065 903 3085 et
921 3068 969 3093 pro
992 3060 1067 3084 Unde
1084 3062 1118 3088 et,
1138 3059 1222 3092 Ergo.

453 3562 564 3587 Sumit
582 3561 684 3587 Τπεοι.
700 3561 731 3587 D.
749 3560 865 3586 Tnoun
885 3561 917 3586 T.
932 3561 974 3586 IX.

329 688 337 704 s
362 691 392 713 Q(
414 693 466 717 fi<
508 683 531 708 ι)
566 682 803 707 DUODECIMUM
831 682 883 707 stc
915 681 1151 707 PROCEmTUR.
1198 670 1359 707 Videtur
1413 670 1452 707 in
1481 669 1534 706 eis
1562 668 1738 719 apparuit
1771 669 1868 705 dum
1897 680 2010 706 sanae
2043 669 2182 706 mentis
2210 679 2354 718 essent,
2392 685 2472 709 non

1413 729 1502 759 sunt
1529 721 1758 771 baptizandi.

1466 775 1638 822 Quidam
1657 785 1750 811 vero
1779 782 1867 811 sunt
1895 774 1972 824 qui,
1994 774 2061 812 etsi
2080 788 2102 812 a
2121 776 2313 813 nativitate
2335 778 2474 815 fuerint

1413 827 1545 865 furiosi
1573 835 1609 864 et
1637 835 1826 873 amentes,
1863 827 2006 864 habent
2032 835 2161 865 tamen
2194 829 2321 878 aliqua
2348 831 2474 868 lucida

1414 881 1631 926 intervalla,
1668 880 1708 917 in
1736 880 1878 929 quibus
1912 888 2013 917 recta
2045 881 2190 918 ratione
2218 882 2272 919 uti
2300 892 2472 932 possunt.

1414 934 1538 976 Unde,
1568 933 1598 969 si
1626 940 1717 970 tunc
1744 933 1926 982 baptizari
1947 934 2150 980 voluerint,
2179 935 2360 984 baptizari
2386 949 2475 985 pos-

1414 994 1503 1024 sunt
1537 986 1651 1023 etiam
1687 986 1726 1022 in
1759 987 1925 1023 amentia
1959 986 2162 1024 constituti.
2205 989 2253 1025 Et
2280 989 2394 1025 debet
2422 989 2475 1026 eis

1415 1047 1698 1076 sacramentum
1726 1047 1817 1076 tunc
1845 1039 2005 1076 conferri
2043 1039 2074 1076 si
2100 1040 2316 1089 periculum
2343 1041 2475 1079 timea-

1415 1100 1495 1129 tur:
1535 1092 1707 1140 alioquin
1741 1092 1879 1129 melius
1912 1100 1967 1129 est
2001 1100 2043 1129 ut
2069 1101 2223 1142 tempus
2258 1102 2477 1144 expectetur

1416 1145 1455 1182 in
1483 1157 1562 1194 quo
1591 1145 1664 1181 sint
1692 1157 1806 1182 sanae
1834 1145 1983 1192 mentis,
2005 1146 2055 1182 ad
2073 1147 2150 1183 hoc
2170 1147 2277 1196 quod
2299 1147 2476 1185 devotius

1416 1197 1623 1247 suscipiant
1650 1205 1944 1235 sacramentum.
1988 1198 2028 1236 Si
2056 1207 2186 1236 autem
2217 1207 2392 1249 tempore
2419 1202 2475 1238 lu-

1416 1251 1490 1288 cidi
1518 1250 1704 1287 intervalli
1738 1263 1818 1287 non
1846 1259 2027 1301 appareat
2054 1251 2094 1288 in
2122 1252 2176 1288 eis
2203 1254 2381 1290 voluntas
2410 1254 2475 1291 ba-

1416 1304 1603 1353 ptismum
1639 1303 1890 1353 suscipiendi,
1927 1304 2109 1353 baptizari
2146 1317 2226 1342 non
2263 1306 2403 1343 debent
2437 1306 2476 1343 in

1417 1364 1584 1394 amentia
1612 1364 1815 1394 const1tut1.

1471 1409 1642 1456 Quidam
1662 1422 1755 1446 vero
1778 1418 1866 1446 sunt
1893 1410 1971 1459 qui,
1993 1410 2060 1446 etsi
2079 1422 2160 1447 non
2180 1410 2341 1448 omnino
2361 1424 2476 1449 sanae

1418 1462 1556 1499 mentis
1584 1462 1755 1507 existant,
1780 1462 1819 1499 in
1837 1470 1985 1499 tantum
2005 1470 2134 1500 tamen
2154 1464 2298 1500 ratione
2317 1472 2478 1502 utuntur

1419 1515 1526 1564 quod
1545 1523 1707 1564 possunt
1729 1515 1777 1552 de
1798 1528 1867 1552 sua
1886 1517 2004 1552 salute
2024 1515 2199 1563 cogitare,
2219 1524 2255 1553 et
2274 1516 2476 1566 intelligere

1419 1568 1646 1605 sacramenti
1673 1568 1864 1604 virtutem.
1895 1569 1943 1605 Et
1970 1569 2018 1605 de
2043 1568 2180 1606 talibus
2207 1569 2311 1606 idem
2339 1578 2394 1607 est
2416 1570 2477 1607 iu-

1419 1620 1564 1657 dicium
1592 1620 1688 1657 sicut
1725 1621 1772 1657 de
1800 1620 1859 1657 his
1894 1621 1961 1669 qui
1989 1633 2103 1658 sanae
2131 1622 2270 1658 mentis
2302 1623 2477 1672 existunt,

1419 1673 1486 1723 qui
1514 1673 1754 1722 baptizantur
1780 1675 1965 1719 volentes,
1994 1686 2074 1710 non
2102 1673 2220 1711 inviti.

1472 1727 1530 1763 AD
1559 1738 1694 1763 PRlMUM
1727 1738 1825 1763 ERGO
1860 1738 2041 1764 DICENDUM
2074 1727 2182 1775 quod
2213 1735 2384 1765 amentes
2411 1729 2479 1777 qui

1419 1791 1623 1828 nunquam
1651 1778 1870 1825 habuerunt
1897 1791 1969 1816 nec
1996 1779 2139 1816 habent
2166 1792 2283 1817 usum
2311 1781 2478 1828 rationis,

1419 1831 1659 1882 baptizantur
1681 1844 1728 1868 ex
1746 1831 1955 1868 intentione
1974 1832 2178 1879 Ecclesiae,
2199 1832 2295 1870 sicut
2314 1845 2360 1870 ex
2379 1834 2479 1871 rituc

1420 1884 1611 1922 Ecclesiae
1639 1884 1800 1921 credunt
1821 1892 1857 1921 et
1883 1884 2097 1933 poenitent:
2127 1885 2223 1923 sicut
2250 1898 2366 1935 supra
2384 1887 2404 1909 *
2431 1887 2479 1924 de

1419 1937 1549 1987 pueris
1577 1937 1723 1974 dictum
1751 1945 1816 1974 est.
1850 1937 1904 1974 Illi
1931 1950 2024 1975 vero
2054 1937 2120 1987 qui
2149 1938 2278 1988 aliquo
2305 1946 2479 1989 tempore

1420 1991 1639 2028 habuerunt
1665 1992 1727 2027 vel
1755 1990 1898 2027 habent
1924 2003 2042 2028 usum
2069 1991 2235 2038 rationis,
2265 1993 2477 2030 secundum

1420 2043 1618 2094 propriam
1641 2043 1891 2080 intentionem
1919 2044 2171 2093 baptizantur,
2192 2057 2311 2093 quam
2339 2046 2482 2084 habent

1420 2098 1482 2134 vel
1510 2097 1730 2133 habuerunt
1758 2104 1933 2146 tempore
1962 2109 2076 2134 sanae
2104 2097 2253 2135 mentis.

1475 2151 1533 2187 An
1561 2161 1750 2187 SECUNDUM
1777 2162 1958 2190 D1CENDUM
1986 2150 2093 2199 quod
2120 2150 2252 2187 furiosi
2270 2152 2331 2187 vel
2351 2163 2481 2188 amen-

1423 2211 1478 2240 tes
1506 2210 1635 2240 carent
1661 2215 1735 2239 usu
1755 2202 1910 2239 rationis
1937 2214 2007 2252 per
2025 2202 2212 2249 accidens,
2233 2203 2370 2241 scilicet
2396 2216 2482 2253 pro-

1422 2263 1507 2305 pter
1540 2255 1697 2304 aliquod
1732 2255 2055 2304 impedimentum
2083 2256 2215 2304 organi
2252 2257 2480 2306 corporalis:

1423 2321 1504 2346 non
1533 2316 1663 2345 autem
1690 2316 1848 2357 propter
1874 2308 2065 2346 defectum
2093 2309 2244 2346 animae
2279 2309 2482 2356 rationalis,

1425 2361 1521 2398 sicut
1547 2361 1660 2398 bruta
1688 2360 1877 2398 animalia.
1907 2361 2018 2399 Unde
2038 2374 2119 2399 non
2138 2370 2193 2399 est
2212 2362 2259 2399 de
2280 2362 2333 2399 eis
2352 2362 2484 2400 similis

1426 2414 1532 2451 ratio.

1478 2469 1536 2504 An
1550 2479 1709 2504 TERTIUM
1722 2479 1904 2505 DICENDUM
1924 2468 2031 2516 quod
2051 2468 2284 2505 dormientes
2303 2480 2383 2505 non
2398 2476 2487 2505 sunt

1425 2519 1642 2570 baptizandi
1678 2520 1751 2557 nisi
1783 2520 2000 2570 periculum
2027 2520 2161 2558 mortis
2188 2520 2397 2558 immineat.
2444 2523 2487 2558 In

1425 2586 1505 2623 quo
1534 2585 1626 2610 casu
1653 2573 1835 2623 baptizari
1863 2573 2004 2610 debent
2031 2574 2062 2610 si
2089 2573 2195 2623 prius
2216 2575 2394 2612 voluntas
2421 2587 2486 2624 ap-

1424 2626 1551 2677 paruit
1578 2626 1617 2663 in
1645 2626 1699 2663 eis
1727 2626 1959 2676 suscipiendi
1986 2626 2235 2676 baptismum,
2256 2627 2352 2664 sicut
2380 2635 2415 2665 et
2439 2627 2487 2664 de

1426 2678 1643 2718 amentibus
1671 2679 1817 2717 dietum
1837 2687 1891 2716 est
1904 2679 1941 2716 *z
1972 2679 2068 2717 sicut
2095 2680 2330 2728 Augustinus
2349 2688 2486 2728 narrat,

1425 2733 1465 2770 in
1483 2733 1534 2770 IV
1548 2732 1646 2769 libro
1664 2733 1829 2781 Consess.
1841 2732 1872 2779 ²¹³,
1889 2732 1937 2769 de
1956 2732 2082 2770 amico
2103 2745 2186 2778 suo,
2202 2733 2270 2782 qui
2288 2735 2487 2783 baptizatus

1427 2792 1477 2822 est
1505 2787 1680 2831 nesciens,
1708 2793 1866 2835 propter
1891 2785 2108 2834 periculum
2135 2785 2279 2822 mortis.

1479 2917 1504 2949 δ)
1523 2926 1540 2943 a
1559 2919 1708 2944 nativitate.
1726 2933 1745 2938 -
1762 2919 1783 2943 E
1803 2923 1828 2943 et
1846 2919 1933 2949 tertia;
1951 2921 2015 2944 ante
2033 2918 2210 2943 nativitatem.

1479 2954 1502 2987 ε)
1521 2954 1717 2994 contradicant.
1729 2968 1749 2973 -
1765 2957 1826 2979 actu
1847 2953 1938 2979 dicant
1957 2954 1989 2984 H,
2008 2956 2069 2979 actu
2088 2954 2161 2984 (acta
2180 2953 2221 2984 bc)
2239 2953 2426 2978 contradicant
2444 2961 2486 2978 ce—

1426 2994 1480 3013 tera
1498 2994 1581 3013 terna.

1479 3023 1505 3058 ζ)
1524 3031 1562 3049 ex
1579 3024 1644 3049 ritu.
1657 3037 1676 3042 -
1694 3022 1732 3057 (et
1751 3022 1793 3057 ΡΙ)
1811 3031 1848 3048 ex
1865 3026 1926 3049 actu
1946 3024 1955 3048 I
1974 3029 1999 3048 et
2018 3023 2156 3054 editiones;
2174 3023 2258 3053 Alias,
2277 3023 2332 3048 ritu
2352 3031 2442 3056 margo
2457 3023 2485 3048 Ρ.

2314 3565 2346 3590 14

2603 1835 2618 1864 ζ

2507 1891 2516 1900 ·
2522 1890 2572 1911 Art.
2579 1895 2601 1917 9,
2608 1889 2632 1910 in
2639 1893 2718 1916 respp.

2506 1916 2535 1938 ad
2549 1921 2613 1944 ugg-

2514 2684 2524 2694 '
2538 2682 2563 2704 In
2579 2688 2684 2710 corpore.

2513 2737 2524 2747 ·
2532 2735 2586 2757 Loc.
2598 2734 2636 2756 cit.
2645 2734 2668 2756 in
2676 2740 2723 2762 arg.

2513 2762 2562 2784 Sed
2574 2763 2635 2783 cont.
