2878 4088
1092 251 1189 291 DE
1238 249 1830 291 CITATIONIBUS

362 372 437 404 Non
467 374 566 404 semel
597 374 750 410 diximus,
777 373 807 404 S.
825 372 988 404 Thomam
1014 373 1135 413 glossas
1165 372 1249 402 Petri
1271 371 1370 402 Lom-

309 417 395 448 bardi
418 418 452 448 in
474 418 618 448 Psalmos
642 424 673 450 et
694 419 728 450 in
752 417 783 448 S.
800 417 890 448 Pauli
906 417 1065 457 Epistolas
1088 421 1269 447 constanter
1285 415 1372 446 adhi-

306 462 413 492 buisse
436 462 470 492 in
493 462 624 493 Summa
644 462 861 503 Theologica;
883 461 947 492 hoc
962 461 1048 493 idem
1071 471 1158 492 nunc
1179 459 1372 491 affirmamus

307 506 346 537 de
371 507 471 537 citatis
487 517 505 537 a
529 507 559 538 S.
577 507 720 539 Doctore
735 506 847 548 glossis
869 506 903 537 in
919 506 1164 547 Supplemento,
1181 515 1238 535 seu
1263 505 1296 535 in
1319 504 1372 534 illa

306 557 395 593 parte
422 550 735 583 Commentariorum
760 551 792 582 in
817 549 839 580 I
841 549 870 579 V
879 550 1118 581 Sententiarum
1138 559 1175 579 ex
1199 559 1263 589 qua
1283 559 1372 579 com-

307 596 441 636 pilatum
463 602 512 628 est
527 596 796 637 Supplementum
820 594 946 626 Tertiae
968 595 1077 626 Partis.
1101 594 1150 624 De
1167 603 1234 634 quo
1257 594 1284 624 si
1300 594 1371 633 quis

307 639 440 677 dubitet,
463 641 610 673 consulat
633 650 686 681 qu.
710 651 752 678 ιν,
777 646 832 672 art.
853 650 880 677 1,
905 650 968 680 arg.
992 648 1030 678 43
1056 648 1110 679 qu.
1132 648 1161 673 v,
1185 643 1240 668 art.
1262 645 1290 673 1,
1306 647 1370 678 arg.

306 684 370 715 Sed
392 691 494 722 cont.;
520 695 574 727 qu.
590 695 662 721 m,
682 690 738 715 art.
763 692 790 721 1,
815 694 899 726 argg.
929 692 940 714 1
967 689 999 714 et
1022 682 1086 714 Sed
1108 687 1211 718 cont.;
1238 691 1291 721 qu.
1309 691 1370 717 mx,

305 734 362 759 art.
381 739 410 766 2,
427 740 490 770 arg.
509 730 545 766 5;
566 739 621 770 qu.
637 739 719 766 1.x1x,
735 734 791 760 art.
810 738 839 766 2,
857 738 941 768 argg.
962 735 973 757 1
996 732 1027 758 et
1044 727 1079 762 3;
1101 736 1155 766 qu.
1168 736 1250 762 LxX1,
1266 731 1322 757 art.
1340 735 1370 765 9,

306 773 346 804 ad
367 782 390 813 4
397 784 405 810 ;
431 783 485 815 qu.
502 783 603 810 Lxx1v‚
620 779 676 804 art.
693 783 724 812 4,
741 783 826 814 argg.
845 773 861 803 3
888 778 919 804 et
934 771 998 802 Sed
1012 776 1096 802 cont.
1114 780 1151 807 2:
1177 779 1231 810 qu.
1247 779 1370 804 Lxxxw.

306 822 362 849 art.
379 825 406 855 ι,
418 828 482 859 arg.
498 817 562 848 Sed
576 823 678 854 cont.;
699 827 754 858 qu.
766 827 901 854 nxxxvn,
914 822 969 847 art.
987 824 1014 851 ι,
1027 825 1091 855 arg.
1109 825 1138 851 2,
1151 820 1182 845 et
1197 819 1253 844 art.
1266 823 1295 850 2,
1306 823 1369 854 arg.

306 862 369 894 Sed
391 867 475 893 cont.
497 870 507 892 1
522 873 529 899 ;
551 871 605 902 qu.
622 872 744 898 Lxxxrx,
757 866 813 892 art.
830 870 861 900 4,
879 871 942 901 arg.
964 868 995 896 13
1015 869 1070 900 qu.
1087 869 1149 895 xcx,
1162 865 1218 890 art.
1234 868 1262 895 2,
1276 858 1316 889 ad
1333 859 1369 893 6;

305 916 360 948 qu.
376 917 458 943 xcix,
475 912 530 940 art.
550 907 579 943 5,
595 916 659 946 arg.
675 915 706 944 4.

361 950 539 991 Opiniones
555 956 587 981 et
610 950 694 982 dicta
716 950 753 981 B.
769 949 892 980 Albetti
908 949 1017 989 Magni
1035 947 1154 988 pluries
1170 947 1202 978 in
1226 947 1371 978 medium

305 994 478 1028 afferuntur
500 996 534 1027 in
550 995 800 1037 Supplemento;
824 994 908 1025 mori
931 999 1039 1025 tamen
1055 998 1133 1023 tunc
1152 992 1306 1032 temporis
1322 1001 1370 1022 re-

304 1045 399 1080 cepto
422 1049 536 1081 parens
560 1040 599 1070 D.
617 1038 760 1072 Thomas
783 1049 905 1070 nomen
929 1039 997 1070 eius
1020 1043 1113 1068 tacet.
1138 1037 1293 1078 Exempla
1315 1037 1370 1067 ha-

303 1084 368 1120 bes,
390 1094 444 1125 qu.
460 1094 514 1121 vn,
537 1090 594 1115 art.
622 1092 648 1120 1,
673 1094 736 1124 arg.
761 1093 799 1123 4;
825 1093 879 1124 qu.
904 1093 1008 1118 xxxrv,
1033 1087 1088 1112 art.
1115 1092 1150 1118 2;
1175 1091 1229 1122 qu.
1254 1091 1369 1117 xxxvn,

303 1134 360 1164 art·
381 1138 413 1169 4,
430 1129 470 1161 ad
494 1139 531 1169 93
552 1139 606 1170 qu.
622 1139 707 1166 nm,
724 1134 779 1159 ait.
799 1138 827 1167 2,
845 1128 884 1160 ad
909 1137 944 1164 2;
965 1137 1020 1168 qu.
1035 1137 1129 1163 xnvn,
1146 1131 1202 1157 art.
1224 1134 1251 1162 1,
1268 1125 1308 1156 ad
1331 1135 1368 1164 43

305 1183 360 1215 qu.
381 1183 462 1211 mixi,
479 1179 535 1204 art.
554 1174 590 1210 53
615 1183 669 1214 qu.
687 1183 788 1209 Lxxvn
806 1178 861 1204 art.
887 1182 923 1209 23
949 1181 1002 1212 qu.
1027 1181 1152 1207 Lxxvm,
1169 1176 1224 1201 art.
1251 1180 1280 1207 2,
1305 1180 1369 1210 arg.

305 1216 368 1249 Sed
390 1223 492 1255 cont.;
517 1227 572 1260 qu.
596 1228 716 1254 Lxxxn,
740 1223 796 1247 art.
823 1227 851 1254 2,
876 1226 939 1257 arg.
969 1225 1001 1254 13
1027 1225 1081 1258 qu.
1105 1226 1226 1252 Lxxxiv,
1251 1220 1306 1246 art.
1333 1215 1368 1251 3;

300 1263 360 1304 qu.
383 1273 505 1298 Lxxxvn
530 1267 586 1294 art.
607 1270 640 1299 1;
665 1272 720 1303 qu.
744 1266 877 1298 Lxxxvn,
901 1266 956 1292 art.
975 1261 1011 1298 33
1037 1270 1091 1301 qu.
1108 1270 1253 1296 Lxxxvm,
1267 1265 1322 1290 art.
1338 1269 1370 1299 4,

303 1306 345 1338 ad
362 1307 398 1347 3;
423 1317 598 1348 quevm,
615 1311 671 1338 art.
690 1316 720 1343 2,
737 1306 776 1338 ad
804 1315 830 1337 1.

311 1366 323 1369 „
360 1349 452 1383 Cu'ffi
455 1348 648 1382 'Alexander
662 1351 809 1382 Halensis
832 1351 914 1382 ultra
929 1355 1097 1381 tractatum
1113 1348 1153 1379 de
1171 1349 1370 1379 Poenitentia

303 1395 468 1428 Summam
492 1406 582 1427 suam
614 1405 682 1427 non
705 1395 904 1436 perduxerit.
929 1395 1058 1426 nonnisi
1080 1403 1183 1435 pauca
1207 1403 1308 1433 eaque
1332 1402 1370 1423 ex

304 1441 564 1472 antecedentibus
582 1440 662 1472 locis
677 1440 761 1471 illius
778 1441 883 1480 operis
900 1439 1077 1480 desumpta,
1090 1439 1123 1468 in
1135 1438 1384 1482 Supplementoy

302 1490 378 1527 post
400 1485 522 1517 dictum
543 1490 712 1516 tractatum
734 1485 886 1515 invenies.

359 1529 452 1568 Quae
475 1530 678 1561 citationibus
699 1530 816 1560 nostris
839 1529 964 1563 desunt,
980 1528 1065 1559 notis
1084 1526 1278 1567 infrapositis
1294 1536 1369 1567 sup-

302 1573 390 1614 plere
412 1584 473 1616 pro
496 1574 615 1607 viribus
637 1574 699 1604 nisi
721 1583 842 1604 sumus.

357 1617 420 1657 Qu.
436 1629 458 1655 1,
475 1624 530 1651 art.
552 1626 579 1654 1,
595 1619 630 1649 in
646 1627 752 1658 corp.:
781 1631 795 1645 ‹
810 1617 882 1648 Alia
904 1615 1076 1657 (definitio)
1094 1615 1230 1646 sumitur
1246 1625 1284 1645 ex
1299 1624 1368 1645 ver-

299 1663 349 1696 bis
372 1663 544 1704 Augustini
557 1685 609 1693 .....
635 1672 718 1703 quae
741 1667 803 1693 est:
831 1661 992 1692 Contritio
1016 1665 1063 1691 est
1085 1660 1182 1691 dolor
1205 1660 1369 1690 remittens

294 1712 464 1747 peccatum
483 1720 511 1737 ›.
536 1706 572 1737 ln
594 1706 676 1737 libro
700 1706 739 1737 de
759 1707 841 1737 Vera
865 1711 895 1736 et
907 1706 1004 1748 falsa
1019 1705 1143 1735 Poenit.
1168 1705 1264 1744 (inter
1280 1704 1366 1746 Opp.

299 1751 410 1795 Aug),
428 1761 498 1792 cap.
517 1761 579 1787 xxv,
595 1761 627 1783 n.
655 1761 707 1791 29,
732 1751 881 1782 habetur:
915 1749 1099 1781 Dolendum
1123 1754 1171 1780 est
1199 1754 1231 1780 et
1253 1748 1368 1780 dolore

295 1796 517 1837 purgandum.
542 1795 711 1827 Gratianus
732 1796 839 1831 etiam,
851 1794 1001 1835 Append.
1021 1794 1061 1825 ad
1077 1804 1146 1824 can.
1164 1793 1199 1823 Si
1214 1794 1276 1830 cui,
1295 1794 1365 1825 dist.

298 1841 313 1879 Ι
334 1840 374 1880 de
395 1841 531 1877 Poenit.‚
546 1845 622 1881 post
645 1839 803 1881 quaedam
828 1850 866 1871 ex
888 1840 1071 1880 Augustino
1096 1844 1243 1880 excerpta
1267 1837 1363 1870 dicit:

297 1885 386 1921 Luce
407 1885 530 1917 clarius
552 1890 687 1921 constat,
704 1884 812 1916 cordis
835 1884 1039 1920 contritione,
1057 1893 1123 1914 non
1149 1883 1216 1914 oris
1239 1885 1366 1926 confes-

297 1927 390 1963 sione
405 1935 542 1973 peccata
566 1929 691 1960 dimitti.

353 1974 415 2014 Qu.
432 1985 465 2011 n,
481 1980 537 2006 art.
561 1983 592 2013 4,
617 1984 681 2015 arg.
707 1983 742 2005 2:
771 1987 784 2000 α
804 1972 898 2004 Unde
921 1973 1141 2014 Hieronymus
1165 1972 1250 2009 dicit,
1275 1974 1366 2014 quod

297 2028 405 2063 poena
426 2019 495 2051 Arii
517 2018 666 2051 nondum
689 2024 736 2051 est
759 2018 977 2054 determinata,
993 2018 1069 2058 quia
1092 2017 1196 2048 adhuc
1221 2024 1268 2049 est
1290 2029 1365 2059 pos-

298 2062 388 2097 sibile
404 2064 530 2106 aliquos
546 2073 603 2104 per
627 2064 695 2094 eius
710 2064 868 2094 haeresim
884 2071 1032 2094 corruere
1051 2075 1078 2092 ».
1102 2062 1177 2093 Hoc
1193 2063 1366 2104 Augustini

299 2118 367 2141 esse
379 2108 456 2140 dicit
466 2107 765 2144 Autissiodorensis,
778 2107 928 2138 Summae
939 2107 994 2138 lib.
1007 2107 1044 2143 11,
1057 2112 1145 2138 tract.
1158 2117 1241 2145 xxxx,
1253 2118 1322 2149 cap.
1334 2109 1364 2142 6.

297 2158 378 2194 part.
397 2163 427 2189 2,
447 2150 547 2184 etlib.
563 2153 617 2189 IV,
635 2162 689 2193 qu.
707 2152 746 2183 de
760 2152 979 2183 Damnatione
1002 2152 1224 2192 reproborum,
1242 2162 1311 2193 cap.
1328 2163 1364 2189 11;

298 2199 386 2235 item,
399 2197 557 2234 Halensis,
567 2197 718 2227 Summae
735 2196 790 2227 lib.
803 2197 856 2233 IV,
870 2206 925 2237 qu.
938 2207 1012 2232 xvn,
1023 2206 1067 2227 m.
1083 2197 1113 2233 3,
1126 2202 1182 2227 art.
1195 2207 1232 2237 95
1253 2197 1284 2228 S.
1301 2198 1365 2228 Bo-

298 2248 483 2279 naventura‚
500 2242 544 2272 IV
559 2241 657 2277 Sent.,
682 2241 752 2272 dist.
772 2251 854 2278 xnvl,
872 2246 927 2271 art.
957 2249 983 2277 1,
1008 2251 1063 2281 qu.
1087 2251 1114 2278 13
1139 2247 1171 2272 et
1194 2241 1230 2272 B.
1253 2242 1365 2273 Petrus

299 2287 429 2319 Tarant.
445 2286 532 2322 ibid..
549 2296 604 2326 qu.
620 2296 662 2322 1v,
678 2291 734 2317 art.
756 2295 785 2316 2.
810 2285 935 2316 Tamen
949 2296 1017 2316 non
1033 2287 1214 2317 invenimus
1230 2288 1264 2317 in
1286 2288 1365 2318 Hie-

299 2341 448 2375 ronymo,
463 2340 524 2362 nec
543 2331 578 2361 in
593 2331 785 2373 Augustino.
803 2330 834 2361 S.
851 2331 996 2367 Basilius,
1009 2330 1062 2362 lib.
1076 2331 1114 2361 de
1132 2331 1212 2361 Vera
1227 2332 1365 2373 virgini-

300 2377 376 2407 tatis
391 2375 586 2418 integritate,
599 2385 632 2406 n.
650 2375 689 2407 33
709 2375 831 2416 (Migne
846 2375 928 2406 Patr.
946 2374 1000 2406 Gr.
1017 2376 1116 2412 XXX,
1129 2375 1220 2417 738),
1234 2376 1274 2407 de
1289 2377 1364 2408 hae-

299 2421 405 2452 reticis
421 2421 561 2451 scribens
577 2419 668 2450 dicit:
693 2419 748 2450 Sic
764 2420 915 2450 Marcion
935 2425 966 2450 et
981 2420 1039 2450 alii
1055 2421 1109 2461 qui
1129 2421 1291 2451 haeretica
1307 2422 1364 2452 do-

298 2470 412 2507 gmata
429 2465 461 2496 in
477 2465 539 2495 hac
553 2464 619 2495 vita
634 2464 842 2500 seminavere,
859 2464 1011 2495 damnum
1029 2465 1184 2507 inserunt,
1198 2475 1237 2496 ac
1253 2475 1363 2497 omnes

301 2510 357 2551 qui
371 2510 412 2540 ab
427 2510 473 2540 eis
488 2510 541 2540 hic
556 2509 738 2544 laeduntur,
754 2509 964 2550 gravioribus
979 2510 1058 2539 mali
1080 2515 1230 2541 auctores
1244 2511 1365 2551 suppli-

299 2554 368 2590 ciis,
385 2555 444 2585 etsi
467 2554 532 2585 iam
555 2553 632 2584 olim
656 2558 812 2589 mortuos,
834 2553 901 2584 illic
924 2553 981 2594 (sc.
997 2554 1035 2596 in,
1054 2553 1194 2595 inferno)
1219 2555 1362 2586 tradunt.

356 2598 418 2638 Qu.
441 2609 482 2635 tv,
510 2604 566 2628 art.
594 2605 621 2633 ι,
646 2598 681 2628 in
704 2607 809 2638 corp.:
838 2611 852 2624 ‹
871 2598 957 2628 Dicit
979 2598 1079 2639 Hugo
1103 2598 1142 2629 de
1166 2599 1196 2630 S.
1214 2600 1362 2636 Victore,

300 2643 391 2684 quod
413 2643 502 2673 Deus
525 2642 693 2673 absolvens
707 2643 875 2673 hominem
891 2652 909 2672 a
932 2643 1027 2682 culpa
1051 2649 1081 2673 et
1097 2653 1203 2683 poena
1225 2650 1362 2682 aeterna,

300 2687 375 2727 ligat
399 2697 474 2718 eum
498 2687 628 2717 vinculo
650 2692 823 2728 perpetuae
853 2686 1070 2718 detestationis
1091 2689 1215 2728 peccati
1235 2702 1262 2719 ι.
1292 2689 1363 2719 Hu-

297 2732 377 2772 goni
393 2732 433 2762 de
456 2732 488 2763 S.
504 2732 634 2762 Victore
650 2731 713 2762 hoc
730 2731 905 2762 attribuunt
919 2731 1078 2768 Halensis,
1094 2731 1244 2764 Summae
1259 2743 1291 2772 p.
1309 2733 1362 2770 IV,

322 2786 355 2807 u.
371 2786 445 2812 xvu,
468 2786 512 2807 m.
539 2786 568 2812 2,
592 2781 648 2806 art.
674 2785 704 2811 2,
727 2777 746 2814 ξ
770 2785 799 2812 2,
825 2780 856 2806 et
879 2775 909 2806 S.
926 2775 1166 2812 Bonaventura‚
1191 2777 1233 2807 IV
1258 2777 1361 2815 Sent.,

321 2821 370 2851 ist.
387 2831 448 2856 xv1‚
466 2830 497 2861 p.
514 2831 535 2856 1,
552 2826 607 2850 art.
627 2820 656 2856 3,
674 2829 728 2860 qu.
754 2829 783 2856 2,
800 2829 930 2850 necnon
953 2820 1023 2851 dist.
1040 2830 1125 2856 xvm,
1149 2830 1180 2861 p.
1204 2832 1225 2858 1,
1250 2827 1305 2852 art.
1331 2831 1361 2859 2,

299 2874 354 2907 qu.
373 2875 402 2902 2,
420 2866 476 2905 qui
498 2866 531 2896 in
555 2865 731 2904 posteriore
749 2865 814 2895 hoc
836 2864 911 2895 loco
928 2865 1002 2896 citat
1025 2865 1201 2905 Hugonem
1224 2867 1256 2896 in
1280 2866 1362 2896 libro

298 2909 338 2940 de
352 2910 513 2940 Potestate
529 2909 665 2950 ligandi.
685 2909 746 2940 Iste
761 2919 838 2939 vero
853 2909 942 2945 liber,
959 2909 1016 2940 etsi
1032 2910 1207 2950 antiquitus
1230 2911 1364 2950 Hugoni

299 2953 492 2994 adscriptus,
518 2963 606 2985 nunc
630 2964 647 2983 a
670 2953 830 2984 Richardo
854 2953 894 2984 de
917 2953 948 2984 S.
965 2953 1095 2984 Victore
1117 2955 1272 2994 scriptum
1296 2964 1363 2986 esse

299 3004 433 3031 constat.
453 2998 552 3036 Quod
564 3008 582 3029 a
594 2998 633 3029 D.
645 2998 774 3030 Thoma
786 2999 909 3034 citatur,
921 2999 989 3031 erui
1001 3004 1107 3039 potest
1119 3008 1157 3029 ex
1169 3008 1262 3039 capp.
1276 3009 1319 3035 111,
1332 3010 1362 3035 v,

299 3049 331 3074 et
352 3053 408 3075 xm
431 3042 585 3075 eiusdem.

354 3087 416 3125 Qu.
428 3097 481 3123 vn,
494 3093 550 3118 art.
567 3096 595 3123 1,
607 3096 671 3128 arg.
692 3095 703 3117 ι
718 3097 725 3116 ;
754 3099 768 3114 α
786 3086 921 3118 Videtur
936 3086 1026 3127 quod
1036 3087 1235 3127 Augustinus
1251 3087 1363 3118 incon-

299 3132 462 3163 venienter
485 3131 723 3163 confessionem
739 3130 879 3167 definiat,
896 3131 1020 3162 dicens:
1048 3131 1218 3173 Confessio
1237 3137 1285 3163 est
1301 3142 1365 3172 per

298 3185 392 3216 quem
406 3176 537 3208 morbus
552 3177 656 3207 latens
669 3186 725 3216 spe
743 3176 856 3206 veniae
871 3176 1018 3216 aperitur
1037 3189 1063 3206 ».
1084 3176 1130 3207 Ita
1145 3177 1363 3216 Augustinum

300 3218 448 3251 definisse
469 3225 624 3253 testantur
646 3221 682 3252 B.
699 3220 859 3256 Albertus,
877 3220 919 3251 1v
935 3220 1032 3256 Sent.,
1050 3220 1120 3252 dist.
1141 3231 1203 3256 m,
1219 3226 1276 3251 art.
1307 3221 1344 3252 16
1355 3244 1362 3257 ,

300 3263 457 3299 Halensis,
474 3264 624 3295 Summae
646 3274 677 3305 p.
695 3265 748 3300 IV,
766 3274 820 3305 qu.
836 3275 922 3301 xvm,
938 3274 981 3295 m.
998 3274 1029 3304 4,
1047 3270 1103 3295 art.
1122 3274 1152 3301 2,
1168 3267 1186 3304 §
1203 3275 1233 3302 2,
1250 3265 1281 3296 S.
1298 3265 1363 3296 Bo-

300 3313 485 3344 naventura‚
500 3308 544 3339 IV
559 3308 656 3344 Sent.,
673 3309 744 3341 dist.
760 3319 834 3346 xvn,
849 3318 882 3350 p.
899 3319 943 3347 111,
960 3315 1016 3340 art.
1035 3319 1064 3346 2,
1081 3318 1136 3349 qu.
1155 3319 1184 3346 2,
1202 3315 1233 3339 et
1251 3309 1287 3340 B.
1305 3309 1364 3340 Pe-

301 3356 367 3383 trus
390 3351 519 3383 Tarant.
537 3352 625 3390 ibid„
649 3362 703 3394 qu.
726 3363 758 3390 u,
783 3359 839 3384 art.
860 3362 887 3384 1.
911 3353 987 3384 Non
1010 3354 1171 3384 invenitur
1193 3354 1262 3384 talis
1286 3353 1364 3384 defi-

301 3395 382 3426 nitio
397 3395 431 3426 in
445 3396 617 3436 Augustini
631 3398 792 3438 operibus,
809 3398 874 3429 sive
893 3399 1040 3438 genuinis
1059 3399 1124 3429 sive
1143 3398 1362 3438 supposititiis,

302 3439 361 3471 etsi
377 3439 486 3478 quoad
507 3441 696 3474 sententiam
716 3442 836 3482 pluries
858 3441 946 3483 apud
960 3443 1067 3484 ipsum
1084 3443 1245 3473 habeatur.
1270 3442 1363 3481 Quae

301 3483 402 3515 textui
417 3483 513 3515 citato
529 3485 630 3525 magis
652 3486 851 3518 conveniunt
864 3487 946 3524 loca,
966 3487 1001 3518 in
1017 3487 1159 3528 margine
1181 3488 1361 3528 posuimus.

357 3526 446 3563 Ibid.‚
462 3537 526 3568 arg.
542 3536 581 3567 4:
617 3541 631 3555 ‹
649 3528 799 3569 Quidam,
821 3536 930 3563 autem
960 3530 1072 3563 dicunt
1094 3532 1157 3563 sic:
1191 3532 1362 3573 Confessio

1423 375 1470 401 est
1491 369 1738 400 sacramentalis
1767 369 1980 410 delinquentis
2003 372 2186 406 accusatio,
2211 383 2252 403 ex
2275 374 2494 405 erubescentia

1424 419 1456 445 et
1470 424 1534 456 per
1549 413 1656 444 claves
1677 413 1843 444 Ecclesiae
1861 414 2092 454 satisfactoria,
2111 416 2260 457 obligans
2277 418 2320 447 ad
2329 428 2494 459 peragen-

1425 458 1499 489 dam
1525 458 1760 498 poenitentiam
1793 457 1970 488 iniunctam
2000 471 2027 488 2».
2061 459 2097 488 B.
2126 460 2294 496 Albertus,
2328 462 2370 492 IV
2394 462 2491 498 Sent.,

1425 503 1496 533 dist.
1511 513 1574 538 xvr,
1592 510 1647 533 art.
1668 502 1718 538 16,
1740 502 1832 533 dicit:
1857 502 2023 543 Definitur
2041 508 2147 533 autem
2172 504 2359 545 (confessio)
2384 515 2404 536 a
2425 517 2493 536 ma-

1423 547 1537 588 gistris
1559 547 1615 588 qui
1635 551 1885 587 praecesserunt
1913 556 1972 578 nos
1994 547 2060 577 sic:
2086 547 2255 589 Confessio
2279 554 2326 579 est
2342 556 2492 589 peccato-

1425 601 1498 622 rum
1520 591 1767 623 sacramentalis
1790 596 1861 627 etc„
1878 595 1914 620 ut
1936 601 2041 631 supra,
2058 592 2178 622 omisso
2197 592 2370 623 Ecclesiae.

1480 635 1542 673 Qu.
1562 645 1627 670 vm,
1644 640 1699 665 art.
1716 644 1748 674 4,
1765 645 1828 675 arg.
1851 643 1860 665 1
1876 645 1882 665 :
1911 648 1924 661 ‹
1945 635 2120 675 Gregorius
2137 636 2223 666 enim
2240 637 2330 667 dicit:
2355 639 2492 678 Aposto-

1424 680 1486 710 lico
1511 679 1731 711 moderamine
1760 684 1791 709 et
1814 679 1946 720 pietatis
1977 679 2087 721 officio
2112 689 2133 710 a
2163 681 2255 711 nobis
2285 683 2492 712 constitutum

1424 729 1472 755 est
1489 737 1503 751 ›
1531 729 1590 754 etc.
1618 724 1663 754 Ita
1679 724 1774 754 etiam
1790 724 1826 754 B.
1843 723 2003 760 Albertus,
2017 724 2060 754 IV
2075 724 2172 760 Sent.,
2192 725 2261 756 dist.
2278 735 2352 761 xvn,
2366 732 2421 756 art.
2437 736 2491 765 40.

1423 768 1491 799 Etsi
1507 769 1540 798 in
1557 777 1682 798 canone
1697 768 1752 798 Ex
1767 769 1962 799 auctoritate
1981 767 2063 811 (24),
2081 768 2177 800 Caus.
2194 770 2278 806 XVI,
2301 780 2357 810 qu.
2374 781 2395 806 1,
2413 770 2492 801 Gre-

1423 813 1515 853 gorio
1539 813 1737 848 inscribatur,
1754 813 1890 843 sumitur
1913 822 1951 844 ex
1968 822 2036 843 can.
2055 813 2072 844 3
2099 813 2240 844 Concilii
2255 815 2492 851 Nemausensis‚

1424 867 1474 888 an.
1497 857 1591 897 1096.
1616 856 1698 887 Vide
1722 857 1836 893 Mansi,
1852 857 1921 893 XX,
1939 857 2014 897 934.

1479 901 1541 940 Qu.
1557 912 1588 938 x,
1605 907 1660 932 art.
1680 911 1708 938 2,
1729 910 1792 942 arg.
1811 911 1847 932 2:
1876 914 1890 928 «
1909 902 2066 932 Voluntas
2082 911 2141 943 pro
2165 901 2250 932 facto
2266 908 2440 943 reputatur,
2457 907 2493 933 ut

1424 946 1458 976 in
1481 946 1585 976 littera
1609 945 1724 976 dicitur
1743 959 1770 976 ».
1796 945 1832 976 In
1854 946 1966 982 littera,
1991 946 2035 977 IV
2053 947 2150 983 Sent.,
2176 947 2246 978 dist.
2271 957 2352 983 xvn,
2378 957 2447 989 cap.
2471 958 2492 983 1,

1425 990 1620 1022 Cassiodoro
1644 990 1841 1026 adscribitur,
1867 996 1897 1021 et
1921 991 1965 1021 sic
1994 992 2142 1032 ponitur:
2173 992 2286 1022 Votum
2316 992 2401 1023 enim
2425 1001 2491 1032 pro

1425 1035 1613 1076 operatione
1644 1035 1816 1066 iudicatur.
1853 1034 2084 1072 Cassiodorus,
2107 1036 2255 1076 Exposit.
2281 1037 2313 1067 in
2337 1037 2491 1072 Psalter.,

1423 1080 1473 1110 Ps.
1498 1090 1584 1116 xxm,
1607 1089 1687 1111 vers.
1713 1090 1750 1120 7:
1782 1079 1836 1110 Sic
1866 1079 1988 1111 iudicat
2017 1080 2225 1121 (Divinitas)
2244 1081 2337 1121 pium
2362 1086 2490 1117 votum,

1423 1124 1691 1166 quemadmodum
1720 1124 1918 1166 operationis
1941 1125 2098 1166 effectum.
2135 1124 2214 1156 Can.
2239 1126 2367 1168 Magna
2384 1126 2493 1167 pietas

1425 1167 1483 1209 (5),
1500 1169 1540 1199 de
1562 1169 1696 1206 Poenit.‚
1714 1169 1784 1200 dist.
1801 1179 1828 1200 1:
1859 1169 1971 1199 Votum
1991 1170 2075 1200 enim
2092 1179 2158 1210 pro
2184 1180 2280 1211 opere
2303 1176 2492 1211 reputatur,·

1424 1218 1455 1243 et
1478 1213 1661 1254 Augustino
1685 1214 1865 1244 attribuitur
1887 1213 1963 1245 ibid.
1988 1213 2058 1254 Ipse
2081 1214 2204 1245 Enarr.
2222 1214 2248 1245 11
2271 1215 2305 1245 in
2329 1215 2378 1245 Ps.
2401 1225 2490 1251 xxx1‚

1423 1268 1503 1288 vers.
1521 1268 1552 1297 7,
1569 1257 1662 1289 dicit:
1696 1258 1861 1299 Quidquid
1883 1258 1949 1295 vis,
1974 1264 2006 1289 et
2034 1268 2099 1289 non
2117 1264 2228 1300 potes,
2244 1260 2377 1301 sactum
2400 1260 2491 1290 Deus

1423 1307 1596 1342 computat.

1478 1346 1540 1384 Qu.
1566 1356 1607 1382 n,
1624 1352 1679 1377 art.
1708 1354 1735 1382 1,
1760 1346 1800 1377 ad
1827 1354 1860 1376 1:
1889 1360 1902 1373 α
1922 1346 2064 1385 Quidam
2096 1346 2207 1378 dicunt
2231 1347 2321 1388 quod
2344 1347 2491 1378 sacerdos

1423 1400 1490 1421 non
1513 1396 1639 1421 tenetur
1663 1401 1785 1421 servare
1809 1391 1867 1421 sub
1898 1392 2001 1431 sigillo
2033 1391 2244 1423 confessionis
2266 1393 2327 1423 nisi
2360 1398 2492 1432 peccata

1423 1434 1462 1466 de
1487 1436 1604 1475 quibus
1620 1436 1790 1476 poenitens
1806 1435 2066 1467 emendationem
2082 1438 2255 1477 promittit:
2280 1437 2369 1468 aliter
2384 1443 2491 1478 potest

1423 1489 1460 1510 ea
1475 1479 1581 1510 dicere
1604 1481 1633 1510 ei
1649 1481 1705 1520 qui
1729 1485 1834 1520 potest
1850 1480 2001 1520 prodesse
2018 1486 2049 1512 et
2064 1491 2132 1511 non
2149 1483 2262 1512 obesse
2280 1495 2308 1512 ».
2332 1482 2489 1518 Halensis,

1421 1524 1573 1555 Summae
1595 1534 1627 1564 p.
1644 1525 1698 1560 1V,
1715 1535 1770 1565 qu.
1787 1535 1849 1560 xxx,
1865 1534 1909 1556 m.
1929 1535 1957 1561 2,
1975 1533 2030 1556 art.
2054 1534 2079 1561 i,
2096 1527 2130 1556 in
2147 1536 2222 1557 casu
2239 1536 2305 1566 quo
2323 1527 2394 1567 quis
2411 1537 2490 1557 con-

1421 1567 1529 1600 fitetur
1551 1575 1722 1609 peccatum
1737 1575 1773 1600 ut
1796 1574 1843 1599 est
1866 1570 1899 1599 in
1922 1571 2090 1610 proposito
2110 1570 2150 1600 de
2166 1570 2285 1607 futuro,
2302 1571 2491 1602 determinat

1420 1614 1484 1644 hoc
1513 1612 1630 1643 modo:
1662 1614 1745 1644 Dico
1770 1623 1851 1655 ergo
1875 1614 1963 1654 quod
1986 1625 2050 1645 non
2076 1620 2203 1646 tenetur
2226 1615 2415 1657 (sacerdos)
2441 1626 2490 1647 ce-

1420 1658 1491 1688 lare
1506 1658 1713 1698 simpliciter.-
1736 1668 1794 1689 nec
1809 1658 1838 1688 si
1859 1659 2012 1690 sacerdos
2036 1660 2132 1690 talem
2148 1661 2384 1701 consessionem
2401 1671 2490 1694 reve-

1420 1702 1512 1737 laret,
1524 1707 1636 1742 posset
1658 1703 1870 1734 condemnari
1893 1708 2046 1744 tanquam
2072 1705 2215 1735 violator
2236 1705 2340 1746 sigilli
2363 1709 2489 1750 confes-

1418 1747 1540 1778 sionis:
1564 1753 1669 1778 tamen
1686 1749 1762 1788 quia
1785 1748 1846 1778 hoc
1861 1748 2019 1788 quaedam
2034 1749 2154 1789 species
2170 1754 2252 1780 esset
2274 1750 2371 1787 mala,
2388 1758 2419 1782 et
2441 1754 2490 1783 in-

1409 1792 1522 1834 famia
1545 1797 1749 1833 sequeretur,
1769 1798 1907 1833 propter
1921 1793 1982 1824 hoc
2005 1793 2101 1824 credo
2118 1794 2205 1834 quod
2227 1794 2256 1824 si
2279 1806 2344 1827 non
2362 1802 2489 1828 tenetur

1417 1836 1457 1867 de
1481 1836 1553 1867 iure
1576 1837 1672 1868 talem
1697 1838 1932 1879 confessionem
1953 1839 2127 1874 occultare,
2145 1838 2235 1869 debet
2253 1846 2358 1872 tamen
2383 1843 2490 1873 celare

1419 1881 1547 1912 ratione
1557 1882 1709 1922 publicae
1719 1882 1905 1918 honestatis,
1920 1883 1983 1913 nisi
1998 1883 2226 1914 inconveniens
2238 1886 2372 1927 aliquod
2386 1896 2491 1928 grave

1417 1931 1626 1967 sequeretur,·
1649 1931 1725 1958 tunc
1740 1927 1825 1959 enim
1841 1927 1938 1958 credo
1954 1928 2042 1968 quod
2057 1939 2122 1959 non
2139 1934 2221 1959 esset
2235 1931 2311 1962 talis
2327 1933 2488 1973 confessio

1415 1971 1544 2011 penitus
1568 1971 1725 2002 tacenda:
1748 1982 1806 2003 nec
1821 1977 1926 2003 tamen
1946 1973 2076 2013 publice
2092 1974 2266 2006 revelanda
2283 1982 2422 2016 propter
2430 1987 2489 2017 pe-

1419 2015 1559 2047 riculum
1583 2016 1741 2057 infamiae
1747 2024 1760 2054 ;
1781 2017 1838 2048 sed
1860 2021 1954 2048 caute
1977 2022 2009 2047 et
2036 2023 2159 2049 secreto
2184 2019 2284 2051 alicui
2306 2022 2362 2062 qui
2378 2026 2491 2061 posset

1419 2065 1450 2090 et
1472 2061 1567 2091 vellet
1583 2061 1739 2101 prodesse
1762 2062 2000 2092 innotescendo.

1474 2104 1563 2142 Ibid.‚
1581 2111 1636 2136 art.
1656 2106 1685 2142 5,
1701 2106 1735 2136 in
1751 2116 1840 2146 corp.
1866 2106 2046 2147 Opiniones
2062 2107 2114 2137 hic
2131 2117 2148 2138 a
2164 2107 2204 2138 D.
2222 2107 2351 2139 Thoma
2370 2109 2487 2146 allatas,

1418 2149 1562 2180 invenies
1585 2151 1682 2180 etiam
1705 2151 1737 2180 in
1762 2151 1904 2187 Halensi‚
1929 2151 2080 2182 Summae
2095 2161 2127 2192 p.
2153 2152 2205 2188 IV,
2231 2161 2285 2192 qu.
2302 2163 2365 2189 xxx,
2387 2163 2431 2183 m.
2457 2164 2487 2191 2,

1419 2200 1474 2225 art.
1493 2196 1557 2234 2‚§
1579 2204 1607 2231 2,
1625 2205 1761 2235 quarum
1785 2197 1922 2236 primam
1946 2202 1977 2226 et
2001 2196 2180 2227 secundum
2208 2202 2274 2227 tam
2297 2198 2365 2237 ipse
2389 2207 2488 2238 quam

1418 2238 1449 2270 S.
1467 2239 1611 2270 Thomas
1634 2240 1745 2276 reiicit,
1769 2241 1893 2271 tertiam
1916 2250 1993 2270 vero
2018 2246 2154 2281 uterque
2178 2242 2389 2281 amplectitur.

1473 2283 1535 2321 Qu.
1552 2295 1614 2321 ΧΠ,
1631 2290 1686 2315 art.
1706 2284 1742 2315 3:
1771 2298 1784 2312 «
1804 2285 1946 2323 Quidam
1970 2285 2116 2316 dixerunt
2140 2286 2230 2326 quod
2245 2296 2303 2326 per
2326 2288 2488 2318 caritatem

1417 2334 1607 2368 sequentem
1624 2339 1722 2369 opera
1738 2335 1824 2360 extra
1840 2330 2002 2361 caritatem
2019 2329 2102 2360 facta
2112 2330 2313 2361 vivificantur
2329 2338 2488 2372 quantum

1417 2372 1457 2403 ad
1479 2373 1543 2404 hoc
1567 2373 1657 2414 quod
1680 2379 1755 2404 sunt
1777 2375 1994 2410 satisfactoria,
2011 2374 2066 2405 sed
2089 2385 2157 2406 non
2180 2381 2338 2416 quantum
2362 2376 2402 2406 ad
2424 2377 2487 2407 hoc

1417 2417 1507 2457 quod
1530 2424 1604 2449 sunt
1636 2419 1798 2450 meritoria
1830 2420 1913 2450 vitae
1943 2424 2089 2450 aeternae
2109 2433 2136 2450 ›.
2173 2420 2266 2451 Hanc
2296 2421 2487 2451 sententiam

1417 2462 1568 2502 Magistri,
1582 2463 1625 2494 IV
1635 2463 1732 2499 Sent.,
1747 2463 1817 2494 dist.
1830 2474 1881 2500 xv,
1898 2473 1968 2504 cap.
1988 2464 2197 2501 Quibusdam,
2210 2474 2319 2496 versus
2331 2465 2486 2502 medium,

1417 2512 1448 2537 et
1464 2517 1534 2548 cap.
1553 2507 1608 2538 Ex
1617 2508 1666 2538 his
1683 2509 1871 2544 ostenditur,
1892 2508 1923 2539 S.
1936 2509 2172 2546 Bonaventura‚
2186 2509 2229 2540 lV
2240 2510 2339 2545 Sent.,
2351 2509 2422 2540 dist.
2435 2520 2485 2546 xv,

1416 2561 1448 2592 p.
1465 2562 1486 2588 1,
1503 2557 1559 2582 art.
1577 2553 1674 2588 unic„
1692 2563 1746 2593 qu.
1763 2563 1794 2593 4,
1812 2554 1947 2584 multum
1964 2554 2167 2594 probabilem
2183 2564 2251 2585 esse
2270 2554 2356 2590 dicit,
2374 2564 2487 2594 quam-

1416 2597 1463 2626 vis
1487 2597 1627 2633 alteram,
1644 2607 1687 2628 sc.
1705 2597 1796 2638 quod
1817 2598 1909 2629 nullo
1933 2599 2034 2629 modo
2058 2599 2268 2635 vivificantur,
2289 2599 2487 2630 securiorem

1417 2651 1484 2672 esse
1509 2640 1652 2672 affirmet.
1700 2668 1705 2673 .

1472 2686 1562 2723 Ibid.‚
1579 2692 1635 2717 art.
1652 2696 1684 2726 4,
1701 2686 1765 2717 Sed
1787 2692 1920 2718 contra:
1949 2700 1963 2714 α
1982 2687 2182 2727 Augustinus
2199 2687 2284 2724 dicit,
2301 2687 2392 2728 quod
2409 2697 2486 2727 pec-

1415 2736 1510 2762 cator
1533 2741 1598 2761 non
1623 2736 1670 2761 est
1691 2731 1811 2772 dignus
1828 2741 1917 2771 pane
1939 2741 2003 2772 quo
2023 2733 2164 2762 vescitur
2182 2745 2208 2762 ».
2241 2732 2340 2770 Quod
2364 2732 2486 2762 dictum

1417 2775 1597 2806 Gulielmus
1613 2776 1778 2806 Parisiens.
1789 2799 1796 2811 ,
1820 2775 1874 2807 lib.
1891 2776 1931 2806 de
1953 2777 2092 2812 Meritis,
2109 2786 2178 2816 cap.
2196 2777 2293 2814 unic„
2311 2782 2342 2806 et
2365 2776 2486 2806 Halen-

1415 2821 1466 2856 sis,
1483 2820 1634 2851 Summae
1649 2830 1681 2860 p.
1699 2820 1752 2857 IV,
1770 2829 1825 2860 qu.
1841 2830 1924 2857 xx1v,
1940 2830 1984 2850 m.
2000 2831 2032 2861 4,
2050 2826 2105 2851 art.
2125 2831 2154 2857 2,
2171 2822 2189 2859 §
2207 2821 2236 2857 3,
2250 2826 2282 2851 et
2297 2826 2353 2850 art.
2372 2820 2401 2856 3,
2418 2822 2436 2858 §
2457 2828 2483 2857 1,

1413 2865 1589 2896 secundum
1604 2865 1824 2906 Augustinum
1839 2874 1907 2895 esse
1920 2865 2040 2896 dicunt.
2058 2865 2138 2895 Item
2151 2865 2234 2902 Hal.,
2248 2865 2399 2895 Summae
2414 2874 2446 2904 p.
2460 2864 2483 2900 1,

1415 2919 1470 2949 qu.
1486 2919 1590 2946 xxxix,
1606 2919 1650 2940 m.
1669 2909 1698 2944 3,
1715 2914 1771 2939 art.
1790 2908 1825 2939 3:
1846 2909 1924 2939 dicit
1938 2910 2141 2950 Augustinus
2155 2910 2243 2950 quod
2252 2914 2408 2949 peccator
2423 2914 2483 2939 etc.

1415 2953 1589 2985 Autissiod.
1615 2963 1760 2994 quoque,
1777 2952 1927 2983 Summae
1949 2955 2030 2984 Aur.
2054 2954 2109 2984 lib.
2127 2954 2178 2990 III,
2196 2963 2250 2994 qu.
2268 2954 2383 2984 Utrum
2399 2954 2485 2984 bona

1417 3007 1516 3038 opera
1534 2999 1633 3039 facta
1664 3003 1759 3028 extra
1788 2997 1882 3028 carit.
1913 2997 1980 3028 sint
2005 2999 2167 3033 meritor.,
2192 2998 2223 3029 S.
2247 2998 2484 3034 Bonaventura‚

1417 3043 1460 3074 IV
1476 3042 1574 3078 Sent.,
1591 3042 1661 3073 dist.
1677 3052 1728 3078 xv,
1744 3051 1776 3082 p.
1795 3049 1821 3077 ι,
1835 3047 1890 3072 art.
1903 3042 2002 3079 unic„
2015 3052 2069 3082 qu.
2085 3043 2114 3078 5,
2131 3047 2163 3072 et
2178 3042 2214 3073 B.
2227 3042 2339 3073 Petrus
2354 3043 2483 3072 Tarant.

1416 3086 1504 3124 ibid„
1521 3096 1576 3127 qu.
1599 3097 1644 3123 m,
1669 3091 1724 3117 art.
1753 3094 1779 3123 1,
1803 3086 1986 3126 Augustino
2005 3086 2197 3118 adscribunt.
2234 3087 2270 3117 In
2286 3096 2352 3127 quo
2377 3092 2485 3117 tamen

1416 3141 1484 3163 non
1508 3132 1656 3162 occurrit.

1478 3175 1540 3213 Qu.
1556 3186 1618 3211 xw.
1636 3181 1691 3206 art.
1710 3175 1739 3211 5,
1756 3175 1789 3206 in
1813 3183 1918 3215 corp.:
1946 3187 1960 3202 ι
1980 3175 2122 3214 Quidam
2137 3180 2246 3206 autem
2261 3174 2373 3206 dicunt
2396 3175 2486 3215 quod

1418 3218 1531 3261 (opera
1553 3220 1640 3251 bona
1662 3224 1748 3250 extra
1771 3219 1933 3250 caritatem
1956 3218 2051 3259 facta)
2072 3220 2257 3250 diminuunt
2279 3229 2419 3260 poenam
2435 3220 2484 3250 in-

1417 3264 1508 3300 ferni,
1525 3274 1594 3294 non
1616 3263 1832 3295 subtrahendo
1864 3263 1984 3304 aliquid
2007 3264 2047 3295 de
2070 3265 2139 3304 ipsa
2169 3270 2327 3305 quantum
2351 3263 2391 3294 ad
2413 3265 2484 3294 sub-

1417 3309 1582 3345 stantiam,
1607 3308 1663 3339 sed
1694 3307 1896 3339 fortificando
1929 3309 2109 3340 subiectum
2132 3314 2169 3339 ut
2191 3309 2306 3340 melius
2329 3309 2484 3339 sustinere

1416 3354 1518 3394 possit
1533 3366 1560 3383 ι.
1578 3353 1671 3384 Hanc
1687 3353 1877 3393 opinionem
1892 3352 2031 3384 refutant
2047 3353 2205 3390 Halensis,
2222 3353 2373 3384 Summae
2383 3362 2416 3393 p.
2430 3353 2483 3389 IV,

1418 3407 1473 3438 qu.
1489 3408 1572 3433 xxrv,
1589 3407 1632 3428 m.
1649 3408 1680 3437 4,
1698 3402 1754 3428 art.
1773 3397 1802 3434 3,
1819 3398 1837 3435 ἓ
1859 3397 1928 3433 ult„
1946 3403 1977 3428 et
2001 3397 2033 3429 S.
2055 3397 2293 3434 Bonaventura‚
2317 3397 2360 3427 IV
2376 3397 2482 3434 Sent.,

1417 3442 1488 3474 dist.
1505 3452 1555 3478 xv,
1572 3452 1604 3483 p.
1621 3453 1642 3479 x,
1659 3447 1715 3473 art.
1732 3443 1829 3478 unic„
1846 3450 1901 3481 qu.
1919 3442 1949 3472 6.

1473 3486 1569 3518 Ibid.:
1597 3499 1611 3513 «
1631 3486 1772 3525 Quidam
1795 3486 1892 3518 etiam
1915 3486 2026 3517 dicunt
2049 3486 2140 3527 quod
2166 3485 2355 3517 diminuitur
2377 3495 2484 3526 poena

1417 3537 1575 3572 quantum
1598 3530 1638 3561 ad
1660 3541 1804 3562 vermem
1826 3531 2051 3568 conscientiae,
2075 3531 2149 3562 licet
2170 3540 2239 3562 non
2262 3536 2420 3571 quantum
2443 3529 2486 3560 ad
