2918 4088
185 330 194 338 “
204 328 242 348 Ps.
253 333 297 355 xci,
309 333 367 349 vers.
377 334 394 355 5.

179 801 189 811 ·
204 799 270 821 Vers.
285 806 321 827 24,
336 806 368 828 ²5·

179 965 189 975 '
199 964 263 986 Vers.
275 971 293 991 ι,
304 970 324 986 2.
333 976 342 981 -
354 964 389 986 Cf.

178 996 389 1018 eap.xxxviu,vers.

180 1024 197 1043 ι,
214 1024 233 1039 2.

175 1280 185 1288 ·
214 1278 248 1299 Ma
251 1278 291 1299 nh.
322 1283 348 1298 ca
352 1284 373 1304 ρ

175 1311 243 1327 xxvn.
275 1310 318 1325 e.rs
333 1306 362 1325 60

175 1331 236 1352 blare

239 1347 244 1351 .
260 1311 316 1358 v.cap

176 1364 234 1379 vvvvv
252 1357 294 1383 46;
318 1357 372 1378 Luc.

175 1389 303 1411 ca.x1,pxu
314 1390 372 1405 vesr

174 1417 206 1438 53·

271 1437 284 1462 δ

173 1918 183 1928 ·
197 1917 262 1939 Vers.
280 1925 298 1940 ι.

170 2663 180 2673 ·
194 2661 261 2683 Vei-s.
275 2667 313 2683 20.

430 148 507 185 274

478 229 513 263 4.
541 217 772 263 PRAETEREA,
802 218 929 253 solum
956 216 1087 254 divina
1116 230 1234 266 opera
1263 218 1403 254 debent
1431 229 1487 253 re-

424 269 497 306 coli
526 281 615 306 cum
644 270 815 317 quadam
843 270 1100 306 solemnitate:
1141 270 1354 307 secundum
1394 269 1487 306 illud

423 322 563 358 Psalmi
583 322 618 358 *ε
648 324 694 358 In
725 324 895 371 operibus
923 335 1103 360 manuum
1131 329 1280 359 tuarum
1301 323 1484 359 exultabo.

424 375 500 412 Sed
529 374 685 411 ecclesia
709 376 771 412 vel
799 377 913 412 altare
942 387 1058 424 opere
1088 376 1262 412 humano
1291 387 1485 426 consecra-

421 435 498 464 tur:
531 427 626 464 sicut
654 435 690 464 et
717 428 812 465 calix
841 436 876 465 et
904 428 1063 464 ministri
1093 436 1128 464 et
1156 428 1227 464 alia
1247 427 1483 464 huiusmodi.

422 481 499 517 Sed
527 481 667 517 horum
699 481 1004 518 consecrationes
1032 492 1112 517 non
1142 482 1362 517 recoluntur
1389 482 1485 517 cele-

421 533 536 570 briter
571 533 611 570 in
649 534 828 571 Ecclesia.
868 535 971 581 Ergo
1005 545 1132 582 neque
1160 533 1396 570 consecratio
1426 545 1484 570 ec-

421 586 555 623 clesiae
582 588 644 623 vel
671 587 795 624 altaris
823 599 914 623 cum
942 586 1180 623 solemnitate
1209 586 1324 623 recoli
1359 587 1482 623 debet.

476 640 509 676 5.
531 640 762 683 Pmnremm,
783 639 920 676 veritas
940 639 1053 675 debet
1073 640 1305 687 respondere
1326 639 1481 687 figurae.

421 692 498 729 Sed
526 692 565 729 in
591 692 711 729 veteri
730 694 990 737 Testamento,
1012 692 1118 740 quod
1137 692 1291 740 gerebat
1318 692 1485 740 figuram

419 745 532 792 novi,
562 757 642 783 non
670 745 786 782 fiebat
814 747 928 782 altare
963 745 1009 781 de
1039 745 1229 794 lapidibus
1267 745 1389 782 sectis:
1428 745 1483 782 di-

419 798 516 835 citur
548 799 653 835 enim
689 798 810 835 Exod.
831 811 878 834 xx
897 797 934 834 ²⁸:
971 798 1102 834 Altare
1135 799 1180 835 de
1214 804 1315 835 terra
1340 799 1484 844 facietis

419 853 518 888 mihi.
555 852 664 893 Quod
689 853 722 888 si
748 852 866 888 altare
893 851 1078 900 lapideum
1103 851 1265 897 feceritis
1284 853 1386 898 mihi,
1408 865 1483 889 non

418 905 655 952 aedificabitis
683 904 774 940 illud
800 905 844 940 de
870 906 974 940 sectis
1001 904 1193 953 lapidibus.
1223 905 1350 941 Exodi
1370 904 1484 941 etiam

418 969 511 994 xxvu
530 957 550 978 ²¹⁶
578 957 784 994 mandatur
811 956 894 992 fieri
923 957 1042 992 altare
1069 957 1114 992 de
1132 957 1244 1006 lignis
1271 959 1399 1004 settim,
1419 970 1483 994 ve-

418 1010 508 1046 stitis
528 1022 638 1054 aere-,·
664 1010 726 1045 vel
746 1009 860 1045 etiam
886 1021 992 1052 auro,
1013 1016 1055 1045 ut
1081 1009 1244 1046 habetur
1261 1011 1383 1047 Exod.
1399 1007 1481 1047 va.

417 1063 518 1121 Ergo
547 1062 699 1098 videtur
727 1060 1042 1097 inconvenienter
1061 1061 1257 1098 observari
1285 1062 1324 1098 in
1354 1063 1483 1099 Eccle-

417 1115 472 1151 sia
499 1115 605 1163 quod
634 1116 749 1150 altare
777 1113 844 1150 fiat
873 1114 1001 1149 solum
1030 1114 1077 1150 de
1106 1114 1308 1162 lapidibus.

470 1168 505 1203 6.
536 1168 774 1212 PRAETER-EA,
804 1165 900 1202 calix
928 1178 1019 1203 cum
1054 1173 1193 1227 patena
1226 1175 1484 1215 repraesentat

417 1221 638 1269 sepulcrum
668 1218 817 1256 Christi.
854 1218 973 1265 Quod
1000 1218 1069 1255 fuit
1097 1231 1263 1256 excisum
1293 1221 1329 1256 in
1353 1226 1481 1269 petra,

416 1281 457 1309 ut
485 1273 524 1309 in
553 1272 769 1320 Evangeliis
788 1271 807 1292 '¹‘
835 1272 1008 1309 habetur.
1039 1273 1140 1320 Ergo
1169 1273 1265 1310 calix
1293 1273 1406 1310 debet
1434 1273 1482 1310 de

415 1334 522 1375 petra
549 1326 649 1372 fieri,
680 1333 716 1362 et
744 1337 824 1361 non
852 1326 980 1361 solum
1013 1325 1061 1362 de
1097 1334 1253 1374 argento
1282 1327 1344 1362 vel
1371 1339 1480 1373 auro,

415 1381 477 1416 vel
505 1379 619 1416 etiam
647 1379 695 1415 de
715 1377 727 1399 δ
757 1385 904 1415 stanno.

469 1445 503 1480 7.
533 1433 764 1478 PRAETEREA,
785 1431 881 1468 sicut
908 1443 1048 1468 aurum
1073 1431 1275 1480 pretiosius
1304 1440 1358 1468 est
1385 1432 1482 1469 inter

414 1485 592 1522 materias
623 1497 828 1529 vasorum,
857 1484 907 1520 ita
941 1484 1059 1533 panni
1095 1484 1202 1522 serici
1237 1485 1481 1534 pretiosiores

414 1546 502 1575 sunt
531 1538 628 1574 inter
655 1537 749 1574 alios
776 1549 938 1586 pannos.
969 1538 1084 1586 Ergo,
1114 1538 1210 1575 sicut
1238 1538 1334 1575 calix
1361 1538 1404 1575 fit
1432 1539 1480 1576 de

413 1604 520 1638 auro,
551 1590 601 1628 ita
628 1591 749 1640 pallae
778 1590 902 1628 altaris
930 1591 1072 1627 debent
1099 1590 1183 1628 fieri
1212 1591 1260 1628 de
1289 1591 1423 1639 serico,
1444 1600 1481 1629 et

413 1657 494 1681 non
523 1646 650 1681 solum
678 1644 725 1680 de
754 1655 885 1693 panno
914 1644 1028 1681 lineo.

467 1699 501 1734 8.
532 1699 773 1744 ΡΜΕΤΕΒΕΑ,
803 1697 1036 1746 dispensatio
1075 1705 1407 1735 sacramentorum
1444 1706 1480 1735 et

413 1750 602 1788 ordinatio
632 1762 770 1787 eorum
798 1751 846 1787 ad
874 1749 1068 1788 ministros
1087 1750 1279 1788 Ecclesiae
1305 1751 1478 1800 pertinet,

412 1803 509 1840 sicut
528 1803 911 1852 dispensatio'rerum
939 1804 1214 1853 temporalium
1233 1804 1403 1842 subiacet
1422 1818 1480 1842 or-

412 1856 598 1894 dinationi
624 1857 844 1906 principum
873 1857 1145 1894 saecularium:
1182 1858 1286 1894 unde
1315 1859 1480 1907 Aposto-

413 1911 470 1946 lus
499 1909 598 1956 dicit,
627 1911 641 1946 Ι
665 1912 807 1947 Cor.1v
825 1910 863 1947 *z
895 1912 955 1947 Sic
992 1922 1059 1947 nos
1091 1911 1271 1948 existimet
1302 1912 1414 1948 homo
1443 1918 1480 1948 ut

411 1964 596 2000 ministros
619 1965 755 2000 Christi
771 1969 804 2000 et
822 1963 1089 2012 dispensatores
1111 1965 1376 2012 mysteriorum
1394 1965 1477 2001 Dei.

413 2016 488 2053 Sed
517 2015 547 2052 si
576 2015 674 2053 circa
702 2016 1028 2065 dispensationem
1048 2029 1178 2053 rerum
1206 2017 1479 2066 temporalium

411 2068 555 2117 aliquid
583 2068 691 2106 fieret
718 2077 851 2106 contra
879 2077 1016 2106 statuta
1048 2069 1286 2119 principum,
1316 2069 1480 2107 habetur

411 2122 571 2158 irritum.
611 2123 734 2171 Ergo,
765 2122 795 2159 si
824 2123 919 2160 haec
947 2135 1047 2172 quae
1076 2122 1176 2160 dicta
1203 2130 1308 2169 sunt,
1338 2135 1478 2160 conve-

410 2175 558 2212 nienter
585 2184 674 2212 sunt
701 2182 838 2212 statuta
865 2188 935 2225 per
962 2177 1150 2225 praelatos
1179 2175 1392 2222 Ecclesiae,
1422 2176 1478 2213 vi—

411 2228 522 2265 detur
549 2229 657 2277 quod
686 2228 766 2265 sine
795 2228 854 2265 his
883 2229 1022 2266 confici
1042 2234 1053 2250 ⁶
1082 2241 1162 2266 non
1189 2229 1318 2278 possit.
1349 2230 1398 2266 Et
1425 2229 1479 2266 sic

410 2281 562 2318 videtur
590 2282 699 2331 sequi
727 2281 835 2331 quod
863 2283 982 2320 verba
1012 2281 1152 2319 Christi
1185 2294 1264 2319 non
1293 2282 1366 2319 sint
1403 2283 1478 2320 suf-

409 2333 576 2371 ficientia
622 2336 669 2372 ad
712 2336 788 2372 hoc
834 2343 1121 2373 sacramentum
1162 2335 1476 2373 conficiendum:

410 2387 518 2436 quod
555 2395 610 2425 est
637 2388 927 2426 inconveniens.
964 2389 1057 2426 Non
1088 2400 1178 2436 ergo
1207 2389 1360 2426 videtur
1387 2401 1478 2425 con-

410 2440 569 2477 veniens
588 2441 702 2478 fuisse
731 2441 839 2491 quod
859 2442 955 2479 haec
980 2442 1080 2479 circa
1104 2441 1403 2480 celebrationem
1422 2454 1477 2479 sa-

410 2493 595 2530 cramenti
623 2502 888 2531 statuerentur.

465 2547 538 2583 SED
568 2559 712 2584 CONTRA
739 2559 804 2584 EST
832 2548 939 2596 quod
968 2560 1013 2585 ea
1041 2559 1141 2596 quae
1168 2559 1238 2596 per
1266 2546 1478 2584 Ecclesiam

411 2606 638 2643 statuuntur,
659 2600 707 2637 ab
731 2600 815 2649 ipso
846 2600 998 2638 Christo
1023 2600 1260 2645 ordinantur,
1282 2599 1349 2650 qui
1376 2600 1476 2646 dicit,

409 2653 545 2689 Matth.
566 2665 647 2690 xvm
666 2653 705 2690 *t
731 2654 960 2703 Ubicumque
967 2654 1116 2702 fuerint
1135 2654 1207 2691 duo
1226 2654 1285 2692 vel
1302 2659 1374 2691 tres
1392 2664 1478 2690 con-

408 2707 562 2756 gregati
587 2707 623 2742 in
654 2708 806 2744 nomine
823 2720 918 2754 meo,
940 2708 992 2744 ibi
1012 2719 1095 2744 sum
1123 2708 1160 2744 in
1187 2707 1309 2744 medio
1335 2719 1476 2744 eorum.

462 2760 687 2796 RESPONDEO
707 2772 890 2798 DICENDUM
914 2759 1022 2810 quod
1050 2759 1090 2797 in
1109 2759 1168 2796 his
1196 2772 1296 2810 quae
1316 2759 1477 2797 circum-

411 2819 509 2849 stant
527 2812 604 2850 hoc
622 2821 917 2860 sacramentum,
939 2813 1019 2850 duo
1046 2813 1353 2851 considerantur:
1383 2825 1477 2862 quo-

411 2877 499 2902 rum
527 2877 653 2903 unum
672 2865 835 2915 pertinet
862 2867 911 2904 ad
931 2866 1317 2916 repraesentationem
1340 2878 1475 2903 eorum

411 2930 511 2967 quae
531 2918 630 2956 circa
644 2919 891 2957 Dominicarn
905 2919 1127 2970 passionem
1146 2928 1235 2957 sunt
1253 2927 1354 2966 acta;
1374 2918 1478 2956 aliud

412 2978 541 3008 autem
560 2972 723 3021 pertinet
742 2972 790 3009 ad
810 2973 1066 3011 reverentiam
1094 2972 1211 3010 huius
1238 2972 1476 3020 sacramenti,

411 3024 451 3060 in
479 3036 559 3073 quo
580 3025 754 3063 Christus
783 3025 1001 3063 secundum
1024 3025 1223 3063 veritatem
1249 3025 1476 3074 continetur,

412 3084 448 3113 et
475 3089 556 3114 non
584 3079 712 3116 solum
738 3078 834 3116 sicut
853 3079 892 3116 in
910 3078 1044 3127 figura.
1074 3079 1187 3116 Unde
1216 3087 1252 3116 et
1280 3090 1478 3116 consecra-

411 3129 534 3166 tiones
554 3131 785 3169 adhibentur
799 3131 858 3169 his
878 3132 993 3169 rebus
1008 3143 1108 3182 quae
1122 3132 1283 3169 veniunt
1302 3131 1342 3169 in
1361 3143 1479 3169 usum

412 3182 529 3219 huius
557 3184 801 3222 sacramenti:
836 3192 920 3222 tum
948 3192 1105 3235 propter
1138 3185 1393 3223 reverentiam
1421 3197 1478 3222 sa-

464 3298 489 3332 ὂ)
508 3300 588 3324 etiam
609 3300 650 3325 de.
667 3314 687 3318 -
705 3301 766 3325 Om.
785 3308 802 3324 a
821 3306 846 3326 et
863 3301 944 3326 tertia.

465 3334 487 3376 ε)
507 3335 609 3395 εοέβεί.
626 3350 645 3354 -
662 3343 759 3367 corpus
781 3336 882 3361 Christi
899 3336 994 3368 confici
1012 3336 1098 3366 P1s03
1119 3344 1166 3369 pro
1180 3337 1276 3368 possit,
1291 3340 1408 3369 possunt
1426 3336 1476 3366 Ha,

408 3374 516 3402 possint
550 3378 572 3395 c.

1067 139 1330 185 QUAESTIO
1360 140 1568 186 LXXXIII,

1597 140 1892 178 ARTICULUS
1921 142 1966 178 ΠΙ

1542 218 1900 263 cramenti31um‘
1938 219 1986 256 ad
2023 222 2389 278 repraesentandum
2426 222 2607 259 effectum

1542 270 1744 307 sanctitatis
1765 277 1782 298 η
1811 271 1878 320 qui
1908 283 1954 308 ex
1973 272 2151 320 passione
2173 273 2312 310 Christi
2339 275 2528 324 provenit,
2550 287 2606 312 se-

1542 323 1716 359 cundum
1745 323 1837 360 illud
1865 325 1964 361 Heh.
1995 326 2060 361 ult.
2081 325 2117 361 *ε
2147 327 2267 372 Iesus,
2297 333 2334 363 ut
2360 330 2645 376 sanctificaret'

1536 388 1607 424 per
1633 388 1741 412 suum
1768 378 1991 426 sanguinem
2014 378 2208 427 populum,
2238 386 2306 416 etc.

1593 430 1650 465 AD
1671 441 1806 466 PR1MUM
1827 441 1924 466 ERGO
1944 441 2127 467 DICENDUM
2149 432 2255 490 quod
2284 433 2504 480 regulariter
2531 434 2607 469 hoc

1540 489 1824 518 sacramentum
1843 482 2026 519 celebrari
2046 483 2159 520 debet
2187 483 2227 520 in
2246 484 2378 532 domo,
2399 498 2468 535 per
2486 497 2606 534 quam

1540 533 1774 581 significatur
1801 534 1982 581 Ecclesia,
2012 536 2226 573 secundum
2256 536 2383 575 illudI
2406 541 2502 576 Tim.
2518 537 2604 574 111*:

1539 589 1642 624 Scias
1670 587 1855 636 quomodo
1883 593 2052 637 oporteat
2077 594 2112 625 te
2139 590 2176 625 in
2206 581 2317 626 domo
2345 592 2419 628 Dei
2453 603 2607 628 conver-

1537 642 1626 686 sari,
1652 653 1746 689 quae
1773 646 1824 677 est
1850 641 2016 677 Ecclesia
2041 642 2115 677 Dei
2139 643 2223 679 vivi.
2253 645 2376 680 Extra
2401 644 2607 680 Ecclesiam

1539 692 1643 729 enim
1671 693 1773 730 locus
1802 706 1875 730 non
1905 699 1962 730 est·
1983 697 2062 730 veri
2087 696 2272 742 sacrificii,
2301 703 2343 732 ut
2370 695 2607 744 Augustinus

1539 745 1628 782 dicit
1646 746 1676 782 ²⁸.
1713 747 1761 783 Et
1789 745 1879 795 quia
1907 746 2077 783 Ecclesia
2111 759 2191 784 non
2226 756 2305 785 erat
2337 748 2608 786 concludenda

1539 799 1610 836 sub
1639 799 1783 836 finibus
1810 799 1930 846 gentis
1950 799 2136 846 Iudaicae,
2158 801 2225 837 sed
2254 809 2333 838 erat
2359 801 2400 838 in
2423 801 2648 838 universox

1538 852 1689 889 mundo
1718 852 1927 899 fundanda,
1947 852 2036 890 ideo
2056 853 2183 902 passio
2205 854 2344 891 Christi
2371 867 2452 891 non
2471 862 2527 891 est
2545 866 2606 890 ce-

1538 905 1681 942 lebrata
1708 905 1805 942 infra
1832 905 2023 942 civitatem
2042 906 2288 952 Iudaeorum,
2313 908 2381 944 sed
2409 907 2481 944 sub
2501 906 2604 954 divo,

1538 966 1580 995 ut
1607 958 1661 994 sic
1688 965 1791 995 totus
1825 959 1998 995 mundus
2025 959 2183 996 haberet
2219 972 2259 996 se
2297 961 2346 997 ad
2383 960 2605 1010 passionem

1540 1010 1680 1047 Christi
1707 1018 1749 1046 ut
1777 1011 1930 1047 domus.

1592 1063 1640 1099 Et
1667 1070 1808 1110 tamen,
1838 1071 1880 1100 ut
1908 1063 2045 1100 dicitur
2073 1064 2118 1100 de
2146 1066 2334 1112 Consecr.,
2362 1066 2445 1103 dist.
2473 1067 2500 1112 1,
2519 1078 2603 1114 cap.

1542 1115 1808 1152 Concedimus:
1833 1117 1881 1152 In
1902 1117 2032 1152 itinere
2046 1118 2184 1165 posim,
2203 1119 2237 1154 si
2262 1119 2415 1156 ecclesia
2436 1119 2604 1165 defuerit,

1537 1169 1604 1204 suh
1632 1168 1716 1204 divo
1743 1168 1802 1205 vel
1828 1170 1894 1204 suh
1921 1171 2090 1214 tentorio,
2110 1171 2144 1205 si
2159 1171 2285 1207 tabula
2304 1177 2521 1209 consecrata
2548 1183 2605 1208 ce-

1536 1226 1688 1269 teraque
1714 1232 1824 1257 sacra
1851 1222 2031 1268 mysteria
2060 1221 2110 1258 ad
2136 1222 2175 1258 id
2200 1223 2366 1270 officium
2380 1225 2606 1272 pertinentia

1538 1275 1589 1310 ibi
1614 1272 1808 1322 affuerint,
1837 1275 2036 1316 missarum
2063 1274 2232 1312 solennia
2267 1276 2452 1313 celebrari
2476 1288 2606 1314 conce-

1537 1327 1668 1363 dimus.

1590 1380 1647 1416 AD
1672 1391 1862 1416 SECUNDUM
1887 1391 2070 1417 DICENDUM
2099 1381 2218 1429 quod,
2243 1381 2334 1430 quia
2353 1380 2365 1403 θ
2395 1382 2537 1419 domus
2564 1381 2606 1419 in

1537 1445 1615 1481 qua
1642 1433 1718 1469 hoc
1746 1439 2032 1469 sacramentum
2060 1433 2287 1481 celebratur,
2317 1435 2530 1472 Ecclesiam
2557 1434 2605 1471 si-

1535 1485 1700 1533 gnificat,
1731 1485 1827 1522 sicut
1855 1492 1891 1522 et
1919 1485 2072 1523 ecclesia
2107 1486 2341 1534 nominatur,
2370 1487 2605 1525 convenien-

1535 1546 1591 1575 ter
1627 1546 1888 1575 consecratur:
1927 1546 2011 1576 tum
2045 1539 2095 1576 ad
2123 1536 2491 1589 repraesentandum
2519 1553 2604 1578 san-

1535 1591 1807 1629 ctificationem
1843 1603 1964 1640 quam
2001 1592 2171 1629 Ecclesia
2207 1602 2415 1631 consecuta
2453 1601 2508 1630 est
2535 1606 2606 1643 per

1534 1645 1757 1694 passionem
1786 1644 1944 1691 Christi;
1973 1652 2057 1682 tum
2085 1645 2201 1683 etiarn
2229 1647 2284 1684 ad‘
2306 1646 2604 1695 significandum

1535 1697 1773 1735 sanctitatem
1808 1710 1908 1746 quae
1937 1698 2142 1747 requiritur
2173 1699 2214 1736 in
2246 1699 2307 1736 his
2337 1700 2406 1749 qui
2432 1700 2509 1737 hoc
2545 1712 2604 1737 sa-

1534 1758 1777 1788 cramentum
1797 1750 1990 1799 suscipere
2009 1751 2161 1789 debent.
2181 1774 2207 1779 —
2242 1754 2316 1789 Per
2333 1754 2448 1790 altare
2471 1759 2604 1790 autem

1535 1803 1770 1852 significatur
1787 1803 1868 1853 ipse
1890 1803 2075 1851 Christus,
2096 1805 2143 1842 de
2164 1817 2244 1854 quo
2272 1805 2362 1843 dicit
2379 1806 2602 1855 Apostolus,

1534 1858 1632 1894 Heb.
1653 1858 1718 1894 ult.
1740 1857 1780 1894 *z
1808 1858 1883 1894 Per
1910 1858 2029 1907 ipsum
2063 1857 2267 1907 offeramus
2297 1860 2454 1896 hostiam
2482 1859 2602 1897 laudis

1532 1911 1626 1947 Deo.
1663 1910 1774 1948 Unde
1804 1917 1840 1946 et
1866 1910 2103 1948 consecratio
2136 1911 2260 1948 altaris
2297 1911 2483 1960 significat
2516 1923 2602 1954 san-

1533 1963 1701 2000 ctitatem
1729 1962 1888 2007 Christi,
1918 1963 1966 1999 de
1995 1976 2073 2012 qua
2100 1964 2238 2001 dicitur
2264 1965 2360 2002 Luc.
2389 1976 2399 2001 1
2422 1963 2457 2001 *z
2494 1963 2604 2007 Quod

1533 2028 1582 2053 ex
1600 2022 1634 2052 te
1653 2021 1824 2053 nascetur
1841 2022 2022 2063 sanctum,
2042 2019 2234 2054 vocabitur
2251 2017 2368 2054 Filius
2386 2018 2468 2054 Dei.
2489 2017 2601 2055 Unde

1533 2070 1578 2106 de
1601 2071 1789 2115 consecr„
1810 2068 1892 2106 dist.
1913 2070 1928 2106 1
1946 2068 1977 2116 ²¹⁸,
2002 2069 2155 2107 dicitur:
2184 2071 2332 2107 Altaria
2356 2070 2497 2120 placuit
2524 2083 2600 2108 non

1531 2122 1651 2159 solum
1679 2124 1851 2159 unctione
1886 2123 2113 2170 chrismatis,
2141 2123 2208 2160 sed
2237 2124 2348 2161 etiam
2380 2123 2604 2161 sacerdotali

1532 2176 1783 2213 benedictione
1809 2177 1965 2212 sacrari.

1586 2229 1634 2266 Et
1661 2228 1749 2266 ideo
1778 2228 1998 2276 regulariter
2019 2241 2101 2266 non
2126 2229 2212 2266 licet
2239 2229 2430 2267 celebrare
2449 2230 2526 2267 hoc
2545 2241 2600 2266 sa-

1532 2289 1775 2318 cramentum
1809 2281 1882 2318 nisi
1916 2281 1956 2318 in
1991 2281 2174 2319 domibus
2208 2282 2448 2320 consecratis.
2486 2282 2599 2320 Unde

1532 2334 1586 2372 sic
1613 2335 1778 2372 habetur
1802 2334 1847 2371 de
1869 2336 2057 2381 Consecr.,
2078 2334 2161 2372 dist.
2182 2336 2196 2372 I
2214 2335 2254 2372 *z
2283 2336 2422 2373 Nullus
2443 2337 2600 2385 presby-

1531 2394 1587 2425 ter
1613 2390 1765 2425 missam
1784 2387 1975 2425 celebrare
1987 2394 2206 2437 praesumat
2225 2390 2296 2425 nisi
2322 2390 2360 2425 in
2379 2390 2534 2426 sacratis
2552 2390 2600 2426 ab

1532 2443 1702 2491 episcopo
1730 2441 1830 2477 Iocis.
1861 2441 2023 2490 Propter
2050 2441 2158 2489 quod
2186 2440 2312 2484 etiam,
2342 2441 2434 2490 quia
2460 2441 2600 2490 pagani

1531 2506 1612 2531 non
1641 2501 1730 2530 sunt
1756 2493 1805 2530 de
1833 2493 2004 2531 Ecclesia
2031 2506 2103 2530 nec
2130 2494 2192 2531 alii
2215 2494 2401 2541 infideles,
2421 2494 2509 2531 ideo
2538 2506 2599 2532 ea-

1531 2547 1622 2584 dem
1650 2546 1890 2583 distinctione
1909 2546 1929 2568 *
1957 2546 2110 2594 legitur:
2139 2548 2345 2585 Ecclesiam
2375 2550 2412 2584 in
2437 2560 2510 2597 qua
2537 2560 2599 2585 ca-

1531 2600 1671 2637 davera
1699 2605 1934 2637 mortuorum
1962 2600 2167 2648 infidelium
2193 2600 2438 2650 sepeliuntur,
2464 2602 2599 2639 sancti-

1520 2655 1647 2701 ficare
1675 2665 1749 2690 non
1773 2653 1874 2689 licet:
1900 2653 1975 2699 sed,
1994 2654 2029 2690 si
2045 2659 2131 2703 apta
2149 2653 2293 2692 videtur
2310 2654 2362 2692 ad
2378 2665 2599 2692 consecran-

1532 2706 1639 2752 dum,
1668 2706 1754 2743 inde
1780 2706 1913 2744 evulsis
1939 2707 2176 2756 corporibus,
2205 2712 2239 2743 et
2273 2709 2367 2744 rasis
2395 2706 2600 2756 parietibus

1530 2759 1590 2797 vel
1615 2760 1728 2809 tignis
1755 2760 1831 2796 eius
1849 2759 1933 2805 loci,
1953 2759 2219 2808 reaedificetur.
2249 2760 2324 2797 Sed
2343 2761 2377 2797 si
2392 2761 2486 2797 haec
2511 2766 2599 2797 con*

1530 2818 1674 2850 secrata
1699 2814 1804 2862 prius
1828 2812 1953 2859 fuerit,
1981 2814 2112 2850 missas
2139 2814 2177 2850 in
2210 2825 2255 2850 ea
2282 2812 2473 2850 celebrare
2497 2813 2600 2849 licet.-

1530 2872 1654 2904 tamen
1681 2867 1715 2902 si
1729 2865 1865 2914 fideles
1881 2865 2043 2914 ficerunt
2070 2867 2134 2916 qui
2158 2867 2196 2903 in
2225 2878 2270 2903 ea
2293 2866 2426 2916 sepulti
2448 2870 2542 2902 sunt.

1585 2919 1748 2968 Propter
1774 2918 2039 2956 necessitatem
2066 2926 2196 2956 tamen
2223 2925 2349 2968 potest
2370 2918 2447 2955 hoc
2474 2929 2596 2955 sacra-

1531 2979 1708 3009 mentum
1733 2971 1862 3021 peragi
1890 2970 1930 3008 in
1957 2971 2140 3009 domibus
2167 2982 2249 3008 non
2276 2969 2514 3017 consecratis,
2534 2971 2597 3008 vel

1531 3024 1700 3062 violatis:
1731 3024 1799 3062 sed
1826 3032 1956 3061 tamen
1984 3023 2032 3061 de
2060 3035 2251 3061 consensu
2273 3023 2453 3073 episcopi.
2482 3023 2596 3061 Unde

1530 3078 1570 3115 in
1589 3077 1727 3115 eadem
1747 3076 2016 3115 distinctione*
2034 3076 2183 3125 legitur:
2203 3077 2411 3114 Mssarum
2425 3076 2596 3114 solennia

1532 3143 1606 3168 non
1635 3131 1867 3180 ubicumque,
1886 3130 1952 3168 sed
1977 3131 2015 3167 in
2033 3129 2123 3167 locis
2141 3131 2189 3167 ab
2208 3131 2377 3179 episcopo
2401 3141 2594 3167 consecra-

1530 3186 1586 3231 tis,
1614 3183 1674 3221 vel
1700 3184 1765 3220 uhi
1790 3184 1866 3232 ipse
1886 3182 2113 3233 permiserit,
2142 3182 2364 3220 celebranda
2392 3194 2592 3220 censemus.

1582 3298 1610 3333 η)
1628 3299 1791 3325 sanctitatis.
1817 3313 1836 3318 —
1862 3298 2027 3324 sacramenti
2051 3298 2125 3323 tertia
2153 3303 2255 3331 praeter
2281 3298 2305 3329 1;
2335 3298 2411 3334 Alias
2441 3299 2596 3325 sanctitatis

1531 3335 1699 3403 marigoqzi'a.
1716 3383 1736 3388 —-
1753 3369 1777 3400 1;
1796 3376 1864 3400 om.;
1883 3376 1931 3402 pro
1952 3368 2146 3398 convenienter,
2165 3376 2234 3402 quae
2255 3369 2443 3395 convenienter·
2461 3370 2513 3401 PD,
2532 3377 2595 3396 con-

465 3404 491 3439 ζ)
506 3409 621 3437 propter
647 3406 824 3431 reverentiam
843 3406 1021 3435 sacr-ameum
1041 3410 1106 3431 tum.
1134 3420 1154 3425 -
1177 3409 1291 3438 propter
1315 3406 1478 3431 sacramenti
1530 3405 1666 3430 venienter
1684 3407 1771 3430 tamen
1791 3404 1833 3430 ed.
1850 3411 1876 3434 a,
1894 3404 2080 3429 convenienter
2098 3406 2125 3429 et
2143 3404 2173 3429 F.

413 3441 589 3510 reverentiam
617 3444 673 3466 tum
700 3441 719 3465 F
743 3447 768 3466 et
794 3442 876 3472 tertia,
904 3449 957 3467 om.
985 3442 1061 3466 ceteri
1089 3440 1142 3475 (ed.
1165 3449 1182 3466 a
1206 3449 1260 3467 om.
1287 3441 1394 3474 insuper
1421 3445 1476 3466 tum

412 3477 571 3508 praecedens
586 3494 592 3501 .

2661 332 2726 355 vers.
2743 339 2775 356 ¹2.

2635 542 2726 564 'Verm
2742 549 2750 564 ¹
2754 548 2772 570 5.

2633 753 2767 805 ,ς’ἒὲῗέὧῗῖ·
2774 754 2832 803 334.

2682 807 2762 828 -lmer
2769 807 2832 835 Opp.

2633 834 2695 860 Aug.

2629 1866 2640 1877 ·
2653 1865 2721 1888 vers.
2737 1872 2769 1894 ¹5.

2629 1972 2640 1983 ¹
2653 1970 2722 1994 Ven-
2734 1976 2768 2000 35.

2628 2080 2639 2091 “
2653 2079 2710 2103 Can.
2724 2079 2830 2104 Aliaria.

2626 2345 2638 2356 ·
2661 2344 2720 2367 Cm.
2742 2344 2827 2368 Nullus

2623 2371 2759 2400 presbyter.

2625 2556 2700 2580 ’.ῦι
2708 2556 2840 2580 &octena-

2733 2585 2840 2616 nortgo-

2625 2558 2715 2611 ἓξ

2622 3086 2633 3096 ·
2641 3084 2698 3108 Cnn.
2704 3084 2837 3107 Missam-

2621 3111 2746 3134 solemnia.
