2918 4088
34 1079 35 1082 ’
78 1074 290 1102 ‘Imm-xxi,

24 1115 31 1122 .-
64 1106 139 1130 jn·-
155 1106 180 1129 ¹7
193 1106 247 1130 sqq.

967 201 1231 248 QUAESTIO
1259 193 1452 247 LXXXII,
1482 199 1774 236 ARTICULUS
1802 200 1852 236 VI

319 280 479 320 Christi:
516 292 596 317 non
624 287 754 317 tamen
782 287 861 317 erat
893 287 1017 317 certus
1045 291 1085 316 se
1113 290 1195 316 esse
1223 277 1379 314 iustum.

317 335 447 372 Potest
474 344 564 382 ergo
593 332 729 382 aliquis
748 344 830 370 esse
857 331 1029 370 minister
1048 330 1188 368 Christi
1216 330 1330 367 etiam
1350 328 1381 365 si

317 387 440 424 iustus
476 397 557 423 non
593 385 648 423 sit.
691 386 740 422 Et
767 386 843 422 hoc
871 385 920 422 ad
948 383 1206 422 excellentiam
1242 380 1381 420 Christi

316 439 494 489 pertinet,
524 438 607 486 cui,
637 437 733 475 sicut
760 449 854 475 vero
882 438 987 483 Deo,
1017 436 1187 473 serviunt
1214 447 1295 472 non
1323 445 1381 471 so-

318 493 400 531 lum
428 491 555 550 bona,
568 491 635 528 sed
664 490 779 527 etiam
807 491 920 537 mala,
940 501 1040 538 quae
1059 500 1129 538 per
1147 487 1265 537 ipsius
1293 498 1381 536 pro-

317 543 524 582 videntiam
546 543 586 581 in
606 543 688 581 eius
715 542 875 591 gloriam
894 542 1131 579 ordinantur.
1161 540 1273 578 Unde
1300 551 1382 576 ma-

317 596 497 634 nifestum
526 605 581 634 est
608 596 716 646 quod
744 595 970 642 sacerdotes,
999 593 1112 631 etiam
1141 593 1174 630 si
1201 604 1282 630 non
1309 591 1383 629 sint

317 649 416 697 iusti,
447 650 514 687 sed
542 656 774 699 peccatores,
793 654 956 697 possunt
983 644 1264 684 Eucharistiam
1291 656 1382 681 con-

319 715 478 740 secrare.

371 757 429 792 AD
458 766 594 792 Palmum
629 765 727 791 ERGO
760 764 943 790 monimum
978 751 1085 800 quod
1119 749 1383 808 Hieronymus

317 820 388 858 per
414 808 476 845 illa
494 807 614 844 verba
641 805 834 855 improbat
853 816 1024 842 errorem
1051 803 1297 840 sacerdotum
1316 801 1384 851 qui

318 861 524 898 credebant
556 871 596 896 se
630 858 743 906 digne
779 869 894 907 posse
931 855 1213 894 Eucharistiam
1250 867 1383 892 conse-

318 925 423 951 crare
452 925 499 949 ex
526 913 602 948 hoc
630 912 712 948 solo
741 910 848 959 quod
877 917 966 946 sunt
1002 909 1238 956 sacerdotes,
1268 907 1384 945 etiam

318 965 350 1003 si
377 965 451 1002 sint
476 971 707 1014 peccatores
747 963 867 1010 Quod
894 962 1087 1011 improbat
1119 961 1383 1011 Hieronymus

317 1030 388 1068 per
414 1019 491 1055 hoc
518 1017 626 1066 quod
653 1015 841 1054 maculosi
869 1016 918 1053 ad
946 1017 1061 1052 altare
1089 1014 1271 1052 accedere
1294 1027 1383 1064 pro-

317 1070 538 1108 hibentur*
541 1070 671 1107 .N0n
694 1077 825 1106 tamen
844 1076 1067 1106 removetur
1085 1067 1192 1117 quin,
1213 1068 1244 1104 si
1262 1080 1383 1105 acces-

275 1170 278 1173 ·
318 1123 445 1171 serint,
474 1122 520 1160 sit
546 1134 683 1160 verum
713 1121 944 1161 sacrificium
972 1121 1079 1171 quod
1107 1121 1285 1158 offerunt.

371 1178 429 1215 AD
467 1188 656 1214 SECUNDUM
691 1187 873 1213 montinum
910 1175 1017 1224 quod
1054 1182 1140 1212 ante
1177 1174 1240 1212 illa
1266 1174 1386 1211 verba

319 1229 494 1268 Gelasius
531 1229 638 1279 Papa
673 1228 897 1278 praemittit:
943 1229 1191 1265 Sacrosancta
1230 1228 1385 1277 religio,

319 1396 322 1397 ν
337 1392 344 1394 >
373 1380 478 1418 esifon.
494 1397 514 1402 —
532 1382 552 1408 F
572 1387 597 1407 et
615 1381 703 1412 tertia;
722 1382 782 1406 ideo
801 1388 862 1406 non.

2420 204 2493 240 265

1437 289 1531 327 quae
1562 277 1791 314 Catholicam
1815 279 1974 313 continet
2002 278 2243 327 disciplenam
2263 286 2403 318 tantam
2430 283 2500 319 si'bz

1437 331 1682 368 reverentiam
1701 330 1863 366 vindicat
1891 336 1928 366 ut
1955 331 2006 366 ad
2023 343 2106 367 eam
2134 333 2279 380 quilibet
2307 335 2377 370 nisi
2397 347 2498 383 pura

1435 384 1658 419 conscientia
1687 394 1762 418 non
1791 382 1924 418 audeat
1947 385 2157 431 pervenire
2188 385 2245 420 Ex
2273 397 2352 433 quo
2377 386 2497 423 mani-

1435 435 1527 472 feste
1555 442 1713 484 apparet
1740 433 1822 471 eius
1842 434 2059 471 intentionis
2087 447 2169 472 esse
2198 438 2304 485 quod
2323 447 2499 486 peccator

1437 488 1615 525 sacerdos
1643 499 1723 524 non
1751 487 1865 523 debet
1892 487 2072 524 accedere
2100 489 2149 525 acl
2177 490 2254 525 hoc
2285 502 2498 528 sacramen-

1435 547 1532 577 tum.
1561 540 1674 577 Unde
1700 552 1772 588 per
1799 540 1875 576 hoc
1902 540 2009 588 quod
2038 540 2177 587 subdit,
2204 543 2398 583 Quomodo
2419 556 2499 580 cae-

1436 594 1531 630 lestis
1558 594 1713 642 Spiritus
1740 593 1940 630 advocatus
1967 593 2151 639 adveniet,
2180 593 2332 642 intelligi
2350 603 2500 644 oportet

1438 645 1545 694 quod
1573 657 1654 682 non
1682 645 1837 682 advenit
1865 657 1910 682 ex
1939 645 2075 682 merito
2104 647 2330 693 sacerdotis,
2359 649 2427 684 sed
2455 661 2501 685 ex

1437 698 1575 735 virtute
1605 697 1755 744 Christi,
1785 697 1894 734 cuius
1922 698 2041 735 verba
2067 699 2209 747 profert
2237 701 2424 737 sacerdos.

1490 752 1548 787 AD
1566 762 1726 787 TERTIUM
1744 762 1926 788 DICENDUM
1954 751 2073 799 quod,
2103 751 2199 789 sicut
2227 752 2363 789 eadem
2391 753 2500 799 actio,

1438 804 1670 852 inquantum
1689 803 1732 839 fit
1752 815 1798 840 ex
1815 812 1935 852 prava
1954 804 2163 841 intentione
2186 805 2358 850 ministri,
2378 814 2503 855 potest

1439 869 1520 894 esse
1549 857 1668 903 mala,
1697 856 1800 893 bona
1828 865 1958 893 autern
1993 857 2223 906 inquantum
2254 857 2298 894 fit
2326 870 2371 895 ex
2398 859 2503 895 bona

1438 909 1646 946 intentione
1675 908 1844 954 domini3
1873 910 1924 946 ita
1951 909 2165 947 benedictio
2186 911 2391 948 sacerdotis
2414 924 2502 960 pec-

1438 962 1593 1009 catoris,
1622 962 1854 1010 inquantum
1881 963 1930 1000 ab
1957 963 2042 1012 ipso
2070 963 2224 1012 indigne
2255 964 2310 1011 fit,
2339 972 2395 1001 est
2421 977 2502 1002 ma-

1438 1015 1640 1053 ledictione
1673 1014 1807 1063 digna,
1837 1023 1873 1052 et
1900 1015 2010 1065 quasi
2038 1016 2194 1053 infamia
2226 1029 2294 1053 seu
2326 1017 2502 1067 blasphe—

1439 1068 1534 1114 mia,
1560 1076 1597 1106 et
1623 1080 1704 1104 non
1726 1073 1737 1089 ‘
1767 1068 1887 1105 oratio
1921 1076 2136 1118 reputatur3
2172 1069 2404 1119 inquantum
2436 1083 2502 1108 au-

1438 1120 1548 1159 tem*
1576 1121 1767 1171 profertur
1794 1134 1839 1159 ex
1865 1133 2033 1171 persona
2061 1122 2210 1169 Christi,
2232 1131 2287 1159 est
2314 1131 2443 1160 sancta
2467 1131 2503 1161 et

1440 1174 1585 1212 efficax.
1615 1175 1727 1212 Unde
1747 1173 1937 1222 signanter
1963 1175 2118 1212 dicitur:
2148 1176 2378 1213 Maledicam
2397 1178 2502 1214 bene-

1440 1229 1656 1265 dictionibus
1682 1229 1820 1265 vestris.

1494 1378 1521 1412 ζ)
1539 1382 1637 1404 autem.
1650 1393 1670 1398 -
1681 1380 1701 1403 F
1703 1380 1740 1404 sD
1753 1384 1779 1403 et
1791 1379 1863 1404 tertia
1882 1385 1984 1412 praeter
1997 1380 2006 1404 1
2014 1386 2021 1409 ;
2041 1383 2080 1405 est
2094 1380 2112 1409 1,
2127 1383 2215 1405 tamen
2232 1382 2272 1406 ed.
2285 1389 2309 1411 a,
2323 1390 2379 1407 om.
2391 1383 2476 1407 ceteri.
2485 1395 2504 1402 -

1442 1416 1505 1440 Post
1522 1416 1623 1449 efficax
1640 1415 1715 1440 tertia
1733 1415 1803 1440 addit
1819 1416 1858 1440 ad
1875 1416 2108 1448 sanctificandum.

1134 1597 1455 1639 ARTICULUS
1484 1596 1698 1638 SEXTUS

506 1699 663 1730 UTRUM
687 1698 813 1729 MISSA
837 1698 1109 1729 SACERDOTIS
1133 1698 1239 1728 MALI
1264 1697 1398 1728 MINUS
1421 1698 1598 1728 VALEAT
1622 1698 1750 1735 QUAM
1775 1698 1900 1729 MISSA
1923 1698 2194 1730 SACERDOTIS
2216 1699 2320 1730 BONI

1107 1786 1140 1810 IV
1160 1786 1244 1816 Seni„
1264 1786 1324 1811 dist.
1341 1793 1396 1815 xm,
1415 1793 1459 1818 qu.
1480 1793 1497 1816 1,
1517 1791 1563 1811 art.
1585 1793 1609 1817 1,
1628 1786 1678 1819 qu⁸
1699 1786 1722 1813 5.

341 2011 361 2026 ,Κ
399 2029 402 2031 ¹
495 2022 498 2027 ,
533 1994 653 2032 quam
673 1981 790 2018 missa
809 1980 1016 2018 sacerdotis
1029 1981 1134 2018 boni.
1164 1980 1264 2018 Dicit
1283 1979 1387 2016 enim

343 2028 360 2036 ..
394 2028 462 2060 ''³‘'
490 2027 521 2070 Χ
534 2034 753 2084 Gregorius,
774 2033 814 2071 in
832 2035 1063 2096 Registro.
1026 2034 1067 2056 ³⁸·
1093 2036 1195 2079 Heu,
1217 2035 1254 2070 in
1275 2045 1387 2082 quam

260 2085 280 2118 ·'
321 2100 505 2139 magnum
533 2089 707 2138 laqueum
742 2087 906 2124 incidunt
935 2090 999 2136 qui
1025 2064 1157 2125 divina
1184 2092 1234 2123 et
1245 2086 1388 2123 occulta

319 2143 500 2192 mysteria
526 2142 609 2192 plus
635 2143 683 2179 ab
710 2141 792 2178 aliis
818 2141 1047 2189 sanctificata
1064 2141 1158 2188 fieri
1175 2151 1285 2189 posse
1311 2152 1387 2176 cre-

321 2196 430 2233 dunt.-
456 2207 542 2231 cum
570 2207 666 2232 unus
683 2194 853 2243 idemque
880 2195 1035 2244 Spiritus
1062 2195 1217 2231 Sanctus
1241 2205 1286 2230 ea
1303 2205 1387 2241 my-

318 2250 432 2286 steria
459 2248 601 2285 occulte
627 2253 736 2298 atque
761 2247 990 2285 invisibiliter
1016 2247 1207 2297 operando
1230 2247 1387 2295 sanctifi·

321 2300 402 2339 cet!
439 2301 515 2338 Sed
548 2301 644 2338 haec
678 2301 827 2338 occulta
863 2299 1044 2350 mysteria
1082 2300 1321 2337 celebrantur
1349 2298 1387 2336 in

322 2353 450 2392 missa.
489 2354 592 2402 Ergo
629 2353 747 2391 missa
783 2353 875 2390 mali
891 2353 1112 2391 ‘sacerdotis
1146 2365 1226 2390 non
1258 2352 1388 2389 minus

322 2407 424 2444 valet
455 2417 576 2456 quam
603 2406 720 2444 missa
747 2406 852 2443 boni.

378 2470 414 2496 2.
447 2460 686 2507 PRAETEREA,
716 2459 811 2496 sicut
838 2459 1054 2510 baptismus
1081 2459 1241 2497 traditur
1268 2473 1290 2497 a
1317 2458 1388 2496 mi-

323 2512 443 2551 nistro
471 2511 511 2549 in
537 2512 677 2549 virtute
705 2512 856 2560 Christi,
885 2512 953 2562 qui
980 2512 1154 2562 baptizat,
1174 2512 1225 2550 ita
1252 2520 1288 2549 et
1313 2513 1389 2549 hoc

324 2572 620 2613 sacramentum,
650 2565 756 2614 quod
777 2571 794 2587 ‘²
822 2565 861 2603 in
888 2578 1055 2615 persona
1088 2565 1227 2603 Christi
1255 2577 1388 2603 conse-

324 2627 462 2657 cratur.
493 2619 579 2657 Sed
597 2630 678 2656 non
705 2618 842 2656 melior
867 2618 1082 2669 baptismus
1119 2619 1232 2657 datur
1259 2631 1281 2656 a
1308 2631 1389 2656 me-

83 2683 221 2733 'Qu-un
227 2686 270 2706 ιπ-
278 2690 298 2710 ¹
324 2672 408 2710 liori
435 2672 621 2719 ministro,
650 2679 693 2708 ut
720 2683 837 2721 supra
854 2671 875 2694 '¹‘
902 2671 1077 2709 habiturn
1097 2680 1163 2709 est.
1193 2673 1295 2721 Ergo
1323 2684 1389 2709 ne-

324 2737 402 2776 que
436 2725 551 2763 etiam
587 2724 723 2762 melior
758 2724 875 2762 missa
907 2733 962 2762 est
997 2737 1096 2774 quae
1129 2725 1340 2762 celebratur
1368 2738 1390 2762 a

324 2778 474 2816 meliori
502 2778 709 2816 sacerdote.

380 2832 414 2869 3.
443 2833 682 2879 PRArtrEREA,
711 2831 807 2869 sicut
834 2830 970 2868 merita
1002 2831 1245 2868 sacerdotum
1282 2830 1390 2867 diffe-

325 2893 414 2923 runt
447 2897 517 2935 per
544 2885 694 2922 bonum
730 2892 766 2921 et
793 2883 950 2931 melius,
979 2883 1030 2921 ita
1066 2883 1182 2921 etiam
1209 2882 1391 2920 differunt

323 2950 395 2988 per
428 2939 580 2976 bonum
608 2946 644 2975 et
671 2938 830 2975 malum.
871 2936 911 2975 Si
946 2949 1036 2985 ergo
1068 2936 1185 2974 missa
1221 2936 1390 2974 melioris

325 2991 531 3029 sacerdotis
559 2998 615 3028 est
642 2991 790 3035 melior,
820 2990 993 3039 sequitur
1020 2989 1128 3039 quod
1154 2988 1272 3026 missa
1298 2988 1391 3027 mali

325 3044 532 3082 sacerdotis
551 3044 598 3081 sit
616 3045 728 3081 mala.
759 3044 878 3091 Quod
903 3051 958 3081 est
976 3042 1270 3080 inconveniens:
1300 3041 1391 3091 quia

325 3097 469 3135 malitia
509 3097 772 3135 ministrorum
815 3109 895 3134 non
933 3104 1058 3146 potest
1094 3095 1311 3133 redundare
1352 3094 1391 3132 in

1495 1874 1568 1911 SED
1589 1887 1733 1913 CONTRA
1753 1888 1819 1913 EST
1838 1876 1946 1925 quod
1965 1875 2157 1913 habeturss
2176 1878 2201 1924 I,
2218 1889 2282 1926 qu.
2299 1877 2358 1914 1²¹⁸:
2381 1880 2505 1921 Quan-

1440 1933 1476 1965 to
1509 1928 1718 1966 sacerdotes
1741 1930 1883 1975 fuerint
1919 1929 2125 1979 digniores,
2154 1936 2255 1967 tanto
2279 1931 2435 1978 facilius
2467 1934 2504 1969 in

1441 1983 1711 2019 necessitatibus
1732 1994 1807 2032 pro
1836 1984 1965 2032 quibus
1991 1983 2165 2029 clamant,
2195 1984 2455 2021 exaudiuntur.

1494 2038 1718 2074 RESPONDEO
1753 2047 1935 2073 DICENDUM
1971 2036 2078 2084 quod
2114 2035 2154 2072 in
2190 2036 2306 2073 missa
2343 2038 2422 2074 duo
2452 2046 2507 2075 est

1441 2088 1702 2134 considerare;
1739 2088 1879 2134 scilicet
1906 2088 2035 2137 ipsum
2063 2097 2368 2137 sacramentum,
2398 2091 2506 2139 quod

1441 2150 1497 2179 est
1523 2141 1750 2192 principale;
1781 2148 1817 2178 et
1844 2141 2035 2178 orationes
2064 2153 2164 2191 quae
2192 2141 2231 2178 in
2259 2142 2376 2179 missa
2407 2143 2506 2180 fiunt

1441 2207 1512 2244 pro
1540 2193 1638 2231 vivis
1666 2201 1703 2231 et
1729 2193 1903 2231 mortuis.
1944 2194 2147 2241 Quantum
2184 2206 2273 2243 ergo
2302 2196 2351 2232 ad
2383 2207 2505 2233 sacra-

1441 2255 1630 2295 mentum,
1659 2259 1740 2284 non
1768 2245 1898 2284 minus
1916 2248 2017 2284 valet
2043 2247 2160 2284 missa
2188 2247 2279 2284 mali
2302 2249 2506 2286 sacerdotis

1442 2313 1562 2351 quam
1590 2300 1702 2337 boni:
1733 2299 1825 2349 quia
1851 2299 2058 2349 utrobique
2086 2300 2190 2337 idem
2219 2300 2421 2339 conficitur
2449 2314 2506 2339 sa-

1442 2361 1696 2391 eramentum.

1496 2406 1630 2445 Oratio
1659 2406 1774 2443 etiam
1802 2417 1902 2455 quae
1930 2405 1973 2443 fit
1999 2405 2038 2443 in
2066 2405 2202 2452 missa,
2231 2414 2356 2455 potest
2383 2407 2506 2444 consi-

1442 2459 1567 2497 derari
1595 2458 1805 2509 dupliciter.
1838 2459 1928 2496 Uno
1956 2459 2096 2506 modo,
2125 2458 2357 2508 inquantum
2392 2460 2508 2497 habet

1442 2512 1654 2550 efficaciam
1678 2524 1724 2549 ex
1743 2511 1949 2549 devotione
1969 2512 2175 2549 sacerdotis
2203 2512 2355 2550 orantis.
2386 2513 2434 2549 Et
2455 2513 2508 2549 sic

1442 2578 1524 2603 non
1551 2574 1607 2603 est
1634 2564 1799 2602 dubium
1828 2565 1934 2614 quod
1962 2565 2079 2602 missa
2105 2565 2274 2603 melioris
2302 2565 2507 2603 sacerdotis

1443 2619 1564 2668 magis
1598 2626 1653 2656 est
1684 2619 1890 2655 fructuosa.
1929 2640 1954 2644 —
1990 2618 2076 2655 Alio
2104 2619 2246 2665 modo,
2276 2618 2507 2668 inquantum

1443 2672 1564 2710 oratio
1592 2672 1632 2709 in
1660 2671 1777 2708 missa
1803 2671 1993 2720 profertur
2020 2683 2042 2708 a
2070 2672 2265 2708 sacerdote
2284 2671 2324 2708 in
2341 2683 2508 2721 persona

1442 2724 1558 2762 totius
1600 2724 1791 2762 Ecclesiae
1807 2753 1816 2770 ,
1857 2723 1967 2761 cuius
2008 2725 2186 2762 sacerdos
2227 2732 2283 2761 est
2323 2723 2505 2761 minister.

1444 2778 1565 2826 Quod
1592 2777 1752 2827 quidem
1770 2776 2025 2814 ministerium
2045 2777 2156 2814 etiarn
2182 2777 2221 2814 in
2242 2777 2508 2826 peccatoribus

1444 2838 1594 2874 manet,
1623 2830 1720 2867 sicut
1756 2841 1873 2879 supra
1890 2829 1911 2852 *
1938 2830 2084 2867 dictum
2122 2837 2176 2867 est
2211 2830 2259 2866 de
2297 2829 2507 2866 ministerio

1445 2883 1596 2921 Christi.
1630 2882 1743 2920 Unde
1770 2890 1960 2931 quantum
1979 2888 1994 2911 Υ
2023 2883 2071 2919 ad
2099 2883 2195 2928 hoc,
2225 2890 2280 2919 est
2313 2883 2508 2919 fructuosa

1445 2949 1526 2974 non
1554 2937 1682 2973 solum
1701 2934 1822 2972 oratio
1850 2934 2056 2972 sacerdotis
2076 2934 2285 2984 peccatoris
2313 2934 2352 2971 in
2378 2935 2506 2982 missa,

1445 2989 1513 3027 sed
1541 2988 1653 3026 etiam
1684 2999 1821 3025 omnes
1849 2987 1943 3025 aliae
1962 2986 1976 3010 δ
2004 2987 2086 3024 eius
2114 2987 2305 3025 orationes
2333 2999 2429 3036 quas
2455 2987 2507 3025 fa-

1445 3042 1494 3080 cit
1513 3041 1552 3079 in
1572 3040 1828 3078 ecclesiasticis
1856 3039 2002 3087 officiis,
2022 3040 2062 3077 in
2090 3039 2231 3089 quibus
2258 3040 2351 3088 gerit
2377 3052 2507 3090 perso-

1445 3107 1537 3132 nam
1556 3093 1748 3131 Ecclesiae
1766 3093 1797 3130 *.
1819 3093 1897 3130 Sed
1925 3093 2117 3131 orationes
2136 3093 2218 3131 eius
2236 3092 2405 3143 privatae
2426 3105 2507 3130 non

2533 1918 2614 1940 '.Can
2635 1918 2674 1946 [ps
2674 1919 2684 1940 ι’
2702 1924 2744 1940 sa-

2533 1945 2649 1967 cerdotes.

2534 2841 2544 2850 ·
2559 2840 2610 2860 Art.
2626 2838 2733 2866 praeced.

2534 3103 2586 3125 Ἰ).
2601 3109 2655 3132 959,
2673 3109 2733 3129 ¹¹4¹·

1446 3153 1555 3186 sunt²
1573 3123 1811 3184 fructuosae:
1833 3146 2049 3183 secundum
2063 3145 2157 3183 illud
2170 3146 2663 3206 Proverb.xxvn1*:versf⁹·

1452 3203 1527 3244 Qui
1551 3201 1709 3238 declinat
1736 3211 1867 3237 aurem
1893 3212 2001 3236 suam
2029 3211 2076 3236 ne
2102 3199 2229 3237 audiat
2255 3200 2396 3249 legem,
2425 3211 2507 3236 ora-

1446 3256 1495 3292 tio
1524 3255 1600 3291 eius
1628 3254 1696 3290 erit
1723 3253 1952 3290 execrabilis.

87 3097 268 3166 :unm
230 3137 300 3185 cone'
327 3150 468 3189 Christi
494 3150 695 3201 mysteria;
725 3150 821 3187 sicut
848 3149 1084 3198 Augustinus
1105 3148 1205 3196 dicit,
1226 3148 1266 3186 in
1293 3147 1391 3185 libro

32 3231 35 3238 .
71 3163 300 3297 gne-535
326 3204 373 3241 de
397 3205 589 3254 Baptism0
606 3203 637 3240 *.
667 3204 769 3252 Ergo
789 3215 916 3253 neque
936 3202 1052 3239 missa
1079 3201 1247 3239 melioris
1273 3213 1392 3238 sacer-

169 3274 213 3298 αι»
228 3258 300 3295 mu'.
327 3256 427 3294 dotis
455 3264 511 3294 est
537 3256 684 3294 melior.

427 3404 507 3436 quod.
525 3418 545 3422 -
562 3404 625 3429 Om.
644 3405 711 3438 HpG
731 3410 756 3430 et
774 3405 908 3430 editiones.
1501 3404 1528 3436 γ)
1548 3405 1686 3435 quantum.
1704 3415 1723 3420 -
1741 3404 1767 3426 et
1785 3403 1913 3434 quantum
1932 3401 2005 3432 BEF,
2030 3401 2187 3433 inquantum
2208 3400 2355 3433 pD,et1'am
2379 3403 2506 3432 quantum

382 3438 397 3471 β
427 3439 579 3465 habetur.-
596 3439 623 3464 in
643 3440 756 3466 decretis
774 3440 844 3465 addit
862 3441 923 3466 P.
903 3440 1046 3474 -facilius
1064 3440 1085 3464 F
1101 3445 1126 3465 et
1139 3439 1227 3470 πει-κίεις
1246 3447 1300 3465 om.
1311 3439 1394 3464 -Pro
1448 3438 1530 3464 tertia.

328 3474 454 3505 clamant,
473 3475 599 3500 clamavit
617 3476 649 3507 H,
667 3476 820 3501 clamabant
838 3477 867 3501 P.
1501 3472 1526 3507 δ)
1546 3473 1624 3498 aliae.
1642 3487 1661 3491 -
1678 3472 1739 3498 Om.
1759 3472 1894 3497 editiones,
1911 3485 1931 3490 -
1948 3472 1999 3496 Pro
2009 3471 2091 3505 facit,
2103 3471 2190 3505 faciet
2208 3471 2261 3496 Ac.

1501 3509 1524 3543 ε)
1544 3509 1624 3535 Sed..
1643 3511 1715 3534 sunt.
1732 3522 1751 3527 -
1769 3508 1856 3533 licet...
1874 3507 1928 3532 sint
1947 3507 2028 3532 tertia.

470 3564 580 3589 Summa
598 3563 700 3589 Tutor..
720 3564 752 3589 D.
770 3564 886 3589 Tnomn
904 3564 936 3589 T.
956 3565 998 3589 lx,
2335 3557 2368 3588 34
