2918 4088
0 451 5 505 v„-
12 330 21 338 0
0 219 5 307 ψ*-
0 134 5 167 v-

59 586 70 597 ·
85 584 156 607 Num.
171 590 222 607 xm.

961 193 1223 243 QUAESTIO
1252 191 1406 237 LXVII,
1435 190 1727 230 ARTICULUS
1754 194 1804 230 VI

299 281 436 316 possunt
460 275 499 306 ad
522 284 621 305 unam
645 280 675 305 et
699 274 833 306 eandem
849 284 985 306 numero
1002 274 1138 305 formam
1155 281 1360 303 concurrere:

301 320 357 351 sed
380 324 508 360 oportet
530 324 704 359 utrumque
728 329 817 350 suam
842 319 978 350 formam
1002 318 1194 358 exprimere,
1227 317 1292 346 sive
1316 315 1362 346 di-

301 364 416 400 cendo,
439 364 510 394 Nos
534 368 564 393 te
585 363 792 404 baptizamus,
820 364 895 399 sive,
922 363 996 404 Ego
1021 367 1051 393 te
1073 361 1217 401 baptizem·
1244 365 1280 390 ut
1301 360 1362 399 ipsi

300 408 468 439 adversarii
490 407 637 438 fatentur.

355 451 407 483 Ad
430 457 576 491 quartam
599 450 731 482 demum
755 451 971 482 obiectionem
995 449 1109 481 dicitur
1132 447 1221 489 quod
1245 457 1283 477 ex
1297 447 1361 477 hoc

300 495 390 536 quod
412 495 534 536 plurale
557 504 625 525 non
649 500 696 525 est
717 496 778 526 nisi
801 495 958 535 singulare
981 494 1188 534 geminatum,
1204 501 1272 522 non
1289 500 1360 521 eva-

301 539 385 571 ditur
403 540 492 580 quin,
508 538 646 569 dicendo
663 549 732 576 nos,
749 539 943 579 significetur
957 538 1118 579 pluralitas
1133 544 1358 577 personarum:

300 593 394 624 quae,
417 589 455 614 ut
476 583 599 614 dictum
621 588 669 614 est
683 584 710 619 ⁹,
734 583 942 614 contrariatur
963 581 1086 612 veritati
1107 580 1252 610 ministri.
1276 579 1359 610 Nam

300 627 448 664 dicendo,
472 627 542 658 Nos
563 627 770 668 baptizamus,
794 636 905 658 sensus
927 630 989 662 est,
1012 634 1080 656 non
1104 624 1194 664 quod
1215 624 1262 654 bis
1285 633 1358 665 ego,

300 671 356 703 sed
378 670 468 712 quod
490 671 555 702 duo
579 680 651 712 ege,
675 672 738 702 hoc
761 676 808 702 est
829 679 967 711 persona
988 678 1060 700 mea
1083 674 1114 698 et
1132 677 1269 708 persona
1293 668 1359 698 col-

299 716 388 757 legae
410 716 494 747 mei:
525 714 621 745 ambo
652 715 739 746 enim
766 714 1020 745 demonstrantur
1042 713 1075 743 in
1097 713 1201 752 prima
1222 721 1359 752 persona

299 769 357 800 per
379 760 411 801 ly
435 768 504 790 nos.
527 759 569 789 Et
590 767 664 790 vera
682 758 838 800 expositio
863 766 1011 788 exercens
1026 757 1059 798 ly
1075 766 1134 787 nos
1157 762 1203 787 est
1225 756 1359 787 demon-

300 805 408 835 stratio
431 804 598 843 utriusque
621 803 654 833 in
668 803 771 843 prima
786 811 931 843 persona,
947 806 1035 841 puta,
1050 801 1125 843 Ego
1141 805 1173 831 et
1187 801 1271 831 alter
1285 810 1358 841 ego,

299 853 477 880 monstrato
497 846 629 886 collega.
645 847 715 882 Vel,
732 846 772 877 ad
787 847 949 881 amussim,
967 844 1114 880 dicendo,
1129 844 1224 886 Ego:
1246 850 1277 875 et
1293 844 1359 875 col-

298 892 369 932 lega
391 892 606 930 subiungeret,
628 891 674 921 Et
694 898 779 932 ego:
800 891 845 921 sic
867 891 953 920 enim
969 898 1187 920 exerceremus
1202 887 1358 928 significa-

298 941 369 967 tum
390 945 448 976 per
470 935 503 975 ly
527 944 595 965 nos.
620 934 718 971 Sicut,
736 933 873 966 dicendo
897 935 930 965 in
945 934 1144 964 nominativo
1161 933 1275 973 plurali
1291 942 1357 969 vos,

297 989 366 1010 non
381 977 574 1020 significatur
588 978 636 1009 bis
651 983 695 1014 tu,
712 977 768 1009 sed
789 977 1005 1019 significantur
1020 978 1084 1008 duo
1102 982 1136 1008 tu
1146 985 1157 1007 .·
1179 976 1358 1017 significan-

297 1029 350 1054 tur
371 1023 467 1058 enim,
483 1022 704 1053 demonstratis
728 1022 865 1059 duobus,
882 1028 916 1053 tu
940 1027 971 1053 et
992 1027 1036 1053 tu.
1071 1022 1112 1052 Et
1134 1022 1198 1052 hoc
1221 1026 1267 1052 est
1286 1021 1358 1061 plu-

297 1067 362 1098 rale
384 1077 453 1098 esse
475 1067 631 1107 singulare
649 1068 857 1108 geminatum.
881 1067 929 1097 Ex
945 1067 1061 1107 quibus
1085 1066 1236 1097 omnibus
1261 1075 1358 1106 appa-

297 1117 345 1143 ret
358 1110 524 1143 manifeste
541 1110 630 1151 quod
651 1111 837 1142 huiusmodi
852 1111 1026 1152 geminatio
1050 1110 1215 1151 singularis
1230 1111 1275 1140 in·
1286 1111 1358 1151 plu-

297 1156 354 1188 rali
375 1156 469 1197 ponit
491 1155 729 1187 multitudinem
751 1165 971 1196 personarum,
993 1164 1075 1196 quae
1102 1154 1280 1185 excluditur
1301 1164 1359 1195 per

297 1200 453 1232 unitatem
475 1200 651 1240 singularis.
674 1200 716 1231 Et
730 1205 899 1240 propterea
920 1201 954 1230 in
975 1199 1066 1230 nullo
1082 1199 1210 1230 adiuvat
1225 1209 1358 1240 arguen-

297 1250 374 1282 tem,
390 1244 446 1275 sed
463 1244 650 1281 Auctorem,
663 1244 822 1276 dicentem
838 1243 928 1284 quod
942 1254 999 1284 per
1014 1244 1078 1274 hoc
1093 1245 1229 1274 variatur
1244 1243 1357 1280 forma,

298 1294 330 1320 et
348 1289 534 1330 exprimitur
548 1289 709 1329 pluralitas
725 1290 882 1320 contraria
896 1289 1019 1319 veritati
1037 1294 1069 1319 et
1083 1289 1197 1319 unitati
1211 1289 1356 1319 ministri.

352 1333 437 1365 XVI.
461 1333 548 1365 Cum
565 1333 615 1364 his
629 1333 781 1364 omnibus
804 1338 911 1364 tamen
927 1333 1007 1363 scito
1028 1332 1127 1373 quod,
1143 1333 1169 1363 si
1185 1333 1266 1373 quis,
1283 1342 1358 1373 pro—

281 1377 384 1419 priae
402 1376 552 1409 ‘deferens
575 1377 718 1418 dignitati
746 1378 841 1408 etiam
863 1378 897 1408 in
921 1378 1139 1413 sacramentis,
1163 1377 1275 1408 volens
1297 1387 1358 1408 nu-

298 1431 388 1453 mero
411 1422 526 1462 plurali
550 1431 583 1452 se
606 1431 746 1462 suosque
769 1427 857 1452 actus
880 1421 1067 1462 significare,
1091 1421 1211 1457 dixerit,
1236 1421 1306 1452 Nos
1329 1426 1359 1452 te

297 1466 495 1508 baptizamus
524 1466 556 1496 in
581 1466 710 1496 nomine
731 1466 839 1497 Patris
866 1471 898 1496 et
917 1466 996 1496 Filii
1022 1471 1053 1496 et
1074 1465 1214 1506 Spiritus
1236 1466 1357 1502 Sancti,

298 1509 477 1552 perfectum
500 1515 582 1541 esset
603 1515 837 1541 sacramentum
859 1511 1016 1550 baptismi.
1054 1510 1218 1548 Quoniam
1246 1520 1284 1540 ex
1307 1520 1358 1541 ac-

264 1586 266 1588 ,
299 1553 560 1586 commodatione
584 1563 660 1585 usus
690 1562 846 1594 personae
870 1554 1058 1585 excellentes
1087 1559 1222 1585 utuntur
1243 1554 1358 1594 plurali

297 1606 358 1640 pro
381 1598 550 1638 singulari:
575 1607 611 1628 ac
634 1607 691 1638 per
713 1598 787 1634 hoc,
812 1607 850 1628 ex
872 1597 1058 1629 huiusmodi
1073 1608 1150 1628 usus
1174 1608 1358 1629 accommo-

298 1641 427 1673 datione
450 1641 635 1672 huiusmodi
657 1642 791 1672 nomina
813 1647 845 1672 et
862 1643 958 1672 verba
979 1642 1013 1672 in
1035 1642 1151 1682 plurali
1165 1652 1301 1673 numero
1317 1643 1359 1673 si-

297 1684 450 1727 gnificant
471 1685 645 1726 singulares
666 1695 819 1726 personas
842 1691 874 1716 et
897 1686 1070 1726 singulares
1091 1692 1179 1724 actus
1202 1687 1359 1717 excellen-

297 1730 380 1764 tium
401 1739 622 1770 personarum,
642 1731 786 1770 quamvis
802 1730 866 1760 hoc
880 1739 948 1761 non
963 1730 1142 1771 significent
1158 1741 1195 1762 ex
1211 1732 1359 1772 propriae

298 1773 538 1816 significationis
564 1774 782 1815 impositione.

352 1817 452 1850 xvn.
474 1817 527 1849 Ad
549 1817 684 1850 dubium
705 1817 744 1849 de
759 1817 983 1850 insufficientia
1004 1828 1172 1859 processus
1195 1820 1316 1851 litterae
1331 1821 1358 1856 ¹¹*,

298 1861 510 1904 respondetur
536 1872 604 1893 non
629 1872 696 1893 esse
718 1862 896 1893 Auctorem
923 1862 1135 1900 diminutum,
1164 1863 1220 1894 sed
1243 1865 1276 1894 in
1299 1874 1359 1895 suo

298 1904 454 1949 processu
475 1906 756 1947 comprehendisse
775 1908 871 1938 etiam
895 1907 973 1947 quid
996 1907 1168 1939 dicendum
1184 1909 1224 1939 sit
1246 1918 1360 1939 secun-

299 1951 378 1991 dum
394 1950 532 1983 formam
547 1951 756 1982 Graecorum.
775 1951 816 1982 Et
830 1952 894 1982 hoc
909 1953 943 1982 in
958 1961 1018 1982 suo
1034 1953 1138 1983 simili.
1161 1953 1360 1984 Declarando

300 1996 388 2028 enim
405 1995 505 2036 quod,
521 2005 589 2026 non
604 2000 726 2027 mutata
741 1995 854 2032 forma,
869 1996 976 2036 plures
991 1997 1086 2027 simul
1102 2002 1207 2028 totum
1223 1997 1359 2028 dicendo

300 2043 332 2072 et
353 2038 500 2071 faciendo
523 2045 659 2080 possunt
681 2049 784 2070 unum
799 2040 968 2081 baptizare,
985 2040 1177 2072 sufficienter
1192 2041 1361 2073 declaravit

301 2083 391 2126 quod
410 2085 506 2114 etiam
521 2083 699 2115 secundum
714 2084 852 2115 formam
869 2084 1066 2116 Graecorum
1082 2086 1144 2116 hoc
1160 2085 1229 2116 fieri
1243 2092 1359 2126 potest,

299 2134 438 2169 utroque
461 2129 606 2159 ministro
634 2128 783 2159 abluente
807 2134 838 2159 et
861 2128 1005 2166 dicente,
1032 2130 1220 2171 Baptizetur
1248 2140 1361 2162 servus

302 2173 433 2209 Christi,
449 2178 509 2204 etc.

354 2217 466 2248 XVIII.
490 2216 542 2248 Ad
563 2217 774 2258 penultimam
805 2216 936 2248 demum
967 2219 1187 2258 quaestionem
1203 2220 1236 2255 *‚
1260 2221 1360 2260 magis

298 2261 557 2303 philosophicam
573 2270 670 2302 quam
689 2261 915 2302 theologicam,
932 2261 1046 2293 dicitur
1061 2262 1151 2303 quod
1166 2264 1269 2294 unitas
1286 2263 1360 2294 effe—

268 2334 271 2336 .
299 2307 370 2337 ctus
385 2306 528 2346 sequitur
543 2306 699 2336 unitatem
713 2306 836 2336 virtutis
851 2316 869 2336 a
885 2315 949 2347 qua
965 2312 1119 2337 causatur.
1136 2307 1177 2338 Et
1191 2314 1360 2348 propterea

299 2349 560 2390 distinguendum
579 2355 626 2380 est
649 2349 689 2380 de
713 2350 814 2380 causis
841 2350 984 2381 eiusdem
1007 2351 1136 2382 rationis
1162 2352 1258 2382 simul
1282 2362 1359 2383 con-

301 2394 516 2426 currentibus:
540 2394 606 2424 Aut
630 2399 728 2434 agunt
750 2395 917 2425 virtutibus
939 2396 1086 2435 propriis,
1103 2401 1157 2426 aut
1180 2402 1278 2436 agunt
1299 2397 1361 2427 vir-

299 2442 370 2471 tute
391 2438 483 2469 tertii.
507 2431 548 2468 Et
571 2437 744 2469 dicendum
767 2438 866 2479 quod,
890 2440 916 2469 si
938 2445 1013 2470 sunt
1029 2449 1141 2470 causae
1157 2446 1285 2480 agentes
1299 2442 1361 2471 vir-

301 2482 423 2513 tutibus
445 2482 591 2522 propriis,
615 2482 811 2522 impossibile
827 2488 874 2513 est
897 2493 915 2513 a
930 2483 1053 2514 duabus
1073 2484 1216 2515 eiusdem
1231 2486 1362 2515 rationis

301 2525 453 2556 totalibus
476 2526 578 2556 causis
594 2526 729 2557 omnino
745 2536 848 2558 unum
864 2532 895 2557 et
910 2527 1049 2558 eundem
1071 2537 1129 2568 per
1144 2538 1177 2559 se
1193 2530 1362 2569 provenire

303 2569 471 2601 effectum:
500 2570 654 2610 quoniam
682 2569 813 2602 effectus
836 2571 889 2602 ille
913 2578 994 2603 esset
1016 2581 1074 2612 per
1096 2582 1130 2603 se
1153 2573 1192 2603 ab
1216 2578 1361 2614 utraque,

303 2619 335 2645 et
357 2623 376 2644 a
398 2619 520 2644 neutra.
556 2613 589 2644 Si
611 2623 688 2644 vero
712 2620 810 2654 agunt
831 2615 947 2646 virtute
969 2617 1068 2653 tertii,
1096 2622 1202 2657 potest
1225 2627 1309 2648 unus
1332 2623 1364 2648 et

302 2657 390 2688 idem
413 2658 547 2688 omnino
571 2657 702 2694 effectus
726 2659 764 2688 ab
783 2664 918 2699 utraque
940 2661 1127 2700 provenire:
1158 2661 1222 2697 vel,
1247 2663 1363 2692 rectius

302 2701 480 2742 loquendo,
498 2711 562 2742 per
584 2706 753 2742 utramque
775 2712 796 2732 a
819 2703 913 2734 tertio
930 2705 1116 2744 provenire.

360 2746 401 2776 Et
425 2746 500 2786 quia
522 2751 717 2776 sacramenta
738 2755 806 2777 non
829 2752 927 2787 agunt
948 2748 1116 2779 virtutibus
1138 2751 1284 2790 propriis,
1309 2749 1365 2781 sed

302 2791 419 2821 virtute
443 2790 577 2826 Christi,
602 2791 659 2830 qui
682 2799 739 2830 per
761 2790 814 2820 illa
837 2796 1004 2831 operatur;
1028 2791 1117 2828 ideo,
1142 2799 1364 2834 quotcumque

303 2834 559 2865 instrumentales
587 2843 700 2865 causae
730 2833 872 2865 eiusdem
895 2836 1024 2866 rationis
1047 2836 1206 2876 perfectae
1235 2847 1293 2868 seu
1315 2844 1365 2869 to-

304 2879 382 2910 tales
414 2887 603 2909 concurrere
633 2879 834 2909 inveniantur
861 2879 955 2909 simul
984 2879 1018 2910 in
1045 2889 1149 2910 unum
1179 2887 1364 2922 operatum,

304 2923 400 2954 unica
415 2923 512 2953 virtus
530 2922 646 2953 Christi
661 2932 718 2962 per
730 2915 789 2953 ‘lna
804 2932 906 2953 unum
919 2929 1068 2963 operatur
1080 2923 1239 2961 effectum,
1253 2935 1365 2965 quam-

304 2967 352 2998 vis
374 2967 446 2997 illae
469 2967 724 2997 instrumentales
748 2976 879 3003 causae,
904 2973 1060 3007 quantum
1083 2968 1117 2998 in
1140 2978 1174 2998 se
1197 2974 1259 3005 est,
1283 2969 1366 3000 duos

271 3031 278 3040 .
305 3011 492 3042 sortirentur
525 3010 665 3041 effectus.
701 3011 742 3041 Et
770 3017 940 3051 propterea
967 3011 1103 3042 diximus
1123 3013 1140 3028 ⁴*
1171 3018 1202 3043 et
1231 3013 1366 3044 dicimus

306 3054 397 3096 quod
420 3054 565 3086 Christus
588 3064 626 3085 ex
649 3065 725 3086 suae
747 3056 912 3096 potestatis
936 3056 1121 3087 excellentia
1143 3062 1249 3097 potest
1271 3058 1366 3088 simul

305 3100 354 3130 uti
377 3098 504 3130 duobus
527 3099 743 3130 instrumentis
766 3099 916 3130 totalibus
939 3105 975 3130 ut
998 3109 1082 3130 uno:
1107 3106 1138 3130 et
1158 3100 1198 3131 de
1214 3100 1297 3132 facto
1321 3102 1366 3132 sic

305 3148 447 3175 uteretur
469 3144 503 3174 in
526 3153 600 3174 casu
623 3143 802 3184 proposito.

361 3187 430 3218 Nec
452 3188 557 3218 obstat
579 3188 655 3218 huic
677 3188 880 3228 responsioni
899 3187 1043 3219 doctrina
1061 3189 1206 3229 superius
1222 3190 1239 3206 ¹*
1261 3190 1367 3221 habita

306 3231 347 3263 de
375 3232 491 3263 virtute
520 3232 674 3263 existente
705 3232 739 3262 in
768 3233 980 3263 sacramentis.
1016 3232 1154 3273 Oportet
1183 3234 1269 3264 enim
1299 3243 1366 3265 esse

306 3285 485 3308 memorem
507 3277 657 3307 virtutem
679 3276 767 3307 illam
787 3276 866 3307 nihil
881 3276 967 3307 aliud
983 3286 1051 3308 esse
1074 3286 1172 3317 quam
1187 3287 1283 3309 usum
1298 3288 1367 3310 ver-

306 3320 424 3352 borum
447 3325 479 3351 et
500 3330 607 3352 rerum
630 3320 907 3352 sacramentalium
937 3321 977 3351 ad
999 3321 1244 3362 producendum
1267 3332 1367 3354 sacra-

446 3494 559 3521 Stnnux
577 3494 678 3521 Tutor..
697 3495 729 3520 D.
741 3495 857 3520 Tuo-«n
875 3495 907 3520 Τ.
927 3495 969 3521 ΙΧ.

2419 199 2469 245 89

1414 271 1515 300 menti
1532 270 1695 300 effectum:
1717 280 1811 301 usum
1828 278 1934 303 autem
1951 274 2034 311 dico,
2050 286 2116 306 non
2133 279 2365 322 cuiuscumque
2380 289 2472 314 uten-

1414 315 1463 350 tis,
1488 314 1543 344 sed
1568 313 1695 349 Christi,
1720 320 1756 344 ut
1779 317 1923 355 superius
1939 319 1956 334 ἢ*
1979 318 2171 351 declaratum
2195 329 2250 354 est.

1470 357 1648 395 Quomodo
1678 363 1785 388 autem
1814 360 1965 391 solvenda
1993 369 2073 392 esset
2106 368 2248 403 quaestio
2272 369 2349 400 haec
2373 380 2390 400 a
2412 381 2472 412 po-

1413 403 1564 432 nentibus
1591 403 1624 432 in
1649 409 1845 433 sacramento
1877 406 2110 444 superadditam
2134 411 2290 448 qualitatis
2313 415 2459 447 virtutem

1414 446 1474 486 ipsi
1497 446 1642 476 viderint.
1667 446 1770 476 Immo
1794 447 1868 477 hinc
1891 450 2089 488 perpendant
2112 461 2145 482 se
2168 463 2186 483 a
2208 457 2336 487 veritate
2359 441 2472 498 procul

1415 499 1497 526 esse,
1529 491 1554 520 si
1577 500 1644 520 non
1667 495 1819 530 poterunt
1842 492 2015 523 intellectui
2039 495 2215 527 satisfacere
2238 499 2271 529 in
2294 501 2352 531 hac
2375 512 2472 542 quae-

1414 535 1517 564 stione
1541 535 1661 574 absque
1684 534 1854 565 miraculis.

1468 578 1551 608 XIX.
1575 578 1611 609 In
1633 579 1842 618 responsione
1873 579 1913 609 ad
1943 581 2134 619 secundum,
2165 584 2290 616 adverte
2322 589 2410 627 quod
2435 592 2471 627 si,

1414 622 1606 662 baptizando
1637 623 1760 662 plures,
1790 632 1858 653 non
1886 624 2094 656 intercederet
2124 627 2183 658 alia
2210 632 2344 661 mutatio
2375 642 2472 672 quam

1414 666 1529 702 dicere,
1552 667 1688 707 Baptizo
1713 675 1783 702 νος,
1807 677 1875 697 non
1898 667 2057 699 videretur
2079 679 2193 710 magna
2216 673 2255 703 ad
2278 675 2341 706 hoc
2363 685 2472 708 neces-

1414 711 1486 741 sitas
1511 711 1608 750 exigi:
1635 711 1789 750 quoniam
1813 721 1851 741 ex
1874 712 1944 742 solo
1961 722 2120 744 concursu
2137 716 2312 749 multorum
2328 720 2472 752 videmus

1413 754 1594 785 Romanam
1617 754 1794 785 Ecclesiam
1817 761 1940 786 mutare
1964 755 2100 788 formam
2124 758 2163 789 de
2182 761 2330 801 singulari
2352 765 2385 795 in
2401 766 2472 806 plu-

1413 798 1492 834 rale,
1518 798 1648 838 quando
1669 798 1855 829 ordinantur
1877 799 2004 830 diaconi
2027 802 2133 841 plures
2157 804 2265 841 simul;
2290 806 2364 838 dicit
2387 811 2473 841 enim

1413 848 1490 873 tunc
1517 843 1715 883 Episcopus,
1746 843 1887 884 Accipite
1907 849 2115 884 potestatem,
2136 853 2195 878 etc.
2231 849 2293 880 Sed
2319 854 2473 891 quoniam

1413 887 1584 927 baptizatio
1608 887 1703 918 simul
1725 888 1867 927 plurium
1890 898 1958 919 non
1973 888 2008 919 fit
2031 893 2245 923 communiter
2267 903 2324 933 per
2346 896 2474 927 immer-

1413 932 1548 968 sionem,
1573 932 1629 962 sed
1651 941 1708 972 per
1730 933 1962 972 aspersionem,
1987 933 2060 965 ideo
2085 935 2124 965 ad
2146 941 2195 966 tot
2213 940 2405 971 mutationes
2429 941 2474 972 fa-

1414 975 1541 1006 ciendas
1563 985 1679 1016 magna
1702 977 1836 1016 exigitur
1858 978 2038 1008 necessitas.

1468 1021 1537 1050 XX.
1562 1020 1598 1050 In
1621 1021 1830 1060 responsione
1861 1021 1900 1051 ad
1930 1022 2075 1059 tertium,
2106 1023 2232 1055 adverte
2264 1027 2322 1056 tria
2353 1028 2404 1058 hic
2435 1030 2474 1060 ad

1413 1073 1543 1095 sensum
1565 1065 1696 1095 litterae.
1714 1065 1870 1096 'Primum
1894 1071 1941 1096 est
1964 1067 2053 1106 quod
2080 1068 2243 1110 baptizare
2269 1072 2404 1103 sumitur
2427 1084 2474 1105 se-

1413 1108 1556 1139 cundum
1579 1109 1686 1149 plures
1709 1109 1965 1150 significationes.
2001 1111 2207 1153 Quandoque
2231 1116 2317 1146 enim
2340 1119 2475 1149 sumitur

1413 1153 1591 1184 secundum
1623 1155 1786 1194 propriam
1820 1154 2106 1195 significationem:
2146 1163 2177 1188 et
2210 1164 2287 1190 tunc
2321 1161 2475 1200 significat

1412 1198 1551 1229 abluere.
1564 1198 1771 1239 Quandoque
1785 1208 1861 1229 vero
1878 1201 2013 1231 sumitur
2028 1206 2155 1232 extensa
2171 1203 2401 1243 significatione
2415 1216 2474 1246 pro

1412 1243 1536 1283 integro
1560 1249 1769 1280 sacramento,
1794 1244 1885 1284 quasi
1908 1244 1995 1275 idem
2018 1246 2057 1276 sit
2080 1247 2239 1287 baptizare
2262 1249 2352 1288 quod
2374 1260 2475 1281 sacra-

1412 1292 1559 1317 mentum
1582 1287 1736 1318 conferre.
1773 1288 1814 1318 Et
1836 1289 1923 1319 iuxta
1948 1289 2035 1320 hunc
2058 1300 2188 1322 sensum
2218 1291 2334 1323 dicitur
2359 1294 2392 1324 in
2415 1295 2475 1325 hac

1412 1331 1515 1362 littera
1538 1331 1628 1372 quod
1652 1337 1766 1363 neuter
1787 1332 1972 1374 baptizaret.

1467 1375 1654 1406 Secundum
1678 1382 1724 1407 est
1754 1377 1843 1416 quod
1865 1378 1989 1408 Auctor
2017 1378 2161 1419 loquitur
2183 1380 2235 1411 hic
2263 1380 2303 1412 de
2327 1382 2475 1422 baptismi

1412 1419 1515 1450 forma
1545 1420 1631 1460 apud
1660 1421 1806 1452 Latinam
1829 1421 2015 1458 Ecclesiam,
2040 1433 2115 1454 cum
2138 1423 2224 1460 dicit,
2252 1426 2342 1457 nulla
2357 1427 2475 1468 forma

1413 1464 1595 1501 verborum,
1613 1470 1674 1495 etc.

1468 1508 1615 1539 Tertium
1643 1514 1689 1539 est
1720 1509 1809 1549 quod
1842 1509 1964 1541 locutio
1995 1511 2124 1551 pluralis
2154 1513 2188 1542 in
2211 1514 2314 1553 prima
2339 1524 2476 1555 persona

1412 1558 1518 1593 potest
1542 1552 1710 1593 dupliciter
1733 1554 1851 1594 exponi
1874 1564 1931 1594 per
1952 1554 2029 1585 duas
2045 1556 2235 1596 singulares:
2259 1558 2310 1588 vel
2332 1568 2390 1599 per
2404 1570 2475 1590 mo-

1413 1597 1491 1628 durn
1507 1597 1725 1637 copulativae;
1749 1597 1799 1628 vel
1816 1599 2001 1638 copulatim.
2025 1599 2066 1630 Et
2085 1600 2214 1640 quando
2233 1604 2402 1642 exponitur
2419 1614 2476 1644 per

1413 1641 1548 1672 modum
1571 1641 1781 1681 copulativae,
1808 1642 1904 1673 habet
1925 1649 2095 1684 utramque
2118 1645 2309 1686 singularem
2332 1657 2475 1679 seorsum

1413 1695 1530 1716 veram.
1554 1686 1651 1716 Verbi
1673 1687 1780 1726 gratia,
1805 1686 1953 1723 dicendo,
1975 1688 2046 1720 Nos
2062 1689 2219 1721 trahimus
2234 1700 2357 1728 navem,
2381 1693 2476 1724 habet

1414 1739 1452 1761 ex
1475 1739 1531 1760 ore
1551 1730 1719 1760 cuiuslibet
1738 1730 1944 1762 demonstrati
1966 1742 2024 1772 per
2046 1733 2079 1774 ly
2095 1743 2155 1765 nos
2178 1744 2268 1765 suam
2284 1736 2476 1776 singularem

1415 1784 1533 1811 veram,
1557 1780 1645 1815 puta,
1668 1774 1743 1815 Ego
1767 1775 1861 1806 traho
1882 1785 2006 1813 navem,
2029 1777 2074 1807 Et
2096 1788 2158 1820 ego
2182 1779 2276 1810 traho
2301 1790 2423 1816 navem,
2444 1787 2476 1812 et

1415 1819 1459 1849 sic
1483 1818 1522 1849 de
1546 1819 1613 1849 aliis
1637 1819 1843 1850 trahentibus.
1879 1820 1919 1850 Et
1950 1821 2036 1851 iuxta
2062 1822 2149 1853 hunc
2173 1833 2302 1854 sensum
2331 1825 2476 1865 procedit

1414 1864 1516 1894 littera
1539 1863 1676 1894 dicendo
1704 1863 1793 1904 quod
1817 1869 1930 1895 neuter
1951 1865 2148 1907 baptizaret:
2176 1868 2239 1898 hoc
2268 1874 2332 1905 est,
2363 1875 2476 1900 neuter

1414 1914 1523 1948 posset
1541 1918 1614 1938 vere
1630 1907 1745 1944 dicere,
1760 1908 1835 1950 Ego
1853 1914 1883 1939 te
1897 1909 2031 1950 baptizo.
2056 1911 2097 1941 Et
2112 1911 2254 1942 similiter
2274 1918 2386 1943 neuter
2401 1915 2475 1944 scri-

1415 1954 1559 1984 bentium
1582 1958 1705 1993 partem
1728 1953 1799 1983 libri
1821 1959 1930 1993 posset
1952 1963 2026 1984 vere
2042 1954 2155 1991 dicere,
2171 1956 2246 1997 Ego
2261 1957 2376 1997 scripsi
2390 1958 2476 1988 hunc

1415 1997 1541 2028 librum.
1565 2015 1588 2020 —
1611 1996 1750 2035 Quando
1766 2007 1842 2028 vero
1867 1998 2042 2038 copulatim
2058 2000 2237 2039 exponitur,
2256 2010 2324 2031 non
2342 2002 2476 2042 exigitur

1416 2041 1505 2082 quod
1529 2042 1635 2082 aliqua
1658 2042 1823 2081 singularis
1847 2042 1887 2072 sit
1908 2052 1998 2073 vera:
2022 2043 2123 2074 immo
2147 2050 2207 2074 stat
2226 2050 2395 2086 utramque
2411 2047 2475 2076 sin-

1415 2087 1557 2127 gularem
1580 2085 1648 2117 fore
1673 2085 1793 2116 falsam.
1817 2086 1914 2116 Verbi
1928 2087 2035 2126 gratia,
2052 2088 2078 2118 si
2093 2087 2214 2118 iudices
2230 2088 2364 2129 delegau'
2379 2090 2475 2121 simul

1414 2132 1457 2161 ita
1481 2129 1570 2171 quod
1593 2130 1689 2160 ambo
1713 2130 1807 2160 simul
1831 2135 1862 2160 et
1876 2136 1990 2160 neuter
2003 2132 2071 2162 sine
2087 2132 2185 2162 altero
2207 2133 2309 2172 possit
2323 2133 2473 2170 iudicare,

1414 2174 1608 2216 proferendo
1632 2175 1830 2210 sententiam,
1854 2183 1928 2204 vere
1951 2174 2101 2211 dicerent,
2125 2176 2195 2206 Nos
2219 2177 2406 2208 iudicamus.
2434 2178 2475 2208 Et

1414 2229 1527 2251 verum
1548 2224 1629 2249 esset
1648 2218 1737 2258 quod
1750 2218 1826 2259 Ego
1843 2223 1873 2249 et
1887 2218 1972 2248 alter
1987 2229 2048 2260 ego
2065 2220 2260 2251 coniunctim
2275 2221 2475 2253 iudicamus:

1415 2265 1491 2296 falsa
1506 2269 1612 2294 tamen
1630 2268 1711 2293 esset
1726 2268 1859 2302 utraque
1880 2263 2055 2302 singularis,
2070 2269 2158 2304 puta,
2173 2264 2248 2306 Ego
2265 2265 2382 2302 iudico,
2399 2267 2475 2306 quia

1413 2311 1448 2340 in
1470 2309 1599 2339 veritate
1631 2317 1691 2347 ego
1718 2306 1879 2337 iudicandi
1901 2312 2057 2346 potestate
2080 2318 2183 2339 careo.
2217 2309 2258 2339 Et
2280 2310 2366 2340 iuxta
2388 2311 2475 2341 hunc

1414 2362 1543 2384 sensum
1559 2357 1667 2392 posset
1683 2350 1755 2387 dici,
1768 2351 1838 2381 Nos
1854 2355 1883 2381 te
1898 2351 2103 2392 baptizamus,
2123 2353 2156 2382 in
2172 2362 2247 2383 casu
2262 2354 2382 2393 posito:
2400 2355 2475 2394 quia

1416 2397 1455 2428 de
1470 2403 1609 2436 utroque
1633 2395 1726 2426 simul
1743 2396 1941 2426 coniunctim
1958 2395 2172 2427 verificaretur
2194 2397 2283 2436 quod
2306 2398 2475 2428 conferunt

1415 2446 1648 2472 sacramentum
1671 2440 1828 2479 baptismi,
1853 2440 1998 2479 quamvis
2020 2445 2133 2471 neuter
2156 2440 2313 2472 conferret
2334 2442 2423 2472 illud.

1471 2486 1512 2516 Et
1546 2490 1649 2519 certe,
1684 2489 1841 2524 quantum
1875 2489 1922 2514 est
1955 2493 1994 2514 ex
2027 2485 2156 2515 veritate
2190 2484 2311 2516 formae
2325 2510 2333 2522 ,
2367 2492 2476 2526 posset

1416 2540 1500 2561 unus
1523 2530 1556 2560 in
1579 2528 1712 2559 articulo
1736 2528 1929 2558 necessitatis
1951 2529 2102 2568 baptizari
2127 2539 2144 2559 a
2167 2529 2310 2566 duobus,
2335 2539 2475 2570 quorum

1418 2575 1495 2605 alter
1518 2579 1600 2604 esset
1622 2578 1730 2603 mutus
1754 2578 1785 2602 et
1807 2572 1885 2602 alter
1907 2578 1988 2603 esset
2006 2582 2149 2610 mancus,
2170 2581 2262 2604 muto
2278 2574 2427 2605 abluente
2445 2580 2476 2605 et

1417 2628 1533 2649 manco
1563 2616 1744 2658 proferente
1767 2617 1875 2652 verba,
1904 2616 1944 2646 ad
1967 2617 2131 2648 evitandos
2161 2628 2274 2649 omnes
2297 2619 2474 2659 scrupulos,

1418 2662 1596 2694 secundum
1619 2661 1756 2691 formam
1773 2660 1980 2697 Graecorum,
2005 2666 2035 2691 et
2051 2660 2185 2698 dicente,
2208 2662 2396 2703 Baptizetur
2409 2673 2475 2694 ser-

1418 2717 1477 2738 vus
1502 2706 1630 2741 Christi,
1653 2711 1729 2736 etc.:
1761 2710 1838 2735 tunc
1862 2705 1948 2735 enim
1971 2705 2096 2736 nullum
2122 2707 2250 2746 penitus
2276 2712 2406 2747 apparet
2427 2707 2476 2737 in-

1419 2751 1614 2782 conveniens
1646 2759 1684 2780 ex
1709 2754 1798 2789 parte
1825 2748 1947 2779 formae
1979 2750 2012 2779 in
2039 2750 2257 2780 ministrorum
2286 2751 2475 2790 pluralitate.

1419 2796 1541 2826 Auctor
1564 2798 1682 2829 autem,
1710 2793 1785 2833 quia
1807 2798 1894 2823 tenet
1919 2793 2026 2832 plures
2048 2803 2200 2833 personas
2222 2804 2289 2824 non
2312 2804 2406 2834 posse
2428 2796 2477 2824 in-

1419 2845 1539 2879 tegrare
1562 2838 1742 2868 ministrum
1770 2837 1919 2876 baptismi
1941 2837 2055 2873 unius,
2085 2837 2159 2868 ideo
2188 2838 2273 2868 dicto
2296 2844 2476 2869 transcursu

1420 2883 1480 2914 fuit
1502 2887 1681 2913 contentus.
1712 2880 1845 2911 Videtur
1873 2885 1979 2911 autern
2014 2881 2102 2921 quod
2129 2882 2161 2912 in
2188 2882 2242 2912 tali
2266 2892 2340 2913 casu
2369 2883 2477 2922 potius

1419 2937 1479 2968 pro
1495 2927 1654 2966 baptismo
1670 2924 1877 2955 iudicandum
1893 2930 1974 2955 esset
1985 2925 2012 2955 ἦ
2032 2925 2186 2963 Quamvis
2202 2925 2328 2956 difficile
2344 2927 2382 2956 sit
2398 2927 2477 2966 quin

1419 2980 1552 3002 mancus
1575 2974 1684 3010 posset
1707 2969 1802 2999 etiam
1829 2968 1966 2998 abluere.
2001 2969 2112 2999 Posset
2142 2970 2228 2999 enim
2258 2979 2353 3010 super
2381 2975 2477 3010 caput

1420 3015 1536 3045 habere
1558 3012 1724 3044 modicum
1748 3021 1859 3052 aquae,
1876 3021 1973 3052 quam
1989 3012 2172 3043 inclinando
2189 3019 2284 3053 caput
2303 3013 2478 3044 effunderet

1420 3068 1516 3100 super
1531 3056 1766 3098 baptizandum,
1780 3061 1811 3086 et
1829 3056 1923 3086 simul
1934 3055 2090 3096 proferret
2103 3058 2208 3087 verba.
2224 3058 2265 3088 Et
2278 3058 2312 3088 in
2327 3058 2390 3088 hoc
2402 3068 2477 3098 pos-

1420 3107 1467 3133 set
1489 3107 1598 3133 mutus
1621 3101 1778 3136 adiuvare,
1798 3099 1984 3130 sustinendo
2002 3110 2056 3130 vas
2075 3101 2109 3131 in
2132 3101 2234 3142 capite
2249 3102 2355 3132 manci
2369 3111 2411 3132 ne
2426 3111 2477 3133 ca—

1421 3146 1508 3178 deret
1531 3155 1606 3177 cum
1629 3145 1681 3175 ille
1699 3144 1864 3175 inclinaret
1879 3149 1989 3184 caput:
2014 3145 2115 3175 immo
2132 3151 2164 3175 et
2177 3155 2291 3176 manus
2306 3146 2388 3176 muti
2409 3146 2478 3186 ple-

1420 3201 1481 3222 nae
1504 3200 1587 3231 aqua
1609 3190 1732 3230 positae
1755 3198 1850 3229 super
1866 3194 1962 3228 caput
1976 3189 2082 3219 manci
2098 3190 2246 3230 supplere
2261 3191 2365 3221 vicem
2379 3191 2477 3226 vasis;

1421 3236 1463 3266 ita
1485 3241 1592 3266 tamen
1608 3232 1697 3274 quod
1711 3238 1820 3263 motus
1843 3233 1953 3272 capitis
1975 3233 2081 3264 manci
2097 3239 2178 3264 esset
2193 3233 2343 3265 effusivus
2366 3243 2478 3274 aquae.

1476 3279 1517 3310 Et
1539 3279 1618 3310 haec
1647 3276 1804 3308 sufficiant
1831 3277 1926 3308 etiam
1958 3286 2017 3318 pro
2046 3276 2173 3309 duobus
2199 3279 2405 3318 sequentibus
2431 3288 2478 3308 ar-

1420 3323 1535 3355 ticulis.

2306 3503 2336 3521 12

2498 324 2509 334 ·
2526 323 2599 350 lbid.,
2616 323 2709 346 Comm.

2499 355 2561 371 num.
2577 356 2607 372 iv.

2503 2927 2513 2937 ·
2527 2924 2563 2948 Cf.
2578 2930 2641 2947 num.
2656 2930 2686 2947 xi.
