2918 4088
92 815 104 826 ⁸
117 813 188 835 Num.
203 819 220 835 ι.

775 165 1142 212 QUAESTIONES
1170 167 1240 204 DE
1269 166 1554 204 THESAURO
1582 166 2058 205 INDULGENTIARUM
2428 167 2502 205 363

332 242 439 273 solum
460 247 567 282 potest
596 252 653 283 per
676 250 871 275 sacramenta
893 246 1148 282 communicare;
1178 246 1264 275 bona
1287 250 1394 275 autem

333 287 612 318 communicabilia
636 288 731 318 etiam
754 288 843 319 aliter
866 298 964 328 quam
981 298 1039 329 per
1061 294 1265 324 sacramenta,
1288 293 1395 328 potest

332 331 401 361 sine
423 336 621 361 sacramento
645 334 894 363 communicare.

388 374 470 406 Illud
490 384 568 405 vero
593 375 682 415 quod
704 376 876 428 glossando
899 386 957 407 seu
975 376 1200 416 respondendo
1217 375 1340 412 dicitur,
1357 385 1395 406 ea

333 427 417 458 quae
439 423 584 459 spectant
607 419 647 450 ad
668 421 889 453 remissionem
909 424 1118 461 peccatorum
1140 420 1312 452 commissa
1326 427 1394 451 esse

332 462 479 502 praelatis
505 456 667 494 Ecclesiae
694 463 911 495 mediantibus
937 462 1144 495 solummodo
1171 463 1393 494 sacramentis:

331 515 446 537 verum
476 512 523 537 est
553 507 593 538 de
622 509 839 548 spectantibus
868 508 908 539 ad
936 508 1158 538 remissionem
1186 512 1395 547 peccatorum

333 550 535 590 simpliciter;
559 561 628 582 non
650 557 759 582 autem
781 552 821 583 de
842 552 892 582 his
915 561 998 592 quae
1020 556 1164 592 spectant
1179 550 1220 581 ad
1233 551 1401 582 remissio-⁴

332 603 409 625 nem
438 600 646 635 peccatorum
675 595 854 627 secundum
884 595 972 636 quid.
1006 595 1056 626 De
1087 602 1228 635 quorum
1257 603 1393 625 numero

333 643 380 668 est
402 639 547 670 remissio
569 649 695 680 poenae
717 639 902 680 temporalis
927 648 987 684 pro
1011 638 1127 669 actuali
1148 643 1282 679 peccato
1306 638 1394 670 debi-

332 687 400 713 tae:
424 684 656 734 praesupponit
675 683 762 714 enim
783 688 954 723 peccatum
968 683 1154 723 simpliciter
1168 683 1347 719 remissum,
1364 688 1395 713 et

333 726 512 758 secundum
534 727 706 758 minimum
729 726 808 768 quid
828 731 964 763 tantum,
987 732 1067 767 puta
1087 726 1299 767 temporalem
1315 736 1394 767 poe-

332 780 419 807 nam,
442 770 680 802 remittendum.
754 791 757 793 >

389 814 458 845 VII.
482 815 524 846 Et
541 824 600 855 per
621 815 685 846 hoc
707 819 795 855 patet
811 814 937 845 solutio
960 815 1145 856 principalis
1170 816 1351 856 argumenti
1366 816 1394 846 ⁴⁹.

1448 245 1532 275 Nam
1555 245 1622 275 sine
1645 250 1844 275 sacramento
1871 245 2015 276 conferre
2042 248 2228 278 sacramenti
2255 247 2404 278 effectum
2431 248 2506 277 sim-

1447 289 1581 328 pliciter,
1605 298 1662 318 seu
1684 289 1827 325 totalem,
1851 294 1971 328 spectat
1994 290 2033 320 ad
2056 291 2159 321 claves
2183 291 2400 322 excellentiae:
2429 301 2507 321 con-

1448 331 1529 362 ferre
1552 337 1660 362 autem
1683 333 1750 362 sine
1765 338 1963 363 sacramento
1979 333 2012 363 id
2027 334 2117 373 quod
2132 335 2302 374 partialiter
2317 340 2423 375 potest
2439 344 2506 365 esse

1449 375 1580 406 effectus
1603 377 1807 412 sacramenti,
1834 382 1940 416 potest
1962 378 2120 416 pertinere
2143 378 2180 408 ad
2206 379 2308 408 claves
2331 379 2506 409 ministerii.

1436 419 1500 454 510
1516 425 1625 451 autem
1640 424 1688 450 est
1701 420 1736 450 in
1750 421 1930 462 proposito.
1947 420 2111 458 Quoniam
2126 422 2270 452 remissio
2285 431 2410 462 poenae
2427 428 2508 453 tem-

1447 463 1565 503 poralis
1588 464 1647 504 pro
1671 463 1787 494 actuali
1809 469 1942 504 peccato
1966 464 2091 495 debitae
2113 465 2233 495 nullius
2251 467 2438 496 sacramenti
2462 472 2509 496 est

1447 507 1642 548 simpliciter,
1666 517 1724 538 seu
1746 508 1852 538 totalis
1876 507 2023 538 effectus:
2048 509 2123 539 licet
2145 510 2185 539 sit
2206 510 2344 549 partialis
2360 510 2507 549 baptismi

1449 551 1597 587 effectus,
1628 557 1660 582 et
1689 552 1791 592 possit
1821 561 1889 582 esse
1915 553 2054 592 partialis
2080 553 2216 583 aliorum
2239 559 2509 584 sacramentorum

1448 594 1596 632 effectus;
1621 600 1652 626 et
1667 596 1769 635 possit
1783 596 1879 626 etiam
1903 597 1969 626 sine
1985 602 2182 627 sacramento
2199 596 2291 632 effici,
2308 602 2339 627 et
2353 598 2421 627 sine
2437 603 2510 627 actu

1448 639 1596 670 clavium.
1621 639 1706 677 Quia
1721 645 1846 670 constat
1868 639 1958 680 quod
1972 646 2080 681 potest
2101 641 2153 671 vel
2175 650 2232 681 per
2254 641 2402 681 proprios
2422 647 2510 671 actus

1447 683 1653 723 poenitentis,
1675 683 1727 714 vel
1744 693 1802 724 per
1817 684 1996 714 amicorum
2014 684 2275 715 satisfacientium
2290 694 2349 725 pro
2366 694 2406 715 eo
2423 690 2511 715 actus

1448 726 1533 758 fieri:
1563 733 1599 758 ut
1621 733 1708 767 patet
1730 737 1805 758 cum
1829 728 1944 769 aliquis
1966 728 2138 759 mortificat
2160 730 2303 770 seipsum
2325 729 2511 765 ieiunando,

1447 771 1698 812 peregrinando,
1718 777 1796 808 etc.,
1819 781 1880 812 pro
1903 773 2041 812 peccatis
2064 773 2140 809 suis,
2165 773 2218 804 vel
2246 774 2367 804 amicus
2397 773 2512 803 similia

1448 814 1523 846 facit
1545 821 1582 846 ut
1603 824 1663 856 pro
1688 816 1792 846 amico
1816 816 1994 847 satisfaciat.
