2918 4088
59 2188 72 2201 '
86 2186 155 2211 Vm.
167 2193 202 2216 ²7-

60 2294 73 2307 ²
87 2293 177 2347 munh:¹

26 2670 29 2671 ⁷
62 2664 74 2676 ⁸
87 2663 132 2692 ΕΡ.
143 2663 216 2690 xui,
229 2663 265 2686 ad

61 2801 198 2872 {ia-¹³⁶
212 2799 262 2851 ³³⁸*-

981 178 1243 224 QUAESTIO
1271 178 1431 224 LXXX,
1462 177 1752 215 ARTICULUS
1780 179 1814 215 V

306 254 345 285 de
355 263 444 294 pane
460 254 517 284 illo
534 254 617 284 edat.
637 255 710 284 Hoc
727 255 813 284 enim
830 255 1036 286 subiunctum
1054 261 1208 286 monstrat
1224 255 1367 286 sufficere

307 297 346 328 ad
367 297 556 328 sumendam
577 299 809 329 Eucharistiam
833 299 922 339 quod
945 300 1045 330 homo
1069 301 1183 340 probet
1210 300 1367 339 seipsum:

306 351 398 378 nam,
423 342 448 372 si
471 342 606 382 probare
637 343 778 382 seipsum
805 352 872 373 non
899 343 1074 380 sufficeret,
1098 343 1274 384 Apostolus
1300 353 1368 374 non

306 385 519 416 subiunxisset
542 385 775 417 documentum
799 386 1016 427 dispositionis
1031 388 1170 418 hominis
1187 387 1368 417 communi-

307 429 406 460 caturi
430 430 524 470 quale
548 431 710 461 subiunxit
733 430 841 461 dicens
865 436 896 461 et
917 431 972 467 sic,
992 431 1072 462 idest
1089 431 1230 471 probato
1253 431 1366 471 seipso,

306 473 345 504 de
361 483 451 514 pane
474 474 531 504 illo
555 474 638 511 edat,
663 481 723 505 etc.

360 518 412 548 111.
437 518 599 556 Quocirca
614 519 739 550 videtur
754 519 843 552 mihi,
861 528 898 549 ex
914 519 978 549 hoc
992 519 1143 559 Apostoli
1159 519 1366 554 documento,

306 567 337 592 et
353 571 391 592 ex
406 563 530 594 ratione
553 563 784 603 subiungenda,
804 562 894 603 quod
917 564 1072 593 contritus
1095 572 1226 593 sumens
1242 563 1368 593 Eucha-

305 606 425 636 ristiam
455 616 523 637 non
553 613 665 647 peccat
695 607 885 642 mortaliter,
918 607 1013 637 etiam
1041 605 1232 637 confessoris
1262 607 1368 637 habita

306 651 409 690 copia.
443 651 536 681 Ratio
564 657 671 682 autem
694 660 748 681 me
770 660 904 681 movens
928 656 984 686 est,
1009 651 1083 690 quia
1111 655 1234 681 constat
1261 656 1367 680 actum

305 693 402 724 istum
425 695 482 735 qui
505 699 552 725 est
574 696 748 725 contritum
767 694 806 724 de
821 699 956 734 peccato
978 694 1106 725 mortali
1128 704 1195 724 non
1219 693 1367 724 confesso

305 747 431 769 sumere
454 739 703 774 Eucharistiam‚
726 747 795 768 non
819 747 887 768 esse
911 747 948 768 ex
972 747 1032 768 suo
1055 747 1172 777 genere
1199 743 1367 778 peccatum

304 782 449 813 mortale.
487 782 587 820 Quod
611 792 648 812 ex
672 792 712 812 eo
736 781 898 812 evidenter
919 782 1074 821 probatur
1106 781 1214 821 quod,
1238 782 1263 812 si
1287 787 1368 812 esset

304 826 438 862 mortale
465 835 503 856 ex
529 835 589 856 suo
615 834 750 866 genere,
778 826 812 855 in
837 825 928 855 nullo
961 834 1036 855 casu
1067 830 1148 855 esset
1177 825 1300 855 licitus:
1332 830 1368 855 ut

303 875 391 909 patet
414 868 621 900 discurrendo
636 878 694 910 per
710 877 823 898 omnes
846 873 935 898 actus
959 869 1016 908 qui
1032 878 1069 899 ex
1085 878 1145 899 suo
1161 878 1277 908 genere
1294 873 1368 898 sunt

302 918 435 952 peccata
457 912 613 943 mortalia.
639 912 774 942 Constat
797 917 904 941 autem
928 917 1035 942 actum
1058 913 1155 942 istum
1179 921 1247 942 esse
1267 921 1368 952 quan-

304 955 413 996 doque
436 955 570 992 licitum‚
593 961 630 986 ut
653 965 767 986 omnes
790 955 946 986 fatentur:
979 955 1109 995 quando
1137 955 1257 986 scilicet
1280 955 1368 986 deest

303 1000 398 1040 copia
420 999 623 1030 confessoris.

357 1043 526 1084 Amplius,
555 1043 683 1075 duobus
721 1043 927 1074 existentibus
957 1043 1146 1083 praeceptis,
1171 1048 1202 1073 et
1227 1048 1367 1083 utroque

304 1087 510 1124 affirmativo,
537 1098 575 1119 ac
600 1097 658 1128 per
683 1088 747 1118 hoc
773 1087 931 1118 ambobus
960 1087 1184 1127 obligantibus,
1210 1092 1367 1127 quantum

304 1137 351 1163 est
366 1141 404 1162 ex
419 1137 532 1163 natura
547 1142 613 1168 sua,
630 1131 737 1162 solum
759 1137 905 1172 tempore
928 1131 1136 1168 necessitatis;
1156 1131 1367 1171 perspicimus

302 1175 504 1207 manifestam
523 1176 732 1207 differentiam
748 1175 782 1206 in
796 1176 870 1212 hoc,
888 1175 978 1217 quod
993 1176 1134 1216 sumptio
1151 1175 1366 1206 Eucharistiae

303 1218 492 1251 determinat
514 1225 642 1260 tempus
662 1221 876 1251 necessarium
894 1225 1041 1260 respectu
1063 1219 1226 1260 praecepti
1249 1219 1367 1250 contri-

302 1265 409 1301 tionis,
423 1270 454 1295 et
464 1273 532 1295 non
544 1263 733 1295 determinat
747 1270 875 1305 tempus
889 1264 1104 1295 necessarium
1119 1268 1266 1304 respectu
1277 1273 1368 1304 prae—

303 1308 389 1349 cepti
415 1308 644 1340 confessionis:
675 1318 750 1339 nam
780 1309 921 1348 sumptio
949 1308 1165 1339 Eucharistiae
1195 1308 1368 1348 praeexigit

277 1352 461 1386 „absoluta
470 1352 658 1384 necessitate
680 1358 717 1383 ut
736 1353 855 1394 probet
882 1352 1020 1393 seipsum
1049 1353 1145 1383 homo
1169 1361 1227 1392 per
1249 1352 1367 1382 contri-

301 1397 436 1433 tionem,
454 1402 485 1428 et
499 1406 568 1428 non
591 1397 764 1438 praeexigit
786 1397 932 1428 absoluta
954 1397 1140 1428 necessitate
1162 1402 1199 1427 ut
1213 1397 1367 1437 probetur

302 1440 404 1472 homo
428 1451 447 1471 a
469 1441 663 1472 confessore.
694 1441 780 1481 Ergo
811 1440 972 1472 confessio
1000 1446 1073 1471 ante
1100 1441 1368 1471 communionem

301 1494 371 1516 non
394 1491 441 1516 est
455 1486 489 1516 in
504 1491 696 1526 praecepto:
721 1486 797 1525 quia
819 1490 897 1516 tunc
919 1494 987 1515 non
1011 1491 1058 1516 est
1079 1490 1208 1525 tempus
1229 1485 1368 1515 necessi-

302 1530 374 1560 tatis
400 1529 566 1566 absolute3
592 1539 653 1560 nec
678 1529 716 1560 fit
741 1535 870 1570 tempus
899 1530 1094 1560 necessitatis
1122 1539 1159 1560 ex
1182 1529 1368 1569 sumptione

2402 183 2475 220 233

1422 256 1652 290 Eucharistiae,
1678 257 1758 286 sicut
1783 266 1819 286 ex
1850 259 1961 288 eadem
1994 259 2029 290 fit
2058 267 2183 301 tempus
2216 264 2407 293 necessitatis
2430 273 2477 294 re-

1422 305 1534 340 spectu
1558 300 1767 329 contritionis.

1475 344 1522 373 Ex
1534 344 1597 374 hoc
1609 344 1703 383 igitur
1716 343 1814 383 quod,
1828 345 1972 375 absolute
1988 346 2162 386 loquendo,
2176 351 2346 380 contritum
2359 352 2476 391 absque

1422 386 1624 417 confessione
1647 388 1770 427 peccati
1793 388 1934 418 mortalis
1958 399 2083 420 sumere
2106 391 2332 424 Eucharistiam
2348 404 2414 424 non
2431 401 2477 425 est

1422 440 1459 460 ex
1476 440 1535 460 suo
1559 440 1676 470 genere
1698 437 1867 470 peccatum
1891 433 2034 468 mortale,
2051 444 2117 464 non
2137 441 2182 465 est
2198 438 2404 477 sacrilegium,
2421 448 2477 469 seu

1421 475 1555 505 mortale
1582 479 1750 514 peccatum
1778 475 1948 515 sacrilegii;
1981 486 2180 516 consequens
2203 485 2249 509 est
2271 487 2306 510 ut
2329 491 2366 511 ex
2390 482 2477 512 diffe-

1421 519 1520 549 rentia
1535 519 1597 554 illa,
1611 519 1740 554 scilicet,
1753 519 1859 549 habita
1873 519 1923 549 vel
1939 529 2007 550 non
2022 521 2126 551 habita
2143 524 2234 561 copia
2251 524 2438 555 confessoris
2450 527 2476 561 *,

1422 572 1497 593 cum
1520 568 1694 602 utrumque
1723 572 1835 593 eorum
1857 572 1915 603 per
1946 564 2091 594 accidens
2114 575 2146 595 se
2170 567 2281 596 habeat
2304 568 2343 597 ad
2372 574 2477 599 actum

1420 607 1528 642 istum,
1545 616 1612 636 non
1635 606 1690 636 fiat
1713 612 1801 637 actus
1824 607 1883 637 iste
1907 616 1944 636 ex
1968 617 2034 637 non
2053 609 2178 639 mortali
2202 611 2352 647 mortalis,
2369 618 2422 642 aut
2441 623 2478 642 ex

1421 650 1547 680 mortali
1570 660 1638 680 non
1661 651 1822 686 mortalis;
1848 656 1976 690 oportet
1999 652 2085 681 enim
2108 652 2261 683 iudicium
2278 654 2317 684 de
2333 655 2478 686 humanis

1421 694 1543 724 actibus
1567 703 1604 724 ex
1628 694 1676 724 his
1701 704 1783 734 quae
1807 700 1881 724 sunt
1903 704 1960 734 per
1984 704 2017 725 se
2041 705 2175 726 sumere.

1476 738 1516 767 Et
1540 737 1757 768 confirmatur.
1789 737 1874 775 Quia
1903 739 2081 769 immiscere
2108 749 2141 770 se
2165 742 2258 771 sacris
2289 743 2408 772 actibus
2433 753 2479 773 sa-

1421 781 1677 815 cramentalibus,
1702 783 1757 820 qui
1781 782 1923 821 sacrilegi
1951 788 2055 813 essent
2081 784 2106 813 si
2133 785 2165 814 in
2192 791 2325 824 peccato
2355 788 2480 817 mortali

1422 830 1652 860 exercerentur,
1669 835 1744 855 cum
1768 826 1960 856 contritione
1977 827 2044 856 sola
2060 834 2264 866 peccatorum
2287 831 2479 866 mortalium,

1420 877 1488 898 non
1512 874 1559 898 est
1582 874 1751 908 peccatum
1778 870 1931 900 mortale:
1963 870 2078 901 sufficit
2102 872 2187 902 enim
2211 872 2365 903 sacerdoti
2388 875 2480 904 mini-

1421 913 1529 941 stranti
1556 918 1791 943 sacramentum
1817 914 2033 953 poenitentiae
2058 921 2111 945 aut
2134 916 2300 956 baptismi,
2325 923 2481 948 extremae

1420 956 1582 985 unctionis
1606 962 1661 986 aut
1676 957 1790 993 viatici,
1808 957 1876 987 sola
1900 959 2059 990 contritio.
2084 959 2187 990 Immo
2211 961 2369 1002 suscipere
2387 963 2481 992 etiam

1420 999 1480 1029 alia
1503 1006 1699 1030 sacramenta
1722 1011 1797 1031 cum
1821 1002 1888 1032 sola
1912 1004 2104 1034 contritione
2126 1004 2239 1034 nullibi
2260 1004 2385 1035 videtur
2406 1015 2481 1046 pro-

1420 1043 1575 1074 hibitum:
1609 1050 1640 1074 et
1663 1045 1752 1084 quod
1779 1046 1909 1076 Patrum
1936 1048 2123 1078 auctoritate
2150 1058 2218 1078 non
2245 1054 2291 1079 est
2314 1051 2480 1086 sancitum,

1420 1097 1487 1117 non
1511 1094 1558 1118 est
1581 1090 1799 1128 superstitiosa
1821 1092 1963 1121 novitate
1986 1092 2257 1132 praecipiendum.

1476 1132 1528 1162 IV.
1553 1132 1594 1162 Et
1617 1133 1691 1163 licet
1715 1143 1752 1164 ex
1775 1134 1823 1164 his
1844 1135 1889 1165 sic
1913 1135 2107 1166 credendum
2131 1147 2287 1174 censeam,
2313 1138 2481 1168 consulen-

1421 1175 1499 1206 dum
1522 1181 1630 1207 tamen
1654 1178 1804 1208 omnibus
1829 1184 1875 1209 est
1898 1185 1943 1215 ut,
1960 1180 2065 1210 habita
2089 1180 2279 1212 confessoris
2303 1182 2481 1213 commodi-

1419 1225 1494 1256 tate,
1511 1230 1579 1251 non
1595 1221 1700 1252 solum
1718 1223 1837 1262 probet
1857 1224 1995 1264 seipsum
2018 1225 2123 1260 homo,
2141 1225 2196 1256 sed
2218 1226 2356 1257 clavibus
2371 1226 2481 1257 Eccle-

1421 1265 1484 1294 siae
1508 1265 1649 1304 seipsum
1673 1266 1828 1303 subiiciat,
1853 1273 2024 1308 antequam
2048 1269 2087 1299 de
2104 1279 2192 1310 pane
2215 1270 2272 1300 illo
2296 1270 2370 1301 edat
2391 1275 2422 1301 et
2444 1270 2482 1301 de

1420 1308 1522 1339 calice
1544 1309 1638 1340 bibat.
1663 1310 1797 1350 Propter
1820 1312 1883 1341 hoc
1907 1313 1992 1342 enim
2008 1313 2150 1344 Ecclesia
2174 1315 2339 1345 consuevit
2357 1313 2482 1345 confes-

1421 1353 1547 1383 sionem
1564 1353 1603 1383 ad
1619 1363 1717 1393 quam
1733 1355 1850 1395 singuli
1869 1361 2017 1387 tenentur
2040 1358 2138 1388 semel
2153 1359 2186 1388 in
2202 1368 2286 1389 anno
2303 1360 2329 1395 *,
2346 1359 2378 1388 in
2394 1359 2482 1396 Qua-

1421 1396 1597 1436 dragesima
1620 1398 1743 1429 facere:
1768 1405 1804 1429 ut
1827 1400 1949 1436 mundi,
1973 1411 2041 1431 non
2064 1402 2170 1432 solum
2193 1403 2279 1442 apud
2294 1403 2410 1439 Deum,
2427 1403 2482 1433 sed

1422 1441 1518 1471 etiarn
1541 1441 1720 1472 secundum
1744 1443 1899 1474 iudicium
1921 1446 2139 1476 ministrorum
2163 1446 2334 1483 Ecclesiae,
2359 1446 2398 1477 ad
2417 1447 2482 1477 Eu-

1422 1485 1602 1515 charistiam
1626 1485 1736 1516 fideles
1760 1487 1912 1518 accedant
1934 1489 1966 1519 in
1990 1489 2119 1520 Pascha.

1088 1672 1407 1715 ARTICULUS
1438 1673 1696 1724 QUINTUS

581 1764 739 1797 UTRUM
761 1764 998 1796 ACCEDERE
1020 1765 1081 1796 AD
1105 1765 1199 1797 HOC
1223 1765 1558 1798 SACRAMENTUM
1582 1767 1678 1799 CUM
1702 1767 1951 1799 CONSCIENT
1954 1769 1997 1799 1A
2020 1769 2207 1800 PECCATI

933 1809 1000 1841 SIT
1024 1809 1322 1842 GRAVISSIMUM
1346 1810 1525 1843 OMNIUM
1547 1811 1853 1844 PECCATORUM

922 1886 957 1912 IV
976 1887 1060 1917 Sem„
1080 1887 1139 1913 dist.
1158 1895 1192 1919 ix,
1212 1893 1258 1913 nrt.
1279 1887 1303 1918 3.
1322 1889 1371 1921 qu·
1392 1887 1423 1920 3;
1443 1889 1452 1913 l
1471 1889 1508 1914 ad
1529 1890 1599 1918 Cor..
1619 1897 1676 1922 cap.
1694 1898 1728 1921 xi,
1747 1891 1803 1916 lect.
1822 1897 1868 1916 vn.

338 1983 346 2007 >

361 2004 390 2074 ἒ
433 2011 489 2068 {2⁴3
514 2021 695 2059 accedere
740 2021 790 2058 ad
832 2021 908 2058 hoc
949 2029 1234 2059 sacramentum
1275 2034 1367 2059 curn

321 2077 331 2116 '1
339 2013 482 2117 feli
498 2072 746 2112 conscientia
795 2074 942 2124 peccati
1005 2074 1051 2111 sit
1095 2075 1367 2124 gravissimum

360 2102 456 2158 4²⁹⁶)
472 2120 503 2163 K
516 2127 696 2165 omnium
723 2134 983 2176 peccatorum.
1012 2126 1112 2165 Dicit
1140 2128 1244 2165 enim
1263 2130 1367 2178 Apo-

302 2181 433 2228 stolus,
462 2182 477 2218 Ι
500 2182 588 2218 Cor.
607 2193 642 2218 111
660 2180 700 2217 *;
736 2181 967 2230 Quicumque
994 2181 1274 2219 manducaverit
1294 2195 1366 2232 pa-

303 2246 388 2272 nem
417 2239 451 2271 et
477 2235 606 2271 biberit
633 2234 786 2271 calicem
813 2234 971 2271 Domini
996 2234 1159 2284 indigne,
1189 2247 1274 2272 reus
1300 2237 1367 2272 erit

302 2288 471 2338 corporis
494 2293 527 2324 et
550 2288 746 2337 sanguinis
763 2287 939 2324 Domini:
967 2287 1103 2324 Glossa
1117 2287 1137 2309 ’¹‘
1164 2287 1309 2325 ibidem
1330 2294 1364 2325 ²:

301 2341 360 2378 Ac
385 2341 419 2377 si
447 2341 632 2377 Christum
653 2340 836 2386 occiderit,
850 2341 1038 2389 punietur.
1069 2340 1145 2378 Sed
1164 2349 1367 2390 peccatum

303 2392 526 2435 Christum„
542 2392 801 2430 occidentium
841 2392 993 2430 videtur
1037 2393 1152 2431 fuisse
1192 2394 1367 2443 gravissi-

302 2442 426 2484 inum.
460 2440 562 2494 Ergo
591 2453 628 2482 et
655 2446 731 2483 hoc
757 2453 972 2495 peccatum,
1002 2459 1082 2496 quo
1110 2446 1247 2496 aliquis
1275 2459 1367 2484 cum

302 2498 535 2536 conscientia
561 2498 706 2549 peccati
734 2499 783 2536 ad
810 2511 988 2536 mensam
1016 2500 1176 2537 Domini
1211 2500 1365 2549 accedit,

301 2551 455 2589 videtur
482 2564 565 2589 esse
592 2550 873 2600 gravissimum.

357 2616 392 2642 2.
422 2605 658 2649 PRAETEREA,
693 2604 955 2655 Hieronymus
983 2605 1092 2654 dicit,
1121 2606 1161 2643 in
1197 2607 1367 2656 quadam

302 2657 474 2708 Epistola
492 2658 532 2695 *ε
568 2658 667 2701 Quid
691 2659 757 2695 tibi
782 2670 867 2695 cum
884 2660 1055 2709 seminis,
1085 2661 1149 2710 qui
1174 2661 1225 2697 ad
1250 2661 1368 2698 altare

302 2723 388 2748 cum
408 2712 574 2748 Domino
582 2711 803 2759 fabularis?
824 2712 907 2758 Dic,
926 2712 1110 2759 sacerdos,
1131 2713 1201 2759 dic,
1222 2713 1365 2760 clerice,

303 2764 460 2814 qualiter
496 2776 581 2801 cum
609 2765 743 2801 eisdem
780 2764 886 2801 labiis
911 2766 1048 2802 Filium
1080 2767 1154 2803 Dei
1189 2767 1368 2804 oscularis

302 2818 431 2867 quibus
467 2818 651 2855 osculatus
682 2829 719 2854 es
735 2818 864 2866 filiam
890 2816 905 2847 β
938 2820 1150 2856 meretricis.
1191 2820 1223 2857 Ο
1253 2820 1366 2865 Iuda,

301 2871 426 2908 osculo
454 2871 591 2908 Filium
619 2871 779 2908 hominis
805 2870 944 2908 tradis!
971 2872 1020 2908 Et
1047 2871 1100 2909 sic
1118 2872 1272 2910 videtur
1293 2873 1367 2910 for-

301 2922 448 2961 nicator
491 2924 541 2961 ad
577 2935 754 2960 mensam
797 2922 936 2961 Christi
983 2925 1169 2963 accedens
1208 2938 1367 2975 peccare

301 2975 398 3014 sicut
425 2977 538 3014 Iudas
564 2976 747 3025 peccavit,
768 2976 878 3014 cuius
903 2985 1103 3026 peccatum
1133 2978 1202 3016 fuit
1228 2978 1368 3027 gravis-

302 3028 458 3066 simum.
498 3029 575 3067 Sed
611 3031 732 3067 multa
768 3029 840 3067 alia
875 3038 1031 3079 peccata
1068 3039 1158 3068 sunt
1193 3031 1368 3079 graviora

301 3093 423 3132 quam
449 3090 653 3132 peccatum
680 3082 955 3120 fornicationis:
986 3091 1023 3121 et
1049 3083 1256 3134 praecipue
1280 3096 1367 3133 pec-

301 3133 432 3173 catum
458 3135 700 3173 infidelitatis.
730 3137 832 3184 Ergo
860 3136 1062 3174 cuiuslibet
1081 3137 1290 3186 peccatoris
1318 3136 1367 3173 ad

301 3200 480 3226 mensam
513 3188 652 3226 Christi
679 3189 892 3227 accedentis
917 3198 1116 3239 peccatum
1147 3198 1202 3227 est
1226 3189 1367 3237 gravis-

303 3253 458 3278 simum.

359 3294 393 3331 3.
414 3295 645 3342 Palmum,
665 3295 786 3344 magis
814 3303 869 3333 est
897 3295 1164 3333 abominabilis
1183 3295 1267 3331 Deo
1296 3294 1366 3330 im-

434 1998 475 2012 sae
512 1981 535 2006 n
564 1974 724 2011 QUiNTUM
747 1979 799 2005 SIC
818 1980 1055 2006 PROCEDITUR.
1077 1967 1239 2006 Videtur
1259 1969 1367 2019 quod
1392 1968 1397 2022 Ι
1422 1970 1612 2008 munditia
1640 1970 1842 2020 spiritualis
1862 1984 1981 2021 quam
2005 1973 2222 2022 corporalis.
2254 1974 2330 2011 Sed
2349 1975 2379 2011 si
2399 1975 2484 2024 quis

1421 2022 1624 2073 proiiceret
1650 2036 1791 2073 corpus
1822 2025 1960 2062 Christi
1988 2025 2027 2062 in
2055 2027 2178 2063 lutum
2206 2028 2266 2063 vel
2304 2028 2483 2077 sterquili-

1421 2076 1544 2124 nium,
1567 2077 1838 2125 gravissimum
1862 2086 2100 2127 reputaretur
2127 2091 2208 2129 esse
2227 2085 2242 2107 Υ
2269 2088 2480 2129 peccatum.

1422 2130 1524 2178 Ergo
1552 2130 1706 2178 gravius
1737 2139 1870 2180 peccat
1902 2131 1932 2168 si
1959 2131 2088 2181 ipsum
2120 2140 2246 2169 sumat
2277 2145 2368 2170 cum
2394 2146 2481 2183 pec-

1421 2190 1518 2229 cato,
1548 2183 1655 2232 quod
1684 2191 1740 2220 est
1767 2183 2011 2222 immunditia
2038 2184 2248 2234 spiritualis
2277 2186 2378 2234 Ergo
2407 2188 2482 2223 hoc

1420 2243 1624 2285 peccatum
1652 2244 1708 2274 est
1734 2237 2014 2285 gravissimum.

1475 2289 1549 2326 SED
1578 2301 1723 2327 CONTRA
1751 2302 1816 2327 Ε5τ
1851 2291 1969 2340 quod,
2000 2302 2114 2340 super
2141 2291 2232 2328 illud
2260 2292 2362 2328 Ioan.
2383 2304 2430 2329 xv
2448 2293 2478 2340 ³¹⁵,

1421 2343 1463 2379 Si
1488 2355 1563 2380 non
1591 2345 1783 2389 venissem,
1813 2350 1846 2380 et
1873 2344 2012 2381 locutus
2040 2346 2090 2380 eis
2118 2357 2190 2381 non
2206 2345 2377 2391 fuissem,
2396 2358 2479 2394 pec-

1421 2401 1545 2432 catum
1574 2409 1648 2433 non
1677 2397 1865 2443 haberent,
1895 2396 1984 2433 dicit
2002 2397 2269 2444 Augustinus*
2294 2398 2370 2434 hoc
2397 2410 2478 2434 esse

1421 2447 1710 2497 intelligendum
1746 2449 1793 2486 de
1820 2457 1977 2499 peccato
2011 2449 2258 2496 infidelitatis,
2287 2462 2358 2499 quo
2395 2453 2478 2488 reti-

1423 2507 1557 2539 nentur
1575 2500 1588 2523 3
1616 2508 1748 2539 cuncta
1770 2508 1935 2552 peccata.
1966 2503 2013 2539 Et
2040 2501 2090 2539 ita
2117 2502 2266 2539 videtur
2292 2503 2368 2540 hoc
2390 2516 2477 2553 pec-

1422 2563 1551 2592 catum
1579 2567 1660 2592 non
1688 2567 1770 2592 3553
1797 2555 2076 2604 gravissimum,
2105 2555 2172 2592 sed
2200 2555 2319 2603 magis
2345 2568 2478 2605 pecca-

1421 2615 1506 2645 tum
1534 2608 1773 2645 infidelitatis.

1474 2660 1698 2698 RESPONDEO
1727 2673 1907 2698 DICENDUM
1942 2661 2064 2710 quod,
2097 2660 2192 2697 sicut
2226 2661 2265 2697 in
2301 2661 2478 2698 Secunda

1423 2715 1532 2752 Parte
1547 2714 1567 2735 ’¹‘
1585 2713 1760 2751 habitum
1786 2721 1851 2760 est,
1877 2713 2075 2762 dupliciter
2097 2713 2251 2762 aliquod
2277 2723 2477 2762 peccatum

1421 2774 1546 2816 potest
1573 2766 1647 2803 dici
1665 2766 1817 2814 gravius
1836 2766 1929 2802 alio:
1960 2778 2039 2802 uno
2068 2766 2199 2810 modo,
2219 2778 2289 2815 per
2315 2779 2373 2812 se;
2403 2766 2476 2804 alio

1421 2820 1554 2865 modo,
1574 2831 1644 2868 per
1671 2818 1856 2855 accidens.
1892 2820 1964 2855 Per
1996 2831 2035 2855 se
2064 2818 2232 2867 quidem,
2262 2820 2477 2856 secundum

1422 2872 1610 2910 rationem
1639 2883 1730 2908 suae
1759 2870 1914 2920 speciei,
1945 2883 2044 2919 quae
2068 2871 2271 2908 attenditur
2298 2884 2344 2909 ex
2371 2880 2476 2921 parte

1423 2924 1570 2962 obiecti.
1622 2925 1670 2960 Et
1707 2924 1922 2960 secundum
1961 2924 2053 2970 hoc,
2088 2931 2232 2972 quanto
2270 2924 2308 2961 id
2345 2933 2477 2962 contra

1423 2977 1527 3027 quod
1546 2984 1726 3026 peccatur
1744 2984 1799 3012 est
1818 2976 1953 3021 maius,
1973 2984 2078 3013 tanto
2097 2984 2298 3025 peccatum
2322 2985 2376 3014 est
2398 2990 2477 3026 gra-

1421 3030 1518 3067 vius.
1549 3030 1596 3066 Et
1615 3029 1706 3078 quia
1734 3028 1908 3065 divinitas
1929 3028 2066 3065 Christi
2086 3037 2140 3066 est
2159 3029 2283 3067 maior
2301 3030 2476 3067 humani-

1421 3091 1495 3120 tate
1514 3081 1654 3131 ipsius;v
1674 3089 1710 3118 et
1727 3081 1809 3130 ipsa
1828 3081 2045 3118 humanitas
2065 3089 2120 3118 est
2137 3082 2264 3131 potior
2282 3095 2402 3132 quam
2420 3096 2477 3121 sa-

1421 3142 1614 3172 cramenta
1633 3133 1896 3170 humanitatis:
1926 3133 2015 3171 inde
2043 3142 2098 3172 est
2126 3135 2232 3183 quod
2255 3135 2476 3183 gravissima

1420 3195 1574 3237 peccata
1602 3194 1689 3223 sunt
1717 3199 1816 3235 quae
1845 3186 2137 3224 committuntur
2163 3187 2203 3224 in
2230 3188 2354 3237 ipsam
2381 3189 2476 3226 divi-

1420 3240 1587 3286 nitatem,
1617 3239 1712 3275 sicut
1740 3246 1794 3276 est
1825 3247 2028 3288 peccatum
2060 3239 2288 3278 infidelitatis
2316 3248 2352 3278 et
2379 3242 2476 3278 blas-

1419 3292 1608 3342 phemiae.
1640 3291 1876 3329 Secundario
1900 3300 2029 3329 autern
2058 3300 2146 3330 sunt
2171 3293 2300 3342 gravia
2322 3302 2477 3344 peccata

356 3407 384 3442 α)
403 3408 507 3434 ibidem.
525 3422 546 3428 -
562 3409 606 3439 bc;
624 3417 678 3435 om.
692 3409 721 3439 F.
736 3409 805 3435 idest
824 3410 840 3440 1,
857 3409 952 3434 ibidem
973 3409 1038 3434 dicit
1056 3411 1095 3433 est
1114 3408 1153 3432 ed.
1166 3415 1191 3437 a,
1205 3406 1300 3431 ibidem
1316 3406 1364 3430 hoc

302 3446 342 3469 est
361 3444 389 3474 Ρ,
407 3444 503 3469 ibidem
522 3448 562 3470 est
580 3445 666 3469 ceteri.

356 3478 382 3514 β)
394 3479 493 3511 filiam.
509 3493 529 3499 -
546 3480 644 3505 similia
663 3480 838 3511 (meretricia)
858 3480 888 3509 D.
907 3479 977 3504 labia
997 3478 1130 3503 editiones

443 3532 554 3558 Sumur.
572 3532 674 3558 Tutor.
694 3533 725 3558 D.
738 3532 854 3557 'raonis
873 3532 905 3557 T.
926 3532 967 3557 1x.

1471 3403 1498 3437 γ)
1516 3411 1580 3430 esse.
1597 3419 1617 3423 —
1634 3405 1691 3429 eius
1708 3405 1781 3429 tertia
1800 3404 1871 3438 (post
1884 3409 2026 3438 peccatum
2045 3404 2075 3439 l),
2093 3413 2146 3430 om.
2165 3406 2195 3431 E.

1470 3439 1495 3474 δ)
1514 3447 1565 3472 quo
1583 3440 1740 3465 retinentur.
1757 3455 1777 3458 —
1794 3441 1832 3471 (in
1853 3441 1894 3472 bc)
1913 3448 1964 3474 quo
1982 3441 2153 3466 continentur
2172 3442 2220 3473 lbc,
2235 3449 2286 3474 quo
2305 3446 2429 3468 tenentur
2447 3443 2476 3468 P.

2303 3530 2334 3554 30

2505 529 2514 537 '¹
2535 527 2570 548 Cf.
2593 533 2655 548 num.
2677 533 2701 554 n,

2505 553 2572 574 Ratio
2588 556 2673 574 autem.

2509 1366 2518 1375 ·
2534 1364 2589 1392 Cap.
2612 1364 2693 1386 Omnis

2509 1391 2640 1418 utriusque,
2664 1391 2694 1412 de

2509 1417 2596 1439 Poenit.
2613 1419 2636 1438 et
2649 1417 2692 1438 Re-

2509 1444 2572 1466 miss.

2507 2297 2517 2306 '
2532 2295 2597 2316 Vers.
2612 2300 2646 2316 22.

2507 2404 2674 2426 ’1η1οαη,Ενα
2710 2420 2717 2427 .

2505 2434 2569 2452 tract.
2591 2430 2674 2452 Lxxx
2712 2447 2718 2458 ,

2505 2463 2568 2479 num.
2586 2464 2603 2479 ι.

2605 2509 2619 2534 δ

2506 2722 2515 2731 '
2538 2720 2561 2741 1·
2589 2720 2647 2745 11³⁶,
2675 2726 2715 2768 gu.

2504 2750 2716 2801 ἓῖἱῖιιὲῗῑέῑςῐ

2504 2805 2585 2826 uxiu,
2599 2803 2640 2821 art.
2655 2806 2675 2828 3.
