<?xml version="1.0" encoding="UTF-8"?>
<!DOCTYPE html PUBLIC "-//W3C//DTD XHTML 1.0 Transitional//EN"
    "http://www.w3.org/TR/xhtml1/DTD/xhtml1-transitional.dtd">
<html xmlns="http://www.w3.org/1999/xhtml" xml:lang="en" lang="en">
 <head>
  <title>
</title>
<meta http-equiv="Content-Type" content="text/html;charset=utf-8" />
  <meta name='ocr-system' content='tesseract 3.04.00' />
  <meta name='ocr-capabilities' content='ocr_page ocr_carea ocr_par ocr_line ocrx_word'/>
</head>
<body>
  <div class='ocr_page' id='page_1' title='image "./operaomniaiussui12thom_0260.png"; bbox 0 0 2918 4088; ppageno 0'>
   <div class='ocr_carea' id='block_1_1' title="bbox 217 263 402 290">
    <p class='ocr_par' dir='ltr' id='par_1_1' title="bbox 217 263 402 290">
     <span class='ocr_line' id='line_1_1' title="bbox 217 263 402 290; baseline -0.005 -6"><span class='ocrx_word' id='word_1_1' title='bbox 217 265 226 275; x_wconf 85' lang='lat'>·</span> <span class='ocrx_word' id='word_1_2' title='bbox 245 263 273 284; x_wconf 85' lang='lat' dir='ltr'><em>D.</em></span> <span class='ocrx_word' id='word_1_3' title='bbox 288 263 339 290; x_wconf 82' lang='lat'><em>580,</em></span> <span class='ocrx_word' id='word_1_4' title='bbox 355 268 402 289; x_wconf 82' lang='lat'>7¹7-</span> 
     </span>
    </p>
   </div>
   <div class='ocr_carea' id='block_1_2' title="bbox 217 682 431 763">
    <p class='ocr_par' dir='ltr' id='par_1_2' title="bbox 217 682 431 763">
     <span class='ocr_line' id='line_1_2' title="bbox 218 682 430 710; baseline 0 -7"><span class='ocrx_word' id='word_1_5' title='bbox 218 684 228 694; x_wconf 88' lang='grc'><em>·</em></span> <span class='ocrx_word' id='word_1_6' title='bbox 244 682 355 710; x_wconf 82' lang='lat' dir='ltr'><em>Quintus.</em></span> <span class='ocrx_word' id='word_1_7' title='bbox 370 694 378 698; x_wconf 99' lang='lat'>-</span> <span class='ocrx_word' id='word_1_8' title='bbox 395 682 430 704; x_wconf 82' lang='lat' dir='ltr'><em>Ct‘.</em></span> 
     </span>
     <span class='ocr_line' id='line_1_3' title="bbox 217 708 431 735; baseline -0.005 -5"><span class='ocrx_word' id='word_1_9' title='bbox 217 714 268 730; x_wconf 83' lang='lat' dir='ltr'><em>can.</em></span> <span class='ocrx_word' id='word_1_10' title='bbox 279 708 431 735; x_wconf 79' lang='lat' dir='ltr'><em>Consuluisti,</em></span> 
     </span>
     <span class='ocr_line' id='line_1_4' title="bbox 217 735 416 763; baseline 0 -7"><span class='ocrx_word' id='word_1_11' title='bbox 217 741 280 757; x_wconf 77' lang='lat' dir='ltr'><em>caus.</em></span> <span class='ocrx_word' id='word_1_12' title='bbox 297 735 326 761; x_wconf 86' lang='lat'><em>11,</em></span> <span class='ocrx_word' id='word_1_13' title='bbox 341 742 379 763; x_wconf 85' lang='lat' dir='ltr'><em>qu.</em></span> <span class='ocrx_word' id='word_1_14' title='bbox 395 742 416 756; x_wconf 94' lang='lat' dir='ltr'><em>v.</em></span> 
     </span>
    </p>
   </div>
   <div class='ocr_carea' id='block_1_3' title="bbox 215 1913 432 2047">
    <p class='ocr_par' dir='ltr' id='par_1_3' title="bbox 215 1913 432 2047">
     <span class='ocr_line' id='line_1_5' title="bbox 215 1913 432 1935; baseline -0.005 0"><span class='ocrx_word' id='word_1_15' title='bbox 215 1914 226 1925; x_wconf 64' lang='lat'><strong>⁹</strong></span> <span class='ocrx_word' id='word_1_16' title='bbox 232 1913 341 1935; x_wconf 70' lang='lat' dir='ltr'><em>Instruct.</em></span> <span class='ocrx_word' id='word_1_17' title='bbox 348 1913 432 1934; x_wconf 86' lang='lat' dir='ltr'><em>Sacer-</em></span> 
     </span>
     <span class='ocr_line' id='line_1_6' title="bbox 216 1939 432 1967; baseline -0.005 -6"><span class='ocrx_word' id='word_1_18' title='bbox 216 1939 273 1966; x_wconf 73' lang='lat' dir='ltr'><em>dot„</em></span> <span class='ocrx_word' id='word_1_19' title='bbox 280 1946 355 1967; x_wconf 79' lang='lat' dir='ltr'><em>cap.v¹</em></span> <span class='ocrx_word' id='word_1_20' title='bbox 364 1939 432 1965; x_wconf 83' lang='lat' dir='ltr'><em>(inter</em></span> 
     </span>
     <span class='ocr_line' id='line_1_7' title="bbox 217 1966 432 1994; baseline -0.005 -6"><span class='ocrx_word' id='word_1_21' title='bbox 217 1967 281 1994; x_wconf 88' lang='lat' dir='ltr'><em>Opp.</em></span> <span class='ocrx_word' id='word_1_22' title='bbox 295 1967 379 1991; x_wconf 86' lang='lat' dir='ltr'><em>Bern.);</em></span> <span class='ocrx_word' id='word_1_23' title='bbox 394 1966 432 1987; x_wconf 87' lang='lat' dir='ltr'><em>ln-</em></span> 
     </span>
     <span class='ocr_line' id='line_1_8' title="bbox 216 1993 430 2019; baseline 0 -5"><span class='ocrx_word' id='word_1_24' title='bbox 216 1999 270 2015; x_wconf 84' lang='lat' dir='ltr'><em>noc.</em></span> <span class='ocrx_word' id='word_1_25' title='bbox 290 1993 335 2019; x_wconf 83' lang='lat'><em>111,</em></span> <span class='ocrx_word' id='word_1_26' title='bbox 354 1993 430 2015; x_wconf 86' lang='lat' dir='ltr'><em>Serm.</em></span> 
     </span>
     <span class='ocr_line' id='line_1_9' title="bbox 216 2019 416 2047; baseline 0 -6"><span class='ocrx_word' id='word_1_27' title='bbox 216 2019 282 2041; x_wconf 84' lang='lat' dir='ltr'><em>xxu</em></span> <span class='ocrx_word' id='word_1_28' title='bbox 297 2019 326 2041; x_wconf 79' lang='lat' dir='ltr'><em>de</em></span> <span class='ocrx_word' id='word_1_29' title='bbox 338 2020 416 2047; x_wconf 82' lang='lat' dir='ltr'><em>Temp.</em></span> 
     </span>
    </p>
   </div>
   <div class='ocr_carea' id='block_1_4' title="bbox 216 2089 431 2143">
    <p class='ocr_par' dir='ltr' id='par_1_4' title="bbox 216 2089 431 2143">
     <span class='ocr_line' id='line_1_10' title="bbox 216 2089 431 2116; baseline -0.009 -6"><span class='ocrx_word' id='word_1_30' title='bbox 216 2089 227 2099; x_wconf 68' lang='lat'>²</span> <span class='ocrx_word' id='word_1_31' title='bbox 241 2089 305 2110; x_wconf 81' lang='lat' dir='ltr'><em>Ioan.</em></span> <span class='ocrx_word' id='word_1_32' title='bbox 317 2094 366 2116; x_wconf 85' lang='lat' dir='ltr'><em>cap.</em></span> <span class='ocrx_word' id='word_1_33' title='bbox 379 2094 431 2115; x_wconf 67' lang='lat' dir='ltr'><em>xm,</em></span> 
     </span>
     <span class='ocr_line' id='line_1_11' title="bbox 216 2121 327 2143; baseline 0 -7"><span class='ocrx_word' id='word_1_34' title='bbox 216 2121 276 2137; x_wconf 84' lang='lat' dir='ltr'><em>vers.</em></span> <span class='ocrx_word' id='word_1_35' title='bbox 291 2121 327 2143; x_wconf 88' lang='lat'><em>30·</em></span> 
     </span>
    </p>
   </div>
   <div class='ocr_carea' id='block_1_5' title="bbox 214 2241 432 2296">
    <p class='ocr_par' dir='ltr' id='par_1_5' title="bbox 214 2241 432 2296">
     <span class='ocr_line' id='line_1_12' title="bbox 214 2241 432 2268; baseline -0.005 -5"><span class='ocrx_word' id='word_1_36' title='bbox 214 2241 312 2263; x_wconf 61' lang='lat' dir='ltr'><em>math.</em></span> <span class='ocrx_word' id='word_1_37' title='bbox 319 2247 432 2268; x_wconf 53' lang='lat' dir='ltr'><em>capam,</em></span> 
     </span>
     <span class='ocr_line' id='line_1_13' title="bbox 215 2268 377 2296; baseline 0 -6"><span class='ocrx_word' id='word_1_38' title='bbox 215 2275 275 2290; x_wconf 83' lang='lat' dir='ltr'><em>vers.</em></span> <span class='ocrx_word' id='word_1_39' title='bbox 291 2268 327 2295; x_wconf 81' lang='lat'><em>26,</em></span> <span class='ocrx_word' id='word_1_40' title='bbox 343 2274 377 2296; x_wconf 84' lang='lat'><em>²7-</em></span> 
     </span>
    </p>
   </div>
   <div class='ocr_carea' id='block_1_6' title="bbox 219 2999 353 3027">
    <p class='ocr_par' dir='ltr' id='par_1_6' title="bbox 219 2999 353 3027">
     <span class='ocr_line' id='line_1_14' title="bbox 219 2999 353 3027; baseline -0.007 -6"><span class='ocrx_word' id='word_1_41' title='bbox 219 3001 228 3011; x_wconf 78' lang='lat'><strong>·</strong></span> <span class='ocrx_word' id='word_1_42' title='bbox 245 2999 301 3027; x_wconf 80' lang='lat' dir='ltr'><em>Cap.</em></span> <span class='ocrx_word' id='word_1_43' title='bbox 317 3006 353 3021; x_wconf 92' lang='lat' dir='ltr'><em>xv.</em></span> 
     </span>
    </p>
   </div>
   <div class='ocr_carea' id='block_1_7' title="bbox 467 175 540 212">
    <p class='ocr_par' dir='ltr' id='par_1_7' title="bbox 467 175 540 212">
     <span class='ocr_line' id='line_1_15' title="bbox 467 175 540 212; baseline 0.014 -1"><span class='ocrx_word' id='word_1_44' title='bbox 467 175 540 212; x_wconf 83' lang='lat'><em>236</em></span> 
     </span>
    </p>
   </div>
   <div class='ocr_carea' id='block_1_8' title="bbox 456 252 1527 672">
    <p class='ocr_par' dir='ltr' id='par_1_8' title="bbox 456 252 1527 554">
     <span class='ocr_line' id='line_1_16' title="bbox 456 252 1525 302; baseline -0.001 -14"><span class='ocrx_word' id='word_1_45' title='bbox 456 255 564 302; x_wconf 82' lang='lat' dir='ltr'><em>prius</em></span> <span class='ocrx_word' id='word_1_46' title='bbox 592 252 719 289; x_wconf 86' lang='lat' dir='ltr'><em>adoret</em></span> <span class='ocrx_word' id='word_1_47' title='bbox 737 252 766 288; x_wconf 71' lang='lat'><em>²¹⁶.</em></span> <span class='ocrx_word' id='word_1_48' title='bbox 798 252 908 289; x_wconf 87' lang='lat' dir='ltr'><strong>Unde</strong></span> <span class='ocrx_word' id='word_1_49' title='bbox 933 253 1058 296; x_wconf 87' lang='lat' dir='ltr'><em>Extra,</em></span> <span class='ocrx_word' id='word_1_50' title='bbox 1082 252 1128 288; x_wconf 82' lang='lat' dir='ltr'><em>de</em></span> <span class='ocrx_word' id='word_1_51' title='bbox 1156 252 1409 288; x_wconf 84' lang='lat' dir='ltr'><em>Celebratione</em></span> <span class='ocrx_word' id='word_1_52' title='bbox 1431 253 1525 288; x_wconf 87' lang='lat' dir='ltr'><em>Mis-</em></span> 
     </span>
     <span class='ocr_line' id='line_1_17' title="bbox 460 303 1525 354; baseline -0.002 -12"><span class='ocrx_word' id='word_1_53' title='bbox 460 318 599 351; x_wconf 86' lang='lat' dir='ltr'><em>sarum,</em></span> <span class='ocrx_word' id='word_1_54' title='bbox 621 317 702 354; x_wconf 89' lang='lat' dir='ltr'><em>cap.</em></span> <span class='ocrx_word' id='word_1_55' title='bbox 723 306 782 341; x_wconf 89' lang='lat' dir='ltr'><em>De</em></span> <span class='ocrx_word' id='word_1_56' title='bbox 800 303 811 326; x_wconf 80' lang='lat'>⁰</span> <span class='ocrx_word' id='word_1_57' title='bbox 840 307 999 351; x_wconf 81' lang='lat' dir='ltr'><em>homine,</em></span> <span class='ocrx_word' id='word_1_58' title='bbox 1020 305 1175 341; x_wconf 90' lang='lat' dir='ltr'><em>dicitur:</em></span> <span class='ocrx_word' id='word_1_59' title='bbox 1207 306 1308 341; x_wconf 88' lang='lat' dir='ltr'><em>Licet</em></span> <span class='ocrx_word' id='word_1_60' title='bbox 1327 306 1357 340; x_wconf 90' lang='lat' dir='ltr'><em>is</em></span> <span class='ocrx_word' id='word_1_61' title='bbox 1377 305 1440 353; x_wconf 87' lang='lat' dir='ltr'><em>qui</em></span> <span class='ocrx_word' id='word_1_62' title='bbox 1451 315 1525 353; x_wconf 87' lang='lat' dir='ltr'><em>pro</em></span> 
     </span>
     <span class='ocr_line' id='line_1_18' title="bbox 459 357 1525 407; baseline -0.001 -13"><span class='ocrx_word' id='word_1_63' title='bbox 459 360 518 394; x_wconf 85' lang='lat' dir='ltr'><em>sui</em></span> <span class='ocrx_word' id='word_1_64' title='bbox 543 360 708 395; x_wconf 91' lang='lat' dir='ltr'><em>criminis</em></span> <span class='ocrx_word' id='word_1_65' title='bbox 736 360 958 395; x_wconf 87' lang='lat' dir='ltr'><em>conscientia</em></span> <span class='ocrx_word' id='word_1_66' title='bbox 978 363 1120 407; x_wconf 86' lang='lat' dir='ltr'><em>reputat</em></span> <span class='ocrx_word' id='word_1_67' title='bbox 1147 370 1187 393; x_wconf 89' lang='lat' dir='ltr'><em>se</em></span> <span class='ocrx_word' id='word_1_68' title='bbox 1214 357 1422 407; x_wconf 82' lang='lat' dir='ltr'><em>indignum,</em></span> <span class='ocrx_word' id='word_1_69' title='bbox 1438 369 1525 406; x_wconf 89' lang='lat' dir='ltr'><em>pec-</em></span> 
     </span>
     <span class='ocr_line' id='line_1_19' title="bbox 460 410 1527 461; baseline -0.002 -13"><span class='ocrx_word' id='word_1_70' title='bbox 460 417 514 448; x_wconf 90' lang='lat' dir='ltr'><em>cet</em></span> <span class='ocrx_word' id='word_1_71' title='bbox 540 413 708 461; x_wconf 78' lang='lat' dir='ltr'><em>graviter</em></span> <span class='ocrx_word' id='word_1_72' title='bbox 733 413 767 448; x_wconf 86' lang='lat' dir='ltr'><em>si</em></span> <span class='ocrx_word' id='word_1_73' title='bbox 790 423 829 447; x_wconf 88' lang='lat' dir='ltr'><em>se</em></span> <span class='ocrx_word' id='word_1_74' title='bbox 857 413 1019 460; x_wconf 78' lang='lat' dir='ltr'><em>ingerat,</em></span> <span class='ocrx_word' id='word_1_75' title='bbox 1049 416 1173 446; x_wconf 91' lang='lat' dir='ltr'><em>tamen</em></span> <span class='ocrx_word' id='word_1_76' title='bbox 1202 411 1357 459; x_wconf 80' lang='lat' dir='ltr'><em>gravius</em></span> <span class='ocrx_word' id='word_1_77' title='bbox 1385 410 1527 447; x_wconf 80' lang='lat' dir='ltr'><em>videtur</em></span> 
     </span>
     <span class='ocr_line' id='line_1_20' title="bbox 460 463 1526 513; baseline -0.003 -12"><span class='ocrx_word' id='word_1_78' title='bbox 460 464 649 513; x_wconf 87' lang='lat' dir='ltr'><em>offendere</em></span> <span class='ocrx_word' id='word_1_79' title='bbox 677 466 740 513; x_wconf 85' lang='lat' dir='ltr'><em>qui</em></span> <span class='ocrx_word' id='word_1_80' title='bbox 759 464 1026 512; x_wconf 85' lang='lat' dir='ltr'><em>fraudulenter</em></span> <span class='ocrx_word' id='word_1_81' title='bbox 1054 463 1145 499; x_wconf 87' lang='lat' dir='ltr'><em>illud</em></span> <span class='ocrx_word' id='word_1_82' title='bbox 1161 464 1453 512; x_wconf 83' lang='lat' dir='ltr'><em>praesumpserit</em></span> <span class='ocrx_word' id='word_1_83' title='bbox 1478 464 1526 499; x_wconf 87' lang='lat' dir='ltr'><em>si-</em></span> 
     </span>
     <span class='ocr_line' id='line_1_21' title="bbox 459 518 615 554; baseline 0 0"><span class='ocrx_word' id='word_1_84' title='bbox 459 518 615 554; x_wconf 90' lang='lat' dir='ltr'><em>mulare.</em></span> 
     </span>
    </p>

    <p class='ocr_par' dir='ltr' id='par_1_9' title="bbox 458 567 1527 672">
     <span class='ocr_line' id='line_1_22' title="bbox 511 567 1527 617; baseline -0.004 -10"><span class='ocrx_word' id='word_1_85' title='bbox 511 572 568 607; x_wconf 85' lang='lat' dir='ltr'><em>AD</em></span> <span class='ocrx_word' id='word_1_86' title='bbox 596 582 754 607; x_wconf 77' lang='lat' dir='ltr'><em>TERTmM</em></span> <span class='ocrx_word' id='word_1_87' title='bbox 791 581 971 606; x_wconf 84' lang='lat' dir='ltr'><strong>DICENDUM</strong></span> <span class='ocrx_word' id='word_1_88' title='bbox 1009 569 1116 617; x_wconf 91' lang='lat' dir='ltr'><em>quod</em></span> <span class='ocrx_word' id='word_1_89' title='bbox 1154 568 1304 604; x_wconf 89' lang='lat' dir='ltr'><em>decreta</em></span> <span class='ocrx_word' id='word_1_90' title='bbox 1340 567 1401 604; x_wconf 92' lang='lat' dir='ltr'><em>illa</em></span> <span class='ocrx_word' id='word_1_91' title='bbox 1438 575 1527 604; x_wconf 92' lang='lat' dir='ltr'><em>sunt</em></span> 
     </span>
     <span class='ocr_line' id='line_1_23' title="bbox 458 621 1526 672; baseline -0.003 -12"><span class='ocrx_word' id='word_1_92' title='bbox 458 622 639 671; x_wconf 86' lang='lat' dir='ltr'><em>abrogata</em></span> <span class='ocrx_word' id='word_1_93' title='bbox 670 635 740 672; x_wconf 90' lang='lat' dir='ltr'><em>per</em></span> <span class='ocrx_word' id='word_1_94' title='bbox 765 622 953 659; x_wconf 87' lang='lat' dir='ltr'><em>contraria</em></span> <span class='ocrx_word' id='word_1_95' title='bbox 986 622 1222 658; x_wconf 88' lang='lat' dir='ltr'><em>documenta</em></span> <span class='ocrx_word' id='word_1_96' title='bbox 1254 621 1526 658; x_wconf 88' lang='lat' dir='ltr'><em>Romanorum</em></span> 
     </span>
    </p>
   </div>
   <div class='ocr_carea' id='block_1_9' title="bbox 458 673 1529 724">
    <p class='ocr_par' dir='ltr' id='par_1_10' title="bbox 458 673 1529 724">
     <span class='ocr_line' id='line_1_24' title="bbox 458 673 1529 724; baseline -0.002 -12"><span class='ocrx_word' id='word_1_97' title='bbox 458 675 703 712; x_wconf 89' lang='lat' dir='ltr'>Pontificum.</span> <span class='ocrx_word' id='word_1_98' title='bbox 734 675 833 712; x_wconf 84' lang='lat' dir='ltr'>Dicit</span> <span class='ocrx_word' id='word_1_99' title='bbox 862 675 966 712; x_wconf 91' lang='lat' dir='ltr'><em>enim</em></span> <span class='ocrx_word' id='word_1_100' title='bbox 996 675 1215 724; x_wconf 87' lang='lat' dir='ltr'><em>Stephanus</em></span> <span class='ocrx_word' id='word_1_101' title='bbox 1234 673 1389 723; x_wconf 74' lang='lat' dir='ltr'><em>Papa*:</em></span> <span class='ocrx_word' id='word_1_102' title='bbox 1417 675 1529 710; x_wconf 89' lang='lat' dir='ltr'><em>Ferri</em></span> 
     </span>
    </p>
   </div>
   <div class='ocr_carea' id='block_1_10' title="bbox 446 728 1525 885">
    <p class='ocr_par' dir='ltr' id='par_1_11' title="bbox 446 728 1525 885">
     <span class='ocr_line' id='line_1_25' title="bbox 457 728 1525 778; baseline -0.002 -13"><span class='ocrx_word' id='word_1_103' title='bbox 457 730 647 766; x_wconf 85' lang='lat' dir='ltr'><em>candentis</em></span> <span class='ocrx_word' id='word_1_104' title='bbox 673 729 733 766; x_wconf 82' lang='lat' dir='ltr'><em>vel</em></span> <span class='ocrx_word' id='word_1_105' title='bbox 759 741 879 778; x_wconf 85' lang='lat' dir='ltr'><em>aquae</em></span> <span class='ocrx_word' id='word_1_106' title='bbox 893 729 1077 776; x_wconf 84' lang='lat' dir='ltr'><em>ferventis</em></span> <span class='ocrx_word' id='word_1_107' title='bbox 1097 733 1104 748; x_wconf 87' lang='lat'>‘</span> <span class='ocrx_word' id='word_1_108' title='bbox 1133 728 1412 764; x_wconf 85' lang='lat' dir='ltr'><em>examinatione</em></span> <span class='ocrx_word' id='word_1_109' title='bbox 1438 738 1525 764; x_wconf 89' lang='lat' dir='ltr'><em>con-</em></span> 
     </span>
     <span class='ocr_line' id='line_1_26' title="bbox 446 781 1524 831; baseline -0.002 -13"><span class='ocrx_word' id='word_1_110' title='bbox 446 783 652 830; x_wconf 88' lang='lat' dir='ltr'><em>fessionem</em></span> <span class='ocrx_word' id='word_1_111' title='bbox 682 783 897 831; x_wconf 86' lang='lat' dir='ltr'><em>extorqueri</em></span> <span class='ocrx_word' id='word_1_112' title='bbox 913 794 937 818; x_wconf 93' lang='lat' dir='ltr'><em>a</em></span> <span class='ocrx_word' id='word_1_113' title='bbox 957 781 1114 831; x_wconf 86' lang='lat' dir='ltr'><em>quolibet</em></span> <span class='ocrx_word' id='word_1_114' title='bbox 1141 782 1242 817; x_wconf 89' lang='lat' dir='ltr'><em>sacri</em></span> <span class='ocrx_word' id='word_1_115' title='bbox 1268 788 1430 817; x_wconf 88' lang='lat' dir='ltr'><em>canones</em></span> <span class='ocrx_word' id='word_1_116' title='bbox 1449 792 1524 817; x_wconf 89' lang='lat' dir='ltr'><em>non</em></span> 
     </span>
     <span class='ocr_line' id='line_1_27' title="bbox 456 833 1525 885; baseline -0.003 -13"><span class='ocrx_word' id='word_1_117' title='bbox 456 835 672 872; x_wconf 87' lang='lat' dir='ltr'><em>concedunt.</em></span> <span class='ocrx_word' id='word_1_118' title='bbox 694 837 906 885; x_wconf 85' lang='lat' dir='ltr'><em>Spontanea</em></span> <span class='ocrx_word' id='word_1_119' title='bbox 926 837 1024 871; x_wconf 90' lang='lat' dir='ltr'><em>enim</em></span> <span class='ocrx_word' id='word_1_120' title='bbox 1044 834 1287 880; x_wconf 85' lang='lat' dir='ltr'><em>confessione,</em></span> <span class='ocrx_word' id='word_1_121' title='bbox 1307 833 1366 871; x_wconf 80' lang='lat' dir='ltr'><em>vel</em></span> <span class='ocrx_word' id='word_1_122' title='bbox 1383 835 1525 870; x_wconf 85' lang='lat' dir='ltr'><em>testium</em></span> 
     </span>
    </p>
   </div>
   <div class='ocr_carea' id='block_1_11' title="bbox 511 948 1398 1025">
    <p class='ocr_par' dir='ltr' id='par_1_12' title="bbox 511 948 1398 1025">
     <span class='ocr_line' id='line_1_28' title="bbox 511 948 874 984; baseline 0 -10"><span class='ocrx_word' id='word_1_123' title='bbox 511 948 535 984; x_wconf 85' lang='lat'><em>0)</em></span> <span class='ocrx_word' id='word_1_124' title='bbox 557 950 606 975; x_wconf 84' lang='lat' dir='ltr'><em>De.</em></span> <span class='ocrx_word' id='word_1_125' title='bbox 624 965 643 969; x_wconf 89' lang='lat'>—</span> <span class='ocrx_word' id='word_1_126' title='bbox 661 950 718 974; x_wconf 85' lang='lat' dir='ltr'><em>PsB</em></span> <span class='ocrx_word' id='word_1_127' title='bbox 738 956 763 975; x_wconf 87' lang='lat' dir='ltr'><em>et</em></span> <span class='ocrx_word' id='word_1_128' title='bbox 781 957 809 980; x_wconf 86' lang='lat' dir='ltr'><em>c;</em></span> <span class='ocrx_word' id='word_1_129' title='bbox 830 957 874 974; x_wconf 82' lang='lat' dir='ltr'><em>ex.</em></span> 
     </span>
     <span class='ocr_line' id='line_1_29' title="bbox 511 990 1398 1025; baseline 0 -10"><span class='ocrx_word' id='word_1_130' title='bbox 511 991 531 1024; x_wconf 82' lang='grc' dir='ltr'><em>ι)</em></span> <span class='ocrx_word' id='word_1_131' title='bbox 542 991 686 1025; x_wconf 76' lang='lat' dir='ltr'><em>ferventis.</em></span> <span class='ocrx_word' id='word_1_132' title='bbox 704 1005 724 1009; x_wconf 98' lang='lat'><em>-</em></span> <span class='ocrx_word' id='word_1_133' title='bbox 741 991 761 1015; x_wconf 78' lang='lat' dir='ltr'><strong>F</strong></span> <span class='ocrx_word' id='word_1_134' title='bbox 780 997 806 1017; x_wconf 93' lang='lat' dir='ltr'><em>et</em></span> <span class='ocrx_word' id='word_1_135' title='bbox 825 991 921 1021; x_wconf 81' lang='lat' dir='ltr'><em>tertia.;</em></span> <span class='ocrx_word' id='word_1_136' title='bbox 941 991 1064 1016; x_wconf 73' lang='lat' dir='ltr'><em>bulientis</em></span> <span class='ocrx_word' id='word_1_137' title='bbox 1083 991 1123 1016; x_wconf 88' lang='lat' dir='ltr'><em>ed.</em></span> <span class='ocrx_word' id='word_1_138' title='bbox 1142 998 1167 1020; x_wconf 87' lang='lat' dir='ltr'><em>a,</em></span> <span class='ocrx_word' id='word_1_139' title='bbox 1180 990 1293 1025; x_wconf 82' lang='lat' dir='ltr'><em>fluentis</em></span> <span class='ocrx_word' id='word_1_140' title='bbox 1312 990 1398 1015; x_wconf 85' lang='lat' dir='ltr'><em>ceteri.</em></span> 
     </span>
    </p>
   </div>
   <div class='ocr_carea' id='block_1_12' title="bbox 1116 174 1991 221">
    <p class='ocr_par' dir='ltr' id='par_1_13' title="bbox 1116 174 1991 221">
     <span class='ocr_line' id='line_1_30' title="bbox 1116 174 1991 221; baseline -0.001 -10"><span class='ocrx_word' id='word_1_141' title='bbox 1116 174 1380 221; x_wconf 89' lang='lat' dir='ltr'><strong>QUAESTIO</strong></span> <span class='ocrx_word' id='word_1_142' title='bbox 1408 174 1570 220; x_wconf 88' lang='lat' dir='ltr'>LXXX,</span> <span class='ocrx_word' id='word_1_143' title='bbox 1600 174 1893 211; x_wconf 90' lang='lat' dir='ltr'>ARTICULUS</span> <span class='ocrx_word' id='word_1_144' title='bbox 1925 175 1991 210; x_wconf 92' lang='lat' dir='ltr'><em>Vll</em></span> 
     </span>
    </p>
   </div>
   <div class='ocr_carea' id='block_1_13' title="bbox 1578 252 2647 869">
    <p class='ocr_par' dir='ltr' id='par_1_14' title="bbox 1578 252 2647 869">
     <span class='ocr_line' id='line_1_31' title="bbox 1580 252 2643 300; baseline 0.001 -13"><span class='ocrx_word' id='word_1_145' title='bbox 1580 253 1846 300; x_wconf 82' lang='lat' dir='ltr'><em>approbatione</em></span> <span class='ocrx_word' id='word_1_146' title='bbox 1868 252 2068 300; x_wconf 85' lang='lat' dir='ltr'><em>publicata,</em></span> <span class='ocrx_word' id='word_1_147' title='bbox 2098 253 2227 289; x_wconf 85' lang='lat' dir='ltr'><em>delicta</em></span> <span class='ocrx_word' id='word_1_148' title='bbox 2255 254 2451 290; x_wconf 86' lang='lat' dir='ltr'><em>commissa</em></span> <span class='ocrx_word' id='word_1_149' title='bbox 2477 258 2561 288; x_wconf 89' lang='lat' dir='ltr'><em>sunt</em></span> <span class='ocrx_word' id='word_1_150' title='bbox 2587 264 2643 288; x_wconf 88' lang='lat' dir='ltr'><em>re-</em></span> 
     </span>
     <span class='ocr_line' id='line_1_32' title="bbox 1578 303 2644 354; baseline 0.001 -14"><span class='ocrx_word' id='word_1_151' title='bbox 1578 303 1716 353; x_wconf 83' lang='lat' dir='ltr'><em>gimini</em></span> <span class='ocrx_word' id='word_1_152' title='bbox 1732 310 1748 326; x_wconf 65' lang='lat'>¹</span> <span class='ocrx_word' id='word_1_153' title='bbox 1777 310 1901 341; x_wconf 90' lang='lat' dir='ltr'><em>nostro</em></span> <span class='ocrx_word' id='word_1_154' title='bbox 1921 305 2106 341; x_wconf 83' lang='lat' dir='ltr'><em>iudicare.-</em></span> <span class='ocrx_word' id='word_1_155' title='bbox 2133 306 2275 342; x_wconf 86' lang='lat' dir='ltr'><em>occulta</em></span> <span class='ocrx_word' id='word_1_156' title='bbox 2294 317 2382 343; x_wconf 82' lang='lat' dir='ltr'><em>vero</em></span> <span class='ocrx_word' id='word_1_157' title='bbox 2401 311 2435 342; x_wconf 90' lang='lat' dir='ltr'><em>et</em></span> <span class='ocrx_word' id='word_1_158' title='bbox 2453 306 2644 354; x_wconf 84' lang='lat' dir='ltr'><em>incognita</em></span> 
     </span>
     <span class='ocr_line' id='line_1_33' title="bbox 1580 357 2644 407; baseline 0.001 -14"><span class='ocrx_word' id='word_1_159' title='bbox 1580 357 1634 393; x_wconf 89' lang='lat' dir='ltr'><em>illi</em></span> <span class='ocrx_word' id='word_1_160' title='bbox 1657 363 1741 393; x_wconf 84' lang='lat' dir='ltr'><em>sunt</em></span> <span class='ocrx_word' id='word_1_161' title='bbox 1777 357 2018 406; x_wconf 82' lang='lat' dir='ltr'><em>relinquenda</em></span> <span class='ocrx_word' id='word_1_162' title='bbox 2053 359 2117 407; x_wconf 84' lang='lat' dir='ltr'><em>qui</em></span> <span class='ocrx_word' id='word_1_163' title='bbox 2141 358 2239 395; x_wconf 88' lang='lat' dir='ltr'><em>solus</em></span> <span class='ocrx_word' id='word_1_164' title='bbox 2268 360 2367 396; x_wconf 80' lang='lat' dir='ltr'><em>novit</em></span> <span class='ocrx_word' id='word_1_165' title='bbox 2400 357 2516 395; x_wconf 88' lang='lat' dir='ltr'><em>corda</em></span> <span class='ocrx_word' id='word_1_166' title='bbox 2539 358 2644 406; x_wconf 90' lang='lat' dir='ltr'><em>filio-</em></span> 
     </span>
     <span class='ocr_line' id='line_1_34' title="bbox 1580 410 2644 457; baseline 0 -11"><span class='ocrx_word' id='word_1_167' title='bbox 1580 421 1666 446; x_wconf 92' lang='lat' dir='ltr'><em>rum</em></span> <span class='ocrx_word' id='word_1_168' title='bbox 1693 411 1898 446; x_wconf 85' lang='lat' dir='ltr'><em>hominum.</em></span> <span class='ocrx_word' id='word_1_169' title='bbox 1929 410 1977 446; x_wconf 93' lang='lat' dir='ltr'><em>Et</em></span> <span class='ocrx_word' id='word_1_170' title='bbox 2004 410 2108 446; x_wconf 92' lang='lat' dir='ltr'><em>idem</em></span> <span class='ocrx_word' id='word_1_171' title='bbox 2135 410 2300 448; x_wconf 91' lang='lat' dir='ltr'><em>habetur</em></span> <span class='ocrx_word' id='word_1_172' title='bbox 2327 411 2453 457; x_wconf 88' lang='lat' dir='ltr'><em>Extra,</em></span> <span class='ocrx_word' id='word_1_173' title='bbox 2483 410 2531 447; x_wconf 92' lang='lat' dir='ltr'><em>de</em></span> <span class='ocrx_word' id='word_1_174' title='bbox 2550 411 2644 447; x_wconf 88' lang='lat' dir='ltr'><em>Pur-</em></span> 
     </span>
     <span class='ocr_line' id='line_1_35' title="bbox 1579 462 2644 512; baseline 0 -13"><span class='ocrx_word' id='word_1_175' title='bbox 1579 464 1807 512; x_wconf 82' lang='lat' dir='ltr'><em>gationibus,</em></span> <span class='ocrx_word' id='word_1_176' title='bbox 1836 474 1920 511; x_wconf 91' lang='lat' dir='ltr'><em>cap.</em></span> <span class='ocrx_word' id='word_1_177' title='bbox 1948 465 2011 500; x_wconf 88' lang='lat' dir='ltr'><em>Ex</em></span> <span class='ocrx_word' id='word_1_178' title='bbox 2046 469 2207 500; x_wconf 88' lang='lat' dir='ltr'><em>tuarum.</em></span> <span class='ocrx_word' id='word_1_179' title='bbox 2246 465 2288 500; x_wconf 91' lang='lat' dir='ltr'><em>ln</em></span> <span class='ocrx_word' id='word_1_180' title='bbox 2326 463 2507 501; x_wconf 90' lang='lat' dir='ltr'><em>omnibus</em></span> <span class='ocrx_word' id='word_1_181' title='bbox 2540 462 2644 500; x_wconf 89' lang='lat' dir='ltr'><em>enim</em></span> 
     </span>
     <span class='ocr_line' id='line_1_36' title="bbox 1579 515 2645 564; baseline 0 -12"><span class='ocrx_word' id='word_1_182' title='bbox 1579 515 1718 552; x_wconf 88' lang='lat' dir='ltr'><em>talibus</em></span> <span class='ocrx_word' id='word_1_183' title='bbox 1736 515 1889 552; x_wconf 90' lang='lat' dir='ltr'><em>videtur</em></span> <span class='ocrx_word' id='word_1_184' title='bbox 1917 515 1989 552; x_wconf 91' lang='lat' dir='ltr'><em>Dei</em></span> <span class='ocrx_word' id='word_1_185' title='bbox 2009 527 2090 552; x_wconf 91' lang='lat' dir='ltr'><em>esse</em></span> <span class='ocrx_word' id='word_1_186' title='bbox 2114 516 2286 553; x_wconf 88' lang='lat' dir='ltr'><em>tentatio:</em></span> <span class='ocrx_word' id='word_1_187' title='bbox 2316 516 2420 552; x_wconf 92' lang='lat' dir='ltr'><em>unde</em></span> <span class='ocrx_word' id='word_1_188' title='bbox 2449 515 2529 552; x_wconf 88' lang='lat' dir='ltr'><em>sine</em></span> <span class='ocrx_word' id='word_1_189' title='bbox 2558 527 2645 564; x_wconf 92' lang='lat' dir='ltr'><em>pec-</em></span> 
     </span>
     <span class='ocr_line' id='line_1_37' title="bbox 1580 563 2646 618; baseline 0 -14"><span class='ocrx_word' id='word_1_190' title='bbox 1580 575 1664 605; x_wconf 88' lang='lat' dir='ltr'><em>cato</em></span> <span class='ocrx_word' id='word_1_191' title='bbox 1693 567 1777 605; x_wconf 91' lang='lat' dir='ltr'><em>fieri</em></span> <span class='ocrx_word' id='word_1_192' title='bbox 1804 580 1885 605; x_wconf 91' lang='lat' dir='ltr'><em>non</em></span> <span class='ocrx_word' id='word_1_193' title='bbox 1912 576 2086 618; x_wconf 87' lang='lat' dir='ltr'><em>possunt.</em></span> <span class='ocrx_word' id='word_1_194' title='bbox 2122 569 2171 606; x_wconf 91' lang='lat' dir='ltr'><em>Et</em></span> <span class='ocrx_word' id='word_1_195' title='bbox 2198 568 2371 617; x_wconf 90' lang='lat' dir='ltr'><em>gravius-</em></span> <span class='ocrx_word' id='word_1_196' title='bbox 2388 568 2582 606; x_wconf 89' lang='lat' dir='ltr'><em>videretur</em></span> <span class='ocrx_word' id='word_1_197' title='bbox 2613 563 2646 605; x_wconf 87' lang='lat' dir='ltr'><em>si</em></span> 
     </span>
     <span class='ocr_line' id='line_1_38' title="bbox 1580 620 2645 671; baseline 0.001 -14"><span class='ocrx_word' id='word_1_198' title='bbox 1580 620 1620 657; x_wconf 91' lang='lat' dir='ltr'><em>in</em></span> <span class='ocrx_word' id='word_1_199' title='bbox 1648 622 1724 658; x_wconf 95' lang='lat' dir='ltr'><em>hoc</em></span> <span class='ocrx_word' id='word_1_200' title='bbox 1752 628 2010 667; x_wconf 87' lang='lat' dir='ltr'><em>sacramento,</em></span> <span class='ocrx_word' id='word_1_201' title='bbox 2041 621 2148 671; x_wconf 93' lang='lat' dir='ltr'><em>quod</em></span> <span class='ocrx_word' id='word_1_202' title='bbox 2176 629 2231 658; x_wconf 92' lang='lat' dir='ltr'><em>est</em></span> <span class='ocrx_word' id='word_1_203' title='bbox 2265 621 2480 662; x_wconf 89' lang='lat' dir='ltr'><em>institutum</em></span> <span class='ocrx_word' id='word_1_204' title='bbox 2514 620 2563 658; x_wconf 84' lang='lat' dir='ltr'><em>ad</em></span> <span class='ocrx_word' id='word_1_205' title='bbox 2591 632 2645 657; x_wconf 91' lang='lat' dir='ltr'><em>re-</em></span> 
     </span>
     <span class='ocr_line' id='line_1_39' title="bbox 1580 673 2646 724; baseline 0.001 -14"><span class='ocrx_word' id='word_1_206' title='bbox 1580 673 1756 711; x_wconf 89' lang='lat' dir='ltr'><em>medium</em></span> <span class='ocrx_word' id='word_1_207' title='bbox 1775 673 1915 720; x_wconf 82' lang='lat' dir='ltr'><em>salutis,</em></span> <span class='ocrx_word' id='word_1_208' title='bbox 1936 673 2072 724; x_wconf 90' lang='lat' dir='ltr'><em>aliquis</em></span> <span class='ocrx_word' id='word_1_209' title='bbox 2099 674 2308 722; x_wconf 73' lang='lat' dir='ltr'><em>incurreret</em></span> <span class='ocrx_word' id='word_1_210' title='bbox 2329 673 2516 711; x_wconf 91' lang='lat' dir='ltr'><em>iudicium</em></span> <span class='ocrx_word' id='word_1_211' title='bbox 2543 685 2646 710; x_wconf 90' lang='lat' dir='ltr'><em>mor-</em></span> 
     </span>
     <span class='ocr_line' id='line_1_40' title="bbox 1579 722 2647 777; baseline -0.001 -14"><span class='ocrx_word' id='word_1_212' title='bbox 1579 726 1636 763; x_wconf 92' lang='lat' dir='ltr'><em>tis.</em></span> <span class='ocrx_word' id='word_1_213' title='bbox 1667 727 1779 764; x_wconf 90' lang='lat' dir='ltr'><em>Unde</em></span> <span class='ocrx_word' id='word_1_214' title='bbox 1808 727 1915 764; x_wconf 89' lang='lat' dir='ltr'><em>nullo</em></span> <span class='ocrx_word' id='word_1_215' title='bbox 1943 727 2065 764; x_wconf 92' lang='lat' dir='ltr'><em>modo</em></span> <span class='ocrx_word' id='word_1_216' title='bbox 2094 739 2235 777; x_wconf 92' lang='lat' dir='ltr'><em>corpus</em></span> <span class='ocrx_word' id='word_1_217' title='bbox 2265 726 2405 764; x_wconf 87' lang='lat' dir='ltr'><em>Christi</em></span> <span class='ocrx_word' id='word_1_218' title='bbox 2432 725 2546 763; x_wconf 90' lang='lat' dir='ltr'><em>debet</em></span> <span class='ocrx_word' id='word_1_219' title='bbox 2565 722 2647 763; x_wconf 88' lang='lat' dir='ltr'><em>dari</em></span> 
     </span>
     <span class='ocr_line' id='line_1_41' title="bbox 1580 778 2646 830; baseline 0 -14"><span class='ocrx_word' id='word_1_220' title='bbox 1580 779 1693 816; x_wconf 89' lang='lat' dir='ltr'><em>alicui</em></span> <span class='ocrx_word' id='word_1_221' title='bbox 1728 786 1906 829; x_wconf 91' lang='lat' dir='ltr'><em>suspecto</em></span> <span class='ocrx_word' id='word_1_222' title='bbox 1945 780 1993 817; x_wconf 93' lang='lat' dir='ltr'><em>de</em></span> <span class='ocrx_word' id='word_1_223' title='bbox 2030 780 2189 818; x_wconf 89' lang='lat' dir='ltr'><em>crimine</em></span> <span class='ocrx_word' id='word_1_224' title='bbox 2228 780 2338 830; x_wconf 88' lang='lat' dir='ltr'>quasi</span> <span class='ocrx_word' id='word_1_225' title='bbox 2371 779 2421 817; x_wconf 88' lang='lat' dir='ltr'><em>ad</em></span> <span class='ocrx_word' id='word_1_226' title='bbox 2453 778 2646 816; x_wconf 88' lang='lat' dir='ltr'><em>examina-</em></span> 
     </span>
     <span class='ocr_line' id='line_1_42' title="bbox 1580 841 1739 869; baseline 0 0"><span class='ocrx_word' id='word_1_227' title='bbox 1580 841 1739 869; x_wconf 82' lang='lat' dir='ltr'><em>nonem.</em></span> 
     </span>
    </p>
   </div>
   <div class='ocr_carea' id='block_1_14' title="bbox 1788 914 1948 918">
    <p class='ocr_par' dir='ltr' id='par_1_15' title="bbox 1788 914 1948 918">
     <span class='ocr_line' id='line_1_43' title="bbox 1788 914 1948 918; baseline 0 0"><span class='ocrx_word' id='word_1_228' title='bbox 1788 914 1948 918; x_wconf 95' lang='lat' dir='ltr'><em> </em></span> 
     </span>
    </p>
   </div>
   <div class='ocr_carea' id='block_1_15' title="bbox 1636 946 2386 982">
    <p class='ocr_par' dir='ltr' id='par_1_16' title="bbox 1636 946 2386 982">
     <span class='ocr_line' id='line_1_44' title="bbox 1636 946 2386 982; baseline -0.003 -8"><span class='ocrx_word' id='word_1_229' title='bbox 1636 948 1662 982; x_wconf 78' lang='grc' dir='ltr'><em>κ)</em></span> <span class='ocrx_word' id='word_1_230' title='bbox 1682 948 1815 982; x_wconf 77' lang='lat' dir='ltr'><em>regimini.</em></span> <span class='ocrx_word' id='word_1_231' title='bbox 1833 963 1852 968; x_wconf 93' lang='lat'><em>-</em></span> <span class='ocrx_word' id='word_1_232' title='bbox 1871 950 1889 974; x_wconf 83' lang='lat' dir='ltr'>F</span> <span class='ocrx_word' id='word_1_233' title='bbox 1910 955 1935 974; x_wconf 90' lang='lat' dir='ltr'><em>et</em></span> <span class='ocrx_word' id='word_1_234' title='bbox 1951 949 2041 980; x_wconf 81' lang='lat' dir='ltr'><em>tertia;</em></span> <span class='ocrx_word' id='word_1_235' title='bbox 2060 948 2139 982; x_wconf 83' lang='lat' dir='ltr'><em>regni</em></span> <span class='ocrx_word' id='word_1_236' title='bbox 2155 948 2204 979; x_wconf 85' lang='lat' dir='ltr'><em>Ea,</em></span> <span class='ocrx_word' id='word_1_237' title='bbox 2224 948 2283 981; x_wconf 82' lang='lat' dir='ltr'><em>regi</em></span> <span class='ocrx_word' id='word_1_238' title='bbox 2300 946 2386 972; x_wconf 83' lang='lat' dir='ltr'><em>ceteri.</em></span> 
     </span>
    </p>
   </div>
   <div class='ocr_carea' id='block_1_16' title="bbox 1133 1069 1972 1104">
    <p class='ocr_par' dir='ltr' id='par_1_17' title="bbox 1133 1069 1972 1104">
     <span class='ocr_line' id='line_1_45' title="bbox 1133 1069 1972 1104; baseline 0 -1"><span class='ocrx_word' id='word_1_239' title='bbox 1133 1071 1471 1103; x_wconf 62' lang='lat' dir='ltr'><em>Commentario,</em></span> <span class='ocrx_word' id='word_1_240' title='bbox 1494 1069 1747 1103; x_wconf 78' lang='lat' dir='ltr'><em>Cardinalis</em></span> <span class='ocrx_word' id='word_1_241' title='bbox 1767 1071 1972 1104; x_wconf 77' lang='lat' dir='ltr'><em>Caietam</em></span> 
     </span>
    </p>
   </div>
   <div class='ocr_carea' id='block_1_17' title="bbox 487 1141 1562 1187">
    <p class='ocr_par' dir='ltr' id='par_1_18' title="bbox 487 1141 1562 1187">
     <span class='ocr_line' id='line_1_46' title="bbox 487 1141 1562 1187; baseline -0.005 -4"><span class='ocrx_word' id='word_1_242' title='bbox 487 1163 506 1183; x_wconf 85' lang='lat' dir='ltr'>N</span> <span class='ocrx_word' id='word_1_243' title='bbox 530 1151 664 1183; x_wconf 89' lang='lat' dir='ltr'><em>articulo</em></span> <span class='ocrx_word' id='word_1_244' title='bbox 689 1157 789 1187; x_wconf 83' lang='lat' dir='ltr'><em>sexto,</em></span> <span class='ocrx_word' id='word_1_245' title='bbox 815 1150 941 1181; x_wconf 83' lang='lat' dir='ltr'><em>adverte</em></span> <span class='ocrx_word' id='word_1_246' title='bbox 965 1149 1167 1186; x_wconf 85' lang='lat' dir='ltr'><em>Durandum,</em></span> <span class='ocrx_word' id='word_1_247' title='bbox 1192 1151 1226 1180; x_wconf 91' lang='lat' dir='ltr'><em>in</em></span> <span class='ocrx_word' id='word_1_248' title='bbox 1249 1150 1302 1179; x_wconf 89' lang='lat' dir='ltr'><em>lib.</em></span> <span class='ocrx_word' id='word_1_249' title='bbox 1321 1149 1373 1185; x_wconf 93' lang='lat' dir='ltr'><em>IV,</em></span> <span class='ocrx_word' id='word_1_250' title='bbox 1391 1148 1462 1179; x_wconf 88' lang='lat' dir='ltr'><em>dist.</em></span> <span class='ocrx_word' id='word_1_251' title='bbox 1480 1158 1522 1184; x_wconf 80' lang='lat' dir='ltr'><em>tx,</em></span> <span class='ocrx_word' id='word_1_252' title='bbox 1555 1141 1562 1150; x_wconf 79' lang='lat'><strong><em>‘</em></strong></span> 
     </span>
    </p>
   </div>
   <div class='ocr_carea' id='block_1_18' title="bbox 449 1193 1527 2294">
    <p class='ocr_par' dir='ltr' id='par_1_19' title="bbox 449 1193 1527 1628">
     <span class='ocr_line' id='line_1_47' title="bbox 487 1193 1526 1231; baseline -0.005 -4"><span class='ocrx_word' id='word_1_253' title='bbox 487 1202 543 1227; x_wconf 79' lang='lat' dir='ltr'><em>art.</em></span> <span class='ocrx_word' id='word_1_254' title='bbox 568 1197 636 1231; x_wconf 68' lang='lat' dir='ltr'><em>ult„</em></span> <span class='ocrx_word' id='word_1_255' title='bbox 661 1196 796 1226; x_wconf 87' lang='lat' dir='ltr'><em>limitare</em></span> <span class='ocrx_word' id='word_1_256' title='bbox 820 1195 942 1226; x_wconf 82' lang='lat' dir='ltr'><em>dictum</em></span> <span class='ocrx_word' id='word_1_257' title='bbox 964 1195 1115 1226; x_wconf 85' lang='lat' dir='ltr'><em>Auctoris</em></span> <span class='ocrx_word' id='word_1_258' title='bbox 1138 1195 1208 1230; x_wconf 85' lang='lat' dir='ltr'><em>hic‚.</em></span> <span class='ocrx_word' id='word_1_259' title='bbox 1223 1194 1353 1229; x_wconf 87' lang='lat' dir='ltr'><em>scilicet,</em></span> <span class='ocrx_word' id='word_1_260' title='bbox 1383 1193 1526 1223; x_wconf 81' lang='lat' dir='ltr'><em>Occultis</em></span> 
     </span>
     <span class='ocr_line' id='line_1_48' title="bbox 449 1237 1525 1282; baseline -0.005 -10"><span class='ocrx_word' id='word_1_261' title='bbox 449 1241 676 1282; x_wconf 83' lang='lat' dir='ltr'><em>peccatoribus</em></span> <span class='ocrx_word' id='word_1_262' title='bbox 693 1240 874 1281; x_wconf 83' lang='lat' dir='ltr'><em>petentibus</em></span> <span class='ocrx_word' id='word_1_263' title='bbox 897 1249 962 1270; x_wconf 90' lang='lat' dir='ltr'><em>non</em></span> <span class='ocrx_word' id='word_1_264' title='bbox 981 1245 1089 1280; x_wconf 85' lang='lat' dir='ltr'><em>potest</em></span> <span class='ocrx_word' id='word_1_265' title='bbox 1110 1248 1207 1269; x_wconf 86' lang='lat' dir='ltr'><em>sacra</em></span> <span class='ocrx_word' id='word_1_266' title='bbox 1230 1238 1413 1269; x_wconf 85' lang='lat' dir='ltr'><em>communio</em></span> <span class='ocrx_word' id='word_1_267' title='bbox 1430 1237 1525 1268; x_wconf 86' lang='lat' dir='ltr'><em>dene-</em></span> 
     </span>
     <span class='ocr_line' id='line_1_49' title="bbox 454 1282 1524 1328; baseline -0.005 -12"><span class='ocrx_word' id='word_1_268' title='bbox 454 1286 542 1328; x_wconf 81' lang='lat' dir='ltr'><em>gari.</em></span> <span class='ocrx_word' id='word_1_269' title='bbox 568 1286 742 1325; x_wconf 88' lang='lat' dir='ltr'><em>Distinguit</em></span> <span class='ocrx_word' id='word_1_270' title='bbox 757 1285 844 1315; x_wconf 87' lang='lat' dir='ltr'><em>enim</em></span> <span class='ocrx_word' id='word_1_271' title='bbox 868 1284 906 1315; x_wconf 91' lang='lat' dir='ltr'><em>de</em></span> <span class='ocrx_word' id='word_1_272' title='bbox 923 1283 1087 1315; x_wconf 83' lang='lat' dir='ltr'><em>sacerdote</em></span> <span class='ocrx_word' id='word_1_273' title='bbox 1103 1289 1214 1314; x_wconf 85' lang='lat' dir='ltr'><em>curato</em></span> <span class='ocrx_word' id='word_1_274' title='bbox 1237 1292 1294 1313; x_wconf 85' lang='lat' dir='ltr'><em>seu</em></span> <span class='ocrx_word' id='word_1_275' title='bbox 1311 1283 1379 1313; x_wconf 90' lang='lat' dir='ltr'><em>eius</em></span> <span class='ocrx_word' id='word_1_276' title='bbox 1395 1282 1524 1318; x_wconf 84' lang='lat' dir='ltr'><em>vicario,</em></span> 
     </span>
     <span class='ocr_line' id='line_1_50' title="bbox 456 1326 1521 1370; baseline -0.005 -9"><span class='ocrx_word' id='word_1_277' title='bbox 456 1340 513 1361; x_wconf 88' lang='lat' dir='ltr'><em>seu</em></span> <span class='ocrx_word' id='word_1_278' title='bbox 533 1339 642 1360; x_wconf 87' lang='lat' dir='ltr'><em>curam</em></span> <span class='ocrx_word' id='word_1_279' title='bbox 661 1329 754 1370; x_wconf 92' lang='lat' dir='ltr'><em>[non]</em></span> <span class='ocrx_word' id='word_1_280' title='bbox 771 1334 916 1369; x_wconf 86' lang='lat' dir='ltr'><em>gerente:</em></span> <span class='ocrx_word' id='word_1_281' title='bbox 942 1334 974 1359; x_wconf 90' lang='lat' dir='ltr'><em>et</em></span> <span class='ocrx_word' id='word_1_282' title='bbox 989 1328 1132 1359; x_wconf 87' lang='lat' dir='ltr'><em>similiter</em></span> <span class='ocrx_word' id='word_1_283' title='bbox 1147 1327 1187 1358; x_wconf 90' lang='lat' dir='ltr'><em>de</em></span> <span class='ocrx_word' id='word_1_284' title='bbox 1205 1333 1351 1367; x_wconf 90' lang='lat' dir='ltr'><em>tempore</em></span> <span class='ocrx_word' id='word_1_285' title='bbox 1367 1326 1521 1366; x_wconf 89' lang='lat' dir='ltr'><em>generalis</em></span> 
     </span>
     <span class='ocr_line' id='line_1_51' title="bbox 457 1366 1526 1412; baseline -0.004 -7"><span class='ocrx_word' id='word_1_286' title='bbox 457 1374 697 1406; x_wconf 89' lang='lat' dir='ltr'><em>communionis</em></span> <span class='ocrx_word' id='word_1_287' title='bbox 720 1379 775 1404; x_wconf 89' lang='lat' dir='ltr'><em>aut</em></span> <span class='ocrx_word' id='word_1_288' title='bbox 797 1373 997 1409; x_wconf 89' lang='lat' dir='ltr'><em>infirmitatis,</em></span> <span class='ocrx_word' id='word_1_289' title='bbox 1021 1373 1071 1403; x_wconf 89' lang='lat' dir='ltr'><em>vel</em></span> <span class='ocrx_word' id='word_1_290' title='bbox 1095 1366 1241 1412; x_wconf 75' lang='lat' dir='ltr'><em>tempore</em></span> <span class='ocrx_word' id='word_1_291' title='bbox 1265 1372 1338 1402; x_wconf 87' lang='lat' dir='ltr'><em>alio.</em></span> <span class='ocrx_word' id='word_1_292' title='bbox 1366 1371 1526 1411; x_wconf 88' lang='lat' dir='ltr'><em>Putatque</em></span> 
     </span>
     <span class='ocr_line' id='line_1_52' title="bbox 455 1416 1526 1459; baseline -0.005 -9"><span class='ocrx_word' id='word_1_293' title='bbox 455 1429 522 1450; x_wconf 91' lang='lat' dir='ltr'><em>non</em></span> <span class='ocrx_word' id='word_1_294' title='bbox 542 1425 705 1459; x_wconf 87' lang='lat' dir='ltr'><em>gerentem</em></span> <span class='ocrx_word' id='word_1_295' title='bbox 729 1427 838 1448; x_wconf 91' lang='lat' dir='ltr'><em>curam</em></span> <span class='ocrx_word' id='word_1_296' title='bbox 858 1418 1035 1448; x_wconf 88' lang='lat' dir='ltr'><em>animarum</em></span> <span class='ocrx_word' id='word_1_297' title='bbox 1060 1417 1174 1447; x_wconf 89' lang='lat' dir='ltr'><em>debere</em></span> <span class='ocrx_word' id='word_1_298' title='bbox 1190 1425 1305 1456; x_wconf 87' lang='lat' dir='ltr'><em>negare</em></span> <span class='ocrx_word' id='word_1_299' title='bbox 1322 1416 1526 1446; x_wconf 89' lang='lat' dir='ltr'><em>communio-</em></span> 
     </span>
     <span class='ocr_line' id='line_1_53' title="bbox 455 1460 1526 1502; baseline -0.005 -8"><span class='ocrx_word' id='word_1_300' title='bbox 455 1473 541 1499; x_wconf 90' lang='lat' dir='ltr'><em>nem,</em></span> <span class='ocrx_word' id='word_1_301' title='bbox 567 1473 604 1494; x_wconf 87' lang='lat' dir='ltr'><em>ex</em></span> <span class='ocrx_word' id='word_1_302' title='bbox 624 1473 664 1493; x_wconf 91' lang='lat' dir='ltr'><em>eo</em></span> <span class='ocrx_word' id='word_1_303' title='bbox 689 1462 778 1502; x_wconf 91' lang='lat' dir='ltr'><em>quod</em></span> <span class='ocrx_word' id='word_1_304' title='bbox 800 1472 868 1493; x_wconf 93' lang='lat' dir='ltr'><em>non</em></span> <span class='ocrx_word' id='word_1_305' title='bbox 891 1468 1017 1492; x_wconf 89' lang='lat' dir='ltr'><em>tenetur</em></span> <span class='ocrx_word' id='word_1_306' title='bbox 1039 1462 1131 1492; x_wconf 91' lang='lat' dir='ltr'><em>illum</em></span> <span class='ocrx_word' id='word_1_307' title='bbox 1155 1461 1405 1496; x_wconf 89' lang='lat' dir='ltr'><em>communicare,</em></span> <span class='ocrx_word' id='word_1_308' title='bbox 1431 1460 1526 1490; x_wconf 79' lang='lat' dir='ltr'><em>etiam</em></span> 
     </span>
     <span class='ocr_line' id='line_1_54' title="bbox 456 1505 1527 1545; baseline -0.004 -7"><span class='ocrx_word' id='word_1_309' title='bbox 456 1518 532 1539; x_wconf 91' lang='lat' dir='ltr'><em>cum</em></span> <span class='ocrx_word' id='word_1_310' title='bbox 547 1508 675 1538; x_wconf 85' lang='lat' dir='ltr'><em>licentia</em></span> <span class='ocrx_word' id='word_1_311' title='bbox 691 1508 809 1537; x_wconf 84' lang='lat' dir='ltr'><em>curati:</em></span> <span class='ocrx_word' id='word_1_312' title='bbox 828 1512 974 1537; x_wconf 88' lang='lat' dir='ltr'><em>curatum</em></span> <span class='ocrx_word' id='word_1_313' title='bbox 990 1512 1108 1542; x_wconf 88' lang='lat' dir='ltr'><em>autem,</em></span> <span class='ocrx_word' id='word_1_314' title='bbox 1126 1511 1212 1536; x_wconf 85' lang='lat' dir='ltr'><em>extra</em></span> <span class='ocrx_word' id='word_1_315' title='bbox 1226 1511 1356 1545; x_wconf 87' lang='lat' dir='ltr'><em>tempus</em></span> <span class='ocrx_word' id='word_1_316' title='bbox 1372 1505 1527 1545; x_wconf 89' lang='lat' dir='ltr'><em>generalis</em></span> 
     </span>
     <span class='ocr_line' id='line_1_55' title="bbox 456 1550 1526 1591; baseline -0.004 -8"><span class='ocrx_word' id='word_1_317' title='bbox 456 1552 711 1587; x_wconf 85' lang='lat' dir='ltr'><em>communionis,</em></span> <span class='ocrx_word' id='word_1_318' title='bbox 735 1552 949 1591; x_wconf 87' lang='lat' dir='ltr'><em>persuasorie,</em></span> <span class='ocrx_word' id='word_1_319' title='bbox 974 1552 1042 1582; x_wconf 87' lang='lat' dir='ltr'><em>sine</em></span> <span class='ocrx_word' id='word_1_320' title='bbox 1074 1550 1225 1581; x_wconf 89' lang='lat' dir='ltr'><em>scandalo</em></span> <span class='ocrx_word' id='word_1_321' title='bbox 1259 1555 1386 1586; x_wconf 85' lang='lat' dir='ltr'><em>tamen,</em></span> <span class='ocrx_word' id='word_1_322' title='bbox 1409 1559 1526 1590; x_wconf 88' lang='lat' dir='ltr'><em>negare</em></span> 
     </span>
     <span class='ocr_line' id='line_1_56' title="bbox 455 1595 871 1628; baseline -0.005 0"><span class='ocrx_word' id='word_1_323' title='bbox 455 1597 723 1628; x_wconf 86' lang='lat' dir='ltr'><em>communionem</em></span> <span class='ocrx_word' id='word_1_324' title='bbox 747 1595 871 1626; x_wconf 91' lang='lat' dir='ltr'><em>debere.</em></span> 
     </span>
    </p>

    <p class='ocr_par' dir='ltr' id='par_1_20' title="bbox 455 1638 1527 2125">
     <span class='ocr_line' id='line_1_57' title="bbox 512 1638 1525 1680; baseline -0.003 -9"><span class='ocrx_word' id='word_1_325' title='bbox 512 1641 549 1671; x_wconf 93' lang='lat'><em>11.</em></span> <span class='ocrx_word' id='word_1_326' title='bbox 575 1641 654 1671; x_wconf 90' lang='lat' dir='ltr'><em>Mihi</em></span> <span class='ocrx_word' id='word_1_327' title='bbox 679 1646 787 1671; x_wconf 88' lang='lat' dir='ltr'><em>autem</em></span> <span class='ocrx_word' id='word_1_328' title='bbox 809 1639 934 1670; x_wconf 89' lang='lat' dir='ltr'><em>videtur</em></span> <span class='ocrx_word' id='word_1_329' title='bbox 958 1639 1062 1680; x_wconf 91' lang='lat' dir='ltr'><em>quod,</em></span> <span class='ocrx_word' id='word_1_330' title='bbox 1087 1639 1162 1670; x_wconf 90' lang='lat' dir='ltr'><em>licet</em></span> <span class='ocrx_word' id='word_1_331' title='bbox 1185 1644 1278 1669; x_wconf 89' lang='lat' dir='ltr'><em>cauta</em></span> <span class='ocrx_word' id='word_1_332' title='bbox 1301 1639 1340 1668; x_wconf 90' lang='lat' dir='ltr'><em>sit</em></span> <span class='ocrx_word' id='word_1_333' title='bbox 1364 1638 1525 1669; x_wconf 90' lang='lat' dir='ltr'><em>distinctio</em></span> 
     </span>
     <span class='ocr_line' id='line_1_58' title="bbox 456 1682 1525 1725; baseline -0.003 -10"><span class='ocrx_word' id='word_1_334' title='bbox 456 1685 610 1721; x_wconf 85' lang='lat' dir='ltr'><em>Durandi,</em></span> <span class='ocrx_word' id='word_1_335' title='bbox 634 1690 670 1715; x_wconf 92' lang='lat' dir='ltr'><em>ut</em></span> <span class='ocrx_word' id='word_1_336' title='bbox 693 1690 805 1725; x_wconf 90' lang='lat' dir='ltr'><em>petens</em></span> <span class='ocrx_word' id='word_1_337' title='bbox 829 1685 1097 1715; x_wconf 90' lang='lat' dir='ltr'><em>communionem</em></span> <span class='ocrx_word' id='word_1_338' title='bbox 1119 1693 1187 1714; x_wconf 91' lang='lat' dir='ltr'><em>non</em></span> <span class='ocrx_word' id='word_1_339' title='bbox 1212 1688 1386 1723; x_wconf 89' lang='lat' dir='ltr'><em>exequatur</em></span> <span class='ocrx_word' id='word_1_340' title='bbox 1402 1682 1525 1713; x_wconf 89' lang='lat' dir='ltr'><em>sacrile-</em></span> 
     </span>
     <span class='ocr_line' id='line_1_59' title="bbox 455 1726 1527 1770; baseline -0.003 -10"><span class='ocrx_word' id='word_1_341' title='bbox 455 1731 545 1770; x_wconf 90' lang='lat' dir='ltr'><em>gium</em></span> <span class='ocrx_word' id='word_1_342' title='bbox 563 1729 652 1770; x_wconf 91' lang='lat' dir='ltr'><em>quod</em></span> <span class='ocrx_word' id='word_1_343' title='bbox 667 1728 818 1766; x_wconf 80' lang='lat' dir='ltr'><em>intendit3</em></span> <span class='ocrx_word' id='word_1_344' title='bbox 843 1729 988 1759; x_wconf 86' lang='lat' dir='ltr'><em>debitum</em></span> <span class='ocrx_word' id='word_1_345' title='bbox 1003 1734 1111 1758; x_wconf 88' lang='lat' dir='ltr'><em>tamen</em></span> <span class='ocrx_word' id='word_1_346' title='bbox 1134 1728 1261 1758; x_wconf 89' lang='lat' dir='ltr'><em>nullum</em></span> <span class='ocrx_word' id='word_1_347' title='bbox 1276 1727 1371 1758; x_wconf 86' lang='lat' dir='ltr'><em>video</em></span> <span class='ocrx_word' id='word_1_348' title='bbox 1388 1726 1527 1767; x_wconf 87' lang='lat' dir='ltr'><em>negandi</em></span> 
     </span>
     <span class='ocr_line' id='line_1_60' title="bbox 457 1772 1526 1814; baseline -0.003 -9"><span class='ocrx_word' id='word_1_349' title='bbox 457 1775 586 1805; x_wconf 92' lang='lat' dir='ltr'><em>occulto</em></span> <span class='ocrx_word' id='word_1_350' title='bbox 611 1774 772 1814; x_wconf 89' lang='lat' dir='ltr'><em>peccatori</em></span> <span class='ocrx_word' id='word_1_351' title='bbox 801 1773 930 1813; x_wconf 87' lang='lat' dir='ltr'><em>publice</em></span> <span class='ocrx_word' id='word_1_352' title='bbox 953 1780 987 1803; x_wconf 90' lang='lat' dir='ltr'><em>se</em></span> <span class='ocrx_word' id='word_1_353' title='bbox 1011 1773 1236 1803; x_wconf 88' lang='lat' dir='ltr'><em>communioni</em></span> <span class='ocrx_word' id='word_1_354' title='bbox 1265 1772 1435 1812; x_wconf 86' lang='lat' dir='ltr'><em>ingerenti,</em></span> <span class='ocrx_word' id='word_1_355' title='bbox 1460 1772 1526 1802; x_wconf 90' lang='lat' dir='ltr'><em>sive</em></span> 
     </span>
     <span class='ocr_line' id='line_1_61' title="bbox 456 1817 1527 1857; baseline -0.003 -8"><span class='ocrx_word' id='word_1_356' title='bbox 456 1821 495 1850; x_wconf 90' lang='lat' dir='ltr'><em>sit</em></span> <span class='ocrx_word' id='word_1_357' title='bbox 519 1818 666 1851; x_wconf 80' lang='lat' dir='ltr'><em>sacerdos</em></span> <span class='ocrx_word' id='word_1_358' title='bbox 690 1823 817 1849; x_wconf 88' lang='lat' dir='ltr'><em>curatus</em></span> <span class='ocrx_word' id='word_1_359' title='bbox 844 1818 910 1849; x_wconf 87' lang='lat' dir='ltr'><em>sive</em></span> <span class='ocrx_word' id='word_1_360' title='bbox 933 1827 1011 1854; x_wconf 91' lang='lat' dir='ltr'><em>non,</em></span> <span class='ocrx_word' id='word_1_361' title='bbox 1028 1817 1129 1848; x_wconf 90' lang='lat' dir='ltr'><em>modo</em></span> <span class='ocrx_word' id='word_1_362' title='bbox 1153 1822 1214 1847; x_wconf 90' lang='lat' dir='ltr'><em>stet</em></span> <span class='ocrx_word' id='word_1_363' title='bbox 1229 1822 1357 1857; x_wconf 80' lang='lat' dir='ltr'><em>paratus</em></span> <span class='ocrx_word' id='word_1_364' title='bbox 1380 1817 1413 1847; x_wconf 91' lang='lat' dir='ltr'><em>in</em></span> <span class='ocrx_word' id='word_1_365' title='bbox 1437 1817 1527 1847; x_wconf 90' lang='lat' dir='ltr'><em>altari</em></span> 
     </span>
     <span class='ocr_line' id='line_1_62' title="bbox 457 1861 1525 1903; baseline -0.003 -9"><span class='ocrx_word' id='word_1_366' title='bbox 457 1864 702 1894; x_wconf 88' lang='lat' dir='ltr'><em>communicans</em></span> <span class='ocrx_word' id='word_1_367' title='bbox 719 1871 954 1903; x_wconf 91' lang='lat' dir='ltr'><em>quoscumque.</em></span> <span class='ocrx_word' id='word_1_368' title='bbox 979 1862 1020 1892; x_wconf 89' lang='lat' dir='ltr'><em>Et</em></span> <span class='ocrx_word' id='word_1_369' title='bbox 1035 1862 1115 1892; x_wconf 87' lang='lat' dir='ltr'><em>ratio</em></span> <span class='ocrx_word' id='word_1_370' title='bbox 1140 1867 1187 1892; x_wconf 90' lang='lat' dir='ltr'><em>est</em></span> <span class='ocrx_word' id='word_1_371' title='bbox 1210 1862 1285 1901; x_wconf 90' lang='lat' dir='ltr'><em>quia</em></span> <span class='ocrx_word' id='word_1_372' title='bbox 1304 1861 1425 1892; x_wconf 84' lang='lat' dir='ltr'><em>Christi</em></span> <span class='ocrx_word' id='word_1_373' title='bbox 1440 1861 1525 1891; x_wconf 85' lang='lat' dir='ltr'><em>actio</em></span> 
     </span>
     <span class='ocr_line' id='line_1_63' title="bbox 457 1905 1527 1946; baseline -0.002 -8"><span class='ocrx_word' id='word_1_374' title='bbox 457 1913 570 1939; x_wconf 87' lang='lat' dir='ltr'><em>nostra</em></span> <span class='ocrx_word' id='word_1_375' title='bbox 587 1913 634 1938; x_wconf 87' lang='lat' dir='ltr'><em>est</em></span> <span class='ocrx_word' id='word_1_376' title='bbox 649 1907 818 1938; x_wconf 86' lang='lat' dir='ltr'><em>instructio</em></span> <span class='ocrx_word' id='word_1_377' title='bbox 835 1908 861 1937; x_wconf 50' lang='grc' dir='ltr'><strong>ἦ</strong></span> <span class='ocrx_word' id='word_1_378' title='bbox 888 1906 1023 1937; x_wconf 91' lang='lat' dir='ltr'><em>Constat</em></span> <span class='ocrx_word' id='word_1_379' title='bbox 1039 1911 1147 1936; x_wconf 87' lang='lat' dir='ltr'><em>autem</em></span> <span class='ocrx_word' id='word_1_380' title='bbox 1171 1905 1260 1946; x_wconf 91' lang='lat' dir='ltr'><em>quod</em></span> <span class='ocrx_word' id='word_1_381' title='bbox 1283 1906 1443 1936; x_wconf 87' lang='lat' dir='ltr'><em>Dominus</em></span> <span class='ocrx_word' id='word_1_382' title='bbox 1458 1915 1527 1936; x_wconf 91' lang='lat' dir='ltr'><em>non</em></span> 
     </span>
     <span class='ocr_line' id='line_1_64' title="bbox 456 1949 1526 1991; baseline -0.003 -8"><span class='ocrx_word' id='word_1_383' title='bbox 456 1953 624 1983; x_wconf 87' lang='lat' dir='ltr'><em>tenebatur</em></span> <span class='ocrx_word' id='word_1_384' title='bbox 647 1957 724 1982; x_wconf 86' lang='lat' dir='ltr'><em>tunc</em></span> <span class='ocrx_word' id='word_1_385' title='bbox 748 1951 787 1982; x_wconf 91' lang='lat' dir='ltr'><em>ad</em></span> <span class='ocrx_word' id='word_1_386' title='bbox 811 1950 1120 1981; x_wconf 88' lang='lat' dir='ltr'><em>communicandum</em></span> <span class='ocrx_word' id='word_1_387' title='bbox 1143 1950 1334 1991; x_wconf 88' lang='lat' dir='ltr'><em>Apostolos;</em></span> <span class='ocrx_word' id='word_1_388' title='bbox 1364 1955 1395 1980; x_wconf 91' lang='lat' dir='ltr'><em>et</em></span> <span class='ocrx_word' id='word_1_389' title='bbox 1418 1949 1457 1980; x_wconf 90' lang='lat' dir='ltr'><em>de</em></span> <span class='ocrx_word' id='word_1_390' title='bbox 1481 1949 1526 1980; x_wconf 86' lang='lat' dir='ltr'><em>fa-</em></span> 
     </span>
     <span class='ocr_line' id='line_1_65' title="bbox 457 1994 1526 2036; baseline -0.003 -9"><span class='ocrx_word' id='word_1_391' title='bbox 457 1997 519 2033; x_wconf 90' lang='lat' dir='ltr'><em>cili,</em></span> <span class='ocrx_word' id='word_1_392' title='bbox 543 1996 710 2027; x_wconf 84' lang='lat' dir='ltr'><em>modicum</em></span> <span class='ocrx_word' id='word_1_393' title='bbox 733 1994 991 2036; x_wconf 88' lang='lat' dir='ltr'><em>supersedend0‚</em></span> <span class='ocrx_word' id='word_1_394' title='bbox 1016 1995 1173 2035; x_wconf 91' lang='lat' dir='ltr'><em>potuisset</em></span> <span class='ocrx_word' id='word_1_395' title='bbox 1196 1995 1264 2025; x_wconf 90' lang='lat' dir='ltr'><em>sine</em></span> <span class='ocrx_word' id='word_1_396' title='bbox 1288 1994 1437 2025; x_wconf 88' lang='lat' dir='ltr'><em>scandalo</em></span> <span class='ocrx_word' id='word_1_397' title='bbox 1461 1995 1526 2024; x_wconf 90' lang='lat' dir='ltr'><em>evi-</em></span> 
     </span>
     <span class='ocr_line' id='line_1_66' title="bbox 456 2039 1526 2079; baseline -0.003 -7"><span class='ocrx_word' id='word_1_398' title='bbox 456 2047 521 2072; x_wconf 89' lang='lat' dir='ltr'><em>tare</em></span> <span class='ocrx_word' id='word_1_399' title='bbox 539 2041 660 2076; x_wconf 88' lang='lat' dir='ltr'><em>Iudam,</em></span> <span class='ocrx_word' id='word_1_400' title='bbox 676 2040 872 2070; x_wconf 84' lang='lat' dir='ltr'><em>instituendo</em></span> <span class='ocrx_word' id='word_1_401' title='bbox 896 2045 1130 2070; x_wconf 87' lang='lat' dir='ltr'><em>sacramentum</em></span> <span class='ocrx_word' id='word_1_402' title='bbox 1149 2044 1223 2079; x_wconf 90' lang='lat' dir='ltr'><em>post</em></span> <span class='ocrx_word' id='word_1_403' title='bbox 1238 2039 1344 2069; x_wconf 88' lang='lat' dir='ltr'><em>datam</em></span> <span class='ocrx_word' id='word_1_404' title='bbox 1360 2039 1526 2069; x_wconf 87' lang='lat' dir='ltr'><em>intinctam</em></span> 
     </span>
     <span class='ocr_line' id='line_1_67' title="bbox 457 2083 1154 2125; baseline -0.003 -9"><span class='ocrx_word' id='word_1_405' title='bbox 457 2086 646 2122; x_wconf 85' lang='lat' dir='ltr'><em>buccellam,</em></span> <span class='ocrx_word' id='word_1_406' title='bbox 672 2094 736 2125; x_wconf 89' lang='lat' dir='ltr'><em>qua</em></span> <span class='ocrx_word' id='word_1_407' title='bbox 758 2090 886 2124; x_wconf 89' lang='lat' dir='ltr'><em>sumpta</em></span> <span class='ocrx_word' id='word_1_408' title='bbox 909 2085 1005 2115; x_wconf 88' lang='lat' dir='ltr'><em>exivit</em></span> <span class='ocrx_word' id='word_1_409' title='bbox 1028 2083 1111 2114; x_wconf 87' lang='lat' dir='ltr'><em>foras</em></span> <span class='ocrx_word' id='word_1_410' title='bbox 1127 2085 1154 2114; x_wconf 70' lang='lat'><em>*.</em></span> 
     </span>
    </p>

    <p class='ocr_par' dir='ltr' id='par_1_21' title="bbox 456 2128 1526 2294">
     <span class='ocr_line' id='line_1_68' title="bbox 513 2128 1524 2168; baseline -0.002 -8"><span class='ocrx_word' id='word_1_411' title='bbox 513 2130 554 2160; x_wconf 90' lang='lat' dir='ltr'><em>Et</em></span> <span class='ocrx_word' id='word_1_412' title='bbox 574 2129 790 2160; x_wconf 88' lang='lat' dir='ltr'><em>confirmatur.</em></span> <span class='ocrx_word' id='word_1_413' title='bbox 816 2129 901 2167; x_wconf 89' lang='lat' dir='ltr'><em>Quia</em></span> <span class='ocrx_word' id='word_1_414' title='bbox 925 2128 1017 2159; x_wconf 90' lang='lat' dir='ltr'><em>Iudas</em></span> <span class='ocrx_word' id='word_1_415' title='bbox 1039 2138 1107 2158; x_wconf 89' lang='lat' dir='ltr'><em>non</em></span> <span class='ocrx_word' id='word_1_416' title='bbox 1130 2128 1222 2168; x_wconf 86' lang='lat' dir='ltr'><em>petiit</em></span> <span class='ocrx_word' id='word_1_417' title='bbox 1241 2128 1524 2158; x_wconf 88' lang='lat' dir='ltr'><em>communionem:</em></span> 
     </span>
     <span class='ocr_line' id='line_1_69' title="bbox 458 2172 1524 2213; baseline -0.002 -8"><span class='ocrx_word' id='word_1_418' title='bbox 458 2180 489 2205; x_wconf 93' lang='lat' dir='ltr'><em>et</em></span> <span class='ocrx_word' id='word_1_419' title='bbox 520 2180 628 2205; x_wconf 91' lang='lat' dir='ltr'><em>tamen</em></span> <span class='ocrx_word' id='word_1_420' title='bbox 660 2174 831 2210; x_wconf 88' lang='lat' dir='ltr'><em>Dominus,</em></span> <span class='ocrx_word' id='word_1_421' title='bbox 855 2172 1083 2213; x_wconf 89' lang='lat' dir='ltr'><em>Apostolicum</em></span> <span class='ocrx_word' id='word_1_422' title='bbox 1111 2173 1246 2203; x_wconf 87' lang='lat' dir='ltr'><em>chorum</em></span> <span class='ocrx_word' id='word_1_423' title='bbox 1270 2173 1524 2209; x_wconf 86' lang='lat' dir='ltr'><em>communicans,</em></span> 
     </span>
     <span class='ocr_line' id='line_1_70' title="bbox 456 2216 1526 2259; baseline -0.002 -10"><span class='ocrx_word' id='word_1_424' title='bbox 456 2219 563 2259; x_wconf 91' lang='lat' dir='ltr'><em>ipsum</em></span> <span class='ocrx_word' id='word_1_425' title='bbox 587 2228 662 2249; x_wconf 91' lang='lat' dir='ltr'><em>cum</em></span> <span class='ocrx_word' id='word_1_426' title='bbox 686 2219 797 2249; x_wconf 90' lang='lat' dir='ltr'><em>ceteris</em></span> <span class='ocrx_word' id='word_1_427' title='bbox 820 2218 972 2254; x_wconf 88' lang='lat' dir='ltr'><em>invitavit,</em></span> <span class='ocrx_word' id='word_1_428' title='bbox 994 2217 1117 2248; x_wconf 90' lang='lat' dir='ltr'><em>dicens:</em></span> <span class='ocrx_word' id='word_1_429' title='bbox 1146 2216 1319 2253; x_wconf 86' lang='lat' dir='ltr'><em>Comedite,</em></span> <span class='ocrx_word' id='word_1_430' title='bbox 1336 2219 1404 2254; x_wconf 73' lang='lat' dir='ltr'><em>seu,</em></span> <span class='ocrx_word' id='word_1_431' title='bbox 1421 2217 1526 2248; x_wconf 87' lang='lat' dir='ltr'><em>Bibite</em></span> 
     </span>
     <span class='ocr_line' id='line_1_71' title="bbox 457 2264 758 2294; baseline -0.003 0"><span class='ocrx_word' id='word_1_432' title='bbox 457 2273 499 2294; x_wconf 83' lang='lat' dir='ltr'><em>ex</em></span> <span class='ocrx_word' id='word_1_433' title='bbox 521 2264 582 2294; x_wconf 90' lang='lat' dir='ltr'><em>hoc</em></span> <span class='ocrx_word' id='word_1_434' title='bbox 606 2273 716 2294; x_wconf 85' lang='lat' dir='ltr'><em>omnes</em></span> <span class='ocrx_word' id='word_1_435' title='bbox 731 2264 758 2293; x_wconf 70' lang='lat'><em>*.</em></span> 
     </span>
    </p>
   </div>
   <div class='ocr_carea' id='block_1_19' title="bbox 1579 1149 2680 2257">
    <p class='ocr_par' dir='ltr' id='par_1_22' title="bbox 1579 1149 2649 1624">
     <span class='ocr_line' id='line_1_72' title="bbox 1634 1149 2648 1187; baseline 0.001 -8"><span class='ocrx_word' id='word_1_436' title='bbox 1634 1149 1686 1179; x_wconf 90' lang='lat'><em>111.</em></span> <span class='ocrx_word' id='word_1_437' title='bbox 1710 1149 1872 1187; x_wconf 88' lang='lat' dir='ltr'><em>Quocirca</em></span> <span class='ocrx_word' id='word_1_438' title='bbox 1895 1150 2039 1180; x_wconf 89' lang='lat' dir='ltr'><em>Durandi</em></span> <span class='ocrx_word' id='word_1_439' title='bbox 2062 1150 2222 1181; x_wconf 89' lang='lat' dir='ltr'><em>distinctio</em></span> <span class='ocrx_word' id='word_1_440' title='bbox 2245 1150 2356 1181; x_wconf 90' lang='lat' dir='ltr'><em>locum</em></span> <span class='ocrx_word' id='word_1_441' title='bbox 2378 1151 2495 1181; x_wconf 90' lang='lat' dir='ltr'><em>habere</em></span> <span class='ocrx_word' id='word_1_442' title='bbox 2522 1149 2648 1181; x_wconf 87' lang='lat' dir='ltr'><em>videtur</em></span> 
     </span>
     <span class='ocr_line' id='line_1_73' title="bbox 1579 1192 2648 1234; baseline 0 -10"><span class='ocrx_word' id='word_1_443' title='bbox 1579 1192 1710 1232; x_wconf 87' lang='lat' dir='ltr'><em>quando</em></span> <span class='ocrx_word' id='word_1_444' title='bbox 1735 1193 1774 1224; x_wconf 85' lang='lat' dir='ltr'><em>ad</em></span> <span class='ocrx_word' id='word_1_445' title='bbox 1797 1199 1936 1234; x_wconf 87' lang='lat' dir='ltr'><em>partem,</em></span> <span class='ocrx_word' id='word_1_446' title='bbox 1961 1203 2070 1224; x_wconf 90' lang='lat' dir='ltr'><em>coram</em></span> <span class='ocrx_word' id='word_1_447' title='bbox 2093 1194 2160 1224; x_wconf 90' lang='lat' dir='ltr'><em>aliis</em></span> <span class='ocrx_word' id='word_1_448' title='bbox 2183 1200 2304 1230; x_wconf 87' lang='lat' dir='ltr'><em>tamen,</em></span> <span class='ocrx_word' id='word_1_449' title='bbox 2329 1199 2452 1234; x_wconf 87' lang='lat' dir='ltr'><em>peteret</em></span> <span class='ocrx_word' id='word_1_450' title='bbox 2474 1193 2589 1234; x_wconf 87' lang='lat' dir='ltr'><em>aliquis</em></span> <span class='ocrx_word' id='word_1_451' title='bbox 2612 1199 2648 1224; x_wconf 93' lang='lat' dir='ltr'><em>ut</em></span> 
     </span>
     <span class='ocr_line' id='line_1_74' title="bbox 1579 1237 2647 1278; baseline 0.001 -11"><span class='ocrx_word' id='word_1_452' title='bbox 1579 1237 1726 1268; x_wconf 82' lang='lat' dir='ltr'><em>sacerdos</em></span> <span class='ocrx_word' id='word_1_453' title='bbox 1760 1238 1855 1269; x_wconf 87' lang='lat' dir='ltr'><em>vellet</em></span> <span class='ocrx_word' id='word_1_454' title='bbox 1889 1239 2047 1269; x_wconf 86' lang='lat' dir='ltr'><em>celebrare</em></span> <span class='ocrx_word' id='word_1_455' title='bbox 2076 1242 2108 1268; x_wconf 87' lang='lat' dir='ltr'><em>et</em></span> <span class='ocrx_word' id='word_1_456' title='bbox 2137 1238 2244 1278; x_wconf 90' lang='lat' dir='ltr'><em>ipsum</em></span> <span class='ocrx_word' id='word_1_457' title='bbox 2277 1238 2526 1268; x_wconf 89' lang='lat' dir='ltr'><em>communicare.</em></span> <span class='ocrx_word' id='word_1_458' title='bbox 2559 1238 2647 1268; x_wconf 89' lang='lat' dir='ltr'><em>Tum</em></span> 
     </span>
     <span class='ocr_line' id='line_1_75' title="bbox 1580 1282 2647 1322; baseline 0 -10"><span class='ocrx_word' id='word_1_459' title='bbox 1580 1282 1666 1312; x_wconf 86' lang='lat' dir='ltr'><em>enim</em></span> <span class='ocrx_word' id='word_1_460' title='bbox 1690 1282 1747 1322; x_wconf 91' lang='lat' dir='ltr'><em>qui</em></span> <span class='ocrx_word' id='word_1_461' title='bbox 1769 1292 1837 1313; x_wconf 89' lang='lat' dir='ltr'><em>non</em></span> <span class='ocrx_word' id='word_1_462' title='bbox 1860 1288 1988 1317; x_wconf 83' lang='lat' dir='ltr'><em>tenetur</em></span> <span class='ocrx_word' id='word_1_463' title='bbox 2010 1282 2249 1313; x_wconf 83' lang='lat' dir='ltr'><em>communicare</em></span> <span class='ocrx_word' id='word_1_464' title='bbox 2271 1282 2364 1312; x_wconf 84' lang='lat' dir='ltr'><em>illum</em></span> <span class='ocrx_word' id='word_1_465' title='bbox 2384 1282 2550 1313; x_wconf 88' lang='lat' dir='ltr'><em>occultum</em></span> <span class='ocrx_word' id='word_1_466' title='bbox 2571 1291 2647 1322; x_wconf 77' lang='lat' dir='ltr'><em>pec-</em></span> 
     </span>
     <span class='ocr_line' id='line_1_76' title="bbox 1581 1326 2647 1367; baseline 0.001 -11"><span class='ocrx_word' id='word_1_467' title='bbox 1581 1333 1732 1363; x_wconf 87' lang='lat' dir='ltr'><em>catorem,</em></span> <span class='ocrx_word' id='word_1_468' title='bbox 1756 1326 1860 1364; x_wconf 85' lang='lat' dir='ltr'><em>debet,</em></span> <span class='ocrx_word' id='word_1_469' title='bbox 1885 1327 1911 1357; x_wconf 88' lang='lat' dir='ltr'><em>si</em></span> <span class='ocrx_word' id='word_1_470' title='bbox 1934 1327 2002 1358; x_wconf 89' lang='lat' dir='ltr'><em>sine</em></span> <span class='ocrx_word' id='word_1_471' title='bbox 2025 1326 2174 1358; x_wconf 86' lang='lat' dir='ltr'><em>scandalo</em></span> <span class='ocrx_word' id='word_1_472' title='bbox 2196 1331 2314 1367; x_wconf 90' lang='lat' dir='ltr'><em>potest,</em></span> <span class='ocrx_word' id='word_1_473' title='bbox 2338 1335 2435 1358; x_wconf 88' lang='lat' dir='ltr'><em>suum</em></span> <span class='ocrx_word' id='word_1_474' title='bbox 2449 1335 2565 1366; x_wconf 83' lang='lat' dir='ltr'><em>negare</em></span> <span class='ocrx_word' id='word_1_475' title='bbox 2587 1326 2647 1357; x_wconf 88' lang='lat' dir='ltr'><em>mi-</em></span> 
     </span>
     <span class='ocr_line' id='line_1_77' title="bbox 1579 1370 2648 1411; baseline 0 -10"><span class='ocrx_word' id='word_1_476' title='bbox 1579 1371 1756 1402; x_wconf 88' lang='lat' dir='ltr'><em>nisterium.</em></span> <span class='ocrx_word' id='word_1_477' title='bbox 1780 1371 1862 1402; x_wconf 91' lang='lat' dir='ltr'><em>Dico</em></span> <span class='ocrx_word' id='word_1_478' title='bbox 1887 1377 2004 1407; x_wconf 86' lang='lat' dir='ltr'><em>autem,</em></span> <span class='ocrx_word' id='word_1_479' title='bbox 2028 1371 2098 1402; x_wconf 84' lang='lat' dir='ltr'><em>sine</em></span> <span class='ocrx_word' id='word_1_480' title='bbox 2120 1370 2295 1402; x_wconf 84' lang='lat' dir='ltr'><em>scandalo:</em></span> <span class='ocrx_word' id='word_1_481' title='bbox 2318 1371 2393 1411; x_wconf 87' lang='lat' dir='ltr'><em>quia</em></span> <span class='ocrx_word' id='word_1_482' title='bbox 2415 1371 2442 1401; x_wconf 89' lang='lat' dir='ltr'><em>si</em></span> <span class='ocrx_word' id='word_1_483' title='bbox 2463 1370 2590 1411; x_wconf 86' lang='lat' dir='ltr'><em>negatio</em></span> <span class='ocrx_word' id='word_1_484' title='bbox 2614 1370 2648 1401; x_wconf 88' lang='lat' dir='ltr'><em>in</em></span> 
     </span>
     <span class='ocr_line' id='line_1_78' title="bbox 1581 1413 2648 1457; baseline -0.002 -11"><span class='ocrx_word' id='word_1_485' title='bbox 1581 1415 1735 1446; x_wconf 89' lang='lat' dir='ltr'><em>damnum</em></span> <span class='ocrx_word' id='word_1_486' title='bbox 1758 1421 1902 1456; x_wconf 87' lang='lat' dir='ltr'><em>vergeret</em></span> <span class='ocrx_word' id='word_1_487' title='bbox 1924 1415 2027 1446; x_wconf 88' lang='lat' dir='ltr'><em>famae</em></span> <span class='ocrx_word' id='word_1_488' title='bbox 2050 1415 2149 1457; x_wconf 90' lang='lat' dir='ltr'><em>ipsius</em></span> <span class='ocrx_word' id='word_1_489' title='bbox 2164 1415 2311 1455; x_wconf 89' lang='lat' dir='ltr'><em>petentis,</em></span> <span class='ocrx_word' id='word_1_490' title='bbox 2327 1424 2385 1455; x_wconf 92' lang='lat' dir='ltr'><em>par</em></span> <span class='ocrx_word' id='word_1_491' title='bbox 2407 1419 2489 1445; x_wconf 88' lang='lat' dir='ltr'><em>esset</em></span> <span class='ocrx_word' id='word_1_492' title='bbox 2510 1414 2590 1445; x_wconf 87' lang='lat' dir='ltr'><em>ratio</em></span> <span class='ocrx_word' id='word_1_493' title='bbox 2614 1413 2648 1444; x_wconf 90' lang='lat' dir='ltr'><em>in</em></span> 
     </span>
     <span class='ocr_line' id='line_1_79' title="bbox 1580 1458 2648 1500; baseline -0.001 -10"><span class='ocrx_word' id='word_1_494' title='bbox 1580 1460 1644 1490; x_wconf 91' lang='lat' dir='ltr'><em>hoc</em></span> <span class='ocrx_word' id='word_1_495' title='bbox 1668 1469 1744 1490; x_wconf 89' lang='lat' dir='ltr'><em>casu</em></span> <span class='ocrx_word' id='word_1_496' title='bbox 1767 1465 1800 1490; x_wconf 88' lang='lat' dir='ltr'><em>et</em></span> <span class='ocrx_word' id='word_1_497' title='bbox 1821 1461 1855 1490; x_wconf 91' lang='lat' dir='ltr'><em>in</em></span> <span class='ocrx_word' id='word_1_498' title='bbox 1879 1469 1955 1490; x_wconf 91' lang='lat' dir='ltr'><em>casu</em></span> <span class='ocrx_word' id='word_1_499' title='bbox 1977 1469 2044 1500; x_wconf 92' lang='lat' dir='ltr'><em>quo</em></span> <span class='ocrx_word' id='word_1_500' title='bbox 2067 1464 2162 1490; x_wconf 87' lang='lat' dir='ltr'><em>staret</em></span> <span class='ocrx_word' id='word_1_501' title='bbox 2184 1464 2312 1500; x_wconf 84' lang='lat' dir='ltr'><em>paratus</em></span> <span class='ocrx_word' id='word_1_502' title='bbox 2342 1459 2382 1490; x_wconf 92' lang='lat' dir='ltr'><em>ad</em></span> <span class='ocrx_word' id='word_1_503' title='bbox 2405 1458 2648 1490; x_wconf 81' lang='lat' dir='ltr'><em>communican-</em></span> 
     </span>
     <span class='ocr_line' id='line_1_80' title="bbox 1580 1502 2649 1544; baseline -0.002 -9"><span class='ocrx_word' id='word_1_504' title='bbox 1580 1504 1669 1534; x_wconf 90' lang='lat' dir='ltr'><em>dum.</em></span> <span class='ocrx_word' id='word_1_505' title='bbox 1701 1505 1813 1535; x_wconf 90' lang='lat' dir='ltr'><em>Posset</em></span> <span class='ocrx_word' id='word_1_506' title='bbox 1843 1505 1946 1540; x_wconf 86' lang='lat' dir='ltr'><em>enim,</em></span> <span class='ocrx_word' id='word_1_507' title='bbox 1970 1513 2011 1534; x_wconf 85' lang='lat' dir='ltr'><em>ne</em></span> <span class='ocrx_word' id='word_1_508' title='bbox 2035 1509 2124 1534; x_wconf 85' lang='lat' dir='ltr'><em>actus</em></span> <span class='ocrx_word' id='word_1_509' title='bbox 2151 1503 2331 1544; x_wconf 79' lang='lat' dir='ltr'><em>negationis</em></span> <span class='ocrx_word' id='word_1_510' title='bbox 2363 1513 2439 1534; x_wconf 86' lang='lat' dir='ltr'><em>suae</em></span> <span class='ocrx_word' id='word_1_511' title='bbox 2469 1502 2649 1534; x_wconf 75' lang='lat' dir='ltr'><em>detraheret</em></span> 
     </span>
     <span class='ocr_line' id='line_1_81' title="bbox 1581 1547 2648 1589; baseline -0.001 -10"><span class='ocrx_word' id='word_1_512' title='bbox 1581 1548 1683 1579; x_wconf 89' lang='lat' dir='ltr'><em>famae</em></span> <span class='ocrx_word' id='word_1_513' title='bbox 1707 1549 1855 1589; x_wconf 84' lang='lat' dir='ltr'><em>proximi,</em></span> <span class='ocrx_word' id='word_1_514' title='bbox 1872 1549 2112 1579; x_wconf 86' lang='lat' dir='ltr'><em>communicare</em></span> <span class='ocrx_word' id='word_1_515' title='bbox 2134 1548 2252 1588; x_wconf 89' lang='lat' dir='ltr'><em>ipsum,</em></span> <span class='ocrx_word' id='word_1_516' title='bbox 2268 1547 2481 1588; x_wconf 87' lang='lat' dir='ltr'><em>relinquendo</em></span> <span class='ocrx_word' id='word_1_517' title='bbox 2496 1547 2558 1588; x_wconf 85' lang='lat' dir='ltr'><em>ipsi</em></span> <span class='ocrx_word' id='word_1_518' title='bbox 2571 1556 2648 1588; x_wconf 79' lang='lat' dir='ltr'><em>pec·</em></span> 
     </span>
     <span class='ocr_line' id='line_1_82' title="bbox 1580 1594 1964 1624; baseline -0.003 0"><span class='ocrx_word' id='word_1_519' title='bbox 1580 1594 1681 1624; x_wconf 89' lang='lat' dir='ltr'><em>catori</em></span> <span class='ocrx_word' id='word_1_520' title='bbox 1705 1603 1814 1624; x_wconf 87' lang='lat' dir='ltr'><em>curam</em></span> <span class='ocrx_word' id='word_1_521' title='bbox 1837 1594 1964 1624; x_wconf 87' lang='lat' dir='ltr'><em>suimet.</em></span> 
     </span>
    </p>

    <p class='ocr_par' dir='ltr' id='par_1_23' title="bbox 1579 1635 2675 2030">
     <span class='ocr_line' id='line_1_83' title="bbox 1635 1635 2648 1674; baseline -0.001 -6"><span class='ocrx_word' id='word_1_522' title='bbox 1635 1638 1688 1668; x_wconf 91' lang='lat' dir='ltr'><em>IV.</em></span> <span class='ocrx_word' id='word_1_523' title='bbox 1713 1638 1793 1669; x_wconf 88' lang='lat' dir='ltr'><em>Item</em></span> <span class='ocrx_word' id='word_1_524' title='bbox 1816 1638 1850 1668; x_wconf 91' lang='lat' dir='ltr'><em>in</em></span> <span class='ocrx_word' id='word_1_525' title='bbox 1874 1637 1990 1668; x_wconf 90' lang='lat' dir='ltr'><em>eodem</em></span> <span class='ocrx_word' id='word_1_526' title='bbox 2006 1637 2139 1668; x_wconf 88' lang='lat' dir='ltr'><em>articulo</em></span> <span class='ocrx_word' id='word_1_527' title='bbox 2155 1638 2182 1674; x_wconf 57' lang='lat'><em>⁹,</em></span> <span class='ocrx_word' id='word_1_528' title='bbox 2207 1642 2300 1668; x_wconf 85' lang='lat' dir='ltr'><em>caute</em></span> <span class='ocrx_word' id='word_1_529' title='bbox 2314 1642 2393 1668; x_wconf 88' lang='lat' dir='ltr'><em>nota</em></span> <span class='ocrx_word' id='word_1_530' title='bbox 2406 1637 2440 1667; x_wconf 86' lang='lat' dir='ltr'><em>in</em></span> <span class='ocrx_word' id='word_1_531' title='bbox 2455 1635 2547 1667; x_wconf 90' lang='lat' dir='ltr'><em>nullo</em></span> <span class='ocrx_word' id='word_1_532' title='bbox 2571 1644 2648 1667; x_wconf 73' lang='lat' dir='ltr'><em>casu</em></span> 
     </span>
     <span class='ocr_line' id='line_1_84' title="bbox 1580 1681 2647 1722; baseline -0.003 -9"><span class='ocrx_word' id='word_1_533' title='bbox 1580 1682 1718 1714; x_wconf 90' lang='lat' dir='ltr'><em>dandam</em></span> <span class='ocrx_word' id='word_1_534' title='bbox 1746 1687 1801 1712; x_wconf 90' lang='lat' dir='ltr'><em>aut</em></span> <span class='ocrx_word' id='word_1_535' title='bbox 1831 1681 2049 1722; x_wconf 87' lang='lat' dir='ltr'><em>accipiendam</em></span> <span class='ocrx_word' id='word_1_536' title='bbox 2073 1691 2141 1712; x_wconf 88' lang='lat' dir='ltr'><em>esse</em></span> <span class='ocrx_word' id='word_1_537' title='bbox 2163 1682 2300 1713; x_wconf 89' lang='lat' dir='ltr'><em>hostiam</em></span> <span class='ocrx_word' id='word_1_538' title='bbox 2323 1691 2391 1712; x_wconf 90' lang='lat' dir='ltr'><em>non</em></span> <span class='ocrx_word' id='word_1_539' title='bbox 2418 1683 2647 1714; x_wconf 80' lang='lat' dir='ltr'><em>consecratam.</em></span> 
     </span>
     <span class='ocr_line' id='line_1_85' title="bbox 1581 1723 2675 1768; baseline -0.003 -11"><span class='ocrx_word' id='word_1_540' title='bbox 1581 1728 1672 1768; x_wconf 89' lang='lat' dir='ltr'><em>quasi</em></span> <span class='ocrx_word' id='word_1_541' title='bbox 1703 1727 1778 1757; x_wconf 91' lang='lat' dir='ltr'><em>loco</em></span> <span class='ocrx_word' id='word_1_542' title='bbox 1811 1726 2061 1757; x_wconf 89' lang='lat' dir='ltr'><em>communionis.</em></span> <span class='ocrx_word' id='word_1_543' title='bbox 2094 1726 2177 1757; x_wconf 91' lang='lat' dir='ltr'><em>Dico</em></span> <span class='ocrx_word' id='word_1_544' title='bbox 2210 1731 2317 1757; x_wconf 88' lang='lat' dir='ltr'><em>autem</em></span> <span class='ocrx_word' id='word_1_545' title='bbox 2349 1726 2413 1756; x_wconf 91' lang='lat' dir='ltr'><em>hoc</em></span> <span class='ocrx_word' id='word_1_546' title='bbox 2437 1725 2528 1765; x_wconf 86' lang='lat' dir='ltr'><em>quia,</em></span> <span class='ocrx_word' id='word_1_547' title='bbox 2553 1723 2649 1755; x_wconf 76' lang='lat' dir='ltr'><em>etiam</em></span> <span class='ocrx_word' id='word_1_548' title='bbox 2672 1728 2675 1758; x_wconf 75' lang='lat' dir='ltr'>j</span> 
     </span>
     <span class='ocr_line' id='line_1_86' title="bbox 1580 1769 2648 1811; baseline -0.004 -9"><span class='ocrx_word' id='word_1_549' title='bbox 1580 1772 1699 1802; x_wconf 85' lang='lat' dir='ltr'><em>sciente</em></span> <span class='ocrx_word' id='word_1_550' title='bbox 1721 1777 1787 1801; x_wconf 80' lang='lat' dir='ltr'><em>tam</em></span> <span class='ocrx_word' id='word_1_551' title='bbox 1810 1771 2071 1802; x_wconf 86' lang='lat' dir='ltr'><em>communicante</em></span> <span class='ocrx_word' id='word_1_552' title='bbox 2094 1779 2192 1811; x_wconf 87' lang='lat' dir='ltr'><em>quam</em></span> <span class='ocrx_word' id='word_1_553' title='bbox 2215 1770 2391 1810; x_wconf 86' lang='lat' dir='ltr'><em>accipiente</em></span> <span class='ocrx_word' id='word_1_554' title='bbox 2414 1769 2552 1799; x_wconf 83' lang='lat' dir='ltr'><em>hostiam</em></span> <span class='ocrx_word' id='word_1_555' title='bbox 2578 1776 2648 1799; x_wconf 80' lang='lat' dir='ltr'><em>non</em></span> 
     </span>
     <span class='ocr_line' id='line_1_87' title="bbox 1580 1811 2649 1855; baseline -0.003 -9"><span class='ocrx_word' id='word_1_556' title='bbox 1580 1826 1648 1847; x_wconf 88' lang='lat' dir='ltr'><em>esse</em></span> <span class='ocrx_word' id='word_1_557' title='bbox 1672 1821 1900 1851; x_wconf 90' lang='lat' dir='ltr'><em>consecratam,</em></span> <span class='ocrx_word' id='word_1_558' title='bbox 1924 1819 2056 1855; x_wconf 87' lang='lat' dir='ltr'><em>propter</em></span> <span class='ocrx_word' id='word_1_559' title='bbox 2078 1820 2270 1855; x_wconf 83' lang='lat' dir='ltr'><em>praesentes,</em></span> <span class='ocrx_word' id='word_1_560' title='bbox 2287 1815 2344 1854; x_wconf 91' lang='lat' dir='ltr'><em>qui</em></span> <span class='ocrx_word' id='word_1_561' title='bbox 2365 1813 2547 1844; x_wconf 77' lang='lat' dir='ltr'><em>indistincte</em></span> <span class='ocrx_word' id='word_1_562' title='bbox 2570 1811 2649 1844; x_wconf 74' lang='lat' dir='ltr'><em>ado-</em></span> 
     </span>
     <span class='ocr_line' id='line_1_88' title="bbox 1579 1855 2650 1900; baseline -0.003 -9"><span class='ocrx_word' id='word_1_563' title='bbox 1579 1866 1666 1897; x_wconf 89' lang='lat' dir='ltr'><em>rant,</em></span> <span class='ocrx_word' id='word_1_564' title='bbox 1690 1860 1742 1891; x_wconf 90' lang='lat' dir='ltr'><em>vel</em></span> <span class='ocrx_word' id='word_1_565' title='bbox 1764 1859 1896 1890; x_wconf 87' lang='lat' dir='ltr'><em>adorare</em></span> <span class='ocrx_word' id='word_1_566' title='bbox 1925 1864 2079 1900; x_wconf 87' lang='lat' dir='ltr'><em>possunt,</em></span> <span class='ocrx_word' id='word_1_567' title='bbox 2103 1859 2280 1899; x_wconf 90' lang='lat' dir='ltr'><em>quamlibet</em></span> <span class='ocrx_word' id='word_1_568' title='bbox 2301 1859 2439 1889; x_wconf 82' lang='lat' dir='ltr'><em>hostiam</em></span> <span class='ocrx_word' id='word_1_569' title='bbox 2469 1866 2568 1898; x_wconf 85' lang='lat' dir='ltr'><em>quam</em></span> <span class='ocrx_word' id='word_1_570' title='bbox 2593 1855 2650 1888; x_wconf 75' lang='lat' dir='ltr'><em>de-</em></span> 
     </span>
     <span class='ocr_line' id='line_1_89' title="bbox 1580 1899 2649 1944; baseline -0.004 -8"><span class='ocrx_word' id='word_1_571' title='bbox 1580 1905 1654 1936; x_wconf 87' lang='lat' dir='ltr'><em>ferri</em></span> <span class='ocrx_word' id='word_1_572' title='bbox 1676 1905 1727 1935; x_wconf 89' lang='lat' dir='ltr'><em>vel</em></span> <span class='ocrx_word' id='word_1_573' title='bbox 1751 1904 1817 1935; x_wconf 89' lang='lat' dir='ltr'><em>dari</em></span> <span class='ocrx_word' id='word_1_574' title='bbox 1840 1904 2054 1944; x_wconf 86' lang='lat' dir='ltr'><em>conspiciunt,</em></span> <span class='ocrx_word' id='word_1_575' title='bbox 2078 1903 2224 1934; x_wconf 84' lang='lat' dir='ltr'><em>illicitum</em></span> <span class='ocrx_word' id='word_1_576' title='bbox 2248 1908 2312 1934; x_wconf 88' lang='lat' dir='ltr'><em>est:</em></span> <span class='ocrx_word' id='word_1_577' title='bbox 2337 1921 2361 1925; x_wconf 92' lang='lat'>—</span> <span class='ocrx_word' id='word_1_578' title='bbox 2381 1911 2468 1938; x_wconf 85' lang='lat' dir='ltr'><em>nam,</em></span> <span class='ocrx_word' id='word_1_579' title='bbox 2491 1901 2518 1932; x_wconf 82' lang='lat' dir='ltr'><em>si</em></span> <span class='ocrx_word' id='word_1_580' title='bbox 2539 1899 2649 1933; x_wconf 80' lang='lat' dir='ltr'><em>nullus</em></span> 
     </span>
     <span class='ocr_line' id='line_1_90' title="bbox 1581 1947 2650 1989; baseline -0.004 -9"><span class='ocrx_word' id='word_1_581' title='bbox 1581 1954 1663 1981; x_wconf 90' lang='lat' dir='ltr'><em>esset</em></span> <span class='ocrx_word' id='word_1_582' title='bbox 1685 1949 1821 1980; x_wconf 83' lang='lat' dir='ltr'><em>omnino</em></span> <span class='ocrx_word' id='word_1_583' title='bbox 1844 1957 2004 1989; x_wconf 89' lang='lat' dir='ltr'><em>praesens,</em></span> <span class='ocrx_word' id='word_1_584' title='bbox 2019 1957 2088 1978; x_wconf 89' lang='lat' dir='ltr'><em>non</em></span> <span class='ocrx_word' id='word_1_585' title='bbox 2110 1947 2244 1988; x_wconf 83' lang='lat' dir='ltr'><em>fingeret</em></span> <span class='ocrx_word' id='word_1_586' title='bbox 2262 1947 2421 1988; x_wconf 89' lang='lat' dir='ltr'><em>accipiens</em></span> <span class='ocrx_word' id='word_1_587' title='bbox 2444 1955 2478 1976; x_wconf 89' lang='lat' dir='ltr'><em>se</em></span> <span class='ocrx_word' id='word_1_588' title='bbox 2501 1953 2650 1976; x_wconf 84' lang='lat' dir='ltr'><em>commu-</em></span> 
     </span>
     <span class='ocr_line' id='line_1_91' title="bbox 1579 1992 2138 2030; baseline -0.005 -5"><span class='ocrx_word' id='word_1_589' title='bbox 1579 1995 1696 2030; x_wconf 91' lang='lat' dir='ltr'><em>nicare,</em></span> <span class='ocrx_word' id='word_1_590' title='bbox 1720 1992 1777 2024; x_wconf 90' lang='lat' dir='ltr'><em>sed</em></span> <span class='ocrx_word' id='word_1_591' title='bbox 1800 1993 1970 2023; x_wconf 85' lang='lat' dir='ltr'><em>abstineret</em></span> <span class='ocrx_word' id='word_1_592' title='bbox 1993 1992 2138 2023; x_wconf 88' lang='lat' dir='ltr'><em>omnino.</em></span> 
     </span>
    </p>

    <p class='ocr_par' dir='ltr' id='par_1_24' title="bbox 1580 2030 2680 2257">
     <span class='ocr_line' id='line_1_92' title="bbox 1634 2030 2649 2078; baseline -0.004 -10"><span class='ocrx_word' id='word_1_593' title='bbox 1634 2038 1674 2069; x_wconf 91' lang='lat' dir='ltr'><em>V.</em></span> <span class='ocrx_word' id='word_1_594' title='bbox 1699 2038 1735 2068; x_wconf 87' lang='lat' dir='ltr'><em>In</em></span> <span class='ocrx_word' id='word_1_595' title='bbox 1761 2037 1972 2078; x_wconf 86' lang='lat' dir='ltr'><em>responsione</em></span> <span class='ocrx_word' id='word_1_596' title='bbox 2003 2036 2044 2067; x_wconf 86' lang='lat' dir='ltr'><em>ad</em></span> <span class='ocrx_word' id='word_1_597' title='bbox 2075 2037 2203 2067; x_wconf 89' lang='lat' dir='ltr'><em>tertium</em></span> <span class='ocrx_word' id='word_1_598' title='bbox 2236 2034 2380 2066; x_wconf 89' lang='lat' dir='ltr'><em>eiusdem</em></span> <span class='ocrx_word' id='word_1_599' title='bbox 2405 2030 2547 2070; x_wconf 79' lang='lat' dir='ltr'><em>articuli,</em></span> <span class='ocrx_word' id='word_1_600' title='bbox 2569 2038 2649 2064; x_wconf 79' lang='lat' dir='ltr'><em>nota</em></span> 
     </span>
     <span class='ocr_line' id='line_1_93' title="bbox 1581 2078 2680 2123; baseline -0.005 -9"><span class='ocrx_word' id='word_1_601' title='bbox 1581 2082 1672 2123; x_wconf 88' lang='lat' dir='ltr'><em>quod</em></span> <span class='ocrx_word' id='word_1_602' title='bbox 1694 2081 1820 2113; x_wconf 88' lang='lat' dir='ltr'><em>decreta</em></span> <span class='ocrx_word' id='word_1_603' title='bbox 1842 2081 1895 2112; x_wconf 90' lang='lat' dir='ltr'><em>illa</em></span> <span class='ocrx_word' id='word_1_604' title='bbox 1918 2090 2001 2121; x_wconf 88' lang='lat' dir='ltr'><em>quae</em></span> <span class='ocrx_word' id='word_1_605' title='bbox 2025 2090 2143 2121; x_wconf 88' lang='lat' dir='ltr'><em>corpus</em></span> <span class='ocrx_word' id='word_1_606' title='bbox 2176 2080 2294 2111; x_wconf 89' lang='lat' dir='ltr'><em>Christi</em></span> <span class='ocrx_word' id='word_1_607' title='bbox 2317 2080 2409 2120; x_wconf 85' lang='lat' dir='ltr'><em>quasi</em></span> <span class='ocrx_word' id='word_1_608' title='bbox 2422 2078 2467 2110; x_wconf 71' lang='lat' dir='ltr'><em>ad</em></span> <span class='ocrx_word' id='word_1_609' title='bbox 2488 2078 2648 2110; x_wconf 73' lang='lat' dir='ltr'><em>examim-</em></span> <span class='ocrx_word' id='word_1_610' title='bbox 2674 2093 2680 2096; x_wconf 92' lang='lat'><strong>·</strong></span> 
     </span>
     <span class='ocr_line' id='line_1_94' title="bbox 1580 2122 2648 2165; baseline -0.004 -7"><span class='ocrx_word' id='word_1_611' title='bbox 1580 2128 1703 2158; x_wconf 85' lang='lat' dir='ltr'><em>tionem</em></span> <span class='ocrx_word' id='word_1_612' title='bbox 1736 2125 1941 2162; x_wconf 87' lang='lat' dir='ltr'><em>ordinarunt,</em></span> <span class='ocrx_word' id='word_1_613' title='bbox 1965 2135 2033 2156; x_wconf 92' lang='lat' dir='ltr'><em>non</em></span> <span class='ocrx_word' id='word_1_614' title='bbox 2057 2124 2186 2156; x_wconf 88' lang='lat' dir='ltr'><em>fuerunt</em></span> <span class='ocrx_word' id='word_1_615' title='bbox 2213 2134 2271 2165; x_wconf 86' lang='lat' dir='ltr'><em>per</em></span> <span class='ocrx_word' id='word_1_616' title='bbox 2301 2123 2438 2155; x_wconf 87' lang='lat' dir='ltr'><em>concilia</em></span> <span class='ocrx_word' id='word_1_617' title='bbox 2459 2122 2648 2154; x_wconf 73' lang='lat' dir='ltr'><em>universalia</em></span> 
     </span>
     <span class='ocr_line' id='line_1_95' title="bbox 1580 2167 2646 2210; baseline -0.004 -8"><span class='ocrx_word' id='word_1_618' title='bbox 1580 2171 1680 2203; x_wconf 89' lang='lat' dir='ltr'><em>facta:</em></span> <span class='ocrx_word' id='word_1_619' title='bbox 1705 2170 1760 2202; x_wconf 89' lang='lat' dir='ltr'><em>sed</em></span> <span class='ocrx_word' id='word_1_620' title='bbox 1782 2170 1843 2201; x_wconf 84' lang='lat' dir='ltr'><em>fuit</em></span> <span class='ocrx_word' id='word_1_621' title='bbox 1866 2170 2041 2201; x_wconf 89' lang='lat' dir='ltr'><em>concilium</em></span> <span class='ocrx_word' id='word_1_622' title='bbox 2062 2169 2262 2210; x_wconf 82' lang='lat' dir='ltr'><em>particulare,</em></span> <span class='ocrx_word' id='word_1_623' title='bbox 2278 2174 2315 2200; x_wconf 88' lang='lat' dir='ltr'><em>ut</em></span> <span class='ocrx_word' id='word_1_624' title='bbox 2336 2172 2423 2210; x_wconf 83' lang='lat' dir='ltr'><em>patet</em></span> <span class='ocrx_word' id='word_1_625' title='bbox 2446 2167 2555 2207; x_wconf 81' lang='lat' dir='ltr'><em>IL-qu.</em></span> <span class='ocrx_word' id='word_1_626' title='bbox 2572 2176 2604 2198; x_wconf 80' lang='lat' dir='ltr'><em>tv</em></span> <span class='ocrx_word' id='word_1_627' title='bbox 2619 2167 2646 2198; x_wconf 55' lang='grc' dir='ltr'><em>’ἢ</em></span> 
     </span>
     <span class='ocr_line' id='line_1_96' title="bbox 1580 2213 2312 2257; baseline -0.004 -10"><span class='ocrx_word' id='word_1_628' title='bbox 1580 2217 1622 2248; x_wconf 88' lang='lat' dir='ltr'><em>Et</em></span> <span class='ocrx_word' id='word_1_629' title='bbox 1645 2221 1814 2257; x_wconf 86' lang='lat' dir='ltr'><em>propterea</em></span> <span class='ocrx_word' id='word_1_630' title='bbox 1836 2224 1905 2246; x_wconf 89' lang='lat' dir='ltr'><em>non</em></span> <span class='ocrx_word' id='word_1_631' title='bbox 1929 2219 1976 2244; x_wconf 89' lang='lat' dir='ltr'><em>est</em></span> <span class='ocrx_word' id='word_1_632' title='bbox 1998 2214 2116 2245; x_wconf 88' lang='lat' dir='ltr'><em>mirum</em></span> <span class='ocrx_word' id='word_1_633' title='bbox 2139 2214 2166 2244; x_wconf 88' lang='lat' dir='ltr'><em>si</em></span> <span class='ocrx_word' id='word_1_634' title='bbox 2189 2213 2312 2244; x_wconf 89' lang='lat' dir='ltr'><em>erravit.</em></span> 
     </span>
    </p>
   </div>
   <div class='ocr_carea' id='block_1_20' title="bbox 601 2414 2500 2549">
    <p class='ocr_par' dir='ltr' id='par_1_25' title="bbox 601 2414 2500 2549">
     <span class='ocr_line' id='line_1_97' title="bbox 1240 2414 1860 2460; baseline -0.005 -1"><span class='ocrx_word' id='word_1_635' title='bbox 1240 2416 1561 2460; x_wconf 89' lang='lat' dir='ltr'>ARTICULUS</span> <span class='ocrx_word' id='word_1_636' title='bbox 1592 2414 1860 2458; x_wconf 88' lang='lat' dir='ltr'>SEPTIMUS</span> 
     </span>
     <span class='ocr_line' id='line_1_98' title="bbox 601 2505 2500 2549; baseline -0.005 -4"><span class='ocrx_word' id='word_1_637' title='bbox 601 2514 758 2546; x_wconf 84' lang='lat' dir='ltr'><strong>UTRUM</strong></span> <span class='ocrx_word' id='word_1_638' title='bbox 781 2513 1027 2545; x_wconf 86' lang='lat' dir='ltr'>NOCTURNA</span> <span class='ocrx_word' id='word_1_639' title='bbox 1050 2512 1271 2544; x_wconf 84' lang='lat' dir='ltr'>POLLUTIO</span> <span class='ocrx_word' id='word_1_640' title='bbox 1296 2511 1506 2544; x_wconf 84' lang='lat' dir='ltr'><strong>lMPEDIAT</strong></span> <span class='ocrx_word' id='word_1_641' title='bbox 1530 2510 1731 2549; x_wconf 83' lang='lat' dir='ltr'><strong>ALIQUEM</strong></span> <span class='ocrx_word' id='word_1_642' title='bbox 1754 2510 1784 2540; x_wconf 83' lang='lat' dir='ltr'>A</span> <span class='ocrx_word' id='word_1_643' title='bbox 1808 2509 2060 2541; x_wconf 84' lang='lat' dir='ltr'>SUMPTIONE</span> <span class='ocrx_word' id='word_1_644' title='bbox 2085 2507 2301 2540; x_wconf 74' lang='lat' dir='ltr'><em>conponis</em></span> <span class='ocrx_word' id='word_1_645' title='bbox 2325 2505 2500 2538; x_wconf 71' lang='lat' dir='ltr'><em>cnnls‘ri</em></span> 
     </span>
    </p>
   </div>
   <div class='ocr_carea' id='block_1_21' title="bbox 1309 2589 1793 2622">
    <p class='ocr_par' dir='ltr' id='par_1_26' title="bbox 1309 2589 1793 2622">
     <span class='ocr_line' id='line_1_99' title="bbox 1309 2589 1793 2622; baseline 0 -8"><span class='ocrx_word' id='word_1_646' title='bbox 1309 2590 1344 2615; x_wconf 91' lang='lat' dir='ltr'><em>IV</em></span> <span class='ocrx_word' id='word_1_647' title='bbox 1359 2590 1442 2620; x_wconf 78' lang='lat' dir='ltr'><em>Sent.,</em></span> <span class='ocrx_word' id='word_1_648' title='bbox 1462 2589 1521 2615; x_wconf 86' lang='lat' dir='ltr'><em>dist.</em></span> <span class='ocrx_word' id='word_1_649' title='bbox 1540 2595 1635 2621; x_wconf 78' lang='lat' dir='ltr'><em>11‚art.</em></span> <span class='ocrx_word' id='word_1_650' title='bbox 1653 2597 1678 2621; x_wconf 84' lang='lat'><em>4,</em></span> <span class='ocrx_word' id='word_1_651' title='bbox 1699 2589 1748 2622; x_wconf 76' lang='lat' dir='ltr'><em>qu·</em></span> <span class='ocrx_word' id='word_1_652' title='bbox 1770 2596 1793 2615; x_wconf 89' lang='lat'><em>2.</em></span> 
     </span>
    </p>
   </div>
   <div class='ocr_carea' id='block_1_22' title="bbox 543 2693 630 2724">
    <p class='ocr_par' dir='ltr' id='par_1_27' title="bbox 543 2693 630 2724">
     <span class='ocr_line' id='line_1_100' title="bbox 543 2693 630 2724; baseline -0.023 0"><span class='ocrx_word' id='word_1_653' title='bbox 543 2693 630 2724; x_wconf 42' lang='lat'><em>¹,15÷</em></span> 
     </span>
    </p>
   </div>
   <div class='ocr_carea' id='block_1_23' title="bbox 474 2785 638 2829">
    <p class='ocr_par' dir='ltr' id='par_1_28' title="bbox 474 2785 638 2829">
     <span class='ocr_line' id='line_1_101' title="bbox 474 2785 638 2829; baseline -0.006 1"><span class='ocrx_word' id='word_1_654' title='bbox 474 2785 478 2790; x_wconf 86' lang='lat'>&#39;</span> <span class='ocrx_word' id='word_1_655' title='bbox 616 2786 638 2829; x_wconf 55' lang='grc' dir='ltr'>ἦ</span> 
     </span>
    </p>
   </div>
   <div class='ocr_carea' id='block_1_24' title="bbox 469 2691 658 2876">
    <p class='ocr_par' dir='ltr' id='par_1_29' title="bbox 469 2691 658 2876">
     <span class='ocr_line' id='line_1_102' title="bbox 469 2691 658 2876; baseline 0 0"><span class='ocrx_word' id='word_1_656' title='bbox 469 2691 658 2876; x_wconf 95' lang='lat' dir='ltr'><em>  </em></span> 
     </span>
    </p>
   </div>
   <div class='ocr_carea' id='block_1_25' title="bbox 669 2724 1526 2829">
    <p class='ocr_par' dir='ltr' id='par_1_30' title="bbox 669 2724 1526 2829">
     <span class='ocr_line' id='line_1_103' title="bbox 669 2724 1525 2776; baseline -0.005 -12"><span class='ocrx_word' id='word_1_657' title='bbox 669 2735 858 2765; x_wconf 88' lang='lat' dir='ltr'><em>nocturna</em></span> <span class='ocrx_word' id='word_1_658' title='bbox 876 2726 1038 2776; x_wconf 89' lang='lat' dir='ltr'><em>pollutio</em></span> <span class='ocrx_word' id='word_1_659' title='bbox 1057 2737 1138 2763; x_wconf 92' lang='lat' dir='ltr'><em>non</em></span> <span class='ocrx_word' id='word_1_660' title='bbox 1157 2724 1342 2774; x_wconf 89' lang='lat' dir='ltr'><em>impediat</em></span> <span class='ocrx_word' id='word_1_661' title='bbox 1356 2724 1525 2773; x_wconf 89' lang='lat' dir='ltr'><em>aliquem</em></span> 
     </span>
     <span class='ocr_line' id='line_1_104' title="bbox 669 2777 1526 2829; baseline -0.005 -12"><span class='ocrx_word' id='word_1_662' title='bbox 669 2793 691 2818; x_wconf 89' lang='lat' dir='ltr'><em>a</em></span> <span class='ocrx_word' id='word_1_663' title='bbox 726 2779 947 2829; x_wconf 91' lang='lat' dir='ltr'><em>sumptione</em></span> <span class='ocrx_word' id='word_1_664' title='bbox 983 2779 1156 2829; x_wconf 88' lang='lat' dir='ltr'><em>corporis</em></span> <span class='ocrx_word' id='word_1_665' title='bbox 1193 2777 1345 2815; x_wconf 88' lang='lat' dir='ltr'><em>Christi.</em></span> <span class='ocrx_word' id='word_1_666' title='bbox 1384 2778 1526 2814; x_wconf 90' lang='lat' dir='ltr'><em>Nullus</em></span> 
     </span>
    </p>
   </div>
   <div class='ocr_carea' id='block_1_26' title="bbox 668 2666 2647 2720">
    <p class='ocr_par' dir='ltr' id='par_1_31' title="bbox 668 2666 2647 2720">
     <span class='ocr_line' id='line_1_105' title="bbox 668 2666 2647 2720; baseline -0.005 -8"><span class='ocrx_word' id='word_1_667' title='bbox 668 2687 691 2712; x_wconf 89' lang='lat' dir='ltr'>D</span> <span class='ocrx_word' id='word_1_668' title='bbox 711 2685 890 2712; x_wconf 81' lang='lat' dir='ltr'>SEPT1MUM</span> <span class='ocrx_word' id='word_1_669' title='bbox 909 2685 961 2710; x_wconf 79' lang='lat' dir='ltr'><em>stc</em></span> <span class='ocrx_word' id='word_1_670' title='bbox 981 2684 1218 2710; x_wconf 70' lang='lat' dir='ltr'><em>pnocssorrua.</em></span> <span class='ocrx_word' id='word_1_671' title='bbox 1239 2671 1401 2709; x_wconf 90' lang='lat' dir='ltr'><em>Videtur</em></span> <span class='ocrx_word' id='word_1_672' title='bbox 1417 2670 1525 2720; x_wconf 93' lang='lat' dir='ltr'><em>quod</em></span> <span class='ocrx_word' id='word_1_673' title='bbox 1580 2670 1741 2720; x_wconf 89' lang='lat' dir='ltr'><em>pollutio</em></span> <span class='ocrx_word' id='word_1_674' title='bbox 1770 2682 1851 2707; x_wconf 92' lang='lat' dir='ltr'><em>non</em></span> <span class='ocrx_word' id='word_1_675' title='bbox 1880 2669 2041 2719; x_wconf 89' lang='lat' dir='ltr'><em>impedit</em></span> <span class='ocrx_word' id='word_1_676' title='bbox 2069 2667 2271 2706; x_wconf 90' lang='lat' dir='ltr'><em>hominem</em></span> <span class='ocrx_word' id='word_1_677' title='bbox 2299 2667 2348 2704; x_wconf 90' lang='lat' dir='ltr'><em>ab</em></span> <span class='ocrx_word' id='word_1_678' title='bbox 2376 2666 2493 2704; x_wconf 90' lang='lat' dir='ltr'><em>huius</em></span> <span class='ocrx_word' id='word_1_679' title='bbox 2527 2676 2647 2704; x_wconf 77' lang='lat' dir='ltr'><em>sacra·</em></span> 
     </span>
    </p>
   </div>
   <div class='ocr_carea' id='block_1_27' title="bbox 1580 2723 2679 2824">
    <p class='ocr_par' dir='ltr' id='par_1_32' title="bbox 1580 2723 2679 2824">
     <span class='ocr_line' id='line_1_106' title="bbox 1580 2723 1985 2773; baseline -0.002 -13"><span class='ocrx_word' id='word_1_680' title='bbox 1580 2723 1700 2760; x_wconf 90' lang='lat' dir='ltr'><em>menti</em></span> <span class='ocrx_word' id='word_1_681' title='bbox 1727 2723 1985 2773; x_wconf 89' lang='lat' dir='ltr'><em>perceptione.</em></span> 
     </span>
     <span class='ocr_line' id='line_1_107' title="bbox 1635 2771 2679 2824; baseline -0.002 -10"><span class='ocrx_word' id='word_1_682' title='bbox 1635 2788 1669 2813; x_wconf 91' lang='lat'><em>2.</em></span> <span class='ocrx_word' id='word_1_683' title='bbox 1700 2778 1932 2823; x_wconf 77' lang='lat' dir='ltr'>PRAETEREA,</span> <span class='ocrx_word' id='word_1_684' title='bbox 1967 2775 2175 2824; x_wconf 89' lang='lat' dir='ltr'><em>Gregorius</em></span> <span class='ocrx_word' id='word_1_685' title='bbox 2202 2774 2302 2822; x_wconf 89' lang='lat' dir='ltr'><em>dicit,</em></span> <span class='ocrx_word' id='word_1_686' title='bbox 2331 2773 2372 2811; x_wconf 93' lang='lat' dir='ltr'><em>in</em></span> <span class='ocrx_word' id='word_1_687' title='bbox 2399 2772 2570 2822; x_wconf 88' lang='lat' dir='ltr'><em>Epistola</em></span> <span class='ocrx_word' id='word_1_688' title='bbox 2596 2771 2648 2810; x_wconf 82' lang='lat' dir='ltr'><em>ad</em></span> <span class='ocrx_word' id='word_1_689' title='bbox 2676 2810 2679 2812; x_wconf 74' lang='grc'><strong>,</strong></span> 
     </span>
    </p>
   </div>
   <div class='ocr_carea' id='block_1_28' title="bbox 547 2826 2644 2883">
    <p class='ocr_par' dir='ltr' id='par_1_33' title="bbox 547 2826 2644 2883">
     <span class='ocr_line' id='line_1_108' title="bbox 547 2826 2644 2883; baseline -0.004 -12"><span class='ocrx_word' id='word_1_690' title='bbox 547 2827 599 2870; x_wconf 55' lang='grc' dir='ltr'><em>’Ϊζ</em></span> <span class='ocrx_word' id='word_1_691' title='bbox 625 2826 772 2870; x_wconf 44' lang='lat' dir='ltr'><em>&amp;enim</em></span> <span class='ocrx_word' id='word_1_692' title='bbox 810 2833 1019 2883; x_wconf 88' lang='lat' dir='ltr'><em>impeditur</em></span> <span class='ocrx_word' id='word_1_693' title='bbox 1047 2844 1070 2869; x_wconf 91' lang='lat' dir='ltr'><em>a</em></span> <span class='ocrx_word' id='word_1_694' title='bbox 1098 2831 1318 2881; x_wconf 89' lang='lat' dir='ltr'><em>sumptione</em></span> <span class='ocrx_word' id='word_1_695' title='bbox 1353 2830 1526 2880; x_wconf 89' lang='lat' dir='ltr'><em>corporis</em></span> <span class='ocrx_word' id='word_1_696' title='bbox 1578 2826 1830 2880; x_wconf 72' lang='lat' dir='ltr'><em>Augus-tinum</em></span> <span class='ocrx_word' id='word_1_697' title='bbox 1858 2831 2084 2879; x_wconf 78' lang='lat' dir='ltr'><em>Episcopum</em></span> <span class='ocrx_word' id='word_1_698' title='bbox 2111 2827 2379 2879; x_wconf 77' lang='lat' dir='ltr'><em>Anglorum&#39;*:</em></span> <span class='ocrx_word' id='word_1_699' title='bbox 2409 2828 2451 2864; x_wconf 87' lang='lat' dir='ltr'><em>Si</em></span> <span class='ocrx_word' id='word_1_700' title='bbox 2475 2826 2555 2875; x_wconf 84' lang='lat' dir='ltr'><em>quis</em></span> <span class='ocrx_word' id='word_1_701' title='bbox 2575 2837 2644 2862; x_wconf 84' lang='lat' dir='ltr'><em>sua</em></span> 
     </span>
    </p>
   </div>
   <div class='ocr_carea' id='block_1_29' title="bbox 459 2885 1526 2936">
    <p class='ocr_par' dir='ltr' id='par_1_34' title="bbox 459 2885 1526 2936">
     <span class='ocr_line' id='line_1_109' title="bbox 459 2885 1526 2936; baseline -0.004 -12"><span class='ocrx_word' id='word_1_702' title='bbox 459 2886 600 2924; x_wconf 90' lang='lat' dir='ltr'><em>Christi</em></span> <span class='ocrx_word' id='word_1_703' title='bbox 618 2885 691 2923; x_wconf 90' lang='lat' dir='ltr'><em>nisi</em></span> <span class='ocrx_word' id='word_1_704' title='bbox 709 2894 867 2936; x_wconf 90' lang='lat' dir='ltr'><em>propter</em></span> <span class='ocrx_word' id='word_1_705' title='bbox 884 2893 1098 2936; x_wconf 89' lang='lat' dir='ltr'><em>peccatum.</em></span> <span class='ocrx_word' id='word_1_706' title='bbox 1130 2885 1207 2923; x_wconf 92' lang='lat' dir='ltr'><em>Sed</em></span> <span class='ocrx_word' id='word_1_707' title='bbox 1234 2891 1422 2922; x_wconf 86' lang='lat' dir='ltr'><em>nocturna</em></span> <span class='ocrx_word' id='word_1_708' title='bbox 1445 2885 1526 2933; x_wconf 91' lang='lat' dir='ltr'><em>pol-</em></span> 
     </span>
    </p>
   </div>
   <div class='ocr_carea' id='block_1_30' title="bbox 1579 2882 2441 2933">
    <p class='ocr_par' dir='ltr' id='par_1_35' title="bbox 1579 2882 2441 2933">
     <span class='ocr_line' id='line_1_110' title="bbox 1579 2882 2441 2933; baseline -0.005 -13"><span class='ocrx_word' id='word_1_709' title='bbox 1579 2885 1752 2933; x_wconf 83' lang='lat' dir='ltr'><em>coniuge,</em></span> <span class='ocrx_word' id='word_1_710' title='bbox 1781 2895 1856 2920; x_wconf 91' lang='lat' dir='ltr'><em>non</em></span> <span class='ocrx_word' id='word_1_711' title='bbox 1884 2883 2057 2932; x_wconf 88' lang='lat' dir='ltr'><em>cupidine</em></span> <span class='ocrx_word' id='word_1_712' title='bbox 2082 2882 2277 2932; x_wconf 80' lang='lat' dir='ltr'><em>voluptatis</em></span> <span class='ocrx_word' id='word_1_713' title='bbox 2303 2885 2441 2930; x_wconf 86' lang='lat' dir='ltr'><em>raptus,</em></span> 
     </span>
    </p>
   </div>
   <div class='ocr_carea' id='block_1_31' title="bbox 458 2931 2644 2990">
    <p class='ocr_par' dir='ltr' id='par_1_36' title="bbox 458 2931 2644 2990">
     <span class='ocr_line' id='line_1_111' title="bbox 458 2931 2644 2990; baseline -0.004 -13"><span class='ocrx_word' id='word_1_714' title='bbox 458 2939 552 2977; x_wconf 93' lang='lat' dir='ltr'><em>lutio</em></span> <span class='ocrx_word' id='word_1_715' title='bbox 582 2939 716 2977; x_wconf 86' lang='lat' dir='ltr'><em>accidit</em></span> <span class='ocrx_word' id='word_1_716' title='bbox 749 2940 829 2976; x_wconf 90' lang='lat' dir='ltr'><em>sine</em></span> <span class='ocrx_word' id='word_1_717' title='bbox 866 2946 1044 2990; x_wconf 86' lang='lat' dir='ltr'><em>peccato:</em></span> <span class='ocrx_word' id='word_1_718' title='bbox 1082 2938 1171 2976; x_wconf 91' lang='lat' dir='ltr'><em>dicit</em></span> <span class='ocrx_word' id='word_1_719' title='bbox 1208 2937 1313 2975; x_wconf 86' lang='lat' dir='ltr'><em>enim</em></span> <span class='ocrx_word' id='word_1_720' title='bbox 1350 2936 1526 2986; x_wconf 87' lang='lat' dir='ltr'><em>Augusti·</em></span> <span class='ocrx_word' id='word_1_721' title='bbox 1579 2943 1656 2974; x_wconf 89' lang='lat' dir='ltr'><em>tum</em></span> <span class='ocrx_word' id='word_1_722' title='bbox 1684 2936 1935 2974; x_wconf 87' lang='lat' dir='ltr'><em>creandorum</em></span> <span class='ocrx_word' id='word_1_723' title='bbox 1954 2936 2157 2973; x_wconf 85' lang='lat' dir='ltr'><em>liberorum</em></span> <span class='ocrx_word' id='word_1_724' title='bbox 2184 2935 2310 2985; x_wconf 82' lang='lat' dir='ltr'><em>gratia</em></span> <span class='ocrx_word' id='word_1_725' title='bbox 2338 2934 2461 2978; x_wconf 84' lang='lat' dir='ltr'><em>utitur,</em></span> <span class='ocrx_word' id='word_1_726' title='bbox 2481 2931 2543 2968; x_wconf 86' lang='lat' dir='ltr'><em>ille</em></span> <span class='ocrx_word' id='word_1_727' title='bbox 2554 2942 2644 2982; x_wconf 91' lang='lat' dir='ltr'><em>pro-</em></span> 
     </span>
    </p>
   </div>
   <div class='ocr_carea' id='block_1_32' title="bbox 447 3044 1526 3414">
    <p class='ocr_par' dir='ltr' id='par_1_37' title="bbox 447 3044 1526 3414">
     <span class='ocr_line' id='line_1_112' title="bbox 447 3044 1526 3097; baseline -0.004 -13"><span class='ocrx_word' id='word_1_728' title='bbox 447 3048 499 3094; x_wconf 91' lang='lat' dir='ltr'><em>fit</em></span> <span class='ocrx_word' id='word_1_729' title='bbox 526 3048 563 3083; x_wconf 89' lang='lat' dir='ltr'><em>in</em></span> <span class='ocrx_word' id='word_1_730' title='bbox 583 3049 808 3097; x_wconf 80' lang='lat' dir='ltr'><em>cogitatione</em></span> <span class='ocrx_word' id='word_1_731' title='bbox 833 3047 1126 3091; x_wconf 83' lang='lat' dir='ltr'><em>sermocinantis,</em></span> <span class='ocrx_word' id='word_1_732' title='bbox 1146 3057 1232 3082; x_wconf 90' lang='lat' dir='ltr'><em>cum</em></span> <span class='ocrx_word' id='word_1_733' title='bbox 1251 3055 1428 3094; x_wconf 84' lang='lat' dir='ltr'><em>expressa</em></span> <span class='ocrx_word' id='word_1_734' title='bbox 1443 3044 1526 3090; x_wconf 85' lang='lat' dir='ltr'><em>fue-</em></span> 
     </span>
     <span class='ocr_line' id='line_1_113' title="bbox 460 3098 1525 3145; baseline -0.002 -10"><span class='ocrx_word' id='word_1_735' title='bbox 460 3101 506 3136; x_wconf 88' lang='lat' dir='ltr'><em>rit</em></span> <span class='ocrx_word' id='word_1_736' title='bbox 534 3101 571 3136; x_wconf 88' lang='lat' dir='ltr'><em>in</em></span> <span class='ocrx_word' id='word_1_737' title='bbox 599 3102 740 3138; x_wconf 79' lang='lat' dir='ltr'><em>visione</em></span> <span class='ocrx_word' id='word_1_738' title='bbox 765 3101 994 3145; x_wconf 85' lang='lat' dir='ltr'><em>somniantis,</em></span> <span class='ocrx_word' id='word_1_739' title='bbox 1018 3105 1055 3136; x_wconf 91' lang='lat' dir='ltr'><em>ut</em></span> <span class='ocrx_word' id='word_1_740' title='bbox 1083 3101 1178 3135; x_wconf 90' lang='lat' dir='ltr'><em>inter</em></span> <span class='ocrx_word' id='word_1_741' title='bbox 1205 3098 1307 3135; x_wconf 84' lang='lat' dir='ltr'><em>illam</em></span> <span class='ocrx_word' id='word_1_742' title='bbox 1336 3103 1369 3134; x_wconf 91' lang='lat' dir='ltr'><em>et</em></span> <span class='ocrx_word' id='word_1_743' title='bbox 1395 3109 1525 3134; x_wconf 81' lang='lat' dir='ltr'><em>veram</em></span> 
     </span>
     <span class='ocr_line' id='line_1_114' title="bbox 460 3152 1525 3203; baseline -0.003 -14"><span class='ocrx_word' id='word_1_744' title='bbox 460 3154 755 3190; x_wconf 86' lang='lat' dir='ltr'><em>coniunctionem</em></span> <span class='ocrx_word' id='word_1_745' title='bbox 790 3165 993 3203; x_wconf 90' lang='lat' dir='ltr'><em>corporum</em></span> <span class='ocrx_word' id='word_1_746' title='bbox 1027 3164 1101 3189; x_wconf 91' lang='lat' dir='ltr'><em>non</em></span> <span class='ocrx_word' id='word_1_747' title='bbox 1135 3153 1381 3197; x_wconf 85' lang='lat' dir='ltr'><em>discernatur,</em></span> <span class='ocrx_word' id='word_1_748' title='bbox 1411 3152 1525 3187; x_wconf 88' lang='lat' dir='ltr'><em>conti-</em></span> 
     </span>
     <span class='ocr_line' id='line_1_115' title="bbox 461 3205 1524 3255; baseline -0.001 -14"><span class='ocrx_word' id='word_1_749' title='bbox 461 3217 534 3241; x_wconf 91' lang='lat' dir='ltr'><em>nue</em></span> <span class='ocrx_word' id='word_1_750' title='bbox 560 3212 728 3243; x_wconf 83' lang='lat' dir='ltr'><em>movetur</em></span> <span class='ocrx_word' id='word_1_751' title='bbox 747 3212 764 3227; x_wconf 64' lang='grc' dir='ltr'>α</span> <span class='ocrx_word' id='word_1_752' title='bbox 791 3218 882 3243; x_wconf 90' lang='lat' dir='ltr'><em>caro</em></span> <span class='ocrx_word' id='word_1_753' title='bbox 910 3212 943 3242; x_wconf 91' lang='lat' dir='ltr'><em>et</em></span> <span class='ocrx_word' id='word_1_754' title='bbox 969 3207 1132 3255; x_wconf 85' lang='lat' dir='ltr'><em>sequitur</em></span> <span class='ocrx_word' id='word_1_755' title='bbox 1151 3205 1250 3254; x_wconf 87' lang='lat' dir='ltr'><em>quod</em></span> <span class='ocrx_word' id='word_1_756' title='bbox 1271 3216 1355 3240; x_wconf 90' lang='lat' dir='ltr'><em>eum</em></span> <span class='ocrx_word' id='word_1_757' title='bbox 1383 3209 1524 3241; x_wconf 88' lang='lat' dir='ltr'><em>motum</em></span> 
     </span>
     <span class='ocr_line' id='line_1_116' title="bbox 459 3258 1524 3307; baseline -0.002 -12"><span class='ocrx_word' id='word_1_758' title='bbox 459 3260 562 3307; x_wconf 88' lang='lat' dir='ltr'><em>sequi</em></span> <span class='ocrx_word' id='word_1_759' title='bbox 587 3259 694 3304; x_wconf 84' lang='lat' dir='ltr'><em>solet,</em></span> <span class='ocrx_word' id='word_1_760' title='bbox 723 3270 808 3295; x_wconf 89' lang='lat' dir='ltr'><em>cum</em></span> <span class='ocrx_word' id='word_1_761' title='bbox 836 3260 906 3296; x_wconf 89' lang='lat' dir='ltr'><em>hoc</em></span> <span class='ocrx_word' id='word_1_762' title='bbox 933 3265 1009 3295; x_wconf 88' lang='lat' dir='ltr'><em>tam</em></span> <span class='ocrx_word' id='word_1_763' title='bbox 1037 3260 1116 3295; x_wconf 87' lang='lat' dir='ltr'><em>sine</em></span> <span class='ocrx_word' id='word_1_764' title='bbox 1138 3262 1292 3307; x_wconf 89' lang='lat' dir='ltr'><em>peccato</em></span> <span class='ocrx_word' id='word_1_765' title='bbox 1309 3258 1385 3305; x_wconf 90' lang='lat' dir='ltr'><em>fiat</em></span> <span class='ocrx_word' id='word_1_766' title='bbox 1412 3268 1524 3306; x_wconf 86' lang='lat' dir='ltr'><em>quam</em></span> 
     </span>
     <span class='ocr_line' id='line_1_117' title="bbox 460 3309 1525 3361; baseline -0.003 -13"><span class='ocrx_word' id='word_1_767' title='bbox 460 3313 539 3348; x_wconf 87' lang='lat' dir='ltr'><em>sine</em></span> <span class='ocrx_word' id='word_1_768' title='bbox 560 3317 714 3360; x_wconf 89' lang='lat' dir='ltr'><em>peccato</em></span> <span class='ocrx_word' id='word_1_769' title='bbox 743 3324 766 3348; x_wconf 92' lang='lat' dir='ltr'><em>a</em></span> <span class='ocrx_word' id='word_1_770' title='bbox 794 3312 1031 3361; x_wconf 78' lang='lat' dir='ltr'><em>vigilantibus</em></span> <span class='ocrx_word' id='word_1_771' title='bbox 1059 3311 1191 3347; x_wconf 88' lang='lat' dir='ltr'><em>dicitur</em></span> <span class='ocrx_word' id='word_1_772' title='bbox 1219 3310 1335 3359; x_wconf 83' lang='lat' dir='ltr'><em>quod,</em></span> <span class='ocrx_word' id='word_1_773' title='bbox 1365 3315 1402 3345; x_wconf 90' lang='lat' dir='ltr'><em>ut</em></span> <span class='ocrx_word' id='word_1_774' title='bbox 1430 3309 1525 3346; x_wconf 89' lang='lat' dir='ltr'><em>dice-</em></span> 
     </span>
     <span class='ocr_line' id='line_1_118' title="bbox 462 3363 1526 3414; baseline -0.003 -14"><span class='ocrx_word' id='word_1_775' title='bbox 462 3370 574 3411; x_wconf 88' lang='lat' dir='ltr'><em>retur,</em></span> <span class='ocrx_word' id='word_1_776' title='bbox 589 3365 725 3414; x_wconf 89' lang='lat' dir='ltr'><em>procul</em></span> <span class='ocrx_word' id='word_1_777' title='bbox 752 3364 861 3401; x_wconf 86' lang='lat' dir='ltr'><em>dubio</em></span> <span class='ocrx_word' id='word_1_778' title='bbox 890 3365 1090 3414; x_wconf 81' lang='lat' dir='ltr'><em>cogitatum</em></span> <span class='ocrx_word' id='word_1_779' title='bbox 1119 3369 1179 3399; x_wconf 91' lang='lat' dir='ltr'><em>est.</em></span> <span class='ocrx_word' id='word_1_780' title='bbox 1210 3363 1311 3410; x_wconf 86' lang='lat' dir='ltr'><em>Ergo</em></span> <span class='ocrx_word' id='word_1_781' title='bbox 1338 3369 1526 3398; x_wconf 88' lang='lat' dir='ltr'><em>nocturna</em></span> 
     </span>
    </p>
   </div>
   <div class='ocr_carea' id='block_1_33' title="bbox 515 3475 1527 3512">
    <p class='ocr_par' dir='ltr' id='par_1_38' title="bbox 515 3475 1527 3512">
     <span class='ocr_line' id='line_1_119' title="bbox 515 3475 1527 3512; baseline -0.003 -9"><span class='ocrx_word' id='word_1_782' title='bbox 515 3478 542 3512; x_wconf 84' lang='grc' dir='ltr'><em>α)</em></span> <span class='ocrx_word' id='word_1_783' title='bbox 561 3478 686 3503; x_wconf 83' lang='lat' dir='ltr'><em>continue</em></span> <span class='ocrx_word' id='word_1_784' title='bbox 704 3481 832 3503; x_wconf 75' lang='lat' dir='ltr'><em>movetur.</em></span> <span class='ocrx_word' id='word_1_785' title='bbox 851 3491 870 3496; x_wconf 84' lang='lat'><em>-</em></span> <span class='ocrx_word' id='word_1_786' title='bbox 887 3477 1013 3503; x_wconf 82' lang='lat' dir='ltr'><em>continuo</em></span> <span class='ocrx_word' id='word_1_787' title='bbox 1036 3476 1132 3501; x_wconf 76' lang='lat' dir='ltr'><em>iudin‘o</em></span> <span class='ocrx_word' id='word_1_788' title='bbox 1152 3476 1175 3506; x_wconf 80' lang='lat' dir='ltr'><em>b,</em></span> <span class='ocrx_word' id='word_1_789' title='bbox 1194 3476 1320 3501; x_wconf 79' lang='lat' dir='ltr'><em>continuo</em></span> <span class='ocrx_word' id='word_1_790' title='bbox 1344 3478 1466 3500; x_wconf 75' lang='lat' dir='ltr'><em>movetur</em></span> <span class='ocrx_word' id='word_1_791' title='bbox 1484 3475 1527 3500; x_wconf 78' lang='lat' dir='ltr'><em>Pc.</em></span> 
     </span>
    </p>
   </div>
   <div class='ocr_carea' id='block_1_34' title="bbox 1573 3037 2644 3199">
    <p class='ocr_par' dir='ltr' id='par_1_39' title="bbox 1573 3037 2644 3199">
     <span class='ocr_line' id='line_1_120' title="bbox 1579 3037 2644 3093; baseline -0.008 -12"><span class='ocrx_word' id='word_1_792' title='bbox 1579 3044 1748 3093; x_wconf 85' lang='lat' dir='ltr'><em>corporis</em></span> <span class='ocrx_word' id='word_1_793' title='bbox 1774 3043 1968 3080; x_wconf 87' lang='lat' dir='ltr'><em>Dominici</em></span> <span class='ocrx_word' id='word_1_794' title='bbox 1992 3042 2181 3090; x_wconf 84' lang='lat' dir='ltr'><em>mysterio,</em></span> <span class='ocrx_word' id='word_1_795' title='bbox 2209 3051 2276 3077; x_wconf 91' lang='lat' dir='ltr'><em>suo</em></span> <span class='ocrx_word' id='word_1_796' title='bbox 2304 3044 2355 3076; x_wconf 88' lang='lat' dir='ltr'><em>est</em></span> <span class='ocrx_word' id='word_1_797' title='bbox 2382 3037 2516 3075; x_wconf 80' lang='lat' dir='ltr'><em>iudicio</em></span> <span class='ocrx_word' id='word_1_798' title='bbox 2536 3037 2644 3074; x_wconf 83' lang='lat' dir='ltr'><em>relin-</em></span> 
     </span>
     <span class='ocr_line' id='line_1_121' title="bbox 1579 3091 2644 3146; baseline -0.007 -12"><span class='ocrx_word' id='word_1_799' title='bbox 1579 3096 1766 3146; x_wconf 83' lang='lat' dir='ltr'><em>quendus:</em></span> <span class='ocrx_word' id='word_1_800' title='bbox 1799 3097 1886 3145; x_wconf 84' lang='lat' dir='ltr'><em>quia</em></span> <span class='ocrx_word' id='word_1_801' title='bbox 1907 3095 2105 3145; x_wconf 85' lang='lat' dir='ltr'><em>prohiberi</em></span> <span class='ocrx_word' id='word_1_802' title='bbox 2128 3106 2153 3131; x_wconf 90' lang='lat' dir='ltr'><em>a</em></span> <span class='ocrx_word' id='word_1_803' title='bbox 2181 3094 2284 3131; x_wconf 87' lang='lat' dir='ltr'><em>nobis</em></span> <span class='ocrx_word' id='word_1_804' title='bbox 2312 3102 2391 3129; x_wconf 83' lang='lat' dir='ltr'><em>non·</em></span> <span class='ocrx_word' id='word_1_805' title='bbox 2420 3091 2523 3128; x_wconf 87' lang='lat' dir='ltr'><em>debet</em></span> <span class='ocrx_word' id='word_1_806' title='bbox 2549 3092 2644 3128; x_wconf 81' lang='lat' dir='ltr'><em>acci-</em></span> 
     </span>
     <span class='ocr_line' id='line_1_122' title="bbox 1573 3144 2643 3199; baseline -0.007 -12"><span class='ocrx_word' id='word_1_807' title='bbox 1573 3162 1668 3199; x_wconf 86' lang='lat' dir='ltr'><em>pere</em></span> <span class='ocrx_word' id='word_1_808' title='bbox 1694 3151 1767 3199; x_wconf 83' lang='lat' dir='ltr'><em>qui,</em></span> <span class='ocrx_word' id='word_1_809' title='bbox 1797 3151 1834 3186; x_wconf 90' lang='lat' dir='ltr'><em>in</em></span> <span class='ocrx_word' id='word_1_810' title='bbox 1863 3150 1953 3198; x_wconf 83' lang='lat' dir='ltr'><em>igne</em></span> <span class='ocrx_word' id='word_1_811' title='bbox 1973 3149 2126 3196; x_wconf 83' lang='lat' dir='ltr'><em>positus,</em></span> <span class='ocrx_word' id='word_1_812' title='bbox 2154 3147 2267 3183; x_wconf 90' lang='lat' dir='ltr'><em>nescit</em></span> <span class='ocrx_word' id='word_1_813' title='bbox 2293 3145 2437 3182; x_wconf 84' lang='lat' dir='ltr'><em>ardere.</em></span> <span class='ocrx_word' id='word_1_814' title='bbox 2476 3144 2535 3181; x_wconf 90' lang='lat' dir='ltr'><em>Ex</em></span> <span class='ocrx_word' id='word_1_815' title='bbox 2562 3155 2643 3193; x_wconf 92' lang='lat' dir='ltr'><em>quo</em></span> 
     </span>
    </p>
   </div>
   <div class='ocr_carea' id='block_1_35' title="bbox 1579 3195 2736 3252">
    <p class='ocr_par' dir='ltr' id='par_1_40' title="bbox 1579 3195 2736 3252">
     <span class='ocr_line' id='line_1_123' title="bbox 1579 3195 2736 3252; baseline -0.006 -13"><span class='ocrx_word' id='word_1_816' title='bbox 1579 3209 1682 3252; x_wconf 85' lang='lat' dir='ltr'><em>patet</em></span> <span class='ocrx_word' id='word_1_817' title='bbox 1717 3202 1825 3252; x_wconf 91' lang='lat' dir='ltr'><em>quod</em></span> <span class='ocrx_word' id='word_1_818' title='bbox 1853 3201 2012 3238; x_wconf 84' lang='lat' dir='ltr'><em>carnalis</em></span> <span class='ocrx_word' id='word_1_819' title='bbox 2045 3198 2206 3250; x_wconf 89' lang='lat' dir='ltr'><em>pollutio</em></span> <span class='ocrx_word' id='word_1_820' title='bbox 2238 3197 2354 3235; x_wconf 82' lang='lat' dir='ltr'><em>etiam</em></span> <span class='ocrx_word' id='word_1_821' title='bbox 2381 3196 2584 3246; x_wconf 83' lang='lat' dir='ltr'><em>vigilantis,</em></span> <span class='ocrx_word' id='word_1_822' title='bbox 2613 3195 2644 3234; x_wconf 90' lang='lat' dir='ltr'><em>si</em></span> <span class='ocrx_word' id='word_1_823' title='bbox 2676 3211 2679 3213; x_wconf 93' lang='lat'>·</span> <span class='ocrx_word' id='word_1_824' title='bbox 2731 3209 2736 3215; x_wconf 90' lang='lat'>·</span> 
     </span>
    </p>
   </div>
   <div class='ocr_carea' id='block_1_36' title="bbox 1580 3250 2644 3442">
    <p class='ocr_par' dir='ltr' id='par_1_41' title="bbox 1580 3250 2644 3423">
     <span class='ocr_line' id='line_1_124' title="bbox 1580 3250 2644 3304; baseline -0.006 -12"><span class='ocrx_word' id='word_1_825' title='bbox 1580 3255 1625 3292; x_wconf 92' lang='lat' dir='ltr'><em>sit</em></span> <span class='ocrx_word' id='word_1_826' title='bbox 1652 3255 1733 3292; x_wconf 89' lang='lat' dir='ltr'><em>sine</em></span> <span class='ocrx_word' id='word_1_827' title='bbox 1761 3261 1930 3304; x_wconf 90' lang='lat' dir='ltr'><em>peccato,</em></span> <span class='ocrx_word' id='word_1_828' title='bbox 1959 3265 2040 3290; x_wconf 91' lang='lat' dir='ltr'><em>non</em></span> <span class='ocrx_word' id='word_1_829' title='bbox 2067 3251 2246 3302; x_wconf 89' lang='lat' dir='ltr'><em>prohibet</em></span> <span class='ocrx_word' id='word_1_830' title='bbox 2273 3250 2475 3288; x_wconf 90' lang='lat' dir='ltr'><em>hominem</em></span> <span class='ocrx_word' id='word_1_831' title='bbox 2497 3262 2520 3287; x_wconf 90' lang='lat' dir='ltr'><em>a</em></span> <span class='ocrx_word' id='word_1_832' title='bbox 2538 3261 2644 3287; x_wconf 88' lang='lat' dir='ltr'><em>sum-</em></span> 
     </span>
     <span class='ocr_line' id='line_1_125' title="bbox 1580 3303 2643 3357; baseline -0.005 -12"><span class='ocrx_word' id='word_1_833' title='bbox 1580 3308 1710 3357; x_wconf 89' lang='lat' dir='ltr'><em>ptione</em></span> <span class='ocrx_word' id='word_1_834' title='bbox 1739 3306 1910 3356; x_wconf 91' lang='lat' dir='ltr'><em>corporis</em></span> <span class='ocrx_word' id='word_1_835' title='bbox 1939 3305 2088 3343; x_wconf 90' lang='lat' dir='ltr'><em>Christi.</em></span> <span class='ocrx_word' id='word_1_836' title='bbox 2117 3306 2242 3342; x_wconf 90' lang='lat' dir='ltr'><em>Multo</em></span> <span class='ocrx_word' id='word_1_837' title='bbox 2262 3303 2374 3353; x_wconf 87' lang='lat' dir='ltr'><em>igitur</em></span> <span class='ocrx_word' id='word_1_838' title='bbox 2400 3303 2529 3341; x_wconf 91' lang='lat' dir='ltr'><em>minus</em></span> <span class='ocrx_word' id='word_1_839' title='bbox 2557 3314 2643 3353; x_wconf 90' lang='lat' dir='ltr'><em>pro·</em></span> 
     </span>
     <span class='ocr_line' id='line_1_126' title="bbox 1580 3352 2352 3423; baseline -0.004 -26"><span class='ocrx_word' id='word_1_840' title='bbox 1580 3360 1685 3398; x_wconf 90' lang='lat' dir='ltr'><em>hibet</em></span> <span class='ocrx_word' id='word_1_841' title='bbox 1711 3367 1900 3397; x_wconf 89' lang='lat' dir='ltr'><em>nocturna</em></span> <span class='ocrx_word' id='word_1_842' title='bbox 1926 3352 2088 3423; x_wconf 40' lang='lat' dir='ltr'><em>pollutio</em></span> <span class='ocrx_word' id='word_1_843' title='bbox 2118 3357 2352 3396; x_wconf 90' lang='lat' dir='ltr'><em>dormientis.</em></span> 
     </span>
    </p>

    <p class='ocr_par' dir='ltr' id='par_1_42' title="bbox 2034 3426 2041 3442">
     <span class='ocr_line' id='line_1_127' title="bbox 2034 3426 2041 3442; baseline 0 0"><span class='ocrx_word' id='word_1_844' title='bbox 2034 3426 2041 3442; x_wconf 58' lang='lat' dir='ltr'>N</span> 
     </span>
    </p>
   </div>
   <div class='ocr_carea' id='block_1_37' title="bbox 2674 1637 2847 1666">
    <p class='ocr_par' dir='ltr' id='par_1_43' title="bbox 2674 1637 2847 1666">
     <span class='ocr_line' id='line_1_128' title="bbox 2674 1637 2847 1666; baseline 0.012 -6"><span class='ocrx_word' id='word_1_845' title='bbox 2674 1639 2685 1650; x_wconf 85' lang='grc'><strong>”</strong></span> <span class='ocrx_word' id='word_1_846' title='bbox 2698 1637 2768 1666; x_wconf 68' lang='lat' dir='ltr'><em>Resp.</em></span> <span class='ocrx_word' id='word_1_847' title='bbox 2782 1638 2812 1661; x_wconf 75' lang='grc' dir='ltr'><em>ιεΙ</em></span> <span class='ocrx_word' id='word_1_848' title='bbox 2825 1645 2847 1662; x_wconf 76' lang='lat'><em>2.</em></span> 
     </span>
    </p>
   </div>
   <div class='ocr_carea' id='block_1_38' title="bbox 2673 2167 2890 2194">
    <p class='ocr_par' dir='ltr' id='par_1_44' title="bbox 2673 2167 2890 2194">
     <span class='ocr_line' id='line_1_129' title="bbox 2673 2167 2890 2194; baseline -0.005 -4"><span class='ocrx_word' id='word_1_849' title='bbox 2673 2170 2683 2179; x_wconf 92' lang='lat'>&#39;</span> <span class='ocrx_word' id='word_1_850' title='bbox 2693 2167 2732 2190; x_wconf 75' lang='lat' dir='ltr'><em>Al.</em></span> <span class='ocrx_word' id='word_1_851' title='bbox 2758 2173 2782 2190; x_wconf 79' lang='lat' dir='ltr'><em>u.</em></span> <span class='ocrx_word' id='word_1_852' title='bbox 2792 2173 2815 2194; x_wconf 77' lang='lat' dir='ltr'><em>v,</em></span> <span class='ocrx_word' id='word_1_853' title='bbox 2828 2167 2890 2189; x_wconf 68' lang='lat' dir='ltr'><em>locis</em></span> 
     </span>
    </p>
   </div>
   <div class='ocr_carea' id='block_1_39' title="bbox 2672 2194 2838 2222">
    <p class='ocr_par' dir='ltr' id='par_1_45' title="bbox 2672 2194 2838 2222">
     <span class='ocr_line' id='line_1_130' title="bbox 2672 2194 2838 2222; baseline 0 -6"><span class='ocrx_word' id='word_1_854' title='bbox 2672 2194 2736 2217; x_wconf 76' lang='lat' dir='ltr'><em>citat.</em></span> <span class='ocrx_word' id='word_1_855' title='bbox 2760 2200 2775 2216; x_wconf 86' lang='lat' dir='ltr'><em>n</em></span> <span class='ocrx_word' id='word_1_856' title='bbox 2789 2199 2838 2222; x_wconf 66' lang='lat' dir='ltr'><em>urg.</em></span> 
     </span>
    </p>
   </div>
   <div class='ocr_carea' id='block_1_40' title="bbox 2469 2878 2918 2944">
    <p class='ocr_par' dir='ltr' id='par_1_46' title="bbox 2469 2878 2918 2944">
     <span class='ocr_line' id='line_1_131' title="bbox 2469 2878 2885 2916; baseline -0.022 -1"><span class='ocrx_word' id='word_1_857' title='bbox 2469 2878 2535 2916; x_wconf 74' lang='lat' dir='ltr'><em>Sed</em></span> <span class='ocrx_word' id='word_1_858' title='bbox 2563 2883 2644 2916; x_wconf 65' lang='lat' dir='ltr'><em>tan·</em></span> <span class='ocrx_word' id='word_1_859' title='bbox 2671 2885 2691 2907; x_wconf 73' lang='lat' dir='ltr'>x</span> <span class='ocrx_word' id='word_1_860' title='bbox 2716 2885 2756 2912; x_wconf 75' lang='lat' dir='ltr'><em>XI,</em></span> <span class='ocrx_word' id='word_1_861' title='bbox 2770 2885 2800 2908; x_wconf 68' lang='lat' dir='ltr'><em>td</em></span> <span class='ocrx_word' id='word_1_862' title='bbox 2813 2886 2885 2908; x_wconf 69' lang='lat' dir='ltr'><em>intec-</em></span> 
     </span>
     <span class='ocr_line' id='line_1_132' title="bbox 2670 2912 2918 2944; baseline -0.008 -9"><span class='ocrx_word' id='word_1_863' title='bbox 2670 2918 2720 2944; x_wconf 62' lang='lat' dir='ltr'><em>rog.</em></span> <span class='ocrx_word' id='word_1_864' title='bbox 2731 2918 2755 2935; x_wconf 78' lang='lat' dir='ltr'><em>x.</em></span> <span class='ocrx_word' id='word_1_865' title='bbox 2765 2923 2776 2928; x_wconf 81' lang='lat'><em>—</em></span> <span class='ocrx_word' id='word_1_866' title='bbox 2785 2912 2821 2935; x_wconf 73' lang='lat' dir='ltr'><em>ct.</em></span> <span class='ocrx_word' id='word_1_867' title='bbox 2832 2918 2883 2934; x_wconf 72' lang='lat' dir='ltr'><em>eun.</em></span> <span class='ocrx_word' id='word_1_868' title='bbox 2916 2914 2918 2918; x_wconf 68' lang='lat'><em>⁴</em></span> 
     </span>
    </p>
   </div>
   <div class='ocr_carea' id='block_1_41' title="bbox 2671 2938 2918 2992">
    <p class='ocr_par' dir='ltr' id='par_1_47' title="bbox 2671 2938 2918 2992">
     <span class='ocr_line' id='line_1_133' title="bbox 2671 2938 2918 2992; baseline 0.02 -6"><span class='ocrx_word' id='word_1_869' title='bbox 2671 2938 2884 2992; x_wconf 54' lang='lat' dir='ltr'><em>gamm:</em></span> <span class='ocrx_word' id='word_1_870' title='bbox 2917 2969 2918 2972; x_wconf 39' lang='lat'>¹</span> 
     </span>
    </p>
   </div>
   <div class='ocr_carea' id='block_1_42' title="bbox 459 2984 2756 3043">
    <p class='ocr_par' dir='ltr' id='par_1_48' title="bbox 459 2984 2756 3043">
     <span class='ocr_line' id='line_1_134' title="bbox 459 2984 2756 3043; baseline -0.004 -13"><span class='ocrx_word' id='word_1_871' title='bbox 459 3005 543 3040; x_wconf 89' lang='lat' dir='ltr'><em>nus,</em></span> <span class='ocrx_word' id='word_1_872' title='bbox 565 2994 630 3030; x_wconf 91' lang='lat' dir='ltr'><em>XII</em></span> <span class='ocrx_word' id='word_1_873' title='bbox 649 3005 761 3043; x_wconf 87' lang='lat' dir='ltr'><em>super</em></span> <span class='ocrx_word' id='word_1_874' title='bbox 783 2994 874 3030; x_wconf 90' lang='lat' dir='ltr'><em>Gen.</em></span> <span class='ocrx_word' id='word_1_875' title='bbox 896 2993 947 3030; x_wconf 86' lang='lat' dir='ltr'><em>ad</em></span> <span class='ocrx_word' id='word_1_876' title='bbox 963 2993 1025 3029; x_wconf 91' lang='lat' dir='ltr'><em>litt.</em></span> <span class='ocrx_word' id='word_1_877' title='bbox 1042 2991 1079 3028; x_wconf 75' lang='grc' dir='ltr'><em>*ε</em></span> <span class='ocrx_word' id='word_1_878' title='bbox 1108 2994 1198 3042; x_wconf 87' lang='lat' dir='ltr'><em>Ipsa</em></span> <span class='ocrx_word' id='word_1_879' title='bbox 1211 2992 1412 3041; x_wconf 87' lang='lat' dir='ltr'><em>phantasia</em></span> <span class='ocrx_word' id='word_1_880' title='bbox 1432 3002 1527 3040; x_wconf 81' lang='lat' dir='ltr'><em>quae</em></span> <span class='ocrx_word' id='word_1_881' title='bbox 1568 2991 1687 3038; x_wconf 82' lang='lat' dir='ltr'><em>fecto,</em></span> <span class='ocrx_word' id='word_1_882' title='bbox 1715 2991 1792 3027; x_wconf 86' lang='lat' dir='ltr'><em>sive</em></span> <span class='ocrx_word' id='word_1_883' title='bbox 1818 2990 1864 3027; x_wconf 91' lang='lat' dir='ltr'><em>de</em></span> <span class='ocrx_word' id='word_1_884' title='bbox 1890 2991 2060 3039; x_wconf 82' lang='lat' dir='ltr'><em>ingressu</em></span> <span class='ocrx_word' id='word_1_885' title='bbox 2088 2988 2264 3034; x_wconf 85' lang='lat' dir='ltr'><em>ecclesiae</em></span> <span class='ocrx_word' id='word_1_886' title='bbox 2288 2998 2352 3023; x_wconf 84' lang='lat' dir='ltr'><em>seu</em></span> <span class='ocrx_word' id='word_1_887' title='bbox 2386 2985 2432 3022; x_wconf 88' lang='lat' dir='ltr'><em>de</em></span> <span class='ocrx_word' id='word_1_888' title='bbox 2463 2984 2644 3022; x_wconf 78' lang='lat' dir='ltr'><em>sumendo</em></span> <span class='ocrx_word' id='word_1_889' title='bbox 2671 2997 2710 3020; x_wconf 70' lang='lat' dir='ltr'><em>qu·</em></span> <span class='ocrx_word' id='word_1_890' title='bbox 2726 2998 2756 3014; x_wconf 79' lang='grc' dir='ltr'><em>ιν-</em></span> 
     </span>
    </p>
   </div>
  </div>
 </body>
</html>
