2878 4088
127 303 137 313 ‘
154 301 220 322 Vera.
237 306 272 322 ιο.

125 564 136 575 ·
151 563 219 586 Vera.
234 570 270 592 ²7·

126 609 136 619 ·
143 607 220 630 Interl.
226 612 248 630 et
253 608 338 630 Lomb.

124 738 199 773 qm.
214 744 233 766 5.

124 961 135 971 ·
149 958 217 982 Vero.
230 964 267 987 29.

60 1136 66 1142 '
122 1130 305 1166 39(εὲηῶΰά
312 1138 333 1155 ²·

115 2543 330 2606 &afflat

115 2608 330 2634 anquirat-12

1050 130 1314 177 QUAESTIO
1343 129 1460 177 XCV,
1489 130 1782 168 ARTICULUS
1810 132 1859 168 IV

366 209 522 240 unitatem
545 210 689 249 corporis
712 210 839 261 mystici
861 219 945 250 quae
969 216 1015 241 est
1037 211 1119 241 inter
1142 215 1239 250 caput
1268 215 1299 240 et
1327 218 1430 240 mem-

366 253 431 288 bra,
455 253 602 283 nominat
625 263 658 284 se
683 254 778 285 etiam
801 263 963 294 sponsam,
983 259 1015 285 et
1037 263 1105 285 non
1128 254 1234 285 solum
1257 262 1428 294 sponsum:

366 302 402 328 ut
424 301 512 337 patet
535 297 631 328 Isaiae
647 308 698 329 mn
713 299 740 334 ἥ,
773 297 876 334 Quasi
898 308 1051 338 sponsum
1073 298 1261 329 decoratum
1294 306 1428 332 corona,

366 346 398 371 et
410 341 505 382 quasi
519 351 670 382 sponsam
688 347 838 374 ornatam
854 343 1027 374 monilibus
1041 343 1117 373 suis.
1138 341 1225 375 Cum
1240 351 1315 382 ergo
1331 350 1430 381 spon-

2474 144 2550 182 229

1484 209 1634 250 prohibet
1656 210 1735 250 quin
1757 219 1814 249 per
1837 210 1928 241 illum
1948 211 2084 242 modum
2108 213 2263 263 loquendi
2286 218 2395 252 posset
2410 211 2472 244 dici
2495 213 2550 243 ha·

1484 253 1560 284 bere
1575 252 1682 284 dotes:
1707 263 1775 284 non
1791 254 1904 293 quod
1895 264 1963 294 ipse
1979 256 2102 292 habeat,
2119 256 2174 287 sed
2195 257 2271 297 quia
2285 257 2428 287 Ecclesia
2443 257 2548 288 habet.

1539 297 1590 328 Ao
1615 307 1763 328 auam-mr
1786 307 1944 328 DICENDUM
1969 299 2057 338 quod
2080 310 2201 331 nomen
2222 301 2388 332 Ecclesiae
2414 300 2549 341 duplici-

1483 346 1531 372 ter
1553 341 1716 381 accipitur.
1741 341 1948 382 Quandoque
1964 344 2050 374 enim
2072 345 2218 375 nominat
2233 345 2459 376 tantummodo
2479 355 2549 376 cor-

365 394 418 416 sae
441 384 617 417 debeantur
640 385 741 423 dotes,
766 391 904 427 oportet,
928 392 964 418 ut
986 386 1121 422 videtur,
1137 387 1172 417 in
1191 385 1319 416 Christo
1339 385 1430 416 dotes
1451 394 1460 414 ⁵
1483 394 1545 425 pus
1567 385 1658 426 quod
1681 384 1809 416 Christo
1834 387 2039 426 coniungitur
2062 388 2143 418 sicut
2167 389 2271 428 capiti.
2295 389 2336 419 Et
2357 390 2402 420 sie
2424 395 2550 420 tantum

365 439 496 469 ponere.

420 482 452 513 4.
476 474 674 510 Panum,
689 474 841 505 omnibus
856 475 1008 506 membris
1023 474 1185 506 Ecclesiae
1202 473 1335 504 debetur
1350 472 1427 504 dos:

365 527 441 549 cum
464 518 607 550 Ecclesia
629 519 669 549 sit
691 528 819 558 sponsa.
844 518 908 550 Sed
923 518 1068 550 Christus
1084 523 1131 549 est
1145 518 1306 550 Ecclesiae
1326 526 1429 548 mem-

364 562 474 593 brum:
500 567 536 593 ut
558 568 645 602 patet
668 562 680 592 1
704 562 780 593 Cor.
797 573 840 593 x11
855 563 889 599 *,
919 563 980 593 Vos
1003 562 1078 592 estis
1100 571 1220 602 corpus
1245 561 1375 597 Christi,
1399 566 1429 592 et

363 606 505 638 membra
529 606 570 638 de
599 607 762 644 membro‚·
793 607 910 638 Glossa
925 608 959 643 ³,
987 606 1068 637 idest
1098 606 1138 637 de
1169 606 1309 636 Christo.
1341 605 1427 644 Ergo

365 649 494 682 Christo
518 650 674 682 debentur
697 650 798 682 dotes.

420 695 450 726 5.
473 695 670 731 Pmrma,
695 694 840 726 Christus
862 695 959 725 habet
972 693 1148 734 perfectam
1167 693 1335 728 visionem,
1351 691 1428 722 frui-

363 739 487 770 tionem
516 744 547 770 et
577 738 833 771 delectationem.
865 739 936 769 Hae
965 744 1074 770 autem
1103 742 1270 778 ponuntur
1293 735 1384 767 dotes
1399 737 1427 766 *.

364 783 450 823 Ergo
473 782 619 814 Christus
641 783 754 814 habuit
777 782 879 814 dotes.

419 827 482 859 San
505 836 639 862 commu,
654 827 737 858 inter
759 835 916 866 sponsum
940 831 971 856 et
989 834 1141 866 sponsam
1164 824 1298 864 exigitur
1318 823 1429 855 distin-

364 871 428 901 cu'o
450 879 671 911 personarum.
696 869 759 902 Sed
781 871 815 901 in
837 869 966 901 Christo
989 879 1058 900 non
1077 874 1124 900 est
1139 867 1260 909 aliquid
1275 878 1428 909 persona-

362 914 433 947 liter
454 914 640 945 distinctum
670 924 688 944 a
719 914 803 945 Filio
835 914 916 950 Dei,
940 914 997 954 qui
1030 919 1078 944 est
1100 922 1256 954 sponsus,
1281 918 1317 944 ut
1339 917 1428 952 patet

362 958 450 990 Ioan-
462 968 497 989 111
508 959 535 994 ³,
550 958 616 995 Qui
629 958 725 989 habet
737 968 890 998 sponsam
905 968 1042 999 sponsus
1057 963 1114 989 est.
1134 958 1230 998 Ergo,
1244 967 1319 988 cum
1336 956 1427 987 dotes

361 1011 499 1042 sponsae
522 1003 730 1042 assignentur,
754 1003 805 1034 vel
828 1012 888 1043 pro
907 1012 1035 1043 sponsa,
1051 1002 1176 1034 videtur
1192 1001 1282 1042 quod
1298 1001 1426 1033 Christo

361 1056 430 1079 non
453 1052 617 1087 competat
638 1047 755 1078 habere
778 1047 879 1078 dotes.

418 1100 448 1123 2.
471 1091 669 1128 Puerum,
692 1101 761 1123 non
784 1097 832 1122 est
854 1091 999 1123 eiusdem
1022 1090 1097 1122 dare
1120 1090 1211 1122 dotes
1228 1096 1260 1121 et
1274 1091 1426 1130 recipere.

361 1134 425 1167 Sed
448 1135 592 1167 Christus
617 1141 664 1167 est
686 1137 743 1176 qui
758 1135 811 1167 dat
835 1135 926 1167 dotes
949 1135 1126 1177 spirituales
1142 1136 1168 1166 *.
1193 1135 1279 1175 Ergo
1297 1134 1425 1166 Christo

360 1189 428 1211 non
452 1180 608 1220 competit
631 1179 723 1211 dotes
745 1181 872 1212 habere.

415 1224 608 1256 Rasroimao
629 1235 789 1256 nrcnunuu
813 1224 904 1265 quod
927 1225 1010 1255 circa
1031 1225 1115 1255 hanc
1138 1223 1356 1255 difficultatem
1380 1228 1427 1253 est

358 1267 486 1308 duplex
503 1269 627 1309 opinio.
651 1268 793 1307 Quidam
817 1270 904 1302 enim
926 1268 1038 1300 dicunt
1060 1267 1151 1309 quod
1173 1269 1207 1299 in
1231 1268 1359 1300 Christo
1379 1271 1426 1297 est

360 1313 474 1353 triplex
497 1314 593 1344 unio:
618 1322 693 1349 una,
718 1323 801 1354 quae
824 1313 939 1344 dicitur
961 1318 1195 1348 consentanea,
1220 1322 1284 1352 qua
1316 1312 1427 1342 unitur

360 1357 432 1389 Deo
456 1367 515 1398 per
537 1358 776 1389 connexionem
806 1358 940 1394 amoris;
971 1357 1031 1388 alia
1060 1356 1247 1398 dignativa,
1273 1365 1336 1396 qua
1365 1356 1426 1387 hu-

359 1410 455 1433 mana
477 1407 590 1433 natura
612 1402 722 1433 unitur
743 1401 887 1438 divinae;
912 1402 1011 1437 tertia,
1029 1410 1093 1442 qua
1108 1402 1177 1441 ipse
1193 1400 1338 1431 Christus
1354 1400 1426 1437 uni-

359 1450 412 1477 tur
434 1445 607 1478 Ecclesiae.
631 1445 752 1478 Dicunt
775 1455 851 1486 ergo
875 1445 965 1486 quod
988 1445 1167 1476 secundum
1199 1444 1278 1476 duas
1307 1445 1425 1484 primas

359 1490 498 1522 uniones
522 1490 678 1530 competit
700 1490 829 1521 Christo
851 1491 969 1521 habere
991 1489 1083 1521 dotes
1106 1490 1166 1520 sub
1182 1489 1306 1519 ratione
1322 1488 1424 1525 dotis3

359 1533 416 1566 sed
439 1540 597 1575 quantum
619 1533 660 1567 ad
682 1535 818 1571 tertiam,
842 1534 994 1566 convenit
1017 1534 1047 1564 ei
1069 1533 1102 1565 id
1125 1533 1215 1574 quod
1231 1538 1278 1564 est
1293 1532 1352 1564 dos
1373 1542 1426 1563 ex-

359 1578 600 1621 cellentissime,
623 1588 692 1611 non
714 1584 822 1610 tamen
853 1579 913 1609 sub
935 1579 1060 1609 ratione
1083 1577 1183 1614 dotis;
1208 1578 1284 1617 quia
1307 1578 1341 1607 in
1371 1577 1425 1608 tali

359 1616 590 1655 coniunctione
622 1621 768 1654 Christus
800 1628 848 1654 est
877 1628 913 1653 ut
944 1631 1101 1662 sponsus,
1129 1601 1186 1653 sed
1216 1621 1359 1652 Ecclesia
1389 1626 1426 1652 ut

358 1676 494 1708 sponsa;
517 1666 576 1697 dos
599 1672 708 1698 autem
731 1666 824 1697 datur
846 1675 983 1707 sponsae
1007 1671 1164 1706 quantum
1187 1666 1227 1696 ad
1249 1666 1426 1706 proprieta-

358 1717 425 1743 tem
447 1715 480 1742 et
503 1709 696 1747 dominium,
720 1711 867 1751 quamvis
890 1710 983 1742 detur
1006 1719 1127 1750 sponso
1151 1709 1192 1740 ad
1214 1719 1320 1741 usum.

409 1754 478 1788 ‘Sed
491 1755 556 1786 hoc
571 1764 641 1787 non
654 1753 780 1787 videtur
796 1764 864 1786 esse
887 1755 1095 1786 conveniens.
1120 1754 1156 1785 In
1171 1754 1224 1785 illa
1241 1755 1327 1785 enim
1347 1762 1426 1784 con-

357 1799 524 1832 iunctione
547 1809 612 1840 qua
636 1798 780 1831 Christus
803 1799 913 1830 unitur
935 1799 1019 1830 Patri
1041 1808 1099 1839 per
1121 1807 1319 1829 consensum
1335 1807 1425 1829 amo-

356 1843 402 1876 ris·
425 1844 525 1876 etiam
547 1844 741 1884 inquantum
764 1848 812 1875 est
834 1844 938 1880 Deus,
961 1853 1030 1875 ιιοιι
1054 1843 1168 1874 dicitur
1199 1842 1331 1883 aliquod
1357 1852 1425 1873 ma-

356 1888 546 1921 aimonium
569 1897 653 1919 esse:
677 1889 754 1928 quia
776 1897 844 1919 non
868 1893 915 1919 est
937 1888 982 1919 ibi
1005 1887 1111 1928 aliqua
1134 1887 1302 1924 subiectio,
1327 1896 1425 1927 quam

357 1937 487 1974 oportet
509 1942 578 1964 esse
601 1941 740 1972 sponsae
763 1932 803 1964 ad
826 1941 993 1972 sponsum.

412 1977 564 2010 Similiter
586 1977 683 2008 etiam
705 1986 766 2008 nec
787 1977 822 2008 in
845 1976 1076 2007 coniunctione
1106 1975 1266 2007 humanae
1294 1980 1426 2006 naturae

356 2021 398 2053 ad
420 2020 561 2053 divinam
592 2030 676 2062 quae
699 2027 746 2052 est
767 2021 802 2052 in
823 2021 946 2052 unione
976 2029 1149 2061 personae,
1173 2020 1224 2050 vel
1251 2019 1347 2050 etiam
1369 2028 1427 2059 per

357 2065 617 2097 conformitatem
639 2065 823 2101 voluntatis,
845 2070 953 2105 potest
975 2074 1044 2096 esse
1066 2065 1147 2095 ratio
1169 2058 1270 2100 dotis,
1294 2069 1427 2104 propter

356 2110 424 2141 tria.
448 2110 567 2146 Primo,
585 2110 661 2150 quia
683 2110 818 2150 exigitur
840 2108 1048 2140 conformitas
1070 2113 1202 2139 naturae
1224 2109 1306 2139 inter
1328 2117 1427 2148 spon-

1441 1279 1464 1299 τι
1481 1269 1530 1299 cia
1552 1268 1736 1299 accidentis.

1439 1943 1466 1963 4⁰

1483 429 1627 460 Ecclesia
1648 430 1744 460 habet
1767 430 1924 461 rationem
1954 440 2099 470 sponsae.
2135 432 2187 462 Sic
2210 442 2286 463 vero
2315 432 2459 464 Christus
2481 443 2549 464 non

1484 479 1531 504 est
1553 473 1716 505 Ecclesiae
1737 474 1939 511 membrum,
1963 474 2020 506 sed
2042 480 2089 505 est
2113 482 2208 516 caput
2237 476 2375 507 influens
2398 478 2549 508 omnibus

1483 517 1646 549 Ecclesiae
1669 519 1819 549 membris
1835 519 1861 548 ’ἃ

1538 561 1613 592 Alio
1637 561 1737 593 modo
1761 563 1915 602 accipitur
1932 562 2075 594 Ecclesia
2098 563 2276 594 secundum
2299 564 2388 604 quod
2403 566 2550 596 nominat

1444 615 1470 631 ιο
1483 611 1580 645 caput
1596 611 1627 636 et
1649 607 1794 637 membra
1809 607 1991 637 coniuncta.
2015 607 2057 637 Et
2079 608 2124 637 sic
2149 607 2293 638 Christus
2311 608 2425 639 dicitur
2447 619 2549 640 mem-

1482 649 1578 680 brum
1601 650 1773 686 Ecclesiae,
1798 651 1991 690 inquantum
2014 651 2110 682 habet
2137 650 2280 682 officium
2303 651 2487 683 distinctum
2510 654 2549 684 ab

1483 693 1634 723 omnibus
1659 694 1736 730 aliis,
1760 694 1879 724 scilicet
1902 694 2036 725 influere
2067 695 2134 726 aliis
2161 696 2269 727 vitam.
2305 695 2459 734 Quamvis
2482 707 2549 727 non

1483 737 1623 768 multum
1645 739 1775 777 proprie
1798 738 1921 769 dicatur
1951 739 2148 770 membrum:
2181 741 2256 780 quia
2285 740 2467 771 membrum
2489 741 2549 771 im-

1482 786 1588 820 portat
1611 782 1832 821 partialitatem
1863 782 2041 823 quandam
2075 784 2108 814 in
2133 783 2261 815 Christo
2290 789 2398 815 autem
2425 784 2550 816 bonum

1444 834 1466 854 ¹5
1483 825 1645 865 spirituale
1667 835 1736 857 non
1760 832 1806 857 est
1820 827 2055 867 particulatum‚
2072 827 2128 859 sed
2151 834 2198 859 est
2220 829 2358 859 totaliter
2372 829 2548 868 integrum

1482 869 1569 900 unde
1599 870 1668 910 ipse
1699 876 1745 901 est
1774 876 1880 902 totum
1912 872 2074 902 Ecclesiae
2101 872 2244 910 bonum,
2268 882 2330 904 nec
2352 878 2399 903 est
2429 873 2550 914 aliquid

1482 914 1586 944 maius
1609 915 1678 954 ipse
1701 920 1732 945 et
1755 915 1807 945 alii
1831 925 1928 956 quam
1950 916 2019 956 ipse
2043 916 2139 947 solus.
2171 916 2222 947 Sic
2247 923 2354 948 autem
2382 916 2548 957 loquendo

1482 957 1521 988 de
1545 958 1704 995 Ecclesia,
1729 959 1872 990 Ecclesia
1902 969 1968 991 non
1992 961 2099 991 solum
2130 962 2276 992 nominat
2298 971 2468 1001 sponsam,
2493 961 2550 992 sed

1480 1012 1633 1043 sponsum
1656 1009 1687 1034 et
1709 1013 1859 1044 sponsam
1875 1005 1902 1041 ξ
1926 1010 2023 1044 prout
2045 1015 2103 1045 per
2125 1006 2388 1037 coniunctionem
2404 1006 2550 1046 spiritua-

1441 1054 1467 1070 π
1481 1047 1546 1078 lem
1562 1052 1610 1078 est
1633 1057 1671 1078 ex
1687 1048 1731 1078 eis
1746 1058 1850 1079 unum
1866 1048 2026 1080 effectum.
2051 1049 2155 1086 Unde,
2171 1049 2246 1080 licet
2269 1049 2415 1081 Christus
2437 1050 2548 1090 aliquo

1481 1090 1581 1122 modo
1612 1091 1734 1122 dicatur
1770 1093 1952 1123 membrum
1984 1093 2164 1130 Ecclesiae,
2188 1094 2279 1125 nullo
2309 1099 2417 1125 tamen
2447 1094 2547 1125 modo

1480 1141 1587 1176 potest
1616 1135 1679 1166 dici
1707 1137 1890 1168 membrum
1919 1147 2065 1178 sponsae.
2101 1138 2142 1169 Et
2165 1138 2210 1169 sic
2240 1139 2270 1170 ei
2298 1148 2367 1169 non
2397 1139 2548 1169 convenit

1480 1180 1560 1211 ratio
1584 1179 1677 1211 dotis.

1535 1225 1586 1254 An
1612 1234 1752 1259 omnum,
1774 1235 1934 1256 menmium
1964 1225 2054 1266 quod
2075 1227 2109 1256 in
2132 1235 2284 1266 processu
2311 1226 2367 1257 illo
2391 1232 2438 1257 est
2461 1226 2548 1257 falla-

1771 1269 1846 1300 Non
1870 1270 1956 1300 enirn
1979 1270 2032 1300 illa
2056 1269 2184 1302 Christo
2214 1271 2412 1302 conveniunt
2434 1280 2548 1301 secun-

1481 1312 1559 1343 dum
1583 1312 1673 1353 quod
1695 1313 1813 1344 habent
1836 1314 1992 1347 rationem
2016 1314 2109 1345 dotis.

1650 1378 1751 1410 ART.
1769 1379 1821 1409 IV.
1846 1389 1952 1410 urium
1974 1389 2089 1410 ΑΝοιιιι
2112 1390 2256 1411 HABEANT
2278 1390 2378 1411 noras

1481 1454 1565 1517 An
1583 1454 1731 1474 auam-uu
1743 1454 1789 1475 stc
1808 1454 2013 1476 Paocamrua.
2030 1444 2164 1476 Videtur
2185 1445 2275 1486 quod
2291 1446 2395 1486 angeli
2412 1446 2549 1477 habeant

1441 1502 1466 1523 30

1546 1488 1647 1519 dotes.
1676 1488 1762 1526 Quia
1784 1498 1880 1529 super
1902 1489 1982 1520 illud
2007 1489 2100 1520 Cant.
2121 1499 2153 1520 VI
2168 1491 2195 1526 ι’,
2220 1491 2293 1520 Una
2320 1495 2368 1521 est
2401 1490 2548 1521 columba

1480 1542 1561 1569 mea,
1579 1532 1655 1563 dicit
1678 1532 1808 1564 Glossa:
1837 1534 1910 1563 Una
1926 1539 1973 1564 est
1986 1533 2132 1564 Ecclesia
2149 1534 2181 1564 in
2198 1534 2379 1566 hominibus
2395 1539 2426 1565 et
2447 1544 2548 1576 ange-

1481 1576 1530 1607 lis.
1555 1576 1618 1608 Sed
1634 1577 1778 1608 Ecclesia
1794 1582 1841 1608 est
1862 1587 1990 1617 sponsa,
2007 1583 2038 1608 et
2053 1579 2098 1609 sic
2121 1579 2272 1609 membris
2291 1579 2453 1610 Ecclesiae
2470 1588 2548 1609 con-

1480 1621 1567 1651 venit
1589 1621 1706 1651 habere
1729 1621 1830 1652 dotes.
1855 1621 1942 1662 Ergo
1965 1622 2069 1662 angeli
2093 1621 2183 1653 dotes
2206 1623 2333 1654 habent.

1538 1675 1567 1695 2.
1592 1665 1788 1702 Pium-nana,
1806 1666 1885 1696 Luc.
1902 1676 1955 1703 xn,
1972 1675 2068 1706 super
2083 1666 2162 1697 illud
2178 1667 2204 1703 ἡ
2221 1667 2265 1697 Et
2280 1676 2337 1698 vos
2356 1666 2476 1698 similes
2491 1667 2548 1697 ho-

1441 1709 1618 1743 „minibus
1641 1710 1880 1750 expectantibus
1903 1710 2068 1740 dominum
2091 1720 2185 1741 suum
2209 1711 2339 1751 quando
2369 1715 2551 1742 revertatur

1479 1763 1501 1784 a
1523 1753 1652 1795 nuptiis,
1670 1752 1747 1784 dicit
1768 1753 1882 1784 Glossa
1897 1754 1929 1784 *2
1955 1754 2005 1784 Ad
2021 1755 2150 1795 nuptias
2165 1755 2327 1786 Dominus
2343 1755 2401 1785 ivit
2418 1755 2548 1796 quando

1473 1803 1552 1838 post
1574 1798 1843 1829 resurrectionem
1866 1808 1969 1829 novus
1991 1799 2087 1829 homo
2111 1799 2305 1840 angelorum
2324 1799 2385 1830 sibi
2407 1799 2550 1830 multitu-

1480 1842 1587 1874 dinem
1610 1843 1783 1882 copulavit.
1815 1843 1901 1882 Ergo
1931 1843 2120 1883 angelorum
2150 1843 2324 1875 multitudo
2356 1849 2403 1874 est
2433 1853 2551 1884 sponsa

1480 1886 1609 1918 Christi.
1634 1887 1675 1918 Et
1697 1887 1743 1918 sic
1766 1886 1885 1927 angelis
1909 1886 2065 1918 debentur
2088 1887 2188 1918 dotes.

1537 1931 1567 1962 3.
1585 1931 1782 1968 Parmam,
1799 1930 1961 1972 spirituale
1976 1932 2217 1962 matrimonium
2241 1932 2275 1963 in
2298 1932 2453 1972 spirituali
2471 1942 2549 1963 con-

1479 1975 1646 2006 iunctione
1662 1975 1815 2006 consistit.
1836 1974 1900 2006 Sed
1915 1976 2084 2015 spiritualis
2097 1976 2284 2006 coniunctio
2296 1986 2364 2006 non
2380 1981 2427 2007 est
2442 1977 2550 2007 minor

1479 2020 1562 2050 inter
1573 2019 1703 2059 angelos
1721 2025 1751 2050 et
1763 2020 1870 2050 Deum
1886 2029 1984 2060 quam
1999 2021 2081 2050 inter
2093 2020 2241 2051 homines
2257 2020 2367 2051 beatos
2385 2026 2416 2051 et
2430 2020 2547 2051 Deum.

1480 2063 1577 2104 Ergo,
1595 2073 1669 2094 cum
1693 2063 1784 2094 dotes
1809 2063 1848 2094 de
1872 2064 1988 2104 quibus
2004 2074 2092 2096 nunc
2114 2065 2248 2104 agimus,
2265 2065 2388 2095 ratione
2403 2065 2549 2105 spiritua-

1480 2107 1518 2138 lis
1534 2108 1729 2138 matrimonii
1746 2108 1953 2149 assignentur,
1970 2108 2094 2139 videtur
2117 2108 2206 2149 quod
2222 2109 2340 2149 angelis
2357 2110 2550 2140 conveniant

356 2163 430 2185 sum
453 2159 486 2185 et
507 2163 660 2194 sponsam
681 2154 716 2184 in
738 2154 945 2185 matrimonio
961 2153 1017 2184 illo
1041 2154 1075 2184 in
1098 2162 1166 2193 quo
1186 2151 1301 2183 dantur
1323 2151 1425 2183 dotes.
1440 2163 1464 2184 45
1481 2151 1582 2183 dotes.

357 2198 399 2228 Et
420 2198 485 2230 hoc
508 2197 615 2230 deficit
637 2198 671 2229 in
694 2198 925 2229 coniunctione
947 2198 1107 2228 humanae
1130 2202 1262 2228 naturae
1285 2195 1325 2227 ad
1348 2196 1426 2227 divi-

356 2251 444 2275 nam.
460 2261 482 2266 -
504 2241 666 2278 Secundo,
690 2243 767 2282 quia
790 2242 924 2283 exigitur
946 2242 990 2272 ibi
1013 2241 1174 2272 distinctio
1204 2250 1425 2281 personarum.

357 2286 510 2319 Humana
541 2291 649 2318 autem
681 2291 793 2318 natura
826 2296 895 2318 non
922 2291 970 2317 est
1000 2285 1210 2326 personaliter
1239 2285 1386 2316 distincta
1409 2295 1427 2315 a

357 2331 476 2363 Verbo.
492 2348 516 2359 v
537 2330 660 2367 Tertio,
677 2331 753 2371 quia
776 2330 835 2362 dos
857 2330 950 2362 datur
972 2329 1104 2371 quando
1134 2339 1252 2370 sponsa
1275 2328 1315 2360 de
1337 2339 1425 2360 novo

1535 2206 1566 2236 4.
1590 2196 1786 2233 paurum,
1803 2197 1966 2238 spirituale
1988 2197 2231 2228 matrimonium
2246 2198 2380 2238 requirit
2402 2198 2548 2237 spiritua-

1481 2241 1545 2271 lem
1561 2250 1718 2281 sponsum
1734 2246 1766 2271 et
1781 2241 1977 2281 spiritualem
1989 2250 2150 2281 sponsam.
2175 2241 2238 2272 Sed
2257 2241 2395 2278 Christo,
2411 2242 2548 2282 inquan—

1480 2291 1551 2316 tum
1574 2295 1719 2316 summus
1743 2286 1880 2326 spiritus,
1897 2285 1997 2326 magis
2013 2290 2087 2316 sunt
2111 2285 2293 2316 conformes
2309 2287 2342 2316 in
2365 2291 2478 2316 natura
2493 2296 2549 2316 an-

1480 2330 1544 2370 geli
1559 2339 1658 2370 quam
1677 2330 1834 2362 homines.
1859 2330 1946 2370 Ergo
1966 2331 2067 2370 magis
2090 2335 2196 2370 potest
2212 2340 2279 2361 esse
2303 2330 2465 2370 spirituale
2480 2340 2548 2361 ma-

357 2374 571 2407 introducitur
585 2375 619 2406 in
642 2374 779 2407 domum
801 2375 929 2416 sponsi:
953 2380 985 2406 et
1003 2375 1048 2405 sic
1070 2373 1196 2405 videtur
1211 2373 1252 2405 ad
1274 2383 1426 2414 sponsam
1441 2384 1467 2404 5⁰
1480 2375 1670 2406 tximonium
1693 2374 1881 2414 angelorum
1905 2373 1945 2405 ad
1969 2373 2132 2406 Christum
2156 2384 2253 2415 quam
2276 2375 2457 2405 hominum.

357 2420 516 2460 pertinere
539 2429 622 2460 quae
646 2419 686 2450 de
708 2429 776 2450 non
799 2420 973 2451 coniuncta
998 2418 1036 2450 fit
1062 2419 1245 2450 coniuncta.
1275 2418 1427 2450 Humana

357 2469 467 2496 autem
497 2469 610 2496 natura
643 2473 727 2504 quae
751 2469 798 2495 est
830 2469 993 2504 assumpta
1015 2463 1048 2494 in
1077 2463 1198 2494 unitate
1228 2472 1385 2503 personae
1408 2473 1427 2493 a

356 2509 476 2544 Verbo,
492 2517 662 2549 nunquam
684 2508 745 2539 fuit
768 2508 847 2548 quin
870 2513 952 2539 esset
974 2507 1116 2548 perfecte
1139 2508 1322 2538 coniuncta.

413 2551 518 2589 Unde,
540 2552 719 2584 secundum
742 2552 822 2584 alios
837 2553 870 2589 *,
894 2551 1068 2584 dicendum
1095 2551 1186 2592 quod
1215 2551 1267 2582 vel
1290 2552 1425 2583 omnino

1538 2419 1567 2451 5.
1591 2419 1788 2455 Pantanus,
1804 2418 1907 2450 maior
1931 2419 2154 2449 convenientia
2177 2419 2311 2459 exigitur
2339 2420 2422 2450 inter
2452 2424 2549 2459 caput

1481 2469 1513 2494 et
1535 2464 1679 2494 membra
1703 2473 1801 2504 quam
1824 2463 1905 2494 inter
1921 2471 2078 2503 sponsum
2100 2468 2132 2494 et
2154 2473 2316 2503 sponsam.
2341 2462 2404 2494 Sed
2419 2462 2548 2494 confor-

1479 2508 1573 2539 mitas
1597 2517 1680 2548 quae
1703 2513 1750 2539 est
1771 2508 1854 2538 inter
1885 2506 2048 2538 Christum
2072 2512 2103 2537 et
2125 2507 2256 2548 angelos
2284 2507 2399 2538 sufficit
2422 2506 2462 2538 ad
2484 2508 2549 2539 hoc

1481 2551 1572 2593 quod
1595 2552 1740 2583 Christus
1770 2551 1892 2583 dicatur
1921 2556 2018 2594 caput
2047 2552 2242 2594 angelorum
2258 2553 2284 2582 *.
2319 2552 2405 2592 Ergo
2436 2551 2548 2583 eadem

356 2607 425 2628 non
441 2597 594 2629 convenit
609 2596 737 2628 Christo
753 2597 833 2628 ratio
857 2595 957 2628 dotis:
980 2596 1033 2627 vel
1051 2605 1119 2627 non
1142 2597 1185 2627 ita
1199 2597 1329 2636 proprie
1344 2596 1427 2626 sicut
1441 2605 1464 2626 ις
1480 2597 1604 2629 ratione
1619 2596 1735 2628 sufficit
1747 2595 1787 2628 ad
1801 2596 1865 2627 hoc
1877 2595 1967 2636 quod
1979 2595 2102 2627 dicatur
2113 2606 2251 2636 sponsus
2262 2602 2410 2636 respectu
2423 2606 2546 2626 eorum.

357 2642 425 2672 aliis
444 2641 569 2673 sanctis.
594 2641 642 2672 Ea
655 2646 764 2672 tamen
780 2650 863 2681 quae
879 2640 970 2672 dotes
986 2640 1145 2677 dicuntur,
1162 2640 1426 2672 excellentissime

357 2687 387 2718 ei
411 2686 619 2718 conveniunt.

412 2731 464 2762 An
494 2739 612 2761 ramim
641 2739 725 2760 aneo
755 2739 916 2760 mcauntm
946 2728 1036 2769 quod
1059 2728 1274 2760 conformatio
1304 2729 1357 2759 illa
1380 2734 1427 2759 est

356 2774 561 2815 intelligenda
583 2773 763 2805 secundum
785 2773 819 2804 id
841 2773 931 2814 quod
954 2778 1002 2804 est
1024 2772 1093 2810 dos,
1110 2778 1142 2804 et
1155 2783 1224 2804 non
1247 2772 1427 2805 secundum

1537 2641 1600 2672 San
1625 2651 1758 2677 CONTRA,
1776 2640 1941 2680 Origenes,
1957 2650 2055 2680 super
2080 2641 2216 2672 Cantica
2231 2642 2258 2677 *‚
2282 2640 2446 2680 distinguit
2469 2650 2548 2680 qua-

1479 2691 1554 2716 tuor
1569 2694 1738 2725 personas:
1759 2685 1879 2716 scilicet
1889 2693 2042 2725 sponsum
2058 2690 2090 2715 et
2103 2694 2264 2725 sponsam,
2277 2684 2544 2720 adolescentulas,

1480 2735 1512 2760 et
1526 2729 1655 2760 sodales
1669 2730 1788 2770 sponsi.
1813 2729 1855 2760 Et
1869 2728 1946 2759 dicit
1968 2728 2058 2768 quod
2078 2729 2181 2768 angeli
2196 2734 2270 2759 sunt
2284 2729 2413 2760 sodales
2426 2729 2547 2769 sponsi.

1481 2773 1568 2805 Cum
1583 2783 1659 2814 ergo
1684 2773 1775 2804 dotes
1790 2782 1859 2804 non
1881 2772 2056 2803 debeantur
2071 2773 2132 2804 nisi
2147 2782 2294 2813 sponsae,
2310 2772 2435 2803 videtur
2458 2772 2548 2813 quod

356 2820 515 2850 rationem
546 2818 629 2849 dotis
660 2827 743 2858 quae
772 2818 812 2848 sit
838 2818 873 2848 in
901 2817 1039 2848 Christo.
1074 2818 1150 2848 Non
1180 2818 1268 2849 enim
1298 2823 1427 2858 oportet
1438 2824 1467 2846 6ο
1480 2818 1600 2858 angelis
1623 2817 1714 2848 dotes
1737 2826 1805 2848 non
1828 2817 2030 2847 conveniant.

357 2863 448 2905 quod
470 2862 551 2895 illud
565 2864 599 2894 in
623 2872 690 2903 quo
714 2862 843 2893 Christo
860 2861 1111 2899 conformamur,
1127 2862 1167 2894 sit
1185 2861 1302 2893 eodem
1324 2861 1425 2893 modo

356 2909 392 2940 in
413 2908 508 2940 nobis
532 2913 563 2938 et
585 2908 619 2939 in
644 2907 783 2939 Christo.

411 2952 463 2984 An
487 2961 650 2984 sneuunuu
672 2960 833 2982 chENDtm
856 2949 947 3001 quod
969 2955 1081 2982 natura
1103 2950 1245 2982 humana
1259 2959 1328 2981 non
1350 2960 1426 2991 pro·-

358 2998 427 3038 prie
448 2996 565 3028 dicitur
595 3005 714 3037 sponsa
735 2996 768 3026 in
793 2995 1024 3026 coniunctione
1053 2994 1107 3025 illa
1130 3004 1194 3035 qua
1215 2995 1324 3026 Verbo
1348 3005 1426 3026 con-

1537 2872 1566 2893 2.
1587 2862 1787 2898 annnm,
1813 2860 1958 2891 Christus
1981 2860 2186 2900 desponsavit
2207 2861 2267 2891 sibi
2290 2861 2468 2892 Ecclesiam
2490 2870 2547 2901 per

1480 2907 1733 2937 incarnationem
1751 2910 1782 2935 et
1797 2906 1978 2946 passionem
1991 2905 2026 2934 *z
2046 2904 2132 2935 unde
2145 2904 2297 2945 figuratur
2307 2914 2366 2945 per
2376 2905 2440 2936 hoc
2457 2905 2547 2945 quod

1480 2950 1596 2982 dicitur
1615 2950 1724 2981 Exod.
1740 2960 1772 2980 ιν
1787 2950 1819 2980 *z
1848 2949 1992 2990 Sponsus
2014 2949 2213 2990 sanguinum
2236 2954 2270 2980 tu
2298 2949 2376 2980 mihi
2406 2958 2449 2980 es.
2484 2948 2585 2980 Sed·

1482 2994 1627 3026 Christus
1650 3003 1707 3034 per
1729 2994 1912 3034 passionem
1943 2998 1974 3024 et
2000 2994 2254 3024 incarnationem
2282 3003 2351 3024 non
2374 2993 2464 3024 aliter
2486 2992 2547 3024 fuit

358 3042 518 3082 iungitur.
538 3050 614 3072 cum
629 3050 697 3072 non
712 3045 854 3071 servetur
869 3040 914 3070 ibi
928 3048 1139 3079 personarum
1155 3038 1326 3075 distinctio,
1344 3049 1426 3079 quae
1439 3045 1464 3071 ⁶5
1481 3039 1674 3070 coniunctus
1697 3038 1817 3078 angelis
1841 3047 1939 3078 quam
1954 3038 2042 3077 prius
2065 3043 2140 3068 erat.
2165 3037 2250 3078 Ergo
2267 3038 2370 3078 angeli
2393 3047 2461 3068 non
2476 3047 2547 3078 per-

359 3085 442 3117 inter
454 3095 613 3126 sponsum
628 3090 660 3116 et
675 3094 827 3125 sponsam
842 3084 1022 3124 requiritur.
1045 3083 1108 3114 Sed
1123 3083 1213 3123 quod
1229 3082 1426 3123 quandoque
1480 3084 1585 3114 tinent
1600 3082 1640 3114 ad
1651 3082 1828 3114 Ecclesiam
1839 3081 2019 3112 secundum
2035 3081 2124 3122 quod
2135 3082 2278 3114 Ecclesia
2292 3081 2407 3113 dicitur
2419 3091 2546 3122 sponsa.

360 3128 551 3170 desponsata
573 3129 695 3161 dicatur
713 3129 854 3160 humana
876 3133 989 3159 natura
1004 3127 1182 3159 secundum
1206 3127 1296 3168 quod
1318 3127 1425 3158 Verbo
1481 3128 1566 3167 Ergo
1591 3127 1710 3167 angelis
1732 3135 1800 3157 non
1824 3126 2022 3157 conveniunt
2045 3125 2146 3157 dotes.

361 3174 534 3204 coniuncta
557 3179 619 3210 est,
641 3174 706 3204 hoc
729 3179 776 3205 est
805 3174 999 3214 inquantum
1027 3173 1123 3203 habet
1145 3172 1287 3212 aliquem
1318 3178 1426 3203 actum
1535 3172 1725 3202 Ruspoxmno
1758 3180 1918 3201 DIOENDUM
1949 3169 2039 3210 quod
2066 3179 2103 3201 ea
2132 3180 2214 3210 quae
2238 3169 2278 3201 ad
2301 3170 2392 3202 dotes
2422 3171 2547 3203 animae

360 3227 514 3268 sponsae.
538 3218 615 3258 quia
635 3218 756 3250 seilicet
778 3217 1027 3258 inseparabiliter
1049 3217 1272 3256 coniungitur;
1297 3221 1329 3246 et
1351 3216 1426 3256 quia
1480 3216 1650 3256 pertinent,
1667 3225 1735 3246 non
1751 3220 1797 3245 est
1820 3214 1955 3246 dubium
1969 3215 2089 3255 angelis
2111 3215 2194 3245 sicut
2216 3220 2248 3246 et
2262 3215 2448 3246 hominibus
2469 3223 2547 3246 con-

360 3262 395 3293 in
417 3261 471 3292 illa
493 3262 723 3294 coniunctione
745 3262 886 3294 humana
902 3267 1015 3293 natura
1038 3267 1085 3293 est
1107 3261 1214 3292 Verbo
1238 3260 1378 3297 inferior,
1396 3266 1427 3292 et
1440 3271 1467 3292 7⁰
1479 3260 1599 3292 venire.
1631 3259 1694 3291 Sed
1721 3258 1899 3291 secundum
1929 3259 2086 3290 rationem
2115 3258 2198 3290 dotis
2229 3269 2296 3290 non
2319 3260 2363 3289 ita
2389 3259 2435 3291 eis
2465 3259 2548 3289 sicut

361 3315 419 3346 per
439 3305 584 3337 Verbum
604 3307 723 3346 regitur
742 3307 826 3339 sicut
847 3315 966 3347 sponsa
988 3315 1046 3346 per
1068 3315 1234 3346 sponsum
1481 3305 1667 3336 hominibus
1683 3304 1896 3335 conveniunt:
1921 3313 1961 3334 eo
1986 3302 2076 3343 quod
2090 3313 2158 3334 non
2181 3304 2224 3335 ita
2246 3303 2375 3344 proprie
2396 3303 2548 3335 convenit

416 3349 468 3381 An
490 3359 626 3381 mmm
640 3359 800 3382 nmmo-x
816 3350 909 3391 qnod
923 3351 988 3382 hoc
1010 3349 1101 3391 quod
1116 3348 1288 3390 aliquando
1312 3348 1427 3381 dicitur
1481 3349 1602 3389 angelis
1617 3349 1697 3379 ratio
1721 3357 1857 3388 sponsae
1880 3348 1962 3379 sicut
1977 3347 2173 3380 hominibus.
2197 3348 2341 3387 Exigitur
2356 3347 2444 3379 enim
2465 3348 2547 3378 inter

362 3393 508 3426 Christus
530 3403 662 3434 sponsa,
685 3403 754 3425 non
777 3400 824 3427 est
846 3395 923 3436 quia
951 3395 1021 3435 ipse
1044 3404 1118 3425 vere
1145 3395 1184 3425 sit
1213 3403 1345 3434 sponsa:
1371 3393 1427 3425 sed
1481 3403 1637 3434 sponsum
1662 3398 1693 3423 et
1708 3401 1860 3433 sponsam
1882 3397 2013 3423 naturae
2029 3391 2247 3428 conformitas,
2264 3397 2300 3422 ut
2322 3392 2385 3422 sint
2403 3390 2547 3423 eiusdem

362 3439 554 3479 inquantum
583 3438 643 3469 sibi
672 3439 804 3470 assumit
831 3448 1003 3479 personam
1026 3448 1162 3480 sponsae
1189 3448 1282 3475 suae,
1308 3438 1427 3469 scilicet
1481 3438 1608 3478 speciei.
1641 3437 1716 3468 Hoc
1739 3442 1846 3468 autem
1876 3435 1977 3468 modo
2006 3436 2154 3469 homines
2177 3446 2253 3468 cum
2276 3435 2405 3468 Christo
2429 3445 2547 3467 conve-

362 3483 533 3519 Ecclesiae,
550 3492 634 3523 quae
657 3487 704 3513 est
727 3482 757 3513 ei
779 3483 980 3523 spiritualiter
1009 3484 1191 3516 coniuncta.
1226 3482 1320 3515 Unde
1347 3483 1425 3514 nihil
1439 3493 1464 3514 75
1480 3483 1589 3514 niunt:
1614 3482 1807 3522 inquantum
1821 3486 1967 3513 naturam
1983 3481 2158 3513 humanam
2181 3481 2360 3522 assumpsit,
2376 3489 2433 3522 per
2449 3489 2546 3521 quam

2576 524 2585 533 “
2592 522 2692 550 PmJJI,
2698 529 2787 551 qu.vu¹,

2576 552 2618 571 art.
2635 555 2653 571 ι.

2576 1015 2631 1037 ’(3ιὶ
2642 1015 2722 1038 Mnnh.
2733 1021 2784 1044 cap.

2575 1048 2628 1068 xxv,
2642 1048 2701 1064 vers.
2724 1050 2748 1069 ι;
2763 1047 2785 1064 et

2575 1058 2786 1123 ἰ’ὓέοξῑῗέὲῗῗ

2576 1120 2584 1150 (
2621 1102 2786 1151 ntab.1894).

2576 1499 2586 1510 ·
2601 1498 2668 1521 Vers.
2684 1499 2705 1520 8.

2578 1675 2587 1685 ¹¹
2602 1674 2668 1695 vers.
2683 1673 2719 1702 36.

2578 1765 2587 1775 ·
2602 1764 2658 1786 Ord.

2575 2563 2585 2572 ·
2590 2559 2786 2588 Part.111,qu.vnr,

2575 2589 2615 2608 art.
2631 2593 2654 2614 4.

2574 2649 2585 2658 ·
2600 2647 2690 2675 Prolog.

2574 2906 2629 2928 ‘Ad
2637 2906 2724 2934 Ephes.
2732 2912 2784 2933 cap.

2574 2939 2595 2960 v,
2609 2939 2669 2955 vers.
2683 2938 2709 2960 23
2724 2939 2775 2961 sqq.

2575 2949 2666 2982 '¹’.Vers
2680 2965 2713 2988 25.
