2918 4088
213 319 224 329 ·
238 317 308 339 Num.
320 323 350 343 ιν,
360 316 392 338 Et
404 315 427 336 si

211 344 313 365 dicatur.

212 710 223 721 '¹
237 708 307 731 Num.
322 715 343 731 v.

214 1601 224 1612 ⁸
239 1599 275 1622 Cf.
291 1605 354 1621 num.
370 1605 385 1621 ι.

214 1776 224 1787 ·
238 1774 271 1796 lV
285 1774 358 1801 Sent„
372 1775 425 1796 dist.

214 1807 246 1828 xl,
261 1807 300 1829 qu.
313 1807 347 1828 11¹,
361 1805 403 1823 art.
416 1808 424 1823 ι

214 1828 335 1856 principal.
359 1839 368 1844 -

214 1860 279 1902 2¹²¹ss-
288 1881 361 1908 δ,
373 1881 426 1903 di...

214 1914 247 1934 x1,
267 1914 305 1935 qu.
328 1913 343 1929 1.
359 1919 370 1924 -
390 1907 427 1930 ef.

215 1940 280 1956 num.
294 1940 342 1956 xvi.

460 151 531 197 164

452 237 541 263 num,
567 228 776 259 substantialis
801 229 932 269 quidem
949 232 1163 267 consecutive,
1188 231 1390 262 accidentalis
1406 237 1513 262 autem

452 272 631 302 secundum
654 282 698 303 se.

507 315 558 346 Ad
580 317 710 347 tertium
725 318 741 333 ὓ
765 323 888 354 autern,
919 324 1030 349 contra
1060 320 1180 350 bonam
1206 320 1450 359 responsionem
1474 319 1513 349 de

452 359 536 390 facto
560 361 611 391 vel
633 361 786 400 potentia,
812 362 926 393 dicitur
949 363 1048 403 quod,
1074 364 1099 394 si
1121 365 1212 404 panis
1229 369 1465 394 converteretur
1480 364 1513 393 in

453 403 571 435 Christi
590 414 706 445 corpus
730 406 818 445 prius
840 416 989 446 praesens
1008 407 1140 444 factum,
1165 417 1282 448 corpus
1299 407 1417 438 Christi
1433 413 1514 438 esset

452 447 572 488 duplici
595 449 724 479 vinculo
748 459 913 490 praesens,
938 452 1001 482 hoc
1025 457 1085 487 est,
1111 461 1148 482 ex
1171 452 1203 482 vi
1226 452 1442 482 conversionis
1466 461 1513 482 sa-

452 493 661 529 cramentalis,
678 499 710 524 et
725 503 763 524 ex
778 496 809 525 vi
825 496 939 535 prioris
958 496 1092 526 actionis
1108 495 1232 526 divinae
1250 496 1512 536 omnipotentiae.

451 535 546 568 Unde
568 537 647 567 nihil
670 537 756 568 aliud
778 540 921 579 sequitur
936 540 996 570 nisi
1016 539 1104 579 quod
1130 539 1314 570 huiusmodi
1338 540 1514 580 praesentia

451 586 558 621 potest
580 591 637 621 per
660 581 799 613 divinam
823 584 1091 623 omnipotentiam
1117 584 1285 614 terminare
1309 583 1386 614 duas
1410 589 1513 614 muta-

451 625 573 655 tiones:
599 625 687 665 quod
709 628 802 665 gratis
826 636 1016 658 concessum
1039 627 1109 658 fuit.

507 669 589 699 XIII.
613 665 671 700 Ad'
684 671 809 701 obiecta
828 671 960 702 demum
979 677 1090 702 contra
1107 671 1280 702 efficaciam
1297 673 1514 703 conversionis

452 712 492 743 ad
514 714 725 753 praesentiam
749 716 892 755 corporis
916 715 1034 746 Christi
1056 717 1089 746 in
1113 722 1310 746 sacramento
1327 717 1357 751 ⁴⁹,
1381 725 1513 756 respon-

452 756 558 788 dendo
581 767 638 797 per
657 757 898 795 conditionales,
915 765 951 790 ut
966 760 999 790 in
1015 759 1217 799 praecedenti
1232 759 1366 790 fecimus
1381 769 1513 800 respon-

452 801 552 837 sione,
573 801 687 832 dicitur
709 802 808 842 quod,
825 804 851 833 si
875 804 962 834 Deus
985 809 1183 834 converteret
1205 813 1323 844 panem
1340 805 1374 834 in
1397 813 1513 844 corpus

453 844 570 876 Christi
593 851 629 876 ut
651 846 770 877 habens
794 856 861 877 esse
885 848 917 878 in
942 848 1042 884 caelo,
1066 857 1133 878 non
1150 853 1231 878 esset
1247 849 1414 878 conversio
1431 849 1514 879 eius-

453 888 527 919 dem
550 890 680 920 rationis
704 900 778 921 cum
802 891 860 921 ista
883 892 1110 922 sacramentali.
1135 893 1184 922 Ac
1207 901 1264 932 per
1287 893 1360 928 hoc,
1384 902 1452 922 non
1468 898 1528 923 est‘

453 932 492 963 ad
515 935 719 973 propositum
742 934 899 975 quidquid
922 935 997 966 inde
1020 942 1216 975 sequeretur.

508 977 548 1007 Et
570 987 627 1017 per
649 977 735 1008 idem
757 978 968 1018 respondetur
984 979 1023 1009 ad
1046 979 1269 1010 secundum.—
1292 980 1327 1010 In
1350 989 1416 1020 quo
1440 985 1514 1011 sunt

451 1021 545 1051 multi
575 1021 628 1051 alii
652 1021 811 1052 defectus:
843 1028 921 1062 puta
951 1022 1041 1062 quod
1070 1033 1188 1063 corpus
1216 1023 1334 1054 Christi
1363 1034 1451 1054 nunc
1475 1024 1514 1055 de

453 1064 537 1095 facto
561 1065 696 1104 acquirit
719 1066 774 1096 ubi
799 1066 999 1097 definitivum
1022 1068 1216 1097 substantiae
1239 1068 1346 1107 panis;
1371 1073 1403 1098 et
1426 1068 1515 1108 quod

452 1109 625 1138 substantia
654 1110 795 1139 subiecta
825 1111 992 1150 quantitati
1022 1111 1117 1141 habet
1148 1121 1244 1141 suum
1273 1112 1329 1141 ubi
1353 1111 1514 1142 definitive

451 1158 575 1192 praeter
598 1153 653 1182 ubi
672 1154 952 1194 circumscriptive.
977 1154 1060 1184 Nam
1076 1155 1260 1191 substantia,
1277 1155 1399 1185 seclusa
1415 1165 1515 1195 quan-

451 1197 540 1227 titate
563 1197 753 1236 virtualique
777 1203 937 1234 contactu,
954 1208 1114 1238 nusquam
1138 1204 1200 1229 est:
1226 1204 1258 1229 et
1281 1208 1349 1229 esse
1372 1201 1515 1239 corporis

453 1240 570 1271 Christi
593 1241 651 1270 sub
675 1247 872 1272 sacramento
895 1252 963 1272 non
988 1248 1034 1272 est
1058 1252 1126 1273 esse
1149 1243 1275 1273 alicubi.

506 1284 558 1314 Ad
578 1285 716 1321 tertium,
740 1291 874 1325 negatur
900 1286 1044 1326 sequela:
1071 1287 1146 1326 quia
1172 1287 1351 1317 voluntarie
1378 1287 1513 1318 affertur.

507 1328 559 1358 Ad
582 1334 741 1368 quartum,
766 1330 856 1370 quod
889 1336 935 1361 est
965 1330 1124 1367 Durandi,
1158 1330 1273 1361 dicitur
1303 1331 1393 1371 quod
1423 1341 1515 1372 argu·

451 1378 598 1404 mentum
614 1383 632 1403 a
647 1374 730 1404 sicut
744 1383 839 1414 saepe
856 1374 1024 1405 claudicat:
1046 1380 1077 1405 et
1093 1376 1127 1406 in
1142 1376 1310 1415 proposito
1326 1376 1406 1406 nihil
1422 1377 1514 1407 valet.

453 1418 494 1448 Et
509 1418 589 1447 ratio
607 1423 653 1447 est
677 1419 752 1458 quia
766 1428 834 1449 non
851 1424 933 1449 esset
949 1420 1117 1449 conversio
1135 1419 1279 1450 eiusdem
1294 1421 1425 1451 rationis
1442 1431 1517 1452 cum

452 1462 511 1491 ista
526 1463 754 1498 sacramentali,
776 1463 802 1492 si
819 1464 977 1503 quantitas
993 1469 1231 1495 converteretur
1246 1465 1279 1494 in
1295 1466 1515 1504 quantitatem.

452 1506 494 1536 Et
516 1511 686 1546 propterea
708 1516 776 1537 non
800 1513 846 1537 est
868 1508 987 1538 mirum
1009 1508 1036 1538 si
1059 1508 1146 1539 aliud
1167 1508 1242 1539 inde
1261 1515 1460 1549 sequeretur,
1486 1515 1517 1541 et

453 1549 539 1581 aliud
562 1551 705 1590 sequitur
728 1551 812 1581 hinc.

507 1594 590 1625 XIV.
616 1594 737 1625 Contra
760 1595 934 1626 secundam
956 1597 1114 1627 rationem
1140 1597 1261 1628 litterae
1277 1598 1303 1634 ’ᾗ
1328 1598 1457 1635 scilicet,
1482 1599 1518 1629 Si

452 1639 630 1670 substantia
648 1640 747 1680 panis
771 1645 960 1675 remaneret,
986 1650 1051 1671 non
1075 1646 1157 1671 esset
1179 1652 1290 1672 verum
1313 1642 1400 1683 quod
1425 1643 1519 1673 Chri-

453 1688 521 1714 stus
543 1683 642 1719 dixit,
666 1683 742 1714 Hoc
765 1689 812 1714 est
834 1694 951 1725 corpus
974 1695 1079 1716 meum
1098 1691 1174 1722 etc„
1197 1686 1254 1717 sed
1266 1687 1391 1728 suisset
1406 1688 1518 1728 potius

453 1727 632 1763 dicendum,
656 1728 723 1759 Hic
746 1733 793 1759 est
814 1738 932 1769 corpus
955 1738 1082 1760 meum:
1113 1736 1224 1761 contra
1251 1731 1348 1767 hanc,
1372 1732 1516 1772 inquam,

453 1772 611 1802 rationem
630 1772 744 1803 Scotus
757 1774 773 1790 ’θ
790 1778 821 1803 et
836 1773 1007 1803 Durandus
1019 1775 1054 1791 ἢ
1070 1781 1217 1814 arguunt.
1242 1775 1358 1806 Scotus
1374 1776 1516 1816 quidem,

454 1816 529 1856 quia
552 1821 630 1846 tunc
653 1817 686 1857 ly
707 1817 769 1847 hoc
791 1826 859 1847 non
876 1817 1107 1849 demonstraret
1122 1819 1329 1850 substantiam
1344 1821 1445 1860 panis,
1462 1821 1518 1852 sed

455 1866 645 1891 contentum
667 1862 726 1891 sub
750 1871 847 1901 pane:
880 1862 962 1892 sicut
991 1862 1091 1893 modo
1120 1862 1316 1894 demonstrat
1344 1874 1413 1895 non
1436 1866 1518 1896 acci-

455 1905 572 1941 dentia,
596 1904 652 1935 sed
675 1911 864 1936 contentum
887 1907 946 1936 sub
970 1906 1196 1938 accidentibus.
1221 1908 1262 1938 Et
1279 1913 1453 1949 utrumque
1470 1919 1518 1939 es-

454 1954 502 1980 set
530 1958 661 1985 verum,
695 1949 771 1980 Hoc
801 1955 847 1980 est
876 1959 994 1990 corpus
1023 1960 1146 1987 meum,
1172 1957 1217 1987 et,
1241 1951 1309 1983 Hic
1331 1958 1379 1983 est
1401 1963 1519 1994 corpus

454 2003 569 2024 meum.

510 2037 680 2068 Durandus
695 2047 782 2074 vero,
797 2039 872 2078 quia
887 2038 1053 2079 indefinita
1070 2040 1257 2081 verificatur
1266 2050 1331 2081 pro
1349 2051 1414 2072 uno
1429 2043 1520 2073 solo:

455 2092 491 2112 ac
514 2091 571 2121 per
589 2081 671 2117 hoc,
703 2083 729 2112 si
752 2088 834 2112 esset
856 2082 900 2113 ibi
930 2083 1021 2122 panis
1048 2089 1080 2113 et
1103 2094 1220 2124 corpus
1244 2084 1379 2122 Christi,
1410 2092 1520 2126 posset

454 2125 544 2157 reddi
566 2125 689 2156 locutio
712 2135 786 2156 vera
809 2135 868 2166 pro
892 2127 964 2157 solo
988 2137 1125 2168 corpore
1150 2128 1278 2159 Christi.

509 2170 578 2200 XV.
602 2169 655 2200 Ad
676 2171 755 2201 haec
779 2170 894 2201 dicitur
918 2170 1008 2211 quod
1029 2173 1144 2202 veritas
1163 2174 1422 2205 enuntiationum
1444 2184 1520 2215 pro—

454 2215 522 2255 prie
547 2213 794 2254 significantium
818 2225 856 2245 ex
880 2217 1048 2246 communi
1070 2226 1166 2247 sensu
1188 2218 1318 2258 proprie
1341 2219 1520 2259 intelligen-

454 2259 546 2294 tium,
565 2264 596 2288 et
610 2259 752 2289 terminis
775 2260 935 2290 utentium
958 2261 1097 2300 proprie,
1121 2261 1257 2301 pendet:
1282 2267 1314 2293 et
1328 2272 1396 2293 non
1412 2269 1459 2294 est
1475 2269 1520 2295 at-

454 2302 654 2333 tendendum
677 2302 716 2333 ad
740 2303 818 2343 quid
841 2304 899 2334 iste
922 2304 973 2334 vel
996 2305 1049 2335 ille
1078 2311 1187 2345 posset
1217 2306 1352 2337 eandem
1375 2309 1521 2339 enuntia-

455 2347 579 2377 tionem
602 2347 770 2386 applicare.
796 2347 931 2379 Constat
946 2354 1054 2379 autem
1078 2349 1177 2389 quod,
1202 2352 1330 2391 proprie
1353 2352 1520 2392 loquendo

458 2396 489 2422 et
511 2391 736 2430 intelligendo,
761 2401 837 2422 cum
860 2391 991 2429 dicitur,
1016 2403 1035 2423 a
1058 2402 1269 2435 quocumque
1292 2395 1430 2433 dicatur,
1455 2397 1521 2428 sive

457 2435 724 2466 sacramentaliter
745 2436 811 2466 sive
834 2446 901 2467 non
925 2438 1208 2475 sacramentaliter,
1236 2439 1312 2470 Hoc
1335 2445 1383 2470 est
1404 2450 1522 2482 corpus

457 2489 572 2515 meum,
596 2479 629 2520 ly
651 2480 713 2510 hoc
735 2479 932 2511 demonstrat
953 2481 1038 2512 hanc
1059 2482 1281 2514 substantiam.
1313 2484 1414 2522 Quod
1435 2491 1523 2526 patet

459 2533 498 2554 ex
515 2524 578 2554 hoc
602 2523 701 2564 quod,
719 2524 744 2554 si
761 2524 884 2564 aliquis,
901 2524 1150 2557 demonstrando
1167 2528 1318 2568 seipsum,
1337 2528 1429 2566 dicat,
1446 2529 1522 2561 Hoc

459 2572 506 2598 est
531 2577 648 2608 corpus
679 2578 800 2604 meum,
832 2568 1026 2609 significatur
1054 2570 1140 2610 apud
1167 2581 1280 2603 omnes
1311 2573 1521 2614 intelligentes

460 2611 550 2652 quod
571 2612 651 2643 haec
672 2612 851 2643 substantia
875 2618 922 2644 est
944 2623 1062 2654 corpus
1085 2625 1199 2646 meum.

514 2656 556 2686 Et
578 2655 618 2686 ad
636 2657 700 2687 hoc
716 2656 903 2697 suffragatur
921 2659 1012 2694 ratio,
1036 2659 1215 2690 secundum
1240 2670 1337 2701 quam
1360 2662 1433 2693 talia
1449 2668 1523 2694 sunt

460 2700 601 2731 subiecta
625 2701 893 2738 enuntiationum,
919 2702 1025 2742 qualia
1047 2705 1236 2743 permittunt
1258 2706 1447 2745 praedicata.
1482 2708 1523 2738 Et

459 2749 643 2785 propterea,
669 2746 744 2785 quia
774 2745 991 2785 praedicatum
1019 2753 1066 2778 est
1094 2749 1282 2786 substantia,
1306 2760 1381 2781 nam
1404 2761 1523 2792 corpus

459 2798 564 2819 meum
587 2788 742 2829 significat
757 2791 981 2828 substantiam;
1006 2791 1152 2823 identitas
1167 2793 1339 2833 praedicati
1357 2805 1432 2826 cum
1448 2797 1523 2827 sub-

459 2833 554 2870 iecto,
579 2832 754 2873 significata
776 2844 834 2874 per
856 2835 889 2876 ly
911 2840 967 2870 est,
992 2837 1078 2875 cogit
1101 2837 1134 2877 ly
1156 2838 1218 2868 hoc
1241 2838 1280 2869 ad
1303 2839 1524 2871 demonstran—

459 2876 534 2908 dam
555 2878 638 2908 hanc
661 2878 887 2915 substantiam,
918 2885 954 2910 ut
976 2881 1156 2920 propositio
1181 2882 1221 2913 sit
1243 2884 1372 2924 proprie
1394 2894 1478 2915 vera.
1501 2903 1524 2908 -

1119 153 1381 200 QUAESTIO
1410 152 1571 199 LXXV,
1599 152 1892 191 ARTICULUS
1920 154 1965 190 111

1566 232 1608 262 Et
1630 232 1706 262 hinc
1730 232 1907 262 excluditur
1920 250 1944 254 -
1959 232 2049 273 quod
2063 233 2097 263 in
2112 233 2172 264 hac
2194 234 2416 274 propositione
2431 236 2465 277 ly
2479 237 2540 268 hoc
2559 246 2627 268 non

1568 275 1763 306 demonstrat
1787 276 1977 312 accidentia,
2006 276 2062 307 sed
2084 278 2292 308 substantiam
2318 279 2377 309 sub
2401 280 2627 312 accidentibus.

1623 320 1663 350 Et
1686 320 1726 350 ad
1749 320 1812 350 hoc
1836 320 2023 360 suffragatur
2046 320 2136 361 quod
2158 322 2190 362 ly
2213 322 2274 352 hoc
2299 328 2347 353 est
2368 332 2550 363 pronomen
2573 325 2627 356 de-

1567 365 1812 395 monstrativum
1836 365 2039 401 substantiae,
2063 365 2150 405 apud
2172 367 2406 405 grammaticos.

1621 409 1742 439 Rursus
1766 409 1798 449 ly
1816 409 1885 445 hoc,
1903 410 1979 449 quia
1994 408 2190 439 demonstrat
2203 419 2272 440 non
2288 420 2367 451 vage
2383 417 2438 442 aut
2452 411 2627 449 indefinite,

1567 452 1622 483 sed
1652 453 1866 493 singulariter,
1899 458 2042 493 oportet,
2071 453 2215 484 absolute
2237 454 2399 494 prolatum
2422 465 2518 496 super
2539 462 2628 488 certo

1567 497 1706 527 sensibili
1730 497 1957 533 demonstrato,
1982 497 2198 528 demonstrare
2221 507 2289 528 non
2311 508 2390 539 vage
2413 499 2496 530 hanc
2517 501 2570 531 vel
2591 501 2629 531 il-

1566 541 1640 577 lam,
1665 540 1721 571 sed
1740 542 1932 582 singularem
1946 542 2155 572 substantiam
2178 543 2236 572 sub
2252 542 2313 572 illis
2332 543 2549 575 accidentibus
2565 545 2629 575 exi-

1567 590 1712 615 stentem.
1737 586 1778 616 Et
1801 587 1826 616 si
1850 585 1981 626 quidem
2003 595 2068 616 una
2086 586 2153 616 sola
2169 586 2343 617 substantia
2358 587 2467 624 subsit,
2491 588 2560 618 sola
2574 588 2629 619 de-

1567 635 1770 660 monstratur.
1805 630 1839 661 Si
1861 639 1939 660 vero
1961 631 2081 661 multae
2105 631 2243 666 subsint,
2275 640 2388 661 omnes
2414 640 2472 671 per
2493 632 2630 663 modum

1566 674 1663 703 unius
1685 674 1850 714 singularis
1873 674 2140 711 demonstrantur,
2163 674 2341 714 secundum
2357 684 2566 707 communem
2581 677 2630 707 in-

1566 717 1731 748 tellectum
1760 719 1988 759 propriamque
2012 718 2278 759 significationem
2300 720 2472 750 nominum
2495 729 2532 750 ac
2554 729 2630 760 pro—

1567 762 1748 798 nominum,
1772 768 1808 792 ut
1831 768 1917 802 patet
1939 763 1973 793 in
1997 763 2145 803 exemplo
2170 763 2283 794 allato:
2307 773 2393 800 nam,
2417 773 2470 794 me
2494 763 2629 801 dicente,

1567 805 1643 836 Hoc
1666 811 1713 836 est
1734 816 1852 847 corpus
1874 816 1992 842 meum,
2018 807 2163 847 significo
2186 808 2269 838 hanc
2292 808 2516 845 substantiam,
2542 818 2631 839 com-

1567 850 1819 889 prehendentem
1843 860 1961 888 carnes,
1986 861 2101 882 nervos
2125 857 2156 882 et
2179 861 2260 888 ossa,
2286 861 2353 882 esse
2373 862 2490 893 corpus
2508 862 2629 884 meum.

1567 894 1616 924 Ex
1639 895 1756 934 quibus
1786 896 1930 935 sequitur
1953 895 2061 936 quod,
2085 897 2111 926 si
2133 902 2310 927 remaneret
2339 897 2513 928 substantia
2539 898 2630 938 panis

1568 947 1644 968 cum
1667 948 1803 979 corpore
1827 939 1960 976 Christi,
1987 940 2021 980 ly
2043 940 2104 970 hoc
2127 939 2358 971 demonstraret
2379 941 2463 971 hanc
2485 942 2630 972 substan-

1567 982 1660 1018 tiam,
1693 983 2020 1023 comprehendentem
2049 993 2167 1024 panem
2198 989 2230 1014 et
2259 994 2376 1025 corpus
2405 984 2542 1022 Christi,
2573 995 2631 1026 per

1567 1026 1703 1056 modum
1718 1027 1814 1057 unius
1829 1027 1994 1067 singularis
2010 1029 2211 1059 substantiae.
2237 1029 2278 1059 Et
2293 1030 2338 1059 sic
2353 1030 2532 1070 propositio
2549 1035 2631 1061 esset

1568 1069 1654 1106 falsa,
1670 1071 1800 1110 proprie
1815 1071 1998 1111 loquendo:
2024 1073 2099 1112 quia
2114 1071 2304 1112 significaret
2317 1073 2408 1113 panis
2423 1074 2631 1105 substantiam

1569 1122 1637 1143 esse
1661 1123 1777 1154 corpus
1801 1114 1929 1151 Christi,
1953 1115 2043 1155 quod
2067 1121 2191 1146 constat
2214 1126 2282 1147 esse
2305 1116 2430 1147 falsum.

1623 1157 1706 1187 XVI.
1731 1158 1826 1189 Unde
1855 1158 1896 1188 ad
1923 1159 2012 1189 Scoti
2038 1160 2255 1190 obiectionem
2270 1161 2287 1177 ⁴
2311 1160 2425 1191 dicitur
2451 1161 2542 1202 quod
2563 1171 2631 1193 non

1570 1206 1617 1231 est
1639 1201 1788 1232 varianda
1811 1201 2040 1233 demonstratio
2065 1213 2162 1243 quam
2178 1203 2253 1234 facit
2275 1204 2308 1244 ly
2323 1204 2384 1234 hoc
2406 1205 2440 1235 in
2454 1205 2514 1235 ista
2530 1214 2632 1236 enun-

1568 1245 1702 1275 tiatione
1718 1246 1945 1282 sacramentali,
1962 1256 2001 1277 ex
2016 1247 2123 1287 aliqua
2137 1247 2324 1288 hypothesi:
2350 1247 2406 1278 sed
2421 1248 2570 1279 standum
2586 1255 2634 1280 est

1569 1289 1604 1318 in
1618 1290 1812 1329 proprietate
1828 1299 1904 1320 suae
1921 1290 2210 1327 demonstrationis,
2223 1291 2403 1322 secundum
2418 1301 2517 1332 quarn
2528 1293 2562 1334 ly
2571 1293 2634 1324 hoc

1569 1342 1638 1363 non
1661 1333 1817 1373 significat
1839 1339 2029 1365 contentum
2045 1335 2104 1365 sub
2119 1335 2184 1365 hoc
2199 1345 2292 1375 pane,
2309 1335 2365 1366 sed
2380 1335 2536 1376 significat
2550 1337 2634 1368 hanc

1570 1378 1788 1414 substantiam,
1806 1387 1888 1418 quae
1912 1378 2033 1409 scilicet
2055 1379 2238 1410 continetur
2260 1380 2319 1410 sub
2335 1380 2384 1410 his
2399 1380 2633 1419 accidentibus3

1570 1422 1650 1452 haec
1673 1422 1759 1452 enim
1782 1423 1956 1453 substantia
1979 1428 2026 1453 est
2044 1433 2163 1463 corpus
2179 1423 2306 1454 Christi.
2330 1424 2372 1454 Et
2386 1430 2534 1456 notanter
2549 1425 2632 1463 dico,

1569 1466 1650 1496 haec
1671 1467 1860 1502 substantia,
1885 1472 1917 1498 et
1938 1477 2006 1497 non
2029 1467 2113 1503 dico,
2137 1467 2189 1498 hic
2205 1468 2324 1508 panis:
2346 1469 2432 1509 quia,
2451 1475 2489 1500 ut
2511 1469 2634 1501 dictum

1571 1515 1619 1540 est
1633 1511 1660 1546 *,
1685 1510 1920 1541 demonstratur
1941 1512 2021 1542 haec
2043 1512 2217 1542 substantia
2239 1513 2308 1543 sine
2331 1513 2493 1553 qualitate.

1625 1554 1678 1585 Ad
1700 1554 1891 1586 Durandum
1912 1565 1989 1586 vero
2013 1555 2128 1586 dicitur
2151 1556 2242 1596 quod
2264 1557 2492 1588 chimaericum
2508 1563 2556 1589 est
2569 1559 2634 1590 sin.-

1571 1599 1679 1639 gulare
1696 1598 1800 1630 facere
1814 1599 2028 1630 indefinitum.
2053 1600 2094 1630 Et
2108 1606 2270 1640 praeterea
2285 1606 2332 1632 est
2347 1602 2435 1632 abuti
2449 1603 2632 1634 vocabulis:

1572 1649 1701 1684 oportet
1724 1645 1811 1674 enim
1834 1643 2012 1675 secundum
2034 1645 2164 1684 propria
2186 1644 2336 1675 iudicare.

1626 1688 1723 1719 XVII.
1749 1688 1870 1719 Contra
1901 1689 2026 1719 tertiam
2055 1689 2212 1719 rationem
2242 1689 2363 1720 litterae
2379 1690 2410 1726 ³,
2437 1690 2572 1727 scilicet,
2599 1691 2635 1722 Si

1570 1738 1652 1764 esset
1666 1733 1734 1763 alia
1756 1733 1934 1764 substantia
1950 1742 2046 1773 quam
2062 1733 2211 1773 corporis
2228 1733 2357 1770 Christi,
2374 1735 2637 1766 contrariaretur

1571 1778 1773 1808 venerationi
1794 1777 2030 1813 Eucharistiae,
2055 1777 2159 1807 obstat
2188 1777 2303 1808 Scotus
2318 1779 2345 1814 *,
2370 1779 2446 1818 quia
2474 1788 2563 1810 nunc
2589 1784 2637 1811 est

1571 1822 1616 1852 ibi
1639 1822 1746 1862 aliqua
1769 1827 1919 1858 creatura,
1943 1826 2022 1861 puta
2043 1822 2166 1861 species
2195 1822 2444 1853 sacramentalis:
2473 1828 2505 1853 et
2526 1829 2636 1855 tamen

1572 1866 1715 1897 adoratio
1739 1867 1954 1897 Eucharistiae
1977 1865 2111 1896 refertur
2133 1865 2173 1896 ad
2189 1866 2363 1902 Christum,
2380 1871 2411 1896 et
2425 1875 2493 1897 non
2509 1866 2550 1898 ad
2564 1876 2636 1898 sen-

1572 1911 1662 1941 sibile
1686 1911 1865 1941 continens.
1889 1907 1975 1950 Ergo
1992 1909 2107 1940 eodem
2125 1909 2238 1946 modo,
2261 1911 2288 1940 si
2302 1920 2371 1940 non
2386 1916 2566 1942 remaneret
2579 1921 2637 1952 pa-

1572 1956 1631 1991 nis,
1648 1954 1831 1985 adoraretur
1843 1954 1987 1985 Christus
2003 1959 2174 1984 contentus
2189 1954 2248 1984 sub
2263 1963 2348 1995 pane
2364 1960 2485 1996 quanto
2503 1960 2535 1986 et
2549 1955 2638 1996 quali

1572 2004 1609 2030 ut
1631 2000 1664 2029 in
1688 1999 1714 2029 si
1760 2008 1790 2029 o.
2613 2007 2618 2010 ·

1628 2043 1680 2074 Ad
1698 2008 1762 2074 iffi
1785 2043 1900 2074 dicitur
1924 2041 2014 2083 quod
2028 2043 2108 2073 ratio
2125 2043 2246 2073 litterae
2261 2047 2321 2073 stat
2336 2042 2447 2073 solida.
2471 2043 2638 2082 Quoniam

1574 2097 1800 2128 quaecumque
1823 2088 1998 2117 substantia
2019 2087 2080 2117 alia
2102 2096 2121 2117 a
2144 2086 2287 2123 Christo,
2311 2087 2520 2118 contrariatur
2539 2097 2638 2120 vene-

1573 2132 1689 2162 rationi
1713 2141 1777 2172 qua
1799 2140 1990 2162 veneramur
2012 2131 2253 2162 Eucharistiam.
2277 2131 2362 2162 Nam
2377 2131 2547 2163 adoramus
2561 2131 2638 2164 aim-

1574 2177 1699 2217 pliciter
1721 2182 1753 2207 et
1775 2176 1920 2207 absolute
1944 2175 2152 2206 substantiam
2179 2175 2367 2206 existentem
2389 2176 2448 2206 sub
2470 2175 2532 2207 illis
2554 2177 2637 2208 acci-

1575 2220 1732 2251 dentibus.
1758 2220 1893 2251 Constat
1916 2225 2024 2250 autem
2046 2219 2233 2250 huiusmodi
2256 2219 2433 2251 adorationi
2456 2221 2639 2252 cona-arian

1575 2274 1816 2305 quamcumque
1839 2265 1933 2295 aliam
1948 2264 2156 2294 substantiam
2176 2273 2244 2294 esse
2259 2263 2318 2294 sub
2333 2263 2394 2294 illis
2410 2264 2637 2296 accidentibus.

1575 2309 1639 2340 Sed
1661 2313 1828 2350 arguentes
1851 2308 2004 2339 falluntur
2026 2309 2060 2338 in
2082 2308 2157 2344 hoc,
2182 2308 2336 2348 quoniam
2353 2308 2513 2339 divertunt
2527 2309 2566 2340 ab
2583 2308 2638 2341 ad—

1575 2355 1721 2384 oratione
1745 2363 1828 2394 quae
1850 2356 1938 2383 nunc
1961 2351 2007 2388 fit,
2031 2351 2072 2383 ad
2094 2361 2166 2382 eam
2188 2361 2272 2392 quae
2293 2357 2371 2383 tunc
2394 2352 2485 2384 fieret
2507 2354 2534 2383 si
2557 2358 2640 2384 esset

1575 2399 1671 2429 etiam
1697 2398 1741 2428 ibi
1763 2398 1938 2428 substantia
1963 2397 2064 2437 panis.
2095 2396 2219 2427 Auctor
2248 2402 2356 2427 autem
2387 2406 2426 2428 ex
2452 2397 2639 2429 adoratione

1576 2452 1674 2483 quam
1697 2441 1737 2472 de
1759 2440 1843 2472 facto
1868 2441 2054 2471 exhibemus
2069 2441 2296 2477 Eucharistiae,
2319 2440 2414 2472 infert
2427 2451 2496 2472 non
2511 2451 2580 2473 esse
2593 2442 2640 2473 ibi

1575 2487 1670 2517 aliam
1692 2486 1900 2517 substantiam
1923 2495 1942 2515 a
1965 2484 2104 2515 Christo.

1630 2530 1725 2562 Unde
1741 2530 1781 2560 ad
1796 2535 2021 2570 argumentum
2038 2529 2136 2565 Scoti‚
2154 2538 2308 2560 concesso
2324 2535 2406 2566 toto,
2419 2529 2534 2561 dicitur
2549 2529 2640 2571 quod

1575 2585 1643 2606 non
1666 2575 1874 2615 impugnatur
1896 2574 1975 2604 ratio
2000 2573 2137 2604 litterae:
2163 2574 2239 2614 quia
2257 2573 2298 2604 ad
2313 2573 2534 2605 adorationem
2556 2584 2639 2616 quae

1575 2624 1685 2660 posset
1706 2618 1785 2655 fieri,
1811 2618 1955 2654 divertit:
1979 2623 2011 2648 et
2033 2627 2101 2648 non
2124 2618 2204 2648 sistit
2226 2618 2260 2648 in
2284 2618 2470 2649 adoratione
2493 2628 2577 2660 quae
2598 2618 2640 2651 de

1576 2663 1661 2694 facto
1689 2662 1742 2700 fit,
1767 2672 1830 2703 qua
1857 2662 2026 2693 adoramus
2054 2662 2262 2693 substantiam
2294 2668 2479 2694 contentam
2508 2663 2568 2694 sub
2590 2663 2640 2694 his

1576 2708 1753 2749 speciebus
1785 2706 1885 2745 Quod
1911 2712 1989 2737 tunc
2018 2716 2086 2737 non
2115 2705 2221 2743 fieret,
2252 2706 2313 2737 nisi
2335 2707 2522 2747 partialiter:
2549 2712 2638 2748 puta,

1577 2753 1717 2793 aliquam
1749 2751 1956 2782 substantiam
1987 2755 2172 2781 contentam
2204 2750 2386 2788 adorando,
2414 2750 2638 2792 distinguendo

1576 2798 1658 2827 inter
1669 2796 1877 2827 substantiam
1889 2796 1980 2836 panis
1997 2800 2028 2825 et
2039 2795 2247 2826 substantiam
2259 2794 2386 2826 Christi.
2403 2795 2538 2826 Constat
2552 2795 2639 2827 enim

1577 2851 1665 2872 nunc
1688 2841 1809 2881 absque
1825 2839 2028 2870 distinctione
2043 2839 2150 2880 aliqua
2172 2840 2380 2870 substantiam
2394 2839 2439 2870 ibi
2453 2844 2639 2871 contentam

1578 2885 1702 2916 adorari
1725 2885 1764 2916 ab
1787 2884 1941 2915 Ecclesia.

1263 3011 1583 3056 ARTICULUS
1611 3012 1842 3056 TERTIUS

560 3102 718 3134 UTRUM
741 3101 1012 3133 SUBSTANTIA
1035 3103 1168 3140 PANIS,
1192 3104 1303 3136 POST
1327 3105 1733 3138 CONSECRATIONEM
1755 3106 1888 3139 HUIUS
1911 3105 2203 3142 SACRAMENTI,
2226 3105 2539 3144 ANNIHILETUR,

1058 3148 1150 3179 AUT
1174 3148 1217 3179 IN
1240 3149 1474 3181 PRISTINAM
1497 3151 1731 3182 MATERIAM
1754 3150 2046 3183 RESOLVATUR

512 3224 546 3249 1v
565 3224 648 3255 Sent„
669 3224 727 3248 dist.
745 3231 780 3255 xi,
800 3232 844 3257 qu.
863 3233 881 3255 1,
900 3230 946 3249 art.
967 3233 995 3257 2;
1015 3226 1048 3251 lV
1069 3227 1146 3253 Cont.
1169 3228 1256 3257 cent„
1277 3235 1333 3261 cap.
1351 3235 1426 3259 mm
1447 3229 1543 3260 Quodl.
1562 3229 1594 3259 V.
1614 3236 1658 3262 qu.
1675 3237 1712 3260 vr,
1730 3235 1778 3255 art.
1798 3236 1809 3255 1
1820 3238 1828 3261 ;
1847 3229 1878 3255 In
1898 3228 2005 3259 Mami„
2025 3236 2082 3261 cap.
2099 3236 2175 3261 xxv1;
2191 3229 2202 3253 1
2220 3229 2258 3254 ad
2279 3230 2349 3260 Cor„
2364 3237 2420 3262 cap.
2438 3238 2474 3262 xx,
2491 3231 2551 3256 lect.
2567 3238 2594 3257 v.

578 3307 651 3357 2:12<
673 3304 696 3329 D
722 3304 880 3330 TERTmM
900 3306 951 3331 sm
971 3306 1207 3333 Paocamrua.
1236 3296 1397 3334 Videtur
1417 3298 1524 3347 quod
1578 3297 1684 3336 enim
1711 3305 1767 3336 est
1793 3297 1951 3348 aliquid*
1965 3298 2175 3357 corporale,
2201 3305 2352 3348 oportet
2378 3298 2518 3337 alicubi
2545 3311 2640 3338 esse.

601 3371 636 3408 κ’]
658 3393 663 3397 ἧ

522 3440 617 3475 ,Ε”ἱῗώ
633 3440 663 3473 R

498 3304 511 3330 ‘h

503 3336 513 3347 ²
675 3344 883 3383 substantia
914 3346 1043 3395 panis,
1073 3355 1160 3397 post
1195 3349 1524 3388 consecrationem
1580 3351 1657 3388 Sed
1685 3350 1895 3389 substantia
1921 3362 2043 3400 panis,
2072 3362 2173 3399 quae
2206 3358 2262 3388 est
2289 3351 2476 3401 quiddam
2504 3365 2641 3403 corpo-

484 3398 601 3472 Ᾰέε
623 3401 644 3437 (1
675 3397 791 3457 huius
826 3399 1070 3446 sacramenti,
1100 3400 1349 3449 annihiletur,
1384 3410 1450 3440 aut
1483 3402 1523 3440 in
1579 3405 1667 3450 rale,
1688 3416 1768 3441 non
1796 3410 1927 3440 manet
1954 3402 1994 3440 in
2021 3404 2098 3440 hoc
2130 3412 2387 3463 sacramento,
2416 3412 2460 3442 ut
2495 3404 2642 3466 dictum

654 3451 873 3500 pristinam
905 3452 1106 3490 materiam
1138 3455 1360 3492 resolvatur.
1404 3455 1523 3502 Quod
1579 3464 1635 3493 est
1652 3456 1689 3493 *ε
1710 3467 1784 3493 nec
1805 3455 1920 3494 etiam
1947 3463 2003 3493 est
2030 3456 2121 3494 dare
2140 3458 2309 3507 aliquem
2337 3459 2468 3496 locum
2495 3458 2564 3496 ubi
2583 3465 2640 3496 sit.

2656 1160 2668 1182 '⁸
2682 1159 2754 1192 Num.
2770 1159 2818 1193 xiv·

2659 1518 2874 1549 'Nun-m

2661 1694 2833 1718 'etnam-1.

2661 1783 2673 1795 0
2686 1781 2719 1804 lv
2732 1781 2806 1809 Sext„
2820 1782 2873 1804 dist.

2661 1815 2687 1831 xi
2709 1813 2750 1838 qu.
2760 1814 2795 1836 ιιι,
2809 1813 2852 1831 ιη.
2864 1817 2873 1832 ι

2662 1825 2784 1864 princip-1.

2669 3462 2867 3492 ·An.puee·d.
2913 3468 2918 3476 ²
