2878 4088
1180 179 1733 264 INDEX

805 327 1372 380 SUPPLEMENTI
1414 314 1780 377 TERTIAE
1823 324 2107 386 PAR'HS

1132 437 1367 481 SUMMAE
1407 436 1780 479 THEOLOGIAE

876 547 1167 600 SANCTI
1209 546 1546 599 THOMAE
1586 545 2040 610 AQUINATIS

365 768 508 798 Praefatio
536 769 566 798 in
587 769 827 806 Supplementum
837 767 952 794 Tertiae
973 765 1073 794 Partis.
1096 785 2404 794 ............................................
2422 775 2495 805 pag.
2516 775 2548 794 m

362 1010 431 1032 ΛΚΤ.
451 1012 472 1033 Ι.

405 1134 420 1149 »
452 1131 483 1151 11-

405 1174 420 1189 )
451 1170 492 1193 111.

361 1370 431 1392 Διΐ.
452 1372 472 1392 1.

403 1453 419 1469 ›
450 1451 482 1472 u.

403 1493 419 1509 ἱ
450 1491 492 1512 m.

402 1573 418 1589 ›
449 1571 489 1591 lv.

406 1652 422 1668 ι
451 1650 480 1670 V.

402 1730 418 1745 a
450 1727 490 1747 Vl.

359 1997 428 2017 ΛΒΤ.
448 1996 468 2016 1.

399 2077 416 2092 D
448 2075 479 2095 11.

400 2157 415 2172 θ
447 2154 489 2175 111.

355 2404 424 2426 ΛΒΤ.
445 2405 465 2426 1.
481 2380 495 2389 ·

398 2448 414 2464 ›
443 2445 475 2466 11.

395 2487 412 2503 »
443 2485 476 2506 111

443 3162 485 3302 ,ze-²*

441 3361 481 3421 ,ss

728 858 921 893 QUAESTIO
944 859 1060 886 PRIMA

749 908 799 937 De
820 908 1038 938 contritione.

532 1003 635 1032 Utrum
660 1002 794 1031 contritio
819 1003 855 1031 sit
878 1003 965 1032 dolor
983 1013 1042 1041 pro
1061 1004 1190 1041 peccatis
1210 1013 1256 1032 as-

572 1048 703 1089 sumpt-us
723 1051 788 1071 cum
808 1044 960 1081 proposito
985 1043 1141 1082 confitendi
1162 1049 1189 1071 ee
1209 1053 1255 1072 sa-

573 1082 742 1120 tisfaciendi
741 1103 1254 1112 ..................
1273 1092 1346 1123 pag.

535 1123 639 1151 Utrum
661 1122 795 1151 contritio
821 1123 858 1151 sit
884 1130 964 1151 actus
985 1123 1096 1151 virtutis
1098 1144 1256 1152 ......

533 1163 637 1191 Utrum
658 1163 765 1191 attritio
787 1163 879 1199 possit
907 1163 967 1191 fieri
988 1163 1124 1191 contritio
1128 1184 1253 1192 .....

697 1245 890 1279 QUAESTIO
913 1245 1091 1273 SECUNDA

671 1294 724 1337 De
741 1295 879 1324 obiecto
900 1294 1129 1324 contritionis-

533 1363 749 1391 Utrum-homo
770 1363 874 1392 debeat
899 1363 1010 1392 conteri
1031 1364 1067 1391 de
1088 1364 1207 1400 poenis,
1230 1371 1258 1392 et

572 1411 634 1431 non
655 1403 750 1431 solum
772 1404 808 1431 de
829 1403 913 1439 culpa
916 1424 1256 1432 ............

533 1443 635 1472 Utrum
658 1443 793 1471 contritio
818 1453 881 1471 esse
901 1444 1005 1472 debeat
1026 1444 1062 1472 de
1083 1443 1224 1481 originali.
1248 1465 1255 1472 .

532 1483 635 1511 Utrum
658 1484 694 1511 de
714 1483 796 1511 omni
822 1483 925 1512 actuali
952 1490 1071 1520 peccato
1099 1484 1257 1512 commisso

569 1532 587 1551 a
607 1523 692 1551 nobis
713 1523 870 1551 debeamus
892 1524 1001 1552 conteri
1004 1545 1253 1552 .........

530 1563 634 1591 Utrum
655 1563 742 1591 etiam
763 1564 799 1591 de
819 1563 944 1599 peccatis
965 1563 1066 1592 futuris
1086 1563 1191 1600 aliquis
1206 1564 1256 1591 de-

571 1603 639 1631 beat
659 1603 770 1631 conteri
773 1623 1255 1632 .................

531 1642 639 1670 Utrum·
665 1643 756 1670 homo
791 1643 895 1670 debeat
927 1643 1037 1671 conteri
1070 1643 1105 1671 de
1136 1650 1256 1679 peccato

570 1681 676 1710 alieno.

531 1721 634 1748 Utrum
656 1720 819 1757 requiratur
839 1720 875 1748 de
892 1719 1010 1758 singulis
1031 1721 1156 1758 peccatis
1178 1730 1257 1748 mor·

570 1759 674 1789 talibus
696 1759 831 1789 contritio
833 1781 1254 1790 ...............

707 1702 1255 1710 ...................

709 1856 905 1890 QUAESTIO
927 1856 1071 1883 TERTIA

634 1907 685 1935 De
705 1906 900 1941 quantitate
921 1905 1152 1935 contritionis.

529 1987 633 2015 Utrum
662 1985 797 2014 contritio
825 1986 861 2014 sit
887 1985 981 2014 maior
1001 1986 1087 2014 dolor
1115 1985 1165 2023 qui
1192 1995 1254 2014 esse

567 2025 660 2063 possit
680 2025 711 2053 in
731 2032 834 2054 namra
836 2046 1252 2055 ...............

530 2066 634 2093 Utrum
654 2065 747 2101 possit
767 2074 830 2093 esse
850 2065 937 2094 nimis
958 2075 1080 2103 magnus
1105 2066 1253 2095 contritio-

568 2105 613 2134 nis
640 2105 726 2133 dolor
727 2126 1251 2135 ..................

530 2146 635 2174 Utrum
665 2145 770 2173 debeat
799 2154 861 2173 esse
886 2145 981 2174 maior
1012 2146 1097 2174 dolor
1127 2147 1163 2174 de
1194 2155 1252 2174 uno

568 2191 687 2223 peccato
717 2194 805 2222 quam
827 2186 864 2213 de
884 2185 942 2214 alio
945 2206 1253 2216 ...........

701 2274 895 2309 QUAEswo
920 2274 1080 2309 QUARTA

647 2324 698 2354 De
718 2325 874 2361 tempore
895 2325 1125 2354 contritionis.

525 2397 629 2425 Utrum
643 2402 703 2425 tota
719 2396 790 2425 haec
804 2396 861 2424 vita
876 2396 911 2424 sit
926 2396 1109 2425 contritionis
1127 2404 1250 2435 tempus.

525 2437 629 2465 Utrum
650 2436 782 2473 expediat
802 2437 940 2465 continue
955 2437 991 2464 de
1005 2444 1125 2473 peccato
1142 2438 1249 2466 dolere.
1305 2451 1319 2465 ›

477 2498 485 2506 .
525 2477 630 2505 Utrum
658 2477 744 2505 etiam
772 2483 839 2513 post
866 2477 940 2505 hanc
961 2477 1049 2505 vitam
1078 2477 1192 2506 animae
1214 2479 1250 2507 de

563 2517 688 2554 peccatis
716 2523 903 2545 conterantur
906 2538 1246 2547 ............

705 2587 900 2627 QUAESTIO
923 2593 1070 2627 QUiNTA

662 2643 712 2672 De
733 2642 859 2672 effectu
879 2642 1110 2684 contritionis.

526 2713 629 2741 Utrum
655 2711 775 2751 peccati¹
793 2711 924 2740 remissio
952 2712 988 2740 sit
1009 2712 1190 2741 contritionis
1212 2713 1252 2741 ef-

565 2752 654 2780 fectus
657 2773 1247 2781 .....................

525 2793 629 2821 Utrum
650 2791 786 2820 contritio
808 2792 899 2828 possit
919 2791 1046 2820 totaliter
1066 2792 1166 2820 tollere
1187 2801 1250 2821 rea-

564 2838 627 2860 tum
648 2841 761 2868 poenae
764 2852 1245 2860 .................

526 2872 630 2899 Utrum
651 2871 786 2900 contritio
807 2880 896 2907 parva
918 2869 1043 2900 sufficiat
1067 2872 1104 2900 ad
1129 2872 1248 2900 deletio-

565 2921 632 2940 nem
655 2921 828 2948 magnorum
849 2918 1036 2948 peccatorum
1040 2932 1247 2940 ........

715 3019 908 3053 QUAESTIO
931 3020 1057 3048 SEXTA

610 3069 660 3098 De
681 3068 915 3099 confessionis
935 3070 1161 3100 necessitate.

525 3155 626 3187 Utrum
649 3159 791 3187 confessio
816 3159 851 3187 sit
873 3159 1032 3188 necessaria
1058 3161 1095 3188 ad
1116 3162 1246 3191 salutem.

525 3195 628 3225 Utrum
647 3199 792 3228 confessio
815 3199 850 3227 sit
871 3201 907 3227 de
922 3200 982 3228 iure
1003 3200 1124 3228 naturali
1147 3222 1154 3229 .
1177 3222 1184 3229 .
1207 3223 1214 3230 .

527 3235 630 3263 Utrum
655 3246 756 3267 omnes
782 3241 819 3268 ad
845 3239 1056 3268 confessionem
1083 3247 1244 3270 teneantur.

524 3275 627 3303 Utrum
648 3275 751 3314 aliquis
776 3279 852 3308 licite
877 3279 968 3316 possit
992 3280 1123 3308 confiteri
1144 3290 1245 3317 pecca-

563 3321 626 3342 tum
647 3316 727 3351 quod
742 3326 807 3347 non
828 3319 915 3348 habet
917 3341 1243 3350 ............

522 3354 624 3382 Utrum
646 3354 743 3383 statim
760 3363 898 3387 meatur
922 3359 1052 3388 confiteri
1056 3381 1244 3389 .......
1299 3373 1313 3387 ›

522 3394 624 3422 Utrum
645 3394 736 3430 possit
756 3403 822 3424 cum
835 3398 933 3436 aliquo
948 3399 1107 3436 dispensari
1122 3410 1159 3429 ne
1174 3410 1244 3429 con-

562 3432 676 3462 fiteatur
703 3434 813 3463 homini
817 3456 1244 3469 ...............

491 3490 602 3515 Sumus
620 3492 721 3517 Τκκοι.
738 3493 768 3518 D.
787 3492 902 3518 ’raone
920 3495 953 3520 Τ.
966 3497 1009 3522 lx.

1569 2266 1608 2286 :a
1569 2106 1610 2206 aa*

1564 2518 1595 2578 gar·

1566 2630 1607 2699 ‚25

1565 2758 1593 2778 .<

1561 3090 1590 3109 11.

1825 859 2019 894 QUAESTIO
2042 860 2207 888 SEPTIMA

1750 909 1800 939 De
1822 909 2013 946 quidditate
2034 910 2280 940 confessionis.

1655 968 1758 996 Utrum
1779 967 1957 1004 Augustinus
1987 967 2192 996 convenienter
2221 967 2377 996 confessio-

1696 1016 1759 1035 nem
1783 1007 1901 1035 definiat
1903 1029 2375 1036 .................

1655 1048 1757 1075 Utrum
1784 1047 1927 1076 confessio
1948 1047 1984 1075 sit
2005 1055 2085 1076 actus
2106 1047 2216 1076 virtutis
2220 1069 2376 1076 ......

1656 1088 1758 1115 Utrum
1782 1087 1925 1116 confessio
1947 1088 1983 1116 sit
2003 1095 2083 1116 actus
2107 1088 2300 1125 poenitentiae
2321 1087 2378 1116 vir-

1692 1134 1760 1155 tutis
1764 1148 2375 1157 .....................

1829 1198 2022 1232 QUAESTIO
2045 1198 2205 1226 OCTAVA

1769 1248 1817 1276 De
1839 1247 1999 1277 ministro
2020 1248 2264 1277 confessionis.

1654 1313 1757 1340 Utrum
1783 1311 1819 1339 sit
1845 1312 2036 1340 necessarium
2066 1312 2207 1340 sacerdoti
2237 1312 2376 1340 confiteri.

1654 1353 1757 1380 Utrum
1780 1352 1807 1381 in
1829 1352 1927 1389 aliquo
1950 1361 2017 1380 casu
2039 1352 2122 1380 liceat
2143 1352 2204 1380 aliis
2225 1362 2312 1389 quam
2332 1362 2376 1381 sa-

1692 1393 1856 1421 cerdotibus
1878 1392 2008 1420 confiteri
2012 1413 2376 1421 .............

1654 1433 1767 1466 Utrum,
1789 1439 1868 1461 extra
1889 1441 1988 1460 casum
2009 1433 2194 1466 necessitatis,
2216 1432 2306 1469 possit
2326 1433 2377 1460 ali-

1693 1472 1757 1509 quis
1789 1482 1848 1501 non
1878 1473 2013 1501 sacerdos
2045 1473 2258 1500 confessionem
2290 1473 2386 1500 venia—

1691 1513 1762 1540 lium
1784 1513 1883 1541 audire
1886 1533 2374 1541 .................

1653 1553 1754 1581 Utrum
1781 1553 1817 1581 sit
1842 1553 2036 1581 necessarium
2062 1554 2142 1590 quod
2170 1553 2261 1581 homo
2287 1552 2378 1580 confi-

1693 1600 1786 1621 teatur
1809 1593 1928 1630 proprio
1954 1593 2095 1622 sacerdoti
2099 1614 2375 1621 ..........

1653 1634 1755 1661 Utrum
1784 1633 1875 1670 possit
1901 1633 2005 1670 aliquis
2033 1632 2114 1662 alteri
2142 1642 2229 1669 quam
2258 1633 2377 1669 proprio

1692 1674 1834 1701 sacerdoti
1855 1673 1986 1701 confiteri
2009 1682 2041 1701 ex
2063 1672 2210 1710 privilegio
2229 1673 2274 1700 vel
2295 1682 2376 1700 man—

2431 1019 2446 1034 )

2429 1058 2444 1074 2

2429 1138 2444 1154 ἱ

2429 1323 2445 1339 δ

2430 1403 2445 1418 2

1693 1714 1762 1740 dato
1791 1712 1947 1748 superioris
1949 1732 2375 1741 ...............
2430 1724 2444 1738 ι»

1653 1752 1755 1781 Utrum
1777 1752 1807 1780 in
1822 1752 1879 1780 fine
1900 1752 1973 1780 vitae
1995 1752 2145 1789 poenitens
2167 1752 2258 1789 possit
2272 1761 2289 1780 a
2303 1762 2376 1789 quo-

1693 1792 1762 1820 libet
1782 1793 1930 1821 sacerdote
1955 1792 2064 1821 absolvi
2068 1814 2377 1821 ...........

1655 1833 1757 1861 Utrum
1780 1842 1875 1869 poena
1895 1833 2072 1869 temporalis.
2094 1833 2174 1861 cuius
2196 1839 2290 1861 reatus
2311 1839 2378 1869 post

1692 1872 1899 1908 poenitentiam
1931 1880 2044 1907 manet,
2076 1879 2186 1901 taxetur
2216 1874 2375 1901 secundum

1693 1912 1881 1949 quantitatem
1904 1913 2004 1949 culpae
2008 1934 2374 1941 .............

1852 1982 2045 2017 QUAESTIO
2067 1983 2174 2012 NONA

1759 2032 1809 2061 De
1830 2033 1999 2068 qualitate
2022 2033 2266 2063 confessionis.

1653 2098 1755 2125 Utrum
1778 2097 1920 2125 confessio
1946 2097 2037 2133 possit
2058 2107 2119 2126 esse
2141 2098 2281 2126 informis.
2305 2120 2312 2127 .
2335 2121 2341 2127 .
2365 2121 2371 2127 .

1650 2138 1752 2166 Utrum
1769 2144 1902 2174 oporteat
1921 2137 2132 2166 confessionem
2148 2148 2210 2167 esse
2223 2139 2373 2176 integram.

1652 2179 1754 2206 Utrum
1775 2177 1867 2214 possit
1886 2187 1938 2214 per
1958 2178 2047 2206 alium
2073 2178 2137 2215 quis
2163 2179 2306 2214 confiteri,
2328 2180 2374 2208 vel

1689 2227 1740 2254 per
1761 2218 1897 2254 scriptum
1902 2239 2370 2248 .................

1648 2259 1751 2287 Utrum
1781 2257 1844 2286 illae
1873 2258 2015 2286 sexdecim
2046 2258 2229 2287 conditiones
2257 2269 2331 2296 quae
2355 2269 2373 2288 a

1688 2298 1830 2335 magistris
1848 2298 2038 2336 assignantur,
2053 2298 2236 2335 requirantur
2250 2301 2287 2327 ad
2302 2309 2371 2328 con-

1685 2338 1850 2366 sessionem.

1826 2401 2020 2435 QUAESTIO
2043 2402 2188 2429 DECIMA

1780 2452 1828 2480 De
1850 2450 1977 2480 effectu
1997 2451 2240 2480 confessionis.

1882 2359 2370 2368 -----------------

1647 2510 1750 2538 Utrum
1776 2509 1918 2537 confessio
1944 2508 2044 2537 liberet
2064 2519 2081 2537 a
2102 2517 2195 2538 morte
2220 2511 2339 2547 peccati.
2363 2532 2369 2539 .

1647 2550 1748 2578 Utrum
1785 2549 1927 2578 confessio
1962 2548 2062 2577 liberet
2096 2549 2195 2587 aliquo
2230 2551 2319 2579 modo
2353 2561 2370 2579 a

1687 2598 1791 2626 poena.

1649 2630 1751 2657 Utrum
1773 2629 1917 2657 confessio
1941 2629 2050 2665 aperiat
2075 2629 2240 2665 paradisum
2245 2652 2370 2659 .....

1647 2670 1750 2698 Utrum
1785 2669 1902 2697 effectus
1937 2669 2126 2697 confessionis
2161 2669 2231 2705 poni
2266 2670 2369 2698 debeat

1687 2709 1767 2746 quod
1793 2709 1892 2737 tribuit
1917 2718 1998 2745 spem
2023 2709 2120 2736 salutis
2123 2730 2368 2738 .........

1646 2750 1748 2777 Utrum
1777 2749 1919 2777 confessio
1947 2748 2086 2785 generalis
2114 2747 2237 2777 sufficiat
2259 2750 2296 2777 ad
2318 2750 2367 2777 de-

1684 2789 1802 2817 lendum
1824 2795 1941 2826 peccata
1964 2788 2097 2816 mortalia
2119 2789 2206 2817 oblita
2209 2810 2365 2817 ......

1797 2852 1990 2887 QUAESTIO
2012 2852 2211 2881 UNDECIMA

1779 2902 1829 2930 De
1850 2901 1962 2937 sigillo
1984 2901 2226 2931 confessionis.

1644 2962 1747 2989 Utrum
1773 2960 1803 2988 in
1829 2960 1959 2996 quolibet
1983 2969 2051 2988 casu
2075 2966 2207 2988 teneatur
2232 2962 2365 2989 sacerdos

1682 3000 1773 3028 celare
1801 3006 1917 3036 peccata
1948 3009 2023 3036 quae
2050 3001 2103 3027 sub
2131 2999 2224 3037 sigillo
2252 3001 2364 3029 confes-

1681 3049 1770 3068 sroms
1795 3046 1875 3067 novit
1877 3060 2362 3069 .................

1642 3081 1745 3109 Utrum
1767 3078 1890 3116 sigillum
1913 3078 2102 3108 confessionis
2122 3088 2152 3107 se
2174 3081 2308 3108 extendat
2327 3082 2365 3109 ad

1680 3120 1735 3148 alia
1757 3129 1844 3156 quam
1867 3119 1914 3148 illa
1936 3129 2010 3157 quae
2032 3126 2099 3147 sunt
2120 3120 2155 3147 de
2173 3120 2364 3149 confessione.

1560 3168 1601 3188 111.
1642 3160 1745 3188 Utrum
1767 3160 1862 3188 solum
1884 3160 2017 3188 sacerdos
2035 3159 2158 3196 sigillum
2177 3160 2365 3188 confessionis

1561 3248 1599 3268 tv.

1559 3368 1588 3388 V.

1681 3200 1785 3228 habeat
1788 3220 2363 3229 ....................

1642 3240 1744 3268 Utrum
1759 3240 1795 3267 de
1809 3239 1923 3268 licentia
1944 3239 2107 3267 confitentis
2124 3239 2216 3275 possit
2230 3241 2364 3268 sacerdos

1680 3285 1828 3316 peccatum
1851 3280 1931 3316 quod
1953 3280 2039 3307 habet
2059 3280 2113 3307 sub
2134 3279 2229 3317 sigillo
2250 3281 2362 3308 confes-

1681 3319 1781 3353 sionis,
1800 3319 1880 3347 alteri
1903 3320 2025 3356 prodere
2028 3340 2361 3348 ............

1639 3360 1742 3388 Utrum
1769 3359 1839 3387 iliud
1865 3360 1944 3396 quod
1969 3359 2033 3396 quis
2058 3359 2110 3387 scit
2135 3368 2186 3395 per
2207 3359 2362 3388 confessio-

1680 3408 1747 3427 nem
1774 3406 1802 3427 et
1830 3399 1915 3427 etiam
1944 3399 2001 3427 alio
2030 3400 2136 3434 modo,
2165 3399 2254 3436 possit
2281 3399 2362 3428 alteri

1679 3440 1812 3468 revelare.

1842 3459 2361 3468 ··················

2430 1803 2446 1818 δ

2425 2110 2440 2126 2

2426 2150 2442 2166 t

2423 2230 2438 2246 t

2513 1017 2547 1043 14

2507 1047 2545 1075 ib.

2512 1127 2543 1156 15

2508 1313 2546 1341 ib.

2512 1393 2545 1421 16

2505 1512 2543 1541 ib.

2506 1591 2545 1619 ib.

2512 1721 2544 1747 ¹7

2512 1792 2545 1819 18

2510 1920 2544 1947 ¹9

2506 2148 2543 2168 20

2501 2219 2540 2248 ib.

2503 2347 2535 2368 21

2500 2511 2539 2541 ib.

2501 2599 2538 2620 22

2499 2710 2537 2739 ib.

2498 2789 2535 2817 ib.

2497 3043 2532 3070 23

2497 3129 2534 3157 24

2495 3201 2533 3230 ib.

2494 3320 2532 3348 ib.

2494 3439 2529 3466 25
