2878 4088
447 196 494 222 XII

447 262 541 302 igitur
564 258 690 288 Tertiae
714 257 822 294 Partis,
840 262 871 288 et
895 259 1000 294 etiam,
1023 260 1099 298 quia
1123 257 1394 298 Supplementum
1417 256 1512 287 simul

448 314 522 337 cum
555 302 609 332 illa
632 302 751 343 prodiit
774 303 807 332 in
830 302 948 339 lucem,
973 303 1073 343 ipsius
1104 302 1328 344 Supplementi
1359 301 1515 332 editorem

448 350 609 383 criticum,
635 347 708 387 qui,
733 349 889 378 recensito
913 352 1001 377 textu
1025 346 1152 378 Tertiae
1176 348 1285 382 Partis,
1303 353 1514 386 quocumque

448 393 559 426 codice
576 391 798 432 Supplementi
817 401 932 422 usurus
949 398 1004 428 est,
1022 393 1060 422 ab
1078 392 1146 422 eius
1166 391 1358 422 lectionibus
1373 390 1514 420 multum

446 437 618 470 dissentiet.
642 437 717 466 Non
740 437 858 467 mirum
882 445 958 476 ergo
982 445 1043 466 nec
1068 436 1158 476 quod
1181 441 1284 466 textus
1308 445 1326 465 c
1348 434 1512 464 multoties

446 482 549 514 differt
571 491 589 511 a
611 487 700 511 textu
723 480 899 511 traditionis
922 482 1157 521 manuscriptae
1188 478 1427 519 Supplementi,
1451 486 1512 507 nec

447 525 536 569 quod
552 525 726 556 differentia
741 526 926 566 praesertim
942 531 1010 555 orta
1030 531 1076 555 est
1092 534 1130 555 ex
1145 523 1385 555 introductione
1400 522 1512 552 lectio-

445 575 494 603 nis
518 570 750 602 Commentarii
765 579 824 610 pro
840 570 979 600 lectione
1003 568 1236 609 Supplementi.
1261 567 1380 605 Quoad
1403 571 1511 596 autem

446 623 549 648 textus
573 625 590 645 c
613 624 688 645 cum
712 615 943 654 Supplemento
973 619 1083 643 contra
1108 613 1388 643 Commentarium
1416 611 1509 649 legit,

446 662 564 692 nullius
581 659 699 690 codicis
718 660 818 689 textui
836 659 969 688 similior
988 663 1034 687 est
1057 667 1155 697 quam
1171 657 1271 686 textui
1287 656 1327 694 Q.
1353 655 1509 691 Diximus,

446 707 508 737 loc.
526 707 577 736 cit.
594 714 656 739 XXI,
674 709 795 733 textum
819 702 945 733 Tertiae
961 702 1059 732 Partis
1083 702 1115 731 in
1140 711 1166 738 c,
1184 701 1239 731 ubi
1256 699 1359 731 differt
1382 700 1420 730 ab
1445 699 1510 731 edi-

446 752 534 782 tione
557 750 585 785 b,
602 747 702 779 redire
726 747 765 777 ad
788 747 832 785 Q,
856 748 899 777 ita
922 746 1052 786 quidem
1077 751 1112 776 ut
1136 745 1238 776 editor
1261 745 1317 775 illo
1342 744 1509 775 individuo

445 796 557 826 codice
581 794 620 823 ad
643 792 661 821 b
685 791 903 831 corrigendam
927 800 1003 821 usus
1021 789 1174 820 videatur.
1199 790 1273 819 Hoc
1295 789 1390 819 nobis
1413 789 1510 819 colla-

445 841 490 870 tio
516 837 737 877 Supplementi
760 837 793 865 in
823 836 935 866 codice
959 840 990 864 et
1013 835 1154 864 editione
1185 834 1396 864 confirmavit.
1427 833 1510 865 Nam

445 883 617 915 concordia
642 880 789 911 editionis
823 890 896 910 cum
929 878 1040 910 codice
1064 885 1129 908 tam
1148 879 1304 909 immense
1333 878 1458 908 excedit
1481 886 1512 911 et

445 927 634 960 discordiam
658 927 696 955 ab
721 934 760 954 eo
785 929 815 953 et
839 925 933 954 simul
958 924 1164 954 concordiam
1189 933 1264 954 cum
1289 924 1352 954 alio
1377 923 1508 960 codice,

444 974 490 1008 L,
516 972 567 1007 M,
592 970 868 1008 Norimbergensi,
892 974 928 998 ut
961 977 1058 998 omne
1082 968 1216 998 dubium
1245 968 1327 998 circa
1351 969 1509 1008 originem

445 1023 547 1047 textus
572 1015 718 1046 editionis
743 1022 759 1042 e
775 1018 862 1043 textu
878 1013 909 1050 Q
924 1012 1140 1052 prohibeatur.
1166 1012 1305 1043 Ulterius
1329 1018 1437 1044 autem
1457 1021 1510 1043 ex—

445 1062 568 1101 quirere
592 1065 698 1089 utrum
723 1058 790 1097 ipse
814 1057 846 1094 Q
869 1067 908 1087 an
933 1057 1011 1087 alius
1035 1057 1114 1087 liber
1137 1057 1291 1088 simillimi
1315 1062 1419 1088 textus
1445 1058 1511 1088 edi—

442 1106 504 1136 tori
529 1103 699 1143 exemplari
723 1101 792 1136 fuit,
812 1111 926 1141 parum
949 1101 1028 1132 utile
1052 1107 1143 1137 esset,
1161 1103 1236 1141 quia
1260 1103 1351 1133 illum
1375 1103 1509 1140 librum,

443 1151 468 1180 si
493 1147 620 1188 quando
646 1146 721 1181 fuit,
746 1155 813 1176 non
843 1147 1008 1177 habemus.
1034 1145 1167 1177 Certum
1192 1152 1240 1177 est
1262 1147 1398 1178 editioni
1421 1146 1510 1177 codi—

441 1203 511 1224 cem
535 1193 565 1229 Q
588 1191 677 1222 valde
700 1191 842 1220 vicinum
870 1197 900 1221 et
922 1191 1049 1221 nullum
1079 1191 1178 1221 alium
1208 1193 1396 1223 viciniorem
1428 1201 1506 1222 esse.

497 1238 548 1267 30.
564 1254 586 1257 —
609 1237 656 1266 Ex
673 1245 690 1265 c
706 1244 818 1265 omnes
843 1235 998 1266 editiones
1015 1235 1240 1276 Supplementi
1256 1242 1364 1267 ortum
1387 1237 1508 1267 habue-

439 1287 522 1312 runt.
540 1280 674 1311 Saeculo
690 1280 759 1310 XV.
777 1289 889 1319 parum
906 1281 944 1310 ab
962 1290 998 1310 ea
1013 1290 1175 1312 recessum
1192 1286 1248 1312 est.
1266 1282 1402 1313 Saeculo
1422 1281 1505 1311 XVI.

440 1326 601 1356 uberiores
617 1325 723 1355 fluunt
746 1333 848 1364 aquae
872 1334 909 1355 ex
932 1326 1003 1365 ipso
1027 1324 1127 1362 fonte,
1151 1325 1403 1363 Commentario,
1424 1335 1507 1366 quae

440 1371 593 1401 collectae
617 1369 747 1399 fuerunt
769 1369 802 1399 in
827 1368 968 1400 editione
997 1379 1081 1410 quae
1103 1369 1221 1412 prodiit
1251 1371 1375 1403 Romae
1407 1370 1506 1410 Apud

438 1414 589 1445 haeredes
613 1413 745 1444 Antonii
769 1413 870 1444 Bladii
895 1419 926 1444 et
949 1414 1103 1446 Ioannem
1128 1414 1334 1447 Osmarinum
1352 1415 1505 1447 Liliatum

439 1460 544 1489 socios
569 1458 731 1489 MDLXX.
755 1457 910 1488 Nostrum
934 1460 1095 1500 exemplar
1110 1461 1238 1491 unitum
1262 1467 1309 1492 est
1332 1460 1505 1500 exemplari

439 1504 564 1534 Tertiae
580 1503 678 1533 Partis
703 1501 850 1533 editionis
866 1503 982 1534 Pianae
998 1503 1101 1536 forma
1117 1505 1244 1542 minori,
1260 1505 1390 1542 ibidem,
1406 1504 1504 1544 Apud

439 1549 556 1578 Iulium
579 1548 762 1583 Accohum,
779 1547 895 1578 eodem
919 1558 1014 1579 ann0.

493 1593 579 1623 Nota
593 1592 746 1623 foliorum
763 1597 810 1622 est
833 1592 1045 1630 discontinua,
1062 1592 1118 1624 sed
1137 1594 1325 1634 ceteroquin
1349 1594 1456 1624 charta
1469 1595 1504 1625 in

439 1643 572 1677 utraque
595 1637 676 1668 tomi
699 1637 848 1676 portione
872 1637 984 1669 eadem
1009 1643 1073 1675 est;
1098 1637 1368 1678 Supplementum
1390 1638 1503 1670 iisdem

439 1682 554 1721 quibus
571 1682 799 1712 commentaria
816 1681 958 1712 Caietani
984 1683 1068 1723 typis
1085 1692 1239 1713 excusum
1256 1688 1317 1718 est;
1342 1684 1401 1713 sub
1417 1682 1503 1714 foliis

438 1727 533 1766 primi
557 1725 679 1756 dimidii
703 1726 859 1766 cuiusque
882 1725 1025 1757 fasciculi
1047 1727 1081 1757 in
1105 1732 1244 1767 utroque
1267 1736 1365 1767 opere
1387 1728 1502 1768 legitur

442 1783 455 1796 «
476 1770 583 1800 Tertia
605 1770 679 1800 Pars
703 1769 734 1800 S.
752 1769 836 1800 Tho.
858 1783 889 1807 »,
915 1771 972 1801 etsi
996 1772 1029 1802 in
1053 1770 1117 1802 fine
1140 1777 1244 1802 textus
1267 1771 1501 1812 Supplementi,

438 1814 493 1845 fol.
509 1814 579 1844 103.
591 1824 692 1850 verso,
705 1814 819 1845 dicitur
838 1827 851 1841 «
863 1814 1076 1846 Additionum
1089 1815 1129 1846 ad
1140 1817 1265 1847 tertiam
1277 1821 1399 1856 partem
1411 1830 1424 1844 »
1441 1822 1500 1847 etc.

437 1859 570 1889 Videtur
594 1869 669 1899 ergo
693 1860 912 1899 typographus
944 1859 1119 1891 editionem
1152 1861 1375 1901 Supplementi
1397 1861 1502 1892 inten-

439 1903 519 1934 disse
542 1904 576 1933 in
599 1904 850 1942 completionem
882 1904 1007 1935 Pianae.
1032 1905 1100 1934 Nos
1132 1905 1306 1936 editionem
1334 1905 1435 1936 Bladii
1459 1907 1501 1936 ob

438 1948 674 1988 proximitatem
698 1947 736 1978 ad
760 1947 891 1979 Pianam
915 1949 991 1989 sigla
1009 1959 1034 1988 p
1058 1948 1292 1990 distinguimus.

493 1992 569 2022 Post
591 1993 673 2022 hanc
704 1991 876 2024 editionem
907 1993 1177 2033 Supplementum
1210 1993 1372 2024 audaciori
1405 1995 1502 2024 corri-

437 2036 532 2075 gendi
555 2036 709 2067 methodo
734 2037 912 2067 subiectum
937 2037 1005 2068 fuit.
1031 2037 1212 2069 Credebant
1234 2039 1311 2068 novi
1339 2038 1439 2068 critici
1462 2038 1502 2068 ad

437 2081 671 2111 meliorandum
703 2081 972 2120 Supplementum
1002 2081 1074 2122 plus
1098 2083 1157 2113 sibi
1180 2083 1276 2113 licere
1306 2091 1404 2122 quam
1431 2084 1499 2113 ausi

437 2131 540 2156 essent
562 2126 595 2155 in
619 2125 871 2155 Commentario.
896 2125 972 2156 Ideo
1006 2127 1165 2157 extensius
1189 2132 1220 2158 et
1243 2127 1371 2157 liberius
1395 2131 1499 2157 muta-

437 2176 510 2200 runt
528 2169 741 2200 redactionem
766 2179 862 2209 quam
879 2176 970 2201 antea
994 2176 1115 2201 mutata
1137 2176 1202 2202 erat
1220 2171 1271 2201 vel
1289 2171 1368 2210 inp,
1386 2180 1498 2211 quam-

435 2215 481 2244 vis
504 2215 537 2244 in
560 2215 641 2244 hanc
665 2224 777 2244 omnes
800 2214 921 2254 priores
951 2224 1158 2245 recensorum
1188 2215 1313 2245 labores
1340 2215 1497 2246 coierunt.

435 2259 603 2288 Peculiaris
627 2258 739 2288 harum
762 2260 940 2289 novitatum
964 2265 1110 2298 aspectus
1126 2269 1193 2290 non
1217 2265 1283 2289 tam
1307 2260 1450 2290 consistit
1465 2261 1498 2290 in

436 2303 571 2342 simplici
592 2303 815 2333 substitutione
831 2312 934 2333 novae
951 2302 1098 2334 dictionis
1114 2313 1173 2343 pro
1193 2304 1383 2344 antiquiore,
1401 2314 1499 2344 quam

435 2349 467 2377 in
490 2347 553 2377 hoc
577 2346 665 2386 quod
688 2357 772 2377 nova
795 2346 935 2378 redactio
952 2348 1160 2388 componitur
1183 2358 1220 2379 ex
1240 2348 1364 2379 duabus
1386 2349 1498 2380 lectio—

435 2392 528 2421 nibus
552 2391 792 2430 antiquioribus,
817 2392 936 2422 scilicet
959 2403 997 2423 ex
1021 2402 1085 2422 una
1108 2402 1191 2432 quae
1215 2398 1262 2423 est
1278 2403 1313 2432 p,
1341 2403 1379 2423 ex
1402 2394 1498 2424 altera

436 2445 518 2476 quae
542 2441 588 2465 est
611 2435 851 2466 Commentarii.
876 2436 1088 2468 Notissimum
1112 2442 1158 2467 est
1180 2437 1214 2467 in
1237 2437 1368 2468 scientia
1391 2438 1499 2469 critica

435 2485 571 2520 systema
593 2479 672 2510 illud
704 2480 881 2511 lectionum
913 2482 1148 2521 conflaturum,
1172 2480 1228 2512 sed
1260 2481 1374 2512 nullibi
1408 2482 1499 2523 quod

435 2525 571 2554 sciamus
594 2528 659 2553 tam
681 2524 785 2563 largus
809 2534 885 2554 usus
909 2525 976 2555 eius
1000 2525 1101 2556 factus
1128 2530 1175 2556 est
1197 2535 1233 2556 ac
1257 2527 1290 2556 in
1313 2531 1401 2556 textu
1427 2536 1499 2558 mo-

436 2568 534 2599 derno
552 2567 783 2607 Supplementi,
800 2578 860 2598 nec
876 2568 950 2599 alibi
967 2569 1169 2601 conflationis
1185 2571 1274 2610 signa
1289 2571 1390 2610 magis
1413 2577 1499 2602 certa

437 2618 467 2643 et
490 2611 646 2642 evidentia
668 2613 867 2651 praebentur.
893 2613 1012 2644 Mirum
1032 2620 1140 2644 tamen
1156 2624 1254 2655 quam
1275 2624 1370 2655 saepe
1387 2625 1404 2646 e
1420 2625 1498 2647 con-

437 2656 567 2686 flatione
598 2656 751 2687 resultent
782 2657 935 2701 lectiones
962 2672 976 2685 «
995 2659 1144 2689 meliores
1163 2672 1195 2695 »,
1219 2660 1263 2689 ita
1286 2659 1417 2699 quidem
1440 2665 1496 2697 ut,

437 2701 581 2740 quamvis
596 2701 630 2730 in
646 2709 679 2730 se
695 2700 831 2732 factitiae
846 2702 908 2732 sint
924 2708 955 2732 et
977 2712 1064 2733 mera
1081 2704 1203 2734 vexatio
1227 2708 1331 2734 textus
1355 2703 1386 2735 S.
1408 2704 1499 2735 Tho-

436 2755 517 2780 mae,
535 2745 688 2784 opinione
712 2746 955 2776 authenticitatis
974 2746 1036 2778 frui
1059 2753 1200 2787 possent.
1225 2748 1392 2779 Editiones
1415 2748 1498 2789 Sup-

436 2789 589 2828 plementi
605 2798 686 2829 quae
703 2800 720 2820 a
743 2791 900 2830 principio
925 2792 1042 2822 saeculi
1062 2792 1160 2822 XVII.
1177 2792 1365 2832 prodierunt
1388 2798 1419 2823 et
1434 2794 1498 2825 iam

437 2834 522 2863 solae
547 2834 608 2863 sint
638 2843 721 2873 quae
752 2843 888 2873 possunt
910 2836 1033 2872 haberi,
1056 2836 1152 2867 istum
1185 2842 1308 2867 textum
1338 2837 1497 2869 exhibent.

436 2878 550 2908 Nostra
573 2878 667 2916 igitur
691 2879 787 2909 editio
811 2889 878 2909 non
909 2889 1142 2920 supervacanea
1173 2886 1267 2917 esset,
1291 2882 1317 2912 si
1339 2881 1391 2912 vel
1422 2882 1498 2913 solis

437 2921 671 2952 dilatationibus
695 2923 811 2953 abactis
834 2925 934 2954 textui
958 2924 1190 2956 Commentarii
1212 2927 1371 2957 honorem
1394 2927 1498 2966 pristi-

436 2976 515 2997 num
538 2967 731 2998 restituisset.
754 2967 934 3007 Aliquoties
952 2979 1028 3000 vero
1050 2969 1228 3000 editionum
1251 2970 1405 3001 lectiones
1421 2970 1498 3002 ado-

437 3012 611 3050 ptavimus,
637 3011 725 3051 quod
747 3012 779 3042 in
803 3013 993 3044 variantium
1023 3019 1175 3055 apparatu
1203 3014 1414 3046 indicavimus
1440 3024 1499 3056 per

438 3054 611 3086 dictionem
637 3069 651 3082 «
670 3056 844 3087 modernae
866 3057 969 3097 Suppl
988 3071 1016 3089 ›.

483 3164 500 3201 ᾖ
525 3164 553 3193 5.
577 3163 635 3194 DE
659 3163 808 3195 TEXTU
831 3165 1122 3197 AUTHENTICO
1151 3166 1453 3198 SUPPLEMENTI

493 3271 544 3301 31.
559 3290 583 3294 -
601 3271 829 3312 Compilatoris
844 3279 957 3310 textus,
975 3274 1014 3304 de
1030 3284 1096 3314 quo
1112 3276 1188 3306 hinc
1203 3276 1404 3307 considerare
1418 3277 1498 3307 inei-

438 3315 553 3354 pimus,
569 3316 603 3346 in
627 3316 798 3347 concordia
820 3317 878 3355 QL
901 3318 1044 3355 habetur,
1061 3320 1137 3359 quia
1159 3321 1337 3360 transcripti
1360 3326 1434 3352 sunt
1457 3320 1497 3352 de

439 3360 723 3399 exemplari-petiis
739 3366 770 3390 et
784 3360 858 3391 ideo
874 3362 976 3400 ipsam
992 3363 1178 3403 originalem
1193 3365 1381 3404 scripturam
1397 3364 1497 3396 Com-

439 3403 580 3442 pilatoris
603 3403 835 3443 reproducunt;
867 3405 930 3435 hoc
953 3405 1034 3436 infra
1056 3408 1156 3446 magis
1180 3408 1338 3439 clarescet.
1368 3409 1497 3440 Norim·

438 3447 598 3486 bergensis
621 3448 724 3478 mutili
747 3448 874 3488 longior
896 3454 927 3479 et
951 3449 1142 3482 Oxoniensis
1161 3451 1344 3484 brevissima
1368 3453 1496 3484 collatio

439 3491 638 3521 harmoniam
659 3501 772 3521 eorum
791 3502 865 3522 cum
881 3498 968 3523 textu
984 3493 1042 3531 QL
1059 3495 1197 3534 aperuit:
1221 3496 1296 3526 inde
1312 3506 1368 3527 eos
1383 3497 1422 3527 ab
1438 3497 1497 3527 ho-

439 3544 510 3565 rum
534 3544 692 3565 consensu
707 3545 774 3565 non
797 3536 885 3566 aliter
901 3547 937 3567 ac
959 3537 992 3566 M
1009 3543 1040 3567 et
1056 3548 1082 3574 c,
1100 3538 1242 3569 eiusdem
1257 3540 1418 3570 vicinioris
1435 3542 1497 3571 ori-

1567 258 1658 297 ginis,
1676 257 1799 288 differre
1814 259 2037 298 praesumitur.
2061 258 2125 288 Alii
2146 258 2274 289 codices
2295 268 2391 300 supra
2405 269 2439 290 n.
2456 269 2508 291 2ο.
2525 270 2636 293 recen-

1567 302 1635 337 siti,
1660 302 1787 342 longius
1818 302 1857 332 ab
1882 302 2026 342 originali
2043 301 2211 332 discedunt
2234 312 2332 343 quam
2354 309 2391 334 ut
2412 305 2636 338 testimonium

1567 345 1680 382 QLMc
1704 346 1866 376 debilitare
1889 346 2039 376 valerent.
2064 345 2110 376 lbi
2127 346 2300 377 dicendum
2324 353 2371 378 est
2393 347 2433 378 de
2449 348 2484 379 M
2500 353 2532 380 et
2546 358 2564 380 c
2579 351 2636 382 ubi

1566 398 1584 418 a
1601 388 1659 426 QL
1682 389 1846 420 recedunt.
1871 389 1984 420 Codex
2000 390 2029 420 N
2046 390 2131 420 utilis
2148 396 2195 421 est
2209 400 2269 430 pro
2287 390 2541 430 Commentario,
2559 396 2635 434 quia

1565 433 1766 463 habitualiter
1788 443 1806 463 e
1830 434 1943 464 codice
1966 433 2199 464 Commentarii
2218 434 2398 476 descriptus
2421 442 2477 467 est.
2493 454 2539 461 —-
2558 439 2634 470 Ute-

1567 486 1641 506 mur
1667 477 1701 506 in
1723 483 1889 517 posterum
1919 478 1996 518 sigla
2013 478 2040 509 C
2057 477 2097 508 ad
2118 478 2273 510 lectiones
2294 479 2538 518 Commentarii‚
2554 485 2634 514 reci-

1565 525 1643 550 tatas
1667 530 1705 550 ex
1729 521 1870 552 editione
1894 521 1933 552 de
1957 531 2020 563 qua
2043 521 2089 558 n⁰,
2103 531 2157 563 47.
2181 523 2245 554 Ubi
2260 524 2294 554 in
2309 524 2369 555 hac
2387 525 2587 558 Praefatione
2602 528 2633 559 N

1564 570 1696 601 tacetur,
1714 564 1741 596 C
1757 565 1840 596 valet
1857 565 1925 597 CN.
1950 566 2120 597 Lectiones
2143 567 2243 598 solius
2266 567 2308 606 Q,
2325 578 2401 599 cum
2423 569 2457 600 in
2480 577 2633 610 apparatu

1563 609 1753 640 variantium
1776 619 1844 640 non
1867 611 1930 641 sint
1949 615 2088 647 notatae,
2105 612 2274 642 citabimus
2298 622 2316 642 e
2338 613 2498 644 schedulis
2516 617 2633 646 nostris

1563 654 1797 694 manuscriptis.

1620 697 1672 727 32.
1689 715 1710 720 -
1731 698 1921 729 Aestimatio
1938 699 2047 729 critica
2062 704 2165 730 textus
2181 700 2342 741 originalis
2362 701 2561 742 aliquatenus
2577 703 2632 734 de-

1562 741 1683 781 pendet
1706 751 1724 772 a
1746 742 1821 773 loco
1846 753 1945 783 quem
1967 743 2039 784 quis
2061 744 2144 775 inter
2167 745 2236 775 eius
2254 745 2458 777 traditionem
2481 747 2586 779 codici
2601 747 2633 787 Q

1563 792 1748 826 competere
1772 788 1924 819 aestimat.
1949 787 2041 819 Duae
2063 798 2113 819 res
2137 790 2273 820 omnino
2297 795 2400 821 certae
2419 797 2503 822 sunt.
2527 791 2632 823 Prima

1564 835 1620 866 est,
1638 832 1728 872 origo
1746 832 1894 863 omnium
1910 832 2100 870 editionum,
2117 842 2135 863 c
2148 834 2359 874 principante,
2373 844 2390 865 e
2406 835 2518 866 codice
2534 837 2631 867 simil-

1562 874 1642 905 limo
1667 876 1717 914 Q;
1742 881 1773 906 et
1795 877 1859 907 hoc
1882 877 2012 907 maximi
2031 877 2216 909 faciendum
2232 884 2288 915 est,
2305 879 2380 920 quia
2397 889 2435 910 ex
2451 889 2492 910 eo
2508 886 2632 912 certum

1562 918 1599 949 fit
1622 919 1779 951 editiones
1807 921 2032 962 Supplementi
2055 932 2113 963 per
2135 929 2318 963 respectum
2348 923 2389 954 ad
2421 923 2631 962 Commenta-

1561 965 1646 994 rium
1669 967 1848 997 necessario
1872 967 1964 1006 sequi
1987 967 2208 998 conditionem
2237 968 2286 1006 Q,
2311 969 2430 999 bonam
2453 970 2504 1000 vel
2526 969 2631 1000 infeli-

1563 1017 1644 1039 cem.
1674 1008 1824 1041 Secundo
1849 1016 1972 1041 certum
1996 1017 2043 1042 est
2066 1011 2213 1043 codicem
2235 1013 2317 1043 inter
2339 1013 2543 1044 traditionem
2563 1023 2630 1044 ma—

1561 1053 1915 1094 nuscriptam·aliquem
1931 1056 2104 1095 primatum
2126 1061 2244 1088 tenere.
2269 1056 2305 1087 In
2321 1057 2444 1088 schedis
2466 1058 2583 1088 nostris
2599 1058 2631 1097 Q

1561 1107 1689 1138 pugnae
1712 1099 1794 1129 inter
1817 1104 1941 1130 textum
1963 1099 2187 1141 Supplementi
2217 1106 2328 1132 contra
2351 1100 2630 1134 commentarium

1561 1144 1806 1182 antesignanum
1836 1143 2002 1181 videmus;
2031 1154 2106 1176 eum
2134 1145 2231 1176 ceteri
2259 1155 2317 1176 sua
2339 1148 2476 1187 quisque
2505 1148 2574 1178 vice
2599 1153 2630 1178 et

1561 1196 1657 1227 saepe
1673 1187 1805 1226 quidem
1829 1187 1987 1225 deserunt,
2005 1189 2061 1220 sed
2084 1190 2190 1220 statim
2213 1188 2253 1219 ad
2276 1189 2393 1222 ducem
2415 1197 2626 1222 revertuntur.

1560 1231 1649 1262 Idem
1665 1237 1752 1271 patet
1775 1241 1813 1262 ex
1836 1232 1901 1263 hoc
1923 1232 2013 1273 quod
2033 1235 2165 1264 varietas
2188 1234 2366 1266 lectionum
2382 1236 2466 1266 inter
2485 1235 2522 1272 L,
2539 1236 2584 1272 M,
2600 1245 2628 1272 c,

1559 1286 1655 1317 saepe
1669 1276 1704 1306 in
1725 1276 1864 1307 lectione
1886 1286 2019 1309 erronea
2041 1278 2072 1317 Q
2095 1278 2301 1310 occasionem
2316 1280 2444 1316 habuit;
2468 1280 2628 1311 connexio

1556 1321 1640 1352 inter
1655 1320 1755 1351 varias
1778 1321 1897 1352 horum
1909 1323 2072 1354 'codicum
2099 1323 2254 1354 lectiones
2271 1328 2302 1354 et
2325 1333 2466 1356 errorem
2481 1324 2513 1363 Q
2532 1325 2628 1356 inter—

1559 1366 1637 1396 dum
1652 1371 1718 1395 tam
1738 1366 1851 1396 intima
1867 1371 1922 1402 est,
1939 1372 1976 1397 ut
1990 1367 2022 1406 Q
2037 1373 2147 1407 posset
2162 1368 2265 1408 prima
2285 1367 2366 1400 facie
2381 1369 2481 1400 videri
2504 1374 2627 1400 cetero-

1557 1420 1631 1442 rum
1653 1410 1805 1441 ultimum
1827 1411 1991 1451 exemplar
2013 1411 2120 1443 fuisse.

1613 1455 1766 1486 Attamen
1784 1454 1894 1485 multis
1917 1455 1996 1486 locis
2021 1457 2151 1488 variatio
2173 1460 2204 1486 et
2227 1455 2287 1486 alia
2312 1456 2402 1497 signa
2425 1456 2543 1488 docent
2563 1457 2628 1488 exi-

1557 1500 1706 1530 stentiam
1730 1499 1918 1539 exemplaris
1941 1501 2123 1541 superioris,
2141 1510 2158 1530 a
2182 1509 2249 1540 quo
2274 1499 2306 1538 Q
2329 1506 2360 1532 et
2382 1501 2410 1532 L
2432 1501 2626 1539 immediate,

1558 1545 1655 1575 ceteri
1677 1552 1765 1578 vem,
1783 1549 1814 1574 et
1837 1544 1933 1574 etiam
1956 1554 1983 1580 c,
2004 1545 2073 1575 aliis
2095 1544 2293 1576 intermediis
2315 1545 2464 1586 descripti
2486 1545 2626 1577 fuerunt.

1612 1589 1654 1619 Et
1675 1588 1781 1628 primo
1805 1588 1960 1619 habemus
1982 1595 2095 1620 notam
2117 1589 2268 1630 marginis
2291 1589 2318 1619 L
2349 1603 2364 1617 ‹
2384 1595 2416 1620 et
2439 1595 2486 1621 est
2508 1590 2548 1621 de
2569 1599 2625 1622 sex

1553 1634 1649 1664 'cartis
1664 1645 1691 1663 ».
1712 1632 1854 1672 Scriptor
1869 1633 1933 1663 hoc
1949 1633 2103 1665 affirmare
2118 1643 2186 1664 non
2198 1634 2306 1677 potuit
2321 1633 2361 1665 de
2372 1635 2459 1675 petia
2473 1644 2556 1675 quae
2566 1645 2628 1667 nec

1560 1690 1574 1705 ‹
1594 1677 1634 1708 de
1651 1677 1795 1717 quinque
1811 1677 1925 1708 chartis
1939 1690 1952 1705 »
1972 1684 2028 1709 est.
2052 1679 2213 1718 Loquitur
2229 1688 2305 1718 ergo
2322 1678 2362 1710 de
2380 1679 2627 1720 petia-ternione

1557 1722 1741 1753 communis
1765 1722 1962 1762 exemplaris.

1612 1765 1736 1797 Deinde
1751 1765 1867 1796 adsunt
1880 1766 2044 1802 lectiones,
2059 1775 2128 1796 non
2144 1775 2307 1803 erroneae,
2324 1767 2356 1806 Q
2371 1773 2483 1798 contra
2503 1767 2624 1800 CLMc.

1557 1810 1591 1841 Si
1606 1811 1638 1849 Q
1654 1811 1800 1842 omniurn
1817 1816 1914 1851 caput
1929 1816 1985 1846 est,
2003 1819 2102 1851 quare
2116 1810 2224 1851 plures
2242 1811 2402 1849 homines,
2417 1812 2486 1844 sine
2501 1813 2626 1844 ratione

1556 1855 1726 1887 sufficienti
1738 1860 1770 1886 et
1783 1854 2038 1895 independenter
2055 1865 2073 1886 a
2084 1865 2118 1886 se
2133 1855 2282 1892 invicem,
2294 1852 2362 1887 non
2377 1861 2502 1888 tantum
2518 1866 2625 1889 exem-

1556 1901 1651 1941 plaris
1674 1901 1847 1931 lectionem
1869 1899 2122 1940 repudiaverint,
2146 1900 2203 1930 sed
2225 1905 2258 1930 et
2280 1909 2394 1931 omnes
2415 1900 2625 1933 Commenta-

1555 1946 1639 1975 rium
1663 1945 1932 1981 consultaverint,
1957 1945 2072 1974 merito
2097 1945 2299 1984 quaesiveris.
2330 1945 2388 1975 Ex.
2413 1954 2458 1986 gr.
2483 1945 2515 1983 Q
2536 1945 2626 1976 solus

1556 1990 1675 2020 omittit
1692 1989 1708 2020 3
1723 1990 1743 2020 b
1755 1998 1798 2029 42
1815 1989 1892 2024 eius,
1915 1988 1973 2018 105
1988 1999 2006 2019 a
2018 1989 2058 2028 73
2077 1988 2192 2026 lineae,
2214 1989 2272 2027 ¹45
2291 1998 2309 2018 a
2324 1996 2362 2032 7¹.
2383 1998 2423 2020 ea
2438 1994 2512 2021 ante
2530 1999 2623 2031 quae,

1555 2035 1623 2064 sine
1647 2033 1784 2069 damno;
1813 2041 1869 2072 141
1887 2033 1907 2063 b
1922 2042 1961 2072 27
1977 2031 1979 2034 ’
1993 2033 2112 2063 omittit
2137 2045 2152 2060 ‹
2170 2033 2352 2069 Praeterea,
2378 2033 2442 2064 hoc
2474 2033 2625 2075 Magister

1555 2079 1632 2109 dicit
1642 2079 1676 2108 in
1688 2078 1790 2108 littera
1805 2090 1832 2113 »‚
1850 2077 1971 2116 absque
1982 2077 2050 2107 ullo
2062 2076 2181 2108 damno
2193 2077 2318 2107 visibili.
2338 2077 2457 2108 Porro:
2478 2085 2536 2118 141
2550 2089 2572 2109 a.
2581 2087 2619 2110 21

1549 2123 1729 2164 praedictis
1745 2122 1786 2160 Q,
1799 2122 1892 2152 dictis
1908 2121 2035 2159 CLMc3
2059 2122 2104 2151 ibi
2128 2121 2169 2161 37
2192 2121 2369 2153 secundum
2384 2122 2487 2164 quod,
2511 2132 2624 2154 secun·

1554 2167 1630 2198 dum
1653 2167 1714 2197 hoc
1737 2165 1824 2207 quod
1830 2173 1842 2204 ;
1874 2164 1934 2196 138
1948 2172 2015 2197 a21
2042 2171 2240 2206 sequuntur,
2265 2171 2515 2208 consequuntur.
2540 2167 2624 2199 Dein

1553 2213 1673 2242 mirum
1689 2216 1736 2241 est
1751 2220 1834 2251 quos
1849 2211 2067 2241 maximorum
2082 2219 2227 2242 errorum
2242 2210 2274 2248 Q
2288 2221 2357 2243 non
2379 2211 2513 2248 taedeat,
2531 2222 2623 2250 scan-

1554 2256 1664 2287 dalum
1679 2256 1745 2297 pati
1767 2257 1801 2286 in
1823 2255 1944 2295 parvis:
1973 2255 2035 2294 134
2046 2264 2064 2285 a
2081 2263 2118 2285 12
2143 2257 2396 2296 acceptatissimi.
2412 2257 2453 2295 Q,
2470 2258 2623 2298 acceptis-

1553 2301 1628 2333 simi
1640 2300 1765 2337 CLMc3
1776 2300 1836 2340 243
1845 2299 1914 2339 b39
1926 2298 2151 2331 damnatorum
2165 2301 2274 2331 omnia
2287 2301 2470 2342 corporaQ,
2480 2302 2623 2333 omnium

1554 2345 1675 2377 CLMc.
1700 2345 1735 2375 ln
1757 2345 1807 2376 his
1831 2344 1965 2380 casibus,
1982 2344 2116 2375 minime
2138 2345 2225 2382 raris,
2242 2345 2396 2378 dicendus
2420 2351 2467 2378 est
2486 2347 2622 2388 scriptor

1555 2391 1584 2429 Q
1601 2390 1767 2420 recessisse
1791 2399 1809 2419 a
1831 2398 1892 2419 suo
1917 2388 2099 2429 exemplari.

1609 2435 1755 2465 Tertium
1779 2437 2005 2472 argumentum
2028 2437 2224 2473 praestatur,
2247 2433 2304 2463 ubi
2327 2438 2404 2464 sunt
2424 2438 2487 2463 tres
2508 2433 2621 2465 lectio-

1552 2488 1628 2510 nes:
1653 2478 1692 2515 C,
1708 2479 1799 2514 LMc,
1813 2477 1862 2515 Q;
1883 2477 2021 2518 exempli
2036 2478 2152 2518 gratia:

1612 2523 1669 2554 161
1686 2523 1706 2553 b
1721 2532 1738 2553 2
1765 2535 1779 2549 ι
1799 2530 1983 2553 consonum
1999 2522 2050 2552 vel
2065 2521 2174 2553 errori
2189 2521 2328 2552 Nestorii
2386 2522 2438 2553 vel
2452 2521 2520 2552 Arii
2539 2534 2553 2550 »
2580 2521 2619 2558 C,

1553 2567 1603 2598 illi
1618 2567 1727 2598 errori
1742 2567 1834 2603 LMc,
1851 2567 1961 2597 errori
1976 2565 2026 2596 illi
2041 2566 2082 2604 Q.
2107 2566 2141 2598 Si
2163 2565 2195 2604 Q
2214 2571 2262 2597 est
2276 2566 2429 2598 ultimum
2449 2567 2620 2608 exemplar,

1551 2612 1639 2644 unde
1663 2621 1783 2652 quaeso
1801 2617 1848 2642 est
1871 2611 1960 2652 quod
1984 2611 2035 2641 isti
2057 2617 2120 2642 tres
2144 2612 2304 2651 corrigant
2320 2611 2429 2642 solum
2449 2611 2620 2652 imponde-

1551 2657 1684 2688 rabilem
1707 2656 1843 2696 duplicis
1865 2655 2002 2687 mendae
2024 2652 2168 2695 partem?
2575 2675 2578 2678 -

1610 2709 1670 2741 142
1684 2711 1702 2732 a
1715 2710 1733 2731 2
1761 2714 1775 2728 ‹
1795 2701 1927 2741 quidam
1944 2699 2027 2740 (filii)
2045 2705 2119 2731 sunt
2134 2700 2294 2730 naturales
2315 2705 2347 2730 et
2361 2699 2515 2741 legitimi:
2536 2699 2620 2732 sieut

1550 2745 1596 2776 illi
1620 2746 1677 2786 qui
1691 2751 1866 2776 nascuntur
1889 2755 1927 2776 ex
1951 2744 2096 2786 legitimo
2115 2744 2334 2776 matrimonio.
2360 2744 2503 2783 Quidam
2529 2749 2620 2776 natu·

1551 2790 1631 2821 rales
1654 2795 1686 2820 et
1708 2799 1775 2820 non
1799 2789 1933 2830 legitimi
1955 2794 1991 2820 ut
2011 2788 2068 2820 filii
2095 2791 2153 2830 qui
2175 2794 2351 2820 nascuntur
2373 2799 2412 2820 ex
2430 2802 2445 2818 ι
2472 2789 2518 2826 C,
2541 2798 2618 2821 vero

1551 2839 1583 2865 et
1605 2835 1748 2876 legitimo
1765 2834 1863 2871 LMc;
1887 2839 1962 2875 post
1981 2839 2162 2869 nascuntur
2175 2843 2218 2864 ex
2239 2834 2346 2874 primo
2361 2833 2437 2864 loco
2453 2834 2485 2873 Q
2500 2834 2620 2865 omittit

1552 2884 1673 2915 cetera,
1698 2880 1774 2919 quia
1793 2879 2041 2910 homoteleuton
2063 2884 2146 2910 sunt.
2181 2878 2319 2910 Difficile
2342 2877 2464 2909 creditu
2494 2877 2618 2909 videtur

1552 2923 1642 2964 quod
1671 2923 1753 2954 LMc
1784 2929 1869 2954 extra
1897 2923 2059 2963 exemplar
2087 2933 2164 2959 casu
2186 2932 2220 2954 se
2247 2923 2449 2963 contigerint.
2483 2922 2618 2954 Accedit

1551 2967 1642 3008 quod
1656 2968 1752 2998 lectio
1769 2977 1846 2998 vero
1869 2972 1902 2998 et
1923 2968 2067 3009 legitimo
2087 2968 2247 3007 pertinere
2269 2967 2395 2998 videtur
2417 2967 2457 2998 ad
2479 2973 2618 3008 systema

1551 3012 1728 3044 occultatae
1744 3012 1960 3048 correctionis,
1977 3012 2068 3042 cuius
2083 3012 2117 3043 in
2132 3017 2221 3042 textu
2237 3011 2382 3052 originali
2393 3011 2617 3052 Supplementi

1550 3058 1656 3097 largus
1679 3065 1756 3087 usus
1779 3055 1829 3094 fit;
1854 3055 1895 3088 cf.
1910 3067 1943 3087 n.
1959 3055 2013 3095 43.

1606 3101 1643 3132 In
1673 3099 1790 3132 eodem
1820 3110 1896 3132 casu
1923 3101 2020 3132 trium
2048 3099 2243 3136 lectionum,
2268 3100 2426 3140 contingit
2454 3098 2617 3131 interdum

1551 3144 1642 3186 quod
1665 3145 1696 3183 Q
1719 3145 1802 3175 clare
1825 3150 1857 3175 et
1879 3145 2043 3175 evidenter
2068 3144 2163 3175 habet
2186 3144 2305 3175 malam
2327 3144 2501 3175 lectionem
2523 3144 2615 3180 LMc,

1551 3189 1607 3220 sed
1629 3189 1771 3220 ulteriori
1796 3190 2004 3230 corruptione
2026 3189 2211 3230 peioratam.

1606 3233 1679 3272 64a
1691 3233 1732 3264 68
1760 3246 1775 3260 ‹
1794 3233 1857 3265 Sed
1884 3233 2014 3274 quidam
2038 3232 2165 3264 ordines
2185 3241 2251 3264 non
2276 3232 2473 3263 ordinantur
2493 3232 2556 3263 nisi
2575 3231 2616 3263 ad

1551 3277 1709 3317 quosdam
1731 3283 1821 3308 actus
1850 3278 2033 3319 corporales
2061 3277 2183 3309 scilicet
2213 3277 2333 3308 ostiarii
2359 3276 2411 3308 vel
2438 3276 2580 3318 acolythi
2598 3290 2612 3304 »

1551 3321 1596 3358 C,
1624 3335 1639 3349 ‹
1659 3321 1722 3353 Sed
1745 3322 1877 3362 quidam
1907 3322 2034 3353 ordines
2065 3331 2130 3353 non
2161 3321 2358 3352 ordinantur
2385 3326 2542 3362 quantum
2572 3321 2616 3352 ad

1551 3375 1661 3397 omnes
1676 3365 1807 3397 ordines
1821 3366 1878 3398 sed
1891 3366 1932 3397 ad
1947 3365 2105 3407 quosdam
2119 3378 2134 3394 ι
2160 3371 2220 3396 etc.
2244 3365 2336 3402 LMc,
2363 3378 2378 3392 «
2397 3365 2460 3396 Sed
2484 3364 2616 3406 quidam

1550 3410 1678 3441 ordines
1700 3410 1757 3441 sed
1778 3409 1818 3442 ad
1841 3410 2000 3451 quosdam
2021 3423 2035 3438 »
2067 3415 2126 3441 etc.
2143 3409 2185 3448 Q,
2200 3409 2283 3441 idest
2300 3409 2436 3450 scriptor
2450 3409 2616 3448 Qomittit

1551 3453 1642 3494 quod
1657 3460 1705 3486 est
1724 3455 1972 3487 homoteleuton
1986 3455 2021 3486 in
2042 3453 2182 3485 lectione
2196 3454 2294 3485 LMc:
2319 3463 2396 3495 ergo
2411 3453 2615 3490 ante,oculos

1550 3498 1661 3528 habuit
1683 3499 1800 3529 horum
1830 3499 2000 3539 exemplar.
2032 3497 2166 3529 Accedit
2196 3499 2291 3529 etiam
2313 3498 2366 3529 hic
2397 3497 2487 3538 quod
2517 3497 2613 3528 lectio

1550 3542 1633 3573 LMc
1647 3543 1784 3583 pertinet
1799 3542 1839 3574 ad
1856 3549 2002 3584 systema,
2023 3552 2089 3583 quo
2113 3552 2146 3573 se
2170 3543 2299 3583 corrigit
2321 3541 2614 3582 Compilator-scri-
