2878 4088
1024 178 1286 225 QUAESTIO
1316 179 1377 225 IV,
1405 178 1699 215 ARTICULUS
1727 179 1769 225 II,
1790 181 1835 216 III
2477 196 2500 231 9

83 257 94 268 ·
108 256 207 284 Vers.5.
381 265 409 285 2.
434 255 629 292 PRAETEREA,
653 256 753 286 Eccli.
770 267 790 286 v
806 258 822 273 ἃ
846 256 979 287 dicitur:
1004 257 1054 287 De
1071 258 1252 298 propitiatu
1270 266 1386 297 pecca-

323 303 429 330 torum
454 300 522 329 noli
545 309 612 330 esse
634 300 703 330 sine
725 306 821 331 metu.
846 301 931 341 Ergo
955 302 1055 331 homo
1079 311 1205 341 semper
1220 301 1314 332 debet
1330 300 1386 331 do-

322 343 397 378 lere,
422 343 461 373 ad
484 349 691 383 peccatorum
714 346 974 385 propitiationem
998 345 1187 375 habendam.

376 387 565 417 Rnspommo
595 398 755 418 mcaNmm
786 388 875 428 quod
903 390 937 419 in
968 389 1159 419 contritione
1191 394 1237 419 est
1268 388 1386 428 duplex

84 433 293 461 ·cf.qu.1u,nrt.=.

322 475 427 511 missi;
453 475 532 506 alius
556 477 723 506 sensitivae
746 477 852 516 partiS‚
877 478 933 516 qui
957 487 994 507 ex
1017 477 1078 507 isto
1103 477 1321 516 consequitur.
1346 477 1386 506 Et

323 525 479 559 quantum
495 519 535 550 ad
550 526 734 560 utrumque,
760 521 959 551 contritionis
982 526 1109 560 tempus
1126 526 1172 551 est
1188 521 1284 550 totius
1304 521 1386 550 vitae

321 564 494 603 praesentis
518 569 626 594 status.
651 564 803 602 Quandiu
827 565 913 595 enim
937 570 984 595 est
1006 565 1120 604 aliquis
1143 565 1176 594 in
1199 570 1281 594 statu
1304 565 1384 600 viae,

322 607 493 638 detestatur
515 608 723 638 incommoda
747 609 863 648 quibus
883 618 900 638 a
919 609 1126 648 perventione
1151 607 1189 638 ad
1211 609 1385 638 terminum

322 652 391 682 viae
414 652 586 692 impeditur
608 653 659 683 vel
681 652 864 682 retardatur.
892 651 995 687 Unde,
1021 661 1095 682 cum
1119 657 1249 691 propter
1272 661 1385 692 pecca-

322 701 391 726 tum
414 697 620 736 praeteritum
642 697 711 726 viae
734 701 860 726 nostrae
885 705 995 726 cursus
1018 696 1051 725 in
1070 695 1176 725 Deum
1200 695 1384 731 retardetur,

323 740 398 779 quia
427 745 555 779 tempus
582 739 662 770 illud
696 739 786 779 quod
813 745 878 770 erat
905 739 1093 779 deputatum
1121 739 1161 769 ad
1192 739 1384 769 currendum

321 785 501 824 recuperari
523 789 738 823 non·p0test;
763 788 891 823 oportet
914 782 1003 823 quod
1026 783 1059 813 in
1082 783 1165 813 vitae
1188 783 1283 813 huius
1303 789 1384 813 tem-

321 837 400 867 pore
423 833 521 858 status
545 828 743 857 contritionis
765 832 893 857 maneat
916 832 1073 866 quantum
1097 826 1136 856 ad
1151 828 1274 866 peccati
1298 827 1385 857 dete-

321 872 501 902 stationem.
521 871 671 901 Similiter
690 871 785 901 etiam
801 875 958 910 quantum
974 870 1013 901 ad
1029 871 1211 900 sensibilem
1228 871 1383 907 dolorem,

321 915 378 955 qui
404 920 440 945 ut
469 924 576 954 poena
599 924 617 944 a
639 914 803 944 voluntate
834 915 1013 944 assumitur.
1047 914 1131 952 Quia
1165 916 1251 945 enim
1283 916 1383 946 homo

319 962 460 998 poenam
487 963 647 989 aeternam
674 958 839 998 peccando
867 959 997 994 meruit,
1023 964 1054 989 et
1082 964 1192 989 contra
1219 965 1384 990 aeternum

320 1003 427 1033 Deum
449 1002 603 1042 peccavit,
621 1002 724 1038 debet,
749 1012 854 1042 poena
877 1008 1003 1033 aeterna
1026 1004 1059 1033 in
1083 1004 1294 1043 temporalem
1312 1014 1384 1035 mu-

79 1047 290 1075 ·Cf.1⁸¹=11··‚qu.
319 1051 392 1083 tata,
404 1046 516 1076 saltem
528 1046 622 1077 dolor
637 1047 670 1077 in
689 1051 821 1077 aeterno
837 1047 976 1077 hominis
988 1048 1020 1083 ᾗ,
1038 1047 1118 1078 idest
1133 1053 1215 1078 statu
1231 1049 1326 1078 huius
1338 1049 1384 1079 vi-

79 1079 174 1097 uxxvn
181 1090 188 1102 ,
210 1077 252 1096 nrt.
266 1080 290 1103 3,

79 1100 108 1123 a
127 1107 146 1124 2.
319 1095 379 1126 tae,
392 1100 531 1121 manere.
549 1091 590 1120 Et
604 1097 735 1131 propter
750 1092 813 1121 hoc
830 1091 906 1121 dicit
921 1092 1019 1131 Hugo
1037 1091 1076 1122 de
1093 1092 1210 1122 Sancto
1226 1093 1355 1123 Victore
1368 1094 1384 1110 ⁴*

79 1125 292 1176 'vffifflss'fflgj
320 1134 410 1174 quod
432 1135 715 1171 Deus,'absolvens
738 1135 905 1166 hominem
921 1141 939 1166 a·
955 1136 1048 1176 culpa
1072 1142 1103 1166 et
1117 1146 1224 1176 poena
1247 1142 1383 1173 aeterna,

80 1168 220 1229 &Ah-“²¹
244 1178 292 1228 ⁸¹⁰:-
318 1179 395 1219 ligat
417 1188 494 1209 eum
516 1179 646 1210 vinculo
670 1185 844 1220 perpetuae
868 1180 1084 1210 detestationis
1107 1182 1239 1220 peccati.

78 1222 162 1261 ,μή
199 1212 239 1235 PP-
285 1222 291 1232 '
363 1223 414 1254 An
442 1233 559 1253 ramum
586 1233 669 1254 ERGO
699 1234 859 1254 DICENDUM
890 1224 978 1264 quod
1010 1225 1228 1255 erubescentia
1257 1227 1384 1266 respicit

318 1273 488 1307 peccatum
511 1268 618 1298 solum
640 1269 832 1308 inquantum
856 1269 951 1299 habet
973 1269 1214 1308 turpitudinem.
1239 1270 1280 1300 Et
1298 1271 1382 1306 ideo,

318 1317 492 1352 postquam
518 1317 688 1352 peccatum
716 1318 873 1352 quantum
901 1313 941 1343 ad
967 1313 1095 1353 culpam
1123 1314 1291 1344 remissum
1319 1320 1382 1350 est,

317 1365 390 1386 non
408 1361 517 1387 manet
544 1356 662 1396 pudori
688 1357 789 1388 locus.
821 1357 930 1387 Manet
958 1364 1065 1388 autem
1095 1357 1213 1393 dolori,
1238 1359 1294 1398 qui
1316 1369 1383 1389 non

319 1400 425 1431 solum
449 1400 488 1430 de
512 1401 606 1440 culpa
635 1406 682 1431 est
709 1402 901 1441 inquantum
931 1402 1025 1432 habet
1053 1402 1299 1441 turpitudinem,
1328 1403 1383 1433 sed

319 1445 414 1475 etiam
437 1445 631 1485 inquantum
653 1446 749 1475 habet
771 1452 1006 1476 nocumentum
1030 1455 1201 1476 annexum.

373 1489 424 1519 An
448 1498 610 1519 SECUNDUM
633 1499 794 1519 mmmmm
817 1489 906 1529 quod
929 1490 1025 1520 timor
1051 1490 1185 1526 servilis,
1210 1499 1308 1530 quem
1332 1496 1382 1522 ca-

317 1533 391 1563 ritas
407 1532 491 1563 foras
513 1534 619 1568 mittit,
643 1534 884 1573 oppositionem
908 1534 1003 1564 habet
1021 1534 1060 1564 ad
1077 1535 1238 1564 caritatem
1261 1535 1383 1565 ratione

233 1579 236 1582 ’
317 1586 394 1607 suae
409 1577 576 1613 servitutis,
594 1586 657 1617 qua
672 1587 813 1617 poenam
831 1578 968 1617 respicit.
993 1578 1056 1608 Sed
1072 1577 1165 1608 dolor
1184 1579 1383 1609 contritionis

77 1621 259 1679 :gts‘ldnffl
270 1630 293 1672 ξ,
318 1630 356 1651 ex
372 1621 500 1651 caritate
517 1627 673 1656 causatur,
686 1627 723 1651 ut
738 1621 860 1658 dietum
876 1627 923 1652 est
934 1623 960 1651 ἢ
978 1622 1019 1652 Et
1034 1621 1107 1652 ideo
1123 1632 1191 1652 non
1208 1628 1254 1652 est
1269 1623 1381 1653 simile.

315 1714 467 1749 peccator
493 1708 600 1739 redeat
627 1709 668 1739 ad
694 1710 827 1750 gratiam
854 1711 1019 1749 pristinam
1048 1716 1079 1740 et
1106 1711 1342 1741 immunitatem
1365 1721 1383 1741 a

315 1758 405 1784 reatu
431 1762 572 1793 poenae,
596 1763 765 1793 nunquam
791 1759 898 1784 tamen
926 1753 1007 1784 redit
1031 1754 1070 1784 ad
1092 1755 1257 1794 pristinam
1281 1754 1382 1794 digni-

315 1802 414 1828 tatem
436 1798 650 1828 innocentiae.
679 1798 720 1828 Et
741 1797 815 1829 ideo
840 1808 966 1838 semper
989 1808 1026 1828 ex
1050 1799 1219 1838 praeterito
1247 1805 1381 1839 peccato

316 1841 436 1881 aliquid
459 1842 493 1872 in
515 1843 586 1882 ipso
610 1847 728 1873 manet.

372 1886 422 1916 AD
451 1896 599 1917 omarum
625 1897 785 1917 mCENDtm
813 1887 917 1927 quod,
947 1888 1029 1918 sicut
1058 1897 1126 1918 non
1157 1886 1251 1918 debet
1281 1889 1381 1918 homo

76 1931 138 1955 'Ad
149 1931 288 1960 Rom-‚om
306 1930 426 1972 facere
449 1931 535 1961 mala
560 1936 596 1961 ut
618 1932 749 1961 veniant
770 1932 854 1962 bona
871 1933 897 1967 θ’,
921 1933 964 1962 ita
979 1941 1047 1962 non
1070 1931 1165 1962 debet
1188 1931 1326 1971 gaudere
1343 1932 1382 1963 de

75 1963 112 1986 ω’
125 1964 185 1982 '⁸⁰‘
199 1957 221 1982 8.
315 1974 406 2005 malis
431 1975 505 2015 quia
529 1985 567 2006 ex
592 1976 636 2005 eis
660 1976 901 2006 occasionaliter
928 1977 1122 2016 proveniunt
1150 1977 1251 2012 bona,
1277 1976 1382 2007 divina

315 2019 515 2060 providentia
538 2025 667 2060 agente:
698 2021 773 2060 quia
795 2020 924 2051 illorum
949 2021 1111 2051 bonorum
1134 2026 1264 2060 peccata
1287 2031 1382 2052 causa

314 2073 383 2094 non
405 2063 549 2100 fuerunt,
573 2063 630 2094 sed
652 2065 751 2104 magis
779 2065 1018 2105 impedimenta.
1052 2064 1114 2095 Sed
1142 2064 1248 2095 divina
1275 2067 1381 2105 provi-

316 2107 422 2139 dentia
438 2118 475 2138 ea
491 2109 646 2139 causavit:
672 2114 703 2139 et
719 2108 758 2139 de
774 2119 811 2139 ea
827 2109 922 2140 debet
945 2110 1046 2139 homo
1070 2108 1218 2148 gaudere,
1236 2109 1275 2145 de
1291 2120 1381 2150 prae-

315 2153 413 2183 teritis
437 2158 546 2183 autem
569 2153 687 2183 dolere.
1150 2191 1153 2193 ι

369 2197 421 2227 An
446 2207 585 2228 ourN'rtm
607 2207 767 2227 DICENDUM
784 2197 874 2237 quod
889 2197 1059 2228 satisfactio
1081 2197 1252 2228 attenditur
1267 2208 1381 2229 secun-

316 2240 394 2271 dum
417 2250 558 2281 poenam
585 2246 736 2277 taxatam,
762 2251 844 2282 quae
871 2251 931 2282 pro
959 2243 1098 2282 peccatis
1124 2242 1248 2282 iniungi
1276 2243 1379 2274 debet.

315 2285 357 2315 Et
379 2284 453 2315 ideo
477 2291 584 2326 potest
605 2286 776 2322 terminari,
793 2291 829 2316 ut
846 2296 914 2317 non
938 2292 1085 2326 oporteat
1107 2286 1238 2316 ulterius
1262 2287 1381 2318 satisfa-

316 2338 397 2360 cere.
422 2329 512 2360 Haec
535 2335 643 2360 autem
666 2340 772 2370 poena
794 2332 966 2371 praecipue
989 2331 1252 2371 proportionatur
1267 2333 1381 2373 culpae

291 2380 295 2383 ·
317 2383 355 2403 ex
377 2379 466 2413 parte
490 2375 718 2411 conversionis,
743 2384 782 2405 ex
805 2385 869 2415 qua
891 2374 1047 2406 finitatem
1070 2375 1180 2405 habet:
1209 2376 1264 2406 sed
1288 2377 1380 2407 dolor

323 430 416 461 dolor
431 432 465 461 ἐ
490 441 575 462 unus
598 433 738 469 rationis,
755 434 811 472 qui
827 439 874 463 est
897 433 1062 463 detestatio
1078 433 1200 472 peccati
1215 443 1233 462 a
1248 442 1281 463 se
1297 442 1386 463 com·
1409 445 1417 464 ς

371 1665 423 1694 An
447 1675 581 1695 ran-mm
603 1675 762 1702 DrCnNDUM
787 1666 886 1705 quod,
903 1667 1048 1705 quamvis
1072 1675 1129 1706 per
1152 1667 1403 1705 poenitentiam-

1441 257 1613 288 continuus
1629 267 1693 287 non
1714 258 1778 287 sit.-
1801 258 1863 288 mel
1885 259 1968 288 enim
1992 260 2161 301 absynthio
2186 267 2232 292 est
2254 263 2501 294 admiscendum.

1441 301 1526 341 Ergo
1549 301 1674 331 videtur
1697 301 1786 341 quod
1809 311 1875 332 non
1900 303 2026 342 expedit
2050 306 2201 336 continue
2225 306 2343 338 dolere.

1496 345 1558 375 San
1584 355 1706 375 CONTRA
1730 355 1784 375 es'r
1808 346 1897 385 quod
1919 347 2118 386 Augustinus
2142 349 2217 380 dicit
2232 351 2267 380 *2
2293 351 2423 392 Semper
2445 353 2501 383 do-

1441 389 1506 419 leat
1522 390 1701 429 poenitens,
1726 394 1757 419 et
1778 389 1817 420 de
1839 390 1953 420 dolore
1974 392 2126 431 gaudeat.

1498 443 1526 463 2.
1550 433 1746 469 PRAETEREA,
1771 439 1859 463 actus
1882 435 1915 464 in
1940 435 2056 474 quibus
2080 438 2222 467 consistit
2246 439 2424 476 beatitudo,
2450 451 2502 471 ex-

1440 477 1528 517 pedit
1544 487 1670 517 semper
1685 478 1871 508 continuare
1895 484 2052 518 quantum
2076 481 2225 519 possibile
2242 488 2297 512 est.
2315 483 2377 514 Sed
2392 485 2501 515 huius—

1439 521 1529 552 modi
1553 527 1599 551 est
1622 521 1715 552 dolor
1730 521 1769 552 de
1784 527 1936 562 peccato:
1966 522 2055 562 quod
2078 530 2164 563 patet
2188 525 2297 556 Matth.
2313 537 2334 557 v
2349 529 2384 563 ⁴⁶,
2408 529 2502 559 Beati

1440 565 1495 605 qui
1522 566 1644 606 lugent.
1677 566 1761 605 Ergo
1794 566 1921 606 expedit
1951 566 2097 597 dolorem
2129 570 2314 600 continuare
2346 578 2502 610 quantum

1440 610 1591 649 possibile
1615 615 1670 640 est.

1402 663 1426 677 10
1493 654 1683 683 RasPONDEo
1707 664 1866 683 nrcaNmm
1890 654 1979 693 quod
2002 655 2079 685 haec
2104 662 2150 686 est
2173 657 2315 688 conditio
2332 659 2365 689 in
2381 661 2502 690 actibus

1439 697 1593 727 virtutum
1620 698 1763 733 inventa,
1789 697 1878 737 quod
1906 708 1973 728 non
2001 704 2107 738 potest
2129 701 2162 730 in
2191 702 2234 731 eis
2263 703 2364 743 accipi
2391 714 2502 744 super—

1430 741 1541 780 fluum
1573 747 1603 771 et
1633 741 1846 772 diminutum:
1875 747 1910 772 ut
1933 743 1966 772 in
1990 743 2016 772 ll
2039 743 2142 774 Ethic.
2165 746 2181 761 ³*
2204 747 2366 785 probatur.
2398 748 2501 785 Unde,

1439 794 1514 814 cum
1539 786 1699 821 contritio,
1722 791 1878 825 quantum
1895 786 1934 816 ad
1954 786 1986 816 id
2003 788 2092 827 quod
2115 794 2161 818 est
2185 789 2382 829 displicentia
2405 802 2502 832 quae-

1439 828 1512 859 dam
1536 830 1568 858 in
1597 830 1740 869 appetitu
1769 830 1914 866 rationis,
1943 831 1982 860 sit
2010 837 2098 862 actus
2125 834 2341 872 poenitentiae
2369 837 2500 873 virtutis,

1400 882 1422 902 ¹5
1438 882 1606 913 nunquam
1629 879 1735 913 potest
1757 874 1801 904 ibi
1825 884 1892 904 esse
1916 875 2129 915 superfluum,
2154 878 2235 908 sicut
2262 889 2322 909 nec
2346 886 2502 920 quantum

1439 917 1478 947 ad
1506 918 1736 954 intensionem,
1768 919 1811 948 ita
1840 928 1899 948 nec
1932 925 2088 958 quantum
2118 921 2157 951 ad
2189 921 2408 955 durationem:
2442 927 2501 956 nisi

1439 961 1617 992 secundum
1641 962 1730 1002 quod
1754 968 1842 992 actus
1865 964 1960 993 unius
1983 964 2105 994 virtutis
2133 966 2267 1006 impedit
2294 974 2400 999 actum
2425 971 2501 1001 alte-

1438 1006 1502 1036 rius
1526 1007 1625 1046 magis
1649 1008 1862 1037 necessarium
1878 1017 1936 1047 pro
1953 1013 2098 1048 ternpore
2118 1009 2184 1040 illo.
2210 1011 2312 1048 Unde,
2330 1019 2501 1052 quantum-

1439 1060 1580 1090 cumque
1603 1051 1703 1081 homo
1735 1052 1888 1081 continue
1910 1053 1943 1082 in
1967 1058 2039 1082 actu
2067 1053 2161 1084 huius
2190 1054 2406 1095 displicentiae
2433 1068 2500 1089 esse

1399 1106 1425 1120 ιο
1438 1095 1552 1135 possit,
1584 1095 1697 1125 melius
1729 1101 1790 1125 est:
1823 1095 2001 1126 dummodo
2033 1098 2154 1128 actibus
2185 1099 2316 1130 aliarum
2347 1102 2500 1133 virtutum

1438 1145 1529 1169 vacet
1552 1149 1610 1169 suo
1634 1145 1790 1179 tempore,
1815 1140 1992 1170 secundum
2017 1142 2105 1181 quod
2130 1149 2266 1182 oportet.

1491 1183 1554 1214 Sed
1569 1184 1732 1223 passiones
1751 1181 1887 1223 possunt
1902 1185 2017 1215 habere
2033 1186 2231 1226 superfluum
2248 1194 2279 1218 et
2295 1189 2498 1228 diminutum,

1439 1233 1470 1258 et
1493 1233 1649 1268 quantum
1673 1228 1712 1258 ad
1735 1229 1965 1265 intensionem,
1990 1235 2021 1259 et
2045 1236 2201 1270 quantum
2225 1232 2263 1262 ad
2287 1232 2498 1266 durationem.

1438 1272 1479 1302 Et
1494 1271 1578 1307 ideo,
1596 1273 1678 1302 sicut
1700 1273 1804 1312 passio
1829 1272 1948 1303 doloris
1965 1283 2062 1313 quam
2078 1275 2225 1305 voluntas
2248 1279 2388 1314 assumit,
2406 1278 2500 1310 debet

1399 1327 1421 1346 ες
1439 1325 1506 1346 esse
1529 1316 1693 1347 moderate
1715 1317 1848 1352 intensa,
1872 1318 1915 1347 ita
1939 1316 2032 1348 debet
2055 1318 2218 1350 moderate
2242 1320 2368 1352 durare:
2393 1333 2449 1359 ne,
2474 1325 2500 1354 si

1438 1361 1532 1390 nimis
1556 1360 1663 1396 duret,
1688 1362 1788 1390 homo
1816 1362 1849 1391 in
1877 1361 2130 1401 desperationem
2155 1369 2185 1393 et
2207 1365 2499 1404 pusillanimitatem

1439 1410 1470 1434 et
1492 1405 1677 1435 huiusmodi
1700 1405 1775 1435 vitia
1799 1405 1929 1435 labatur.

1492 1450 1543 1479 An
1566 1459 1683 1479 pannum
1706 1459 1789 1479 ERGO
1813 1459 1972 1479 DICENDUM
1989 1451 2077 1490 quod
2092 1451 2244 1491 gaudium
2266 1455 2382 1484 saeculi
2398 1456 2500 1495 impe-

1438 1493 1522 1523 ditur
1536 1503 1594 1533 per
1610 1493 1755 1523 dolorem
1779 1494 1995 1524 contritionis:
2021 1504 2087 1525 non
2111 1501 2218 1526 autem
2241 1497 2394 1536 gaudium
2411 1500 2499 1539 quod

1399 1546 1423 1565 ³⁰
1438 1537 1477 1567 de
1500 1537 1571 1567 Deo
1597 1543 1652 1572 est,
1677 1538 1752 1577 quia
1775 1538 1869 1567 habet
1893 1539 1998 1577 ipsum
2022 1538 2168 1569 dolorem
2192 1550 2251 1579 pro
2274 1543 2414 1573 materia.

1492 1582 1543 1611 An
1567 1591 1729 1611 sizCUNnun
1751 1591 1911 1611 mcENDUM
1937 1582 2026 1622 quod
2049 1583 2294 1615 Ecclesiasticus
2317 1586 2356 1616 de
2379 1588 2501 1618 trisn'tia

1438 1626 1555 1656 saeculi
1578 1626 1730 1665 loquitur.
1755 1626 1795 1655 Et
1818 1625 2033 1666 Philosophus
2057 1627 2199 1667 loquitur
2218 1628 2257 1658 de
2273 1630 2394 1660 tristitia
2418 1641 2500 1671 quae

1438 1675 1484 1699 est
1506 1670 1630 1709 passio:
1664 1679 1727 1709 qua
1750 1669 1913 1699 moderate
1944 1671 2100 1701 utendum
2124 1677 2184 1708 est,
2209 1674 2387 1704 secundum
2411 1675 2501 1715 quod

1437 1713 1565 1753 expedit
1588 1713 1627 1743 ad
1650 1713 1748 1743 finem
1772 1713 1811 1743 ad
1836 1723 1933 1753 quem
1958 1715 2136 1745 assumitur.

1398 1768 1420 1789 35
1491 1758 1542 1787 An
1559 1767 1693 1787 ‘rum-mu
1708 1767 1867 1787 mmmmm
1880 1757 1968 1798 quod
1981 1759 2159 1790 Bernardus
2174 1760 2317 1800 loquitur
2333 1762 2372 1792 de
2389 1762 2500 1794 dolore

1437 1802 1493 1842 qui
1517 1807 1563 1832 est
1586 1802 1701 1841 passio.

1595 1867 1694 1897 ART.
1720 1867 1770 1896 III.
1795 1877 1900 1897 UTRUM
1923 1877 2016 1897 ETIAM
2040 1877 2115 1898 rosr
2138 1879 2221 1898 HANG
2243 1880 2338 1900 vrum

1668 1921 1785 1941 ANIMAE
1809 1921 1849 1941 nn
1872 1922 2015 1941 racemis
2041 1922 2265 1943 cONraRAN’rua

1396 1989 1422 2009 40
1438 1988 1520 2050 An
1544 1988 1678 2007 Tannum
1706 1987 1751 2007 src
1782 1987 1984 2007 pnocamrun.
2017 1977 2150 2008 Videtur
2179 1979 2269 2019 quod
2298 1981 2392 2010 etiam
2425 1987 2499 2021 post

1500 2022 1582 2052 hanc
1618 2022 1715 2051 vitam
1746 2022 1870 2051 animae
1901 2021 1940 2052 de
1970 2023 2108 2061 peccatis
2146 2029 2359 2054 conterantur.
2398 2026 2500 2056 Amor

1436 2067 1523 2096 enim
1546 2066 1680 2096 caritatis
1710 2065 1941 2105 displicentiam
1965 2065 2004 2096 de
2027 2073 2160 2106 peccato
2189 2073 2305 2098 causat.
2337 2069 2399 2099 Sed
2425 2076 2500 2109 post

1435 2111 1518 2140 hanc
1547 2111 1644 2140 vitam
1675 2115 1782 2139 manet
1811 2111 1845 2139 in
1876 2109 2035 2150 aliquibus
2065 2112 2193 2146 caritas,
2219 2117 2250 2141 et
2273 2119 2430 2152 quantum
2460 2114 2499 2144 ad

1436 2160 1543 2185 actum
1571 2160 1601 2184 et
1630 2159 1787 2194 quantum
1817 2154 1856 2184 ad
1884 2154 2045 2184 habitum:
2078 2156 2154 2195 quia
2183 2156 2304 2186 caritas
2334 2167 2497 2198 nunquam

1395 2214 1418 2233 45
1436 2199 1570 2234 excidit,
1595 2203 1631 2228 ut
1659 2198 1773 2229 dicitur
1797 2198 1808 2228 I
1835 2198 1911 2228 Cor.
1935 2208 1990 2228 xm
2005 2199 2031 2228 ὓ.
2062 2199 2147 2239 Ergo
2171 2206 2278 2230 manet
2301 2200 2498 2241 displicentia

1436 2243 1474 2273 de
1497 2249 1630 2283 peccato
1655 2243 1839 2278 commisso,
1864 2252 1947 2282 quae
1971 2244 2175 2274 essentialiter
2199 2250 2245 2274 est
2268 2246 2428 2276 contritio.

1492 2297 1520 2317 2.
1545 2288 1740 2323 Pastinum,
1764 2287 1863 2326 magis
1888 2293 1934 2317 est
1957 2286 2132 2318 dolendum
2156 2287 2195 2318 de
2220 2289 2314 2328 culpa
2337 2299 2434 2329 quam
2459 2291 2498 2321 de

1435 2341 1550 2372 poena.
1578 2331 1641 2362 Sed
1664 2331 1788 2361 animae
1811 2331 1844 2360 in
1868 2332 2052 2371 purgatorio
2076 2331 2186 2362 dolent
2209 2332 2248 2362 de
2272 2343 2377 2372 poena
2401 2336 2498 2365 sensi-

1435 2376 1490 2406 bili
1514 2381 1544 2406 et
1568 2376 1607 2406 de
1631 2375 1781 2405 dilatione
1804 2375 1933 2415 gloriae.
1964 2376 2050 2415 Ergo
2074 2376 2177 2406 multo
2201 2378 2301 2417 magis
2325 2378 2436 2409 dolent
2459 2379 2498 2410 de

317 2418 516 2448 contritionis
538 2418 712 2459 respondet
738 2419 851 2460 culpae
875 2429 913 2450 ex
935 2425 1024 2460 parte
1048 2420 1230 2456 aversionis,
1255 2430 1293 2451 ex
1317 2431 1381 2461 qua
1396 2433 1421 2454 50
1436 2420 1531 2460 culpa
1554 2421 1592 2450 ab
1617 2421 1662 2450 eis
1686 2420 1865 2450 commissa.

315 2462 411 2492 habet
434 2462 596 2502 quandam
622 2462 822 2494 infinitatem.
853 2464 894 2494 Et
916 2465 959 2494 ita
981 2474 1055 2495 vera
1078 2465 1228 2494 contritio
1255 2475 1381 2506 semper

316 2505 411 2537 debet
433 2516 572 2538 manere.
595 2507 664 2538 Nec
684 2513 730 2538 est
753 2509 982 2539 inconveniens
998 2509 1034 2545 si,
1051 2514 1176 2539 remoto
1200 2506 1379 2549 posteriori,

316 2556 424 2581 manet
446 2551 544 2591 prius.

1491 2465 1521 2495 3.
1545 2464 1740 2499 PRAETEREA,
1756 2473 1862 2503 poena
1882 2465 2056 2504 purgatorii
2080 2470 2126 2494 est
2149 2465 2354 2495 satisfactoria
2370 2466 2408 2496 de
2424 2476 2499 2506 pec-

1435 2514 1517 2539 cat0.
1550 2508 1613 2539 Sed
1642 2507 1812 2538 satisfactio
1842 2509 1938 2538 habet
1967 2508 2140 2538 efficaciam
2169 2519 2206 2539 ex
2228 2510 2259 2539 vi
2288 2512 2497 2541 contritionis.

1435 2553 1520 2593 Ergo
1546 2553 1695 2583 contritio
1718 2558 1827 2582 manet
1848 2558 1922 2592 post
1945 2553 2027 2583 hanc
2050 2553 2157 2583 vitam.

1491 2597 1553 2628 San
1578 2607 1710 2632 CONTRA,
1736 2597 1884 2627 contritio
1905 2602 1951 2626 est
1966 2606 2038 2636 pars
2061 2598 2277 2637 poenitentiae
2301 2601 2497 2630 sacramenti.

338 2627 437 2659 ART'·
463 2628 499 2658 ῙῙ·
524 2639 628 2658 UTRUM
652 2638 803 2659 ΕΧΡΕΒῙΑΤ
827 2639 982 2660 commun
1010 2641 1050 2660 ΒΕ
1074 2641 1212 2662 PECCATO
1237 2642 1359 2662 nomm:
1397 2654 1419 2674 55
1436 2641 1498 2672 Sed
1521 2646 1716 2681 sacramenta
1739 2651 1806 2671 non
1830 2646 1961 2671 manent
1983 2647 2056 2681 post
2079 2642 2160 2672 hanc
2191 2643 2298 2673 vitam.
2330 2644 2415 2684 Ergo
2438 2654 2499 2674 nec

663 2691 722 2714 Part.
737 2691 777 2718 m,
793 2698 831 2721 qu.
846 2698 940 2719 Lxxxw,
955 2697 997 2727 art.
1013 2699 1035 2721 9.

381 2779 401 2799 υ
431 2779 594 2799 SECUNDUM
617 2779 662 2799 s1C
685 2779 890 2800 puocam‘run.
920 2769 1054 2801 Videtur
1077 2771 1167 2811 quod
1190 2781 1258 2802 non
1286 2782 1381 2812 expe-

316 2780 445 2845 Adiat
468 2814 621 2844 continue
645 2813 684 2844 de
706 2819 840 2854 peccato
864 2813 982 2845 dolere.
1007 2815 1144 2855 Expedit
1168 2816 1254 2846 enim
1278 2825 1380 2856 quan-

73 2865 86 2877 ·
100 2863 166 2887 Vero.
179 2870 202 2891 4.

75 2909 87 2920 ·
96 2907 154 2931 Ord.
167 2911 190 2930 et
203 2907 287 2931 Lomb.

314 2946 469 2988 gaudere.
501 2946 564 2977 Sed
589 2956 657 2976 non
684 2952 730 2976 est
754 2947 905 2986 possibile
927 2947 1065 2987 gaudere
1089 2948 1184 2979 simul
1208 2954 1238 2979 et
1262 2949 1380 2980 dolere.

315 2991 401 3030 Ergo
425 3000 491 3020 non
517 2990 644 3031 expedit
668 2991 821 3021 continue
845 2991 884 3021 de
907 2997 1041 3031 peccato
1066 2991 1183 3023 dolere.

371 3044 400 3065 2.
425 3035 627 3070 passuum,
652 3035 731 3066 illud
754 3034 843 3075 quod
868 3041 914 3066 est
937 3035 976 3066 de
999 3045 1033 3066 se
1056 3037 1177 3067 malurn
1202 3042 1233 3067 et
1255 3036 1380 3077 fugien-

1436 2687 1595 2716 contritio.

1492 2740 1521 2760 2.
1546 2730 1742 2765 PRAETEREA,
1759 2730 1908 2759 contritio
1933 2735 2039 2769 potest
2063 2739 2130 2760 esse
2154 2736 2239 2760 tanta
2263 2731 2352 2771 quod
2369 2731 2452 2762 delet
2469 2738 2499 2762 et

1436 2775 1565 2814 culpam
1589 2779 1620 2804 et
1641 2783 1792 2814 poenam.
1817 2773 1850 2804 Si
1874 2783 1949 2814 ergo
1973 2775 2097 2804 animae
2116 2775 2149 2804 in
2169 2777 2352 2815 purgatorio
2377 2777 2498 2806 conteri

1435 2823 1580 2859 possent,
1604 2823 1713 2858 posset
1739 2819 1771 2848 vi
1799 2818 1999 2848 contritionis
2030 2828 2139 2849 earum
2169 2825 2271 2849 reatus
2301 2829 2425 2860 poenae
2454 2822 2498 2851 eis

315 2857 424 2898 doque
447 2857 595 2897 gaudere,
617 2863 652 2888 ut
671 2863 758 2898 patet
773 2858 887 2898 Philip.
904 2869 935 2888 1v
951 2860 985 2888 ἐ
1011 2869 1107 2899 super
1129 2859 1218 2896 illud,
1237 2860 1382 2892 Gaudete
1395 2873 1422 2893 σο
1436 2863 1561 2899 dimitti,
1591 2868 1623 2892 et
1650 2863 1785 2892 omnino
1815 2872 1832 2892 a
1858 2871 1964 2902 poena
1996 2863 2135 2893 sensibili
2160 2863 2300 2894 liberari:
2331 2864 2419 2904 quod
2452 2870 2499 2895 est

315 2902 348 2932 in
371 2902 514 2932 Domino
544 2912 684 2942 semper,
709 2902 785 2933 dicit
809 2902 922 2933 Glossa
938 2904 954 2919 ⁴*
978 2903 1068 2943 quod
1098 2905 1312 2935 necessarium
1335 2911 1383 2936 est
1435 2907 1560 2937 falsum.

1489 2952 1678 2981 Rnspownno
1702 2961 1862 2981 DICENDUM
1889 2950 1978 2991 quod
2001 2952 2034 2981 in
2058 2952 2249 2982 contritione
2272 2953 2329 2982 tria
2352 2952 2497 2982 conside-

1435 2995 1531 3026 randa
1547 3001 1638 3025 sunt:
1656 2995 1796 3035 primum
1813 3000 1860 3025 est
1876 2996 2075 3026 contritionis
2091 3005 2202 3035 genus,
2219 2996 2308 3036 quod
2325 3002 2371 3026 est
2387 2996 2496 3033 dolor;

1435 3039 1614 3070 secundum
1641 3045 1688 3069 est
1717 3039 1917 3069 contritionis
1945 3039 2057 3075 forma,
2088 3041 2162 3080 quia
2190 3046 2236 3070 est
2264 3046 2351 3070 actus
2374 3041 2497 3070 virtutis

315 3078 404 3115 dum,
420 3088 488 3109 non
512 3084 558 3109 est
581 3079 810 3110 assumendum
831 3080 892 3110 nisi
916 3085 1074 3120 quatenus
1097 3086 1144 3111 est
1166 3083 1380 3112 necessarium
1393 3093 1417 3118 65
1434 3084 1532 3123 gratia
1554 3083 1762 3119 informatus;
1790 3084 1919 3114 tertium
1949 3090 1995 3114 est
2018 3085 2217 3114 contritionis
2245 3084 2396 3120 efficacia,
2422 3085 2497 3124 quia

315 3128 352 3153 ut
373 3123 532 3154 medicina
555 3123 594 3154 ad
617 3123 756 3163 aliquid:
782 3124 863 3154 sicut
886 3130 974 3164 patet
993 3123 1031 3155 de
1047 3125 1175 3155 ustione
1192 3130 1223 3156 et
1238 3127 1380 3156 sectione

314 3166 464 3197 vulneris.
488 3167 551 3197 Sed
573 3168 696 3198 tristitia
719 3167 759 3198 de
782 3178 815 3199 se
838 3168 922 3198 mala
945 3173 1009 3199 est:
1034 3169 1120 3199 unde
1144 3169 1259 3200 dicitur
1277 3170 1378 3201 Eccli.

315 3220 376 3240 xxx
391 3211 425 3246 *,
453 3211 629 3242 Tristitiam
653 3212 752 3253 longe
774 3213 898 3253 expelle
921 3222 941 3243 a
965 3218 1008 3248 te,
1033 3218 1064 3243 et
1093 3213 1239 3244 subditur
1269 3224 1378 3251 causa,

316 3255 440 3285 Multos
466 3255 550 3285 enim
578 3256 695 3287 occidit
722 3257 867 3293 tristitia,
892 3262 923 3287 et
945 3267 1010 3288 non
1039 3263 1086 3288 est
1108 3258 1231 3288 utilitas
1254 3258 1285 3288 in
1310 3259 1378 3289 illa.

77 3213 87 3224 ·
102 3211 168 3234 Ven-
182 3217 220 3238 ²4,
233 3217 267 3240 ²5·

1435 3133 1482 3158 est
1496 3128 1687 3163 meritorius,
1704 3133 1735 3158 et
1750 3128 1992 3164 sacramentalis,
2010 3134 2041 3158 et
2057 3128 2299 3168 quodammodo
2323 3128 2496 3158 satisfacto—

1434 3173 1508 3202 rius.
1533 3172 1669 3202 Animae
1692 3172 1788 3212 igitur
1810 3178 1884 3212 post
1906 3173 1989 3203 hanc
2012 3173 2109 3202 vitam
2133 3182 2214 3212 quae
2238 3173 2270 3202 in
2294 3174 2393 3212 patria
2412 3178 2495 3208 sunt,

1435 3217 1661 3246 contritionem
1694 3217 1810 3246 habere
1841 3226 1909 3246 non
1939 3222 2090 3256 possunt:
2122 3218 2196 3257 quia
2228 3222 2334 3246 carent
2366 3217 2495 3252 dolore,

1434 3266 1565 3300 propter
1586 3259 1694 3300 gaudii
1716 3260 1960 3300 plenitudinem.
1990 3261 2063 3291 Illae
2087 3271 2162 3291 vero
2192 3270 2273 3301 quae
2297 3267 2370 3290 sunt
2392 3262 2425 3291 in
2448 3262 2496 3290 in-

76 3303 88 3315 ‘
100 3302 158 3331 0¹9·
168 3309 219 3330 ¹¹¹¹,
235 3309 258 3325 n.
270 3309 289 3329 ι;
316 3298 390 3329 Hoc
406 3298 501 3329 etiam
516 3299 732 3340 Philosophus
747 3300 824 3331 dicit
840 3311 985 3341 expresse
1000 3302 1033 3332 in
1044 3302 1101 3332 VII
1113 3302 1243 3332 *Ethia
1257 3303 1323 3332 etX
1334 3304 1378 3333 *⁴2
1394 3319 1420 3340 7⁰
1434 3304 1536 3340 ferno,
1561 3309 1668 3334 carent
1692 3305 1900 3335 contritione:
1926 3306 2010 3345 quia,
2029 3306 2086 3335 etsi
2110 3305 2255 3336 dolorem
2278 3306 2423 3340 habeant,
2441 3305 2496 3335 de-

75 3335 226 3379 ἓρ-ἰ-ζᾚςῖζ
240 3335 289 3383 ihs,
316 3342 403 3383 Ergo
425 3352 494 3373 non
517 3342 611 3374 debet
633 3344 769 3385 amplius
793 3345 902 3376 dolere
925 3345 964 3376 de
980 3351 1114 3386 peccato
1137 3347 1198 3376 nisi
1222 3352 1379 3387 quatenus
1434 3347 1500 3378 ficit
1522 3354 1630 3378 tamen
1653 3349 1698 3378 eis
1720 3349 1818 3388 gratia
1842 3348 1987 3379 dolorem
2014 3349 2199 3380 informans.
2231 3349 2293 3380 Sed
2316 3349 2360 3379 illi
2383 3350 2439 3388 qui
2462 3350 2495 3379 in

75 3388 194 3436 §.³3:¹9³
217 3414 239 3431 n.
249 3415 288 3437 5·-
316 3385 432 3417 sufficit
455 3386 494 3416 ad
516 3393 686 3427 peccatum
709 3388 891 3420 delendum.
920 3389 983 3420 Sed
1011 3391 1115 3420 statim
1143 3396 1217 3430 post
1243 3392 1379 3431 primam
1433 3393 1619 3433 purgatorio
1643 3398 1726 3429 sunt,
1742 3393 1860 3423 habent
1883 3393 2029 3424 dolorem
2053 3393 2093 3424 de
2116 3394 2253 3434 peccatis
2277 3394 2374 3433 gratia
2397 3392 2495 3423 infor-

76 3434 160 3458 s.·rh.
180 3425 232 3458 te'et.
248 3441 287 3457 vn.
317 3430 516 3461 contritionis
545 3432 700 3462 trisn'tiam
732 3439 901 3472 peccatum
934 3434 1075 3465 deletum
1106 3441 1161 3465 est.
1195 3435 1280 3475 Ergo
1311 3445 1379 3466 non
1433 3442 1567 3472 matum,
1591 3436 1647 3467 sed
1669 3446 1737 3467 non
1760 3437 1976 3468 meritorium:
2002 3439 2077 3478 quia
2100 3448 2167 3468 non
2191 3443 2263 3468 sunt
2278 3438 2311 3467 in
2328 3442 2409 3467 statu
2428 3447 2496 3467 me-

77 3498 87 3508 .
109 3495 186 3518 Sem.
210 3495 242 3518 ῃ
263 3496 288 3517 ,η
317 3473 444 3514 expedit
466 3474 598 3505 ulterius
622 3475 740 3507 dolere.
1434 3480 1534 3511 rendi.
1558 3498 1579 3503 -
1603 3481 1638 3511 In
1661 3481 1720 3511 hac
1743 3487 1851 3512 autern
1874 3482 1937 3512 vita
1961 3483 2069 3512 omnia
2095 3483 2153 3512 tria
2181 3481 2339 3522 praedicta
2363 3482 2495 3511 inveniri

77 3521 176 3550 Canac..
191 3528 214 3544 n.
229 3528 249 3544 π.
373 3519 401 3549 3.
426 3518 626 3554 Paua-nm,
654 3520 833 3551 Bernardus
860 3521 936 3553 dicit
951 3523 986 3552 ἐ
1018 3523 1126 3553 Dolor
1152 3523 1255 3554 bonus
1282 3529 1329 3555 est
1349 3524 1379 3555 si
1392 3539 1415 3559 75
1433 3531 1579 3565 possunt.

457 3579 569 3604 Summa
587 3579 689 3606 Tutor.
702 3581 733 3606 D.
752 3580 869 3607 Tamum
887 3582 920 3607 T.
940 3583 981 3609 lx,
2321 3586 2352 3610 ²*

2529 361 2640 383 'DeVera
2650 363 2672 383 et
2674 362 2739 390 sals.

2528 388 2606 415 Poen„
2615 394 2665 415 cap.
2674 394 2722 410 xm.
2729 399 2740 405 ·

2529 414 2590 436 Inter
2602 414 2664 442 opp.
2675 415 2739 442 Aug.

2528 538 2538 547 ·
2552 536 2617 558 Vers.
2633 542 2652 564 5.

2528 752 2739 805 sessffP'vYJ·v'1.⁵.·T”·

2524 2210 2536 2221 ·
2550 2209 2616 2231 Vers.
2630 2209 2652 2231 8.
