2878 4088
154 429 163 437 ·
181 427 247 448 Vers.
267 432 289 452 ¹4
313 432 364 454 sqq.

153 699 163 708 ·
177 697 195 718 11
207 696 240 717 ad
249 695 367 721 Thessal„

156 730 207 771 ca&
219 729 234 749 ι,
245 728 304 744 vers.
313 722 367 749 7‚8;

156 750 222 824 {Oesssss
237 749 372 797 llssegtanffifl,

167 809 182 825 u
193 809 224 824 m.

156 832 165 840 ·
172 830 208 852 Ps.
217 834 368 856 xcv1‚vers.3.

158 964 167 973 ·
176 961 212 984 Cf.
219 963 290 990 Apoc.
297 967 347 989 cap.
353 967 369 982 ι.

157 995 216 1011 vers.
233 995 254 1015 7.

158 1093 168 1102 ·
178 1091 235 1112 Dlst.
242 1095 311 1115 nvn,
319 1095 369 1116 cap.

161 1118 217 1139 Cum
231 1118 315 1138 autem.

159 1144 226 1165 ·Vid.
235 1144 265 1164 de
271 1142 320 1164 Ciu.
327 1142 371 1163 Dei

159 1171 199 1192 lib.
228 1169 294 1196 XVI,
319 1175 344 1190 ca
364 1183 370 1190 .

158 1203 225 1223 xxtv;
247 1197 286 1218 lib.
311 1195 331 1217 X
364 1211 369 1221 ,

160 1229 209 1251 cap.
226 1229 289 1244 xvm.

161 1445 170 1454 ·
188 1443 253 1464 Vera.
271 1450 304 1469 14,
322 1444 355 1464 ib.

162 1622 172 1631 ·
187 1619 254 1641 Vers.
269 1625 305 1647 43.

162 1799 172 1809 ·
187 1796 256 1819 Vers.
269 1802 303 1818 2¹.

164 1934 175 1943 “
189 1931 240 1952 Art.
258 1937 276 1957 ι,
290 1937 314 1957 4.

166 2063 176 2072 ·
191 2061 226 2083 Cf.
244 2065 286 2083 art.
301 2067 323 2089 9.

174 2952 183 2962 ·
192 2950 251 2972 Diui.
258 2955 328 2976 nvn,
335 2955 387 2977 cap.

178 2977 234 2998 Cum
249 2978 332 2998 autem.

176 3128 187 3138 ·
201 3126 259 3148 Ibid-

181 3350 191 3359 ·
211 3348 261 3370 Act.
286 3353 337 3375 cap.
359 3352 390 3373 ιι,

180 3381 240 3397 vers.
249 3380 284 3402 27,
291 3380 315 3403 3¹
324 3380 330 3400 ;
340 3378 389 3401 cap.

180 3428 216 3450 ef.
230 3406 317 3454 22:⁶33
332 3405 392 3448 3{÷.1

398 215 467 251 168

393 293 504 324 mundi
527 293 767 323 mundanorum
791 293 916 334 ignium
939 293 1202 334 conflagratione
1219 292 1347 333 peribit.
1376 292 1461 331 Ergo

393 338 478 369 idem
503 337 592 377 quod
615 338 712 378 prius.

450 382 479 413 3.
504 382 700 418 Palmam,
721 381 882 412 Dominus
898 380 1160 412 adiudicandum
1183 381 1314 411 veniens
1339 380 1463 420 aliquos

394 428 483 457 vivos
500 427 649 466 reperiet:
667 432 703 457 ut
718 431 806 466 patet
822 435 859 456 ex
875 426 939 456 hoc
955 425 1044 466 quod
1060 426 1193 456 habetur
1210 425 1221 455 I
1242 424 1382 454 Thessal.
1396 433 1428 453 1v
1435 424 1462 459 ξ

394 472 449 501 ubi
474 480 512 501 ex
535 480 673 510 persona
696 479 809 501 eorum
833 470 1009 510 Apostolus
1037 470 1135 506 dicit:
1167 468 1292 499 Deinde
1323 477 1382 498 nos
1409 467 1464 508 qui
1487 476 1495 496 ς

395 515 539 551 vivimus,
564 515 619 555 qui
643 514 764 546 residui
786 524 897 545 sumus
921 515 953 544 in
978 514 1116 545 adventu
1139 513 1284 548 Domini,
1309 518 1368 543 etc.
1402 510 1464 542 Sed

394 560 457 590 hoc
473 569 541 589 non
558 564 639 589 esset
663 560 688 589 si
708 558 914 599 conflagratio
938 558 1051 589 mundi
1074 557 1292 598 praecederet:
1317 557 1393 597 quia
1408 565 1465 596 per

395 605 502 644 ignem
526 603 770 634 resolverentur.
795 603 881 643 Ergo
901 603 982 643 ignis
1003 603 1055 633 ille
1078 601 1235 633 iudicium
1258 606 1419 641 sequetur.

451 657 481 687 4.
506 648 703 684 ΡΒΑΕΤΕΒΕΑ,
728 648 888 678 Dominus
916 647 1030 677 dicitur
1053 646 1249 677 iudicaturus
1273 646 1386 675 orbem
1408 653 1466 684 per

395 693 504 732 ignem
519 693 546 722 ³.
571 692 611 722 Et
627 692 700 723 ideo
721 691 928 732 conflagratio
952 690 1055 721 finalis
1077 690 1203 721 videtur
1226 699 1293 720 esse
1318 689 1464 720 executio

397 736 495 767 divini
518 736 638 767 iudicii.
670 736 732 767 Sed
756 736 902 766 executio
931 736 1074 776 sequitur
1101 734 1267 766 iudicium.
1299 734 1385 774 Ergo
1414 732 1466 763 ille

396 781 477 821 ignis
501 780 658 811 iudicium
682 786 841 821 sequetur.

453 825 516 855 San
541 834 664 855 CONTRA
687 834 741 855 asi·
765 824 854 864 quod
878 823 993 854 dicitur
1015 825 1048 854 in
1071 823 1199 854 Psalmo
1215 824 1250 853 *:
1276 822 1369 864 Ignis
1392 826 1468 852 ante

398 870 500 909 ipsum
518 868 700 909 praecedet.

455 923 484 943 2.
508 913 705 948 Pam-ruam,
722 913 911 942 resurrectio
927 911 1096 952 praecedet
1110 911 1285 942 iudicium:
1310 911 1385 941 alias
1400 919 1468 940 non
1484 924 1491 937 ι

398 957 519 987 videret
543 957 646 987 omnis
671 957 784 987 oculus
809 956 972 986 Christum
1001 956 1196 986 iudicantem
1212 957 1238 986 *.
1269 955 1332 985 Sed
1355 953 1468 985 mundi

398 1000 605 1041 conflagratio
639 1001 904 1030 resurrectionem
937 999 1115 1040 praecedet.
1151 999 1259 1030 Sancti
1292 999 1379 1029 enim
1411 998 1467 1038 qui

398 1050 571 1084 resurgent,
597 1054 732 1084 corpora
756 1044 928 1084 spiritualia
953 1049 983 1074 et
1006 1044 1212 1084 impassibilia
1235 1043 1413 1077 habebunt,
1438 1047 1469 1072 et

398 1090 440 1119 ita
456 1098 523 1119 non
540 1093 693 1128 poterunt
708 1088 836 1128 purgari
851 1097 908 1127 per
922 1088 1048 1127 ignem:
1074 1097 1150 1117 cum
1165 1092 1273 1117 tamen
1289 1087 1322 1116 in
1338 1087 1441 1116 littera
1451 1086 1468 1101 ⁴*

398 1133 528 1168 dicatur,
546 1142 583 1162 ex
606 1133 709 1162 verbis
732 1132 903 1171 Augustini
919 1133 946 1168 *‚
963 1131 1052 1172 quod
1062 1141 1125 1172 per
1145 1131 1236 1161 illum
1261 1131 1370 1172 ignem
1387 1139 1470 1170 pur·
1485 1142 1496 1155 2

397 1177 530 1219 gabitur
543 1177 572 1207 si
587 1176 664 1217 quid
680 1177 712 1206 in
729 1176 889 1216 aliquibus
910 1176 952 1206 sit
967 1175 1192 1217 purgandum.
1216 1175 1303 1215 Ergo
1319 1174 1372 1205 ille
1387 1174 1470 1214 ignis

397 1221 553 1252 iudicium
576 1219 754 1260 praecedet.

453 1266 642 1295 Rusponzo
667 1274 827 1294 menmium
851 1263 940 1304 quod
963 1264 1016 1294 illa
1040 1263 1265 1304 conflagratio,
1290 1261 1470 1293 secundum

399 1311 443 1340 rei
466 1310 642 1345 veritatem,
666 1314 823 1349 quantum
839 1308 879 1339 ad
894 1309 944 1338 sui
959 1308 1087 1338 initium
1110 1308 1267 1339 iudicium
1289 1305 1468 1348 praecedet.

399 1353 498 1392 Quod
515 1363 552 1384 ex
568 1354 643 1384 hinc
658 1352 825 1383 manifeste
849 1353 1008 1392 colligitur
1032 1352 1121 1393 quod
1139 1357 1345 1383 mortuorum
1367 1361 1470 1382 resur-

399 1399 498 1429 rectio
522 1397 678 1428 iudicium
696 1396 875 1437 praecedet.
899 1396 999 1435 Quod
1014 1402 1102 1437 patet
1118 1407 1156 1428 ex
1170 1397 1235 1428 hoc
1250 1395 1340 1437 quod
1356 1395 1472 1426 dicitur

400 1443 411 1473 Ι
439 1442 580 1473 Thessal.
597 1452 628 1471 ιν
643 1443 670 1478 *,
691 1441 779 1482 quod
803 1441 848 1472 illi
872 1442 967 1472 etiam
990 1442 1046 1482 qui
1069 1441 1282 1477 dormierunt,
1303 1441 1472 1481 rapientur

400 1488 432 1517 in
458 1486 591 1517 nubibus
615 1486 647 1516 in
672 1495 750 1517 aera
776 1486 901 1516 obviam
927 1486 1055 1516 Christo
1077 1485 1117 1517 ad
1138 1485 1296 1516 iudicium
1319 1485 1470 1515 venienti.

400 1531 502 1562 Simul
518 1535 626 1561 autem
639 1531 697 1561 erit
708 1531 896 1561 resurrectio
909 1531 1103 1567 communis,
1117 1536 1148 1561 et
1160 1539 1334 1571 corporum
1346 1534 1472 1560 sancto-

400 1585 471 1606 rum
487 1574 694 1615 glorificatio:
719 1575 819 1605 sancti
843 1575 929 1605 enim
953 1580 1152 1615 resurgentes
1176 1584 1313 1615 corpora
1333 1574 1472 1614 gloriosa

401 1625 580 1656 resument,
604 1625 640 1650 ut
670 1625 757 1660 patet
786 1629 843 1659 per
873 1618 952 1650 illud
983 1619 1073 1660 quod
1103 1619 1218 1650 dicitur
1246 1619 1258 1649 l
1285 1619 1363 1649 Cor.
1387 1628 1428 1648 xv
1444 1619 1471 1654 ⁸¹⁵,

402 1664 587 1695 Seminatur
610 1664 642 1694 in
667 1663 879 1706 ignobilitate,
899 1669 1014 1705 surget
1036 1664 1068 1694 in
1091 1664 1213 1706 gloria.
1238 1663 1341 1695 Simul
1365 1668 1474 1693 autem

403 1716 478 1739 cum
494 1717 631 1748 corpora
646 1711 831 1739 sanctorum
847 1707 1121 1748 glorificabuntur,
1137 1709 1233 1739 etiam
1248 1714 1316 1739 tota
1331 1713 1474 1738 creatura

403 1762 463 1783 suo
486 1752 587 1783 modo
618 1753 838 1783 renovabitur:
871 1758 907 1783 ut
934 1758 1022 1793 patet
1050 1762 1108 1793 per
1130 1753 1210 1783 illud
1239 1752 1330 1793 quod
1360 1752 1475 1783 dicitur

403 1798 496 1828 Rom.
520 1807 576 1828 v111
591 1798 625 1833 ὓ,
657 1796 747 1837 quod
777 1797 846 1838 ipsa
876 1802 1030 1828 creatura
1060 1797 1249 1828 liberabitur
1275 1807 1294 1828 a
1323 1796 1475 1827 servitute

404 1842 624 1882 corruptionis
639 1841 672 1871 in
690 1842 867 1872 libertatem
885 1842 1017 1883 gloriae
1029 1842 1183 1883 filiorum
1198 1842 1270 1872 Dei.
1296 1841 1382 1872 Cum
1399 1850 1474 1881 ergo

405 1885 612 1926 conflagratio
644 1885 758 1917 mundi
788 1887 828 1916 sit
858 1885 1025 1926 dispositio
1057 1886 1096 1917 ad
1119 1887 1363 1917 renovationem
1386 1894 1476 1925 prae-

406 1930 533 1966 dictam,
551 1936 587 1960 ut
610 1940 648 1961 ex
672 1930 763 1961 dictis
778 1931 795 1947 ⁸*
819 1936 915 1971 patet,
935 1930 1102 1961 manifeste
1125 1936 1232 1971 potest
1256 1930 1365 1970 colligi
1388 1929 1477 1970 quod

405 1975 458 2005 illa
475 1974 682 2014 conflagratio
702 1974 810 2015 quoad
828 1975 1054 2015 purgationem
1077 1975 1191 2006 mundi
1214 1974 1370 2005 iudicium
1386 1983 1477 2014 prae-

406 2019 506 2049 cedet.
532 2019 595 2049 Sed
610 2019 718 2059 quoad
742 2019 883 2059 aliquem
906 2025 1024 2055 actum,
1042 2020 1097 2060 qui
1114 2020 1234 2050 scilicet
1250 2025 1297 2050 est
1312 2019 1477 2049 involvere

405 2063 517 2099 malos,
541 2063 697 2094 iudicium
721 2068 873 2103 sequetur
888 2065 914 2093 *.

460 2108 511 2138 An
535 2118 652 2138 ramum
683 2117 765 2137 aizoo
797 2117 957 2138 mensuum
979 2107 1078 2147 'quod
1107 2109 1307 2148 Augustinus
1337 2117 1405 2137 non
1429 2107 1477 2137 lo-

406 2153 514 2193 quitur
538 2151 798 2187 determinando,
823 2151 878 2182 sed
907 2152 1082 2192 opinando.
1117 2152 1216 2190 Quod
1243 2157 1330 2192 patet
1353 2161 1391 2182 ex
1414 2151 1478 2182 hoc

407 2196 495 2237 quod
519 2197 676 2237 sequitur:
705 2196 797 2232 Quae
821 2197 930 2226 omnia
953 2197 1079 2237 quidem
1105 2202 1241 2227 ventura
1261 2205 1328 2227 esse
1346 2196 1478 2227 creden-

406 2241 482 2271 dum
505 2246 571 2271 est:
593 2241 649 2271 sed
671 2240 785 2281 quibus
808 2241 913 2271 modis
936 2246 967 2271 et
988 2251 1052 2281 quo
1077 2241 1192 2271 ordine
1215 2242 1355 2277 veniant,
1372 2241 1479 2282 magis

408 2291 484 2316 tunc
507 2285 631 2317 docebit
654 2295 763 2316 rerum
787 2285 987 2325 experientia
1010 2295 1106 2326 quam
1131 2295 1217 2316 nunc
1235 2286 1279 2316 ad
1295 2286 1478 2327 perfectum

407 2330 546 2360 hominis
570 2329 784 2371 intelligentia
809 2330 915 2360 valeat
938 2331 1099 2371 consequi.
1133 2330 1274 2361 Aestimo
1306 2335 1411 2360 tamen
1441 2339 1478 2360 eo

408 2384 470 2415 quo
495 2383 515 2404 a
539 2384 588 2404 me
611 2379 862 2405 commemorata
885 2379 961 2405 sunt
984 2374 1100 2405 ordine
1123 2384 1190 2406 esse
1213 2380 1359 2405 ventura.
1392 2374 1479 2415 Ergo

408 2424 495 2458 patet
519 2418 607 2459 quod
630 2419 710 2449 haec
734 2418 811 2449 dixit
835 2418 1011 2459 opinando.

464 2463 505 2493 Et
529 2463 672 2493 similiter
696 2462 869 2494 dicendum
893 2469 940 2494 est
963 2463 1003 2494 ad
1025 2463 1214 2495 secundum.

462 2507 513 2538 An
530 2517 664 2538 ram-run
690 2517 849 2537 DICENDUM
878 2507 967 2548 quod
992 2518 1105 2539 omnes
1129 2508 1278 2539 homines
1302 2508 1480 2539 morientur

411 2557 441 2582 et
457 2557 630 2592 resurgent.
651 2551 714 2582 Sed
729 2557 837 2582 tamen
852 2552 897 2582 illi
914 2551 1064 2583 dicuntur
1078 2553 1142 2583 vivi
1160 2553 1292 2593 reperiri
1306 2553 1362 2593 qui
1377 2562 1481 2593 usque

411 2596 451 2626 ad
473 2601 601 2636 tempus
625 2595 883 2636 conflagrationis
906 2597 1013 2628 vivent
1035 2598 1068 2628 in
1093 2606 1239 2638 corpore.

466 2640 516 2670 An
538 2650 686 2670 omnum
705 2650 865 2671 memnon
886 2641 975 2681 quod
999 2642 1052 2672 ille
1074 2642 1157 2682 ignis
1179 2651 1249 2672 non
1273 2641 1481 2682 consequitur

412 2685 601 2715 sententiam
629 2684 743 2715 iudicis
766 2685 827 2715 nisi
851 2685 958 2726 quoad
985 2686 1222 2718 involutionem
1245 2686 1415 2718 malorum.
1440 2686 1482 2717 Et
1497 2696 1519 2716 55

412 2734 569 2769 quantum
592 2728 632 2759 ad
655 2729 718 2760 hoc
741 2734 893 2770 sequetur
916 2729 1081 2761 iudicium.

544 2795 644 2825 ART.
669 2795 750 2826 VIII.
782 2805 886 2826 urium
910 2806 978 2826 ILLE
1002 2806 1084 2827 roms
1107 2806 1279 2827 {marrutius
1302 2806 1348 2827 sn·

506 2849 607 2870 raram
631 2849 791 2870 urraca-um
814 2850 846 2870 m
870 2850 1037 2872 nominans
1062 2851 1173 2871 aulius
1196 2850 1390 2872 nnsxomnm

416 2918 606 2980 Ahabebit
617 2950 713 2980 talem
726 2949 876 2981 effectum
892 2952 925 2981 in
942 2951 1128 2982 hominibus
1146 2952 1248 2992 qualis
1265 2951 1448 2992 designatur
1455 2953 1482 2983 ⁴.

415 2993 495 3024 Illud
512 2995 599 3024 enim
614 2995 760 3024 consumi
783 2994 898 3026 dicitur
915 2995 1004 3036 quod
1020 2995 1183 3027 reducitur
1197 2996 1231 3027 in
1246 2995 1394 3027 nihilum.
1419 2995 1483 3027 Sed

415 3047 550 3078 corpora
565 3039 741 3078 impiorum
756 3048 823 3069 non
840 3040 1039 3070 resolventur
1054 3040 1087 3070 in
1103 3040 1250 3077 nihilum,
1263 3040 1319 3071 sed
1334 3040 1368 3071 in
1384 3046 1483 3071 aeter-

414 3091 494 3112 num
511 3083 793 3119 conservabuntur,
811 3089 846 3114 ut
862 3089 1022 3114 aeternam
1038 3093 1179 3124 poenam
1195 3085 1380 3116 sustineant.
1397 3085 1483 3126 Ergo

416 3126 496 3165 ignis
520 3136 586 3157 non
610 3127 667 3157 erit
691 3127 785 3158 malis
808 3129 1019 3168 consumptio,
1042 3134 1077 3159 ut
1099 3130 1132 3159 in
1156 3129 1258 3159 littera
1273 3130 1290 3146 ⁴*
1314 3128 1437 3160 dicitur.

473 3180 502 3200 2.
527 3170 560 3201 S1
578 3181 713 3202 nimrim
729 3171 819 3211 quod
835 3178 1005 3203 consumet
1020 3173 1181 3204 malorum
1197 3183 1334 3214 corpora
1347 3174 1484 3214 inquan-

416 3220 486 3245 tum
510 3224 547 3245 ea
570 3215 707 3246 resolvet
730 3216 763 3246 in
788 3217 943 3247 cinerem:
970 3222 1090 3247 contra.
1115 3217 1205 3248 Sicut
1228 3227 1364 3258 corpora
1382 3218 1484 3249 malo-

419 3355 489 3376 nem
506 3347 532 3376 *.
556 3347 642 3387 Ergo
659 3348 754 3378 etiam
770 3348 863 3378 bonis
886 3353 964 3379 tunc
987 3350 1118 3389 repertis
1142 3350 1199 3380 erit
1223 3351 1440 3391 consumptio.

475 3390 505 3420 3.
529 3391 732 3427 Pium-ma,
757 3391 887 3422 infectio
918 3394 1041 3432 peccati
1070 3394 1171 3434 magis
1202 3394 1342 3425 abundat
1364 3395 1399 3425 in
1422 3395 1485 3425 ele-

419 3435 534 3465 mentis
550 3435 728 3466 secundum
748 3435 837 3475 quod
852 3437 986 3467 veniunt
1002 3437 1041 3468 ad
1057 3439 1330 3478 compositionem
1352 3439 1486 3469 humani

421 3479 573 3517 corporis,
597 3479 630 3510 in
654 3488 720 3519 quo
745 3485 792 3510 est
815 3481 978 3520 corruptio
1003 3480 1123 3512 fomitis
1146 3482 1242 3512 etiam
1265 3487 1423 3522 quantum
1447 3481 1487 3513 ad

420 3521 535 3558 bonos,
552 3532 650 3562 quam
665 3523 699 3553 in
715 3523 880 3554 elementis
904 3530 990 3554 extra
1012 3534 1130 3565 corpus
1152 3526 1332 3557 humanum
1351 3526 1485 3557 existen-

1006 214 1270 261 QUAESTIO
1300 213 1470 259 LXXIV,
1492 212 1786 249 ARTICULUS
1815 212 1908 257 VIII,
1929 212 1980 248 IX

1518 291 1678 330 gabuntur
1701 296 1833 330 propter
1856 290 1979 330 peccati
2002 288 2221 320 infectionem.
2246 290 2332 330 Ergo
2347 291 2451 321 multo
2475 290 2588 321 fortius

1519 339 1648 374 oportet
1663 344 1720 374 per
1736 335 1844 374 ignem
1868 334 1995 374 purgari
2012 334 2170 364 elementa
2185 334 2219 365 in
2235 335 2425 374 corporibus
2440 335 2589 365 humanis

1519 379 1684 409 existentia
1719 379 1784 408 sive
1821 379 1984 408 bonorum
2014 378 2080 408 sive
2110 378 2281 408 malorum.
2315 379 2356 409 Et
2388 379 2431 409 ita
2461 384 2590 419 oportet

1519 428 1733 462 utrorumque
1757 431 1893 462 corpora
1915 422 2041 453 resolvi.

1574 476 1604 505 4.
1625 467 1822 502 PRAETERRA‚
1839 466 1983 506 quandiu
2005 472 2104 497 status
2119 467 2189 496 viae
2212 466 2313 502 durat,
2331 467 2488 497 elementa
2503 468 2590 498 simi-

1519 511 1589 542 liter
1613 517 1708 551 agent
1722 511 1755 541 in
1771 511 1876 541 bonos
1893 516 1924 541 et
1939 512 1972 541 in
1991 511 2104 541 malos.
2130 510 2193 542 Sed
2216 510 2321 541 adhuc
2345 510 2470 542 durabit
2492 517 2590 542 status

1519 556 1615 586 huius
1638 556 1707 586 viae
1731 556 1764 585 in
1787 555 1840 585 illa
1864 554 2134 595 conflagratione:
2159 556 2235 595 quia
2258 561 2332 595 post
2355 560 2472 586 statum
2495 556 2591 586 huius

1520 600 1588 630 viae
1611 609 1679 630 non
1704 601 1762 630 exit
1784 609 1871 630 mors
1894 599 2056 636 naturalis,
2081 609 2164 640 quae
2190 605 2299 630 tamen
2321 608 2379 639 per
2401 599 2489 630 illam
2513 609 2592 630 con—

1520 643 1741 684 flagrationem
1765 644 1955 674 causabitur.
1979 644 2066 684 Ergo
2090 643 2143 674 ille
2166 644 2248 684 ignis
2271 644 2445 684 aequaliter
2468 650 2540 684 aget
2558 645 2591 675 in

1520 689 1626 719 bonos
1643 694 1674 719 et
1689 689 1801 719 malos.
1821 688 1863 719 Et
1878 689 1921 719 ita
1935 688 2061 719 videtur
2077 687 2166 728 quod
2181 697 2250 718 non
2266 688 2305 718 sit
2321 688 2428 728 aliqua
2443 688 2591 719 discretio

1520 733 1603 763 inter
1626 742 1682 763 eos
1706 738 1864 773 quantum
1887 732 1927 763 ad
1951 732 2102 763 effectum
2127 733 2211 763 illius
2234 733 2316 773 ignis
2340 732 2592 773 suscipiendum,

1521 778 1603 808 sicut
1626 778 1660 808 in
1683 778 1786 808 littera
1808 777 1940 818 ponitur
1955 778 1982 808 ’ἢ

1579 822 1607 852 5.
1632 822 1829 858 Parmam,
1853 822 1907 852 illa
1930 821 2138 862 conflagratio
2163 822 2254 862 quasi
2276 821 2311 851 in
2333 826 2501 852 momento
2521 831 2593 861 per-

1521 865 1628 896 ficitur
1643 867 1669 896 θ’.
1695 866 1758 897 Sed
1776 866 1869 896 multi
1892 866 2096 897 invenientur
2111 866 2184 902 vivi,
2201 866 2234 896 in
2251 866 2368 906 quibus
2385 871 2478 896 erunt
2492 866 2595 896 multa

1522 910 1707 950 purgabilia.
1739 910 1826 950 Ergo
1856 910 1909 941 illa
1940 909 2147 951 conflagratio
2170 919 2239 941 non
2258 909 2393 941 sufficiet
2417 909 2456 941 ad
2480 919 2594 941 eorum

1523 955 1757 994 purgationem.

1578 999 1769 1029 Rusponnno
1793 1009 1954 1029 mmmmm
1978 998 2068 1039 quod
2097 1000 2179 1039 ignis
2209 999 2262 1030 ille
2291 998 2395 1030 finalis
2419 999 2594 1040 conflagra—

1523 1043 1630 1079 tionis,
1648 1048 1806 1083 quantum
1822 1042 1861 1073 ad
1876 1043 1939 1073 hoc
1960 1043 2050 1083 quod
2063 1043 2221 1074 iudicium
2243 1043 2413 1084 praecedet
2428 1044 2454 1080 *‚
2472 1050 2544 1085 aget
2559 1049 2595 1075 ut

1523 1087 1773 1117 instrumentum
1798 1086 1922 1117 divinae
1946 1087 2093 1124 iustitiae,
2111 1093 2142 1118 et
2157 1088 2274 1118 iterum
2297 1097 2355 1128 per
2372 1089 2523 1119 virtutem
2538 1098 2595 1119 na—

1524 1130 1660 1160 turalem
1690 1131 1781 1170 ignis.
1814 1130 1982 1168 Quantum
2006 1141 2082 1171 ergo
2106 1133 2244 1172 pertinet
2267 1132 2307 1162 ad
2329 1133 2480 1163 virtutem
2502 1138 2595 1164 natu-

1524 1174 1623 1204 ralem
1647 1175 1763 1214 ipsius,
1787 1175 1932 1205 similiter
1961 1181 2033 1215 aget
2062 1176 2096 1206 in
2121 1176 2227 1206 bonos
2258 1181 2289 1206 et
2311 1177 2415 1207 malos
2446 1178 2503 1217 qui
2531 1178 2597 1208 vivi

1524 1219 1738 1258 reperientur,
1762 1224 1976 1259 utrorumque
2007 1229 2143 1260 corpora
2164 1220 2198 1250 in
2222 1220 2363 1251 cinerem
2393 1221 2595 1252 resolvendo.

1525 1262 1721 1303 Inquantum
1745 1272 1822 1293 vero
1844 1268 1921 1303 ‚aget
1948 1268 1984 1294 ut
2006 1264 2257 1294 instrumentum
2287 1263 2412 1295 divinae
2441 1265 2596 1301 iustitiae,

1525 1306 1738 1338 diversimode
1762 1312 1832 1347 aget
1854 1308 1888 1337 in
1907 1306 2048 1338 diversos
2072 1313 2231 1348 quantum
2246 1307 2286 1338 ad
2301 1318 2431 1339 sensum
2460 1319 2597 1350 poenae.

1525 1351 1603 1381 Mali
1619 1352 1706 1382 enim
1721 1361 1779 1392 per
1795 1352 1956 1382 actionem
1971 1352 2054 1392 ignis
2070 1352 2306 1383 cruciabuntur.
2322 1371 2346 1375 -
2368 1353 2453 1384 Boni
2471 1363 2548 1385 vero
2564 1355 2598 1385 in

1526 1396 1644 1436 quibus
1667 1396 1746 1426 nihil
1769 1395 1975 1436 purgandum
2004 1397 2201 1433 invenietur,
2226 1397 2362 1428 omnino
2389 1398 2518 1429 nullum
2541 1397 2599 1429 do—

1525 1440 1629 1470 lorem
1653 1449 1691 1470 ex
1714 1441 1789 1480 igne
1812 1441 1965 1476 sentient,
1990 1441 2072 1471 sicut
2101 1450 2162 1472 nec
2185 1442 2278 1482 pueri
2300 1447 2468 1473 senserunt
2490 1443 2525 1474 in
2547 1452 2600 1474 ca-

1526 1485 1628 1521 mino,
1653 1485 1734 1515 Dan.
1759 1495 1794 1515 111
1809 1486 1842 1515 *z
1867 1485 2014 1525 quamvis
2042 1495 2156 1516 eorum
2185 1495 2322 1527 corpora
2343 1496 2412 1517 non
2435 1492 2601 1518 serventur

1527 1530 1663 1569 integra,
1687 1530 1770 1560 sicut
1793 1539 1970 1570 puerorum
1994 1535 2116 1560 servata
2139 1529 2270 1561 fuerunt
2285 1532 2311 1561 ἢ
2343 1531 2384 1562 Et
2406 1531 2470 1562 hoc
2493 1531 2602 1563 divina

1527 1574 1644 1604 virtute
1667 1573 1736 1604 fieri
1758 1574 1886 1614 poterit,
1906 1580 1943 1605 ut
1965 1575 2034 1605 sine
2057 1574 2178 1605 doloris
2203 1576 2346 1606 cruciatu
2368 1576 2602 1608 resolutionem

1528 1627 1703 1658 corporum
1717 1619 1887 1659 patiantur.
1903 1637 1926 1641 -
1944 1619 2029 1650 Boni
2044 1629 2121 1650 vero
2139 1620 2174 1650 in
2193 1619 2310 1660 quibus
2326 1619 2447 1661 aliquid
2462 1630 2602 1662 purgan-

1528 1662 1606 1693 dum
1633 1663 1824 1703 reperietur,
1856 1664 1994 1694 sentient
2024 1664 2202 1694 cruciatum
2232 1663 2352 1695 doloris
2379 1674 2418 1696 ex
2443 1665 2500 1696 illo
2527 1665 2602 1707 igne

1528 1707 1602 1748 plus
1616 1707 1667 1738 vel
1687 1707 1795 1738 minus
1818 1717 1878 1748 pro
1902 1708 2092 1739 meritorum
2116 1708 2306 1739 diversitate.

1585 1751 1648 1782 Sed
1668 1757 1826 1792 quantum
1850 1752 1890 1783 ad
1913 1758 2021 1783 actum
2042 1762 2141 1793 quem
2164 1758 2239 1793 post
2261 1753 2419 1784 iudicium
2442 1754 2497 1785 ille
2519 1754 2602 1794 ignis

1529 1796 1668 1832 habebit,
1685 1797 1719 1826 in
1746 1795 1915 1827 damnatos
1933 1802 2059 1828 tantum
2076 1803 2163 1838 aget:
2189 1797 2264 1838 quia
2280 1807 2394 1829 omnes
2410 1798 2489 1829 boni
2503 1798 2602 1830 habe·

1530 1840 1611 1871 bunt
1634 1850 1770 1881 corpora
1793 1841 2010 1881 impassibilia.

1586 1885 1637 1915 An
1666 1895 1783 1915 ramim
1807 1895 1899 1916 znoo·
1919 1895 2080 1916 mensumn
2110 1885 2200 1926 quod
2227 1887 2429 1927 consumptio
2453 1887 2497 1917 ibi
2519 1887 2603 1919 acci-

1531 1930 1616 1969 pitur
1638 1939 1706 1960 non
1737 1939 1797 1970 pro
1827 1930 2072 1966 annihilatione,
2105 1930 2161 1961 sed
2192 1940 2252 1971 pro
2281 1931 2480 1962 resolutione
2502 1932 2536 1962 in
2560 1932 2603 1963 ci-

1531 1982 1652 2004 nerem.

1587 2018 1638 2047 An
1662 2028 1825 2048 strennuum
1848 2028 2008 2048 memnon
2028 2019 2117 2059 quod
2141 2019 2303 2050 bonorum
2327 2029 2474 2060 corpora,
2490 2030 2603 2061 quam-

1531 2062 1579 2092 vis
1595 2062 1628 2092 in
1645 2063 1786 2092 cinerem
1809 2063 2010 2094 resolventur
2033 2073 2090 2104 per
2112 2064 2231 2103 ignem,
2255 2073 2324 2094 non
2345 2069 2455 2096 tamen
2478 2074 2516 2096 ex
2539 2065 2604 2096 hoc

1533 2105 1680 2137 dolorem
1703 2107 1851 2143 sentient,
1875 2108 1958 2138 sicut
1981 2117 2041 2138 nec
2064 2108 2157 2148 pueri
2179 2108 2213 2138 in
2236 2107 2367 2139 fornace
2391 2109 2560 2141 existentes
2575 2110 2602 2140 ’.

1532 2151 1574 2181 Et
1598 2156 1755 2191 quantum
1780 2151 1819 2182 ad
1842 2151 1906 2182 hoc
1929 2157 1976 2182 est
2000 2151 2152 2183 dissimile
2179 2151 2219 2183 de
2242 2153 2336 2183 bonis
2360 2158 2392 2183 et
2413 2153 2514 2184 malis.

1577 2195 1628 2225 An
1653 2205 1788 2226 raa-rum
1811 2206 1971 2226 mmmmm
1987 2196 2078 2237 quod
2101 2197 2260 2228 elementa
2282 2197 2316 2228 in
2340 2198 2530 2238 corporibus
2544 2199 2606 2230 hu-

1533 2240 1636 2270 manis
1660 2241 1825 2271 existentia
1852 2241 2075 2281 purgabuntur
2097 2251 2154 2282 per
2176 2241 2285 2282 ignem
2313 2242 2409 2272 etiam
2430 2243 2464 2273 in
2488 2251 2606 2284 corpo-

1533 2284 1620 2315 ribus
1645 2284 1838 2315 electorum:
1869 2285 1924 2315 sed
1947 2286 2010 2316 hoc
2038 2295 2095 2326 per
2119 2285 2259 2318 divinam
2286 2287 2437 2317 virtutem
2459 2285 2515 2318 fiet
2537 2287 2606 2318 sine

1534 2329 1677 2360 cruciatu
1701 2329 1831 2360 doloris.

1590 2373 1641 2403 At>
1667 2384 1815 2404 ausurum
1839 2384 1999 2404 monimum
2022 2374 2112 2414 quod
2134 2375 2216 2415 ignis
2238 2374 2292 2406 ille
2307 2384 2375 2405 non
2391 2381 2462 2415 aget
2481 2381 2606 2407 tantum

1534 2417 1714 2449 secundum
1738 2418 1915 2449 naturalem
1939 2419 2174 2450 elementorum
2197 2420 2358 2455 virtutem,
2375 2419 2431 2450 sed
2454 2420 2551 2451 etiam
2570 2426 2607 2451 ut

1535 2462 1661 2493 divinae
1681 2463 1819 2493 iustitiae
1842 2464 2101 2494 instrumentum.

1590 2507 1642 2538 An
1674 2517 1814 2538 omnum
1846 2518 2006 2538 nicznmm
2039 2507 2129 2548 quod
2161 2514 2223 2539 tres
2254 2514 2329 2539 sunt
2361 2517 2475 2539 causae
2507 2517 2607 2550 quare

1535 2552 1642 2582 subito
1666 2552 1712 2582 illi
1736 2553 1792 2592 qui
1815 2552 1879 2583 vivi
1901 2553 2100 2593 reperientur
2123 2553 2251 2593 purgari
2273 2558 2436 2594 poterunt.
2464 2553 2537 2584 Una
2559 2558 2608 2584 est

1536 2597 1613 2637 quia
1635 2597 1668 2627 in
1692 2597 1737 2627 eis
1760 2606 1863 2637 pauca
1893 2596 2058 2639 purganda
2087 2597 2310 2628 inveniuntur:
2335 2607 2411 2628 cum
2434 2597 2608 2630 terroribus

1536 2646 1568 2671 et
1595 2641 1873 2682 persecutionibus
1902 2641 2168 2682 praecedentibus
2198 2641 2316 2673 fuerint
2345 2642 2482 2683 purgati.
2507 2660 2528 2665 —
2551 2641 2607 2674 Se-

1536 2685 1642 2716 cunda
1665 2695 1760 2716 causa
1783 2691 1830 2716 est
1853 2686 1930 2726 quia
1953 2691 1984 2717 et
2006 2686 2071 2716 vivi
2094 2691 2126 2717 et
2147 2686 2320 2717 voluntarii
2347 2695 2488 2727 poenam
2514 2687 2608 2718 susti-

1535 2730 1669 2761 nebunt.
1692 2730 1801 2761 Poena
1817 2735 1926 2761 autem
1940 2730 1974 2761 in
1990 2730 2050 2761 hac
2065 2730 2129 2761 vita
2144 2730 2324 2762 voluntarie
2339 2736 2488 2772 suscepta
2502 2731 2608 2763 multo

1535 2774 1608 2815 plus
1631 2780 1747 2815 purgat
1770 2784 1869 2815 quam
1892 2784 1999 2815 poena
2017 2781 2091 2815 post
2109 2780 2248 2806 mortem
2266 2774 2400 2806 inflicta:
2424 2776 2506 2806 sicut
2521 2781 2609 2816 patet

1535 2819 1569 2849 in
1592 2820 1783 2860 martyribus
1806 2819 1907 2860 quod,
1925 2820 1954 2850 si
1976 2819 2053 2861 quid
2070 2820 2285 2862 purgandum
2308 2819 2341 2850 in
2365 2820 2411 2851 eis
2435 2820 2607 2857 invenitur,

1531 2864 1697 2904 passionis
1711 2864 1806 2906 falce
1830 2863 1966 2900 tollitur,
1983 2869 2019 2894 ut
2033 2864 2234 2905 Augustinus
2257 2863 2333 2895 dicit
2348 2865 2381 2902 ’ς
2406 2874 2482 2896 cum
2499 2869 2609 2896 tamen
2635 2869 2646 2881 ·

478 2915 497 2936 n
519 2915 665 2937 ocrAvma
688 2915 734 2936 sn:
757 2916 961 2938 rnocrnirux.
982 2906 1118 2938 Videtur
1138 2906 1227 2947 quod
1242 2907 1296 2938 ille
1311 2908 1393 2947 ignis
1415 2917 1483 2939 non
1497 2915 1524 2936 6ο
1536 2917 1644 2949 poena
1673 2909 1816 2950 martyrii
1848 2908 1951 2939 brevis
1974 2908 2034 2939 fuit
2063 2909 2097 2939 in
2127 2909 2369 2950 comparatione
2398 2908 2439 2939 ad
2466 2917 2608 2949 poenam
2652 2928 2706 2950 an„
2720 2927 2771 2950 up,
2791 2928 2847 2950 xm,

1538 2962 1621 2993 quae
1645 2953 1678 2983 in
1700 2953 1887 2993 purgatorio
1911 2954 2094 2984 sustinetur.
2110 2972 2133 2976 —
2149 2953 2258 2984 Tertia
2281 2958 2328 2984 ast
2351 2953 2427 2993 quia
2450 2952 2537 2984 calor
2553 2952 2608 2984 ille
2635 2955 2658 2971 ¹²·
2673 2954 2707 2971 ²²·

1538 2997 1738 3038 recuperabit
1767 2998 1801 3028 in
1830 2997 2012 3028 intensione
2044 3003 2202 3038 quantum
2235 2997 2358 3028 amittet
2388 2997 2422 3028 in
2453 2997 2609 3037 temporis

1538 3042 1785 3072 abbreviatione.

1578 3107 1677 3138 ART.
1703 3107 1755 3138 IX.
1780 3117 1885 3138 urium
1908 3117 1977 3138 muz
2001 3116 2083 3137 roms
2105 3115 2319 3138 mvowrunus
2342 3116 2388 3136 srr
2411 3115 2569 3137 menoses

1606 3183 1625 3203 ι)
1649 3183 1758 3204 nomm
1781 3184 1826 3204 s1c
1850 3183 2054 3204 moeson-un.
2078 3172 2213 3204 Videtur
2242 3172 2331 3213 quod
2354 3172 2408 3203 ille
2431 3173 2513 3213 ignis
2540 3182 2609 3203 non

1541 3187 1748 3249 Ainvolvet
1781 3218 1947 3259 reprobos.
1990 3217 2075 3255 Quia
2106 3217 2241 3248 Malach.
2272 3227 2323 3253 111,
2353 3226 2448 3257 super
2479 3216 2559 3248 illud
2581 3217 2608 3253 ⁸¹,
2636 3219 2647 3230 ⁶
2661 3218 2728 3241 vm.
2742 3224 2763 3247 3-

417 3267 505 3294 rum,
530 3260 573 3290 ita
596 3265 627 3290 et
649 3260 812 3290 bonorum
839 3261 872 3290 in
897 3261 1037 3292 cinerem
1060 3262 1276 3292 resolventur:
1307 3262 1370 3293 hoc
1399 3263 1486 3293 enim
1539 3262 1700 3304 Purgabit
1711 3262 1807 3304 filios
1829 3262 1917 3298 Levi,
1945 3260 2021 3292 dicit
2045 3260 2160 3292 Glossa
2175 3261 2208 3291 *z
2233 3261 2327 3292 Duos
2355 3261 2447 3303 ignes
2471 3261 2610 3303 legimus
2638 3265 2849 3289 ‘Ora-ettonis.

418 3307 464 3332 est
480 3302 597 3334 Christi
620 3303 831 3344 privilegium,
849 3310 884 3334 ut
899 3314 978 3335 caro
995 3306 1064 3336 eius
1084 3315 1148 3336 non
1173 3305 1281 3336 videat
1302 3306 1485 3347 corruptio·-
1530 3306 1689 3348 futuros:
1705 3316 1805 3337 unum
1819 3315 1883 3347 quo
1893 3305 2053 3347 purgabit
2067 3305 2193 3341 electos,
2207 3310 2238 3336 et
2246 3305 2421 3346 praecedet
2436 3305 2610 3343 iudicium;
2636 3293 2692 3348 ἔξω
2699 3292 2849 3348 ...τιέπῇζ

1500 3363 1527 3383 το
1540 3351 1679 3381 alterum
1702 3350 1758 3391 qui
1781 3349 1935 3390 reprobos
1958 3349 2123 3380 cruciabit.
2148 3348 2211 3380 Sed
2234 3350 2286 3380 hic
2310 3355 2356 3380 est
2379 3350 2461 3390 ignis
2482 3349 2609 3386 inferni,

1541 3395 1598 3435 qui
1620 3394 1724 3425 malos
1747 3393 1905 3424 involvet:
1929 3393 2053 3433 primus
2076 3398 2184 3424 autem
2201 3399 2247 3424 est
2262 3394 2344 3434 ignis
2366 3393 2470 3425 finalis
2489 3393 2610 3425 confla-

1540 3439 1701 3479 grationis.
1733 3438 1819 3478 Ergo
1842 3437 1895 3468 ille
1918 3438 2000 3478 ignis
2024 3436 2282 3478 conflagrationis
2304 3448 2372 3470 non
2397 3439 2455 3470 erit
2477 3438 2531 3469 ille
2554 3438 2611 3479 qui

1540 3483 1643 3513 malos
1665 3481 1816 3512 involvet.

1598 3535 1627 3556 2.
1651 3526 1847 3561 Famam,
1875 3524 1928 3556 ille
1952 3525 2033 3565 ignis
2057 3526 2128 3556 Deo
2152 3527 2341 3568 obsequitur
2362 3528 2396 3558 in
2420 3527 2611 3568 purgatione

420 3565 515 3596 tibus.
540 3566 603 3597 Sed
618 3567 775 3597 elementa
792 3573 877 3597 extra
893 3577 1010 3608 corpus
1029 3569 1207 3600 humanum
1231 3570 1395 3601 existentia
1410 3579 1486 3609 pur·
1500 3581 1524 3601 π
1540 3569 1663 3600 mundi.
1691 3569 1776 3609 Ergo
1801 3570 1995 3600 remunerari
2019 3569 2157 3605 deberet,
2183 3571 2249 3601 aliis
2273 3572 2439 3603 elementis
2461 3579 2610 3602 remune—

2620 782 2630 792 ·
2641 780 2696 802 Loc.
2706 780 2744 803 eit.
2753 786 2833 808 eupra-

2621 871 2632 881 ¹
2646 869 2683 892 cf.
2698 869 2708 891 1
2722 869 2755 891 ad
2769 868 2833 896 Cor„

2621 902 2672 924 cap.
2685 902 2723 924 xv,
2731 901 2791 918 ven.
2800 901 2834 924 5².

2622 1052 2632 1062 ·
2647 1049 2683 1072 Cf.
2701 1053 2743 1072 art.
2759 1055 2837 1078 praec·

2626 1495 2637 1505 ·
2650 1492 2718 1515 Vera.
2732 1499 2769 1521 5⁰-

2627 1536 2638 1548 ·
2651 1535 2719 1558 ven.
2733 1540 2773 1563 9²,
2787 1541 2827 1563 94.

2632 2110 2641 2120 ”
2651 2108 2688 2132 ef.
2703 2113 2789 2136 eorpus
2801 2111 2844 2131 nrt.

2650 2867 2848 2918 &at-..es
