<?xml version="1.0" encoding="UTF-8"?>
<!DOCTYPE html PUBLIC "-//W3C//DTD XHTML 1.0 Transitional//EN"
    "http://www.w3.org/TR/xhtml1/DTD/xhtml1-transitional.dtd">
<html xmlns="http://www.w3.org/1999/xhtml" xml:lang="en" lang="en">
 <head>
  <title>
</title>
<meta http-equiv="Content-Type" content="text/html;charset=utf-8" />
  <meta name='ocr-system' content='tesseract 3.04.00' />
  <meta name='ocr-capabilities' content='ocr_page ocr_carea ocr_par ocr_line ocrx_word'/>
</head>
<body>
  <div class='ocr_page' id='page_1' title='image "./operaomniaiussui12thom/operaomniaiussui12thom_0381.png"; bbox 0 0 2918 4088; ppageno 0'>
   <div class='ocr_carea' id='block_1_1' title="bbox 0 0 61 4088">
    <p class='ocr_par' dir='ltr' id='par_1_1' title="bbox 0 0 61 4088">
     <span class='ocr_line' id='line_1_1' title="bbox 0 0 61 4088; baseline 0 0"><span class='ocrx_word' id='word_1_1' title='bbox 0 0 61 4088; x_wconf 95' lang='lat' dir='ltr'> </span> 
     </span>
    </p>
   </div>
   <div class='ocr_carea' id='block_1_2' title="bbox 0 3453 3 4054">
    <p class='ocr_par' dir='ltr' id='par_1_2' title="bbox 0 3453 3 4054">
     <span class='ocr_line' id='line_1_2' title="bbox 0 3453 3 4054; baseline 0 0"><span class='ocrx_word' id='word_1_2' title='bbox 0 3453 3 4054; x_wconf 95' lang='lat' dir='ltr'> </span> 
     </span>
    </p>
   </div>
   <div class='ocr_carea' id='block_1_3' title="bbox 964 172 1875 220">
    <p class='ocr_par' dir='ltr' id='par_1_3' title="bbox 964 172 1875 220">
     <span class='ocr_line' id='line_1_3' title="bbox 964 172 1875 220; baseline 0.001 -9"><span class='ocrx_word' id='word_1_3' title='bbox 964 173 1333 220; x_wconf 90' lang='lat' dir='ltr'>QUAESTIONES</span> <span class='ocrx_word' id='word_1_4' title='bbox 1361 172 1431 209; x_wconf 93' lang='lat' dir='ltr'>DE</span> <span class='ocrx_word' id='word_1_5' title='bbox 1461 173 1875 212; x_wconf 89' lang='lat' dir='ltr'>SATISFACTIONE</span> 
     </span>
    </p>
   </div>
   <div class='ocr_carea' id='block_1_4' title="bbox 328 252 1394 778">
    <p class='ocr_par' dir='ltr' id='par_1_4' title="bbox 328 252 1394 778">
     <span class='ocr_line' id='line_1_4' title="bbox 330 252 1394 292; baseline 0.001 -11"><span class='ocrx_word' id='word_1_6' title='bbox 330 253 406 292; x_wconf 93' lang='lat' dir='ltr'>quia</span> <span class='ocrx_word' id='word_1_7' title='bbox 417 252 571 282; x_wconf 84' lang='lat' dir='ltr'>subtrahit</span> <span class='ocrx_word' id='word_1_8' title='bbox 586 252 664 283; x_wconf 91' lang='lat' dir='ltr'>illud</span> <span class='ocrx_word' id='word_1_9' title='bbox 677 263 694 283; x_wconf 90' lang='lat' dir='ltr'>a</span> <span class='ocrx_word' id='word_1_10' title='bbox 707 263 754 289; x_wconf 90' lang='lat' dir='ltr'>se;</span> <span class='ocrx_word' id='word_1_11' title='bbox 768 253 853 284; x_wconf 90' lang='lat' dir='ltr'>unde</span> <span class='ocrx_word' id='word_1_12' title='bbox 870 253 1000 284; x_wconf 88' lang='lat' dir='ltr'>effectus</span> <span class='ocrx_word' id='word_1_13' title='bbox 1017 255 1074 285; x_wconf 89' lang='lat' dir='ltr'>iste</span> <span class='ocrx_word' id='word_1_14' title='bbox 1088 260 1134 284; x_wconf 91' lang='lat' dir='ltr'>est</span> <span class='ocrx_word' id='word_1_15' title='bbox 1145 253 1236 284; x_wconf 90' lang='lat' dir='ltr'>valde</span> <span class='ocrx_word' id='word_1_16' title='bbox 1251 258 1394 283; x_wconf 88' lang='lat' dir='ltr'>remotus</span> 
     </span>
     <span class='ocr_line' id='line_1_5' title="bbox 330 297 1393 337; baseline 0 -11"><span class='ocrx_word' id='word_1_17' title='bbox 330 306 348 326; x_wconf 96' lang='lat' dir='ltr'>a</span> <span class='ocrx_word' id='word_1_18' title='bbox 363 297 655 327; x_wconf 89' lang='lat' dir='ltr'>sacramentalitate.</span> <span class='ocrx_word' id='word_1_19' title='bbox 672 316 694 319; x_wconf 98' lang='lat'><strong>—</strong></span> <span class='ocrx_word' id='word_1_20' title='bbox 710 298 797 328; x_wconf 90' lang='lat' dir='ltr'>Tum</span> <span class='ocrx_word' id='word_1_21' title='bbox 814 299 889 337; x_wconf 90' lang='lat' dir='ltr'>quia</span> <span class='ocrx_word' id='word_1_22' title='bbox 905 298 1065 333; x_wconf 89' lang='lat' dir='ltr'>vacillans,</span> <span class='ocrx_word' id='word_1_23' title='bbox 1079 303 1133 328; x_wconf 89' lang='lat' dir='ltr'>aut</span> <span class='ocrx_word' id='word_1_24' title='bbox 1149 297 1330 328; x_wconf 86' lang='lat' dir='ltr'>claudicans</span> <span class='ocrx_word' id='word_1_25' title='bbox 1346 297 1393 326; x_wconf 94' lang='lat' dir='ltr'>in-</span> 
     </span>
     <span class='ocr_line' id='line_1_6' title="bbox 329 341 1392 376; baseline 0.001 -7"><span class='ocrx_word' id='word_1_26' title='bbox 329 341 490 371; x_wconf 88' lang='lat' dir='ltr'>veniretur</span> <span class='ocrx_word' id='word_1_27' title='bbox 506 341 567 371; x_wconf 94' lang='lat' dir='ltr'>hoc</span> <span class='ocrx_word' id='word_1_28' title='bbox 583 351 705 371; x_wconf 84' lang='lat' dir='ltr'>verum.</span> <span class='ocrx_word' id='word_1_29' title='bbox 730 342 812 372; x_wconf 92' lang='lat' dir='ltr'>Nam</span> <span class='ocrx_word' id='word_1_30' title='bbox 835 352 903 372; x_wconf 91' lang='lat' dir='ltr'>non</span> <span class='ocrx_word' id='word_1_31' title='bbox 927 348 1008 372; x_wconf 92' lang='lat' dir='ltr'>esset</span> <span class='ocrx_word' id='word_1_32' title='bbox 1030 352 1142 373; x_wconf 91' lang='lat' dir='ltr'>verum</span> <span class='ocrx_word' id='word_1_33' title='bbox 1166 341 1392 376; x_wconf 90' lang='lat' dir='ltr'>universaliter,</span> 
     </span>
     <span class='ocr_line' id='line_1_7' title="bbox 329 384 1394 426; baseline 0.002 -12"><span class='ocrx_word' id='word_1_34' title='bbox 329 384 385 414; x_wconf 90' lang='lat' dir='ltr'>sed</span> <span class='ocrx_word' id='word_1_35' title='bbox 400 385 434 414; x_wconf 91' lang='lat' dir='ltr'>in</span> <span class='ocrx_word' id='word_1_36' title='bbox 450 385 520 415; x_wconf 93' lang='lat' dir='ltr'>solo</span> <span class='ocrx_word' id='word_1_37' title='bbox 537 385 592 415; x_wconf 92' lang='lat' dir='ltr'>illo</span> <span class='ocrx_word' id='word_1_38' title='bbox 610 395 685 416; x_wconf 91' lang='lat' dir='ltr'>casu</span> <span class='ocrx_word' id='word_1_39' title='bbox 702 395 768 426; x_wconf 92' lang='lat' dir='ltr'>quo</span> <span class='ocrx_word' id='word_1_40' title='bbox 785 386 912 416; x_wconf 91' lang='lat' dir='ltr'>relictus</span> <span class='ocrx_word' id='word_1_41' title='bbox 932 386 1063 417; x_wconf 84' lang='lat' dir='ltr'>effectus</span> <span class='ocrx_word' id='word_1_42' title='bbox 1086 386 1212 417; x_wconf 88' lang='lat' dir='ltr'>duraret</span> <span class='ocrx_word' id='word_1_43' title='bbox 1235 395 1338 426; x_wconf 85' lang='lat' dir='ltr'>usque</span> <span class='ocrx_word' id='word_1_44' title='bbox 1354 385 1394 416; x_wconf 88' lang='lat' dir='ltr'>ad</span> 
     </span>
     <span class='ocr_line' id='line_1_8' title="bbox 329 428 1393 470; baseline 0.001 -12"><span class='ocrx_word' id='word_1_45' title='bbox 329 428 502 459; x_wconf 91' lang='lat' dir='ltr'>adventum</span> <span class='ocrx_word' id='word_1_46' title='bbox 526 439 629 459; x_wconf 89' lang='lat' dir='ltr'>novae</span> <span class='ocrx_word' id='word_1_47' title='bbox 654 430 798 466; x_wconf 90' lang='lat' dir='ltr'>caritatis,</span> <span class='ocrx_word' id='word_1_48' title='bbox 816 436 851 461; x_wconf 94' lang='lat' dir='ltr'>ut</span> <span class='ocrx_word' id='word_1_49' title='bbox 874 430 918 460; x_wconf 91' lang='lat' dir='ltr'>sic</span> <span class='ocrx_word' id='word_1_50' title='bbox 941 431 1089 460; x_wconf 87' lang='lat' dir='ltr'>inventus</span> <span class='ocrx_word' id='word_1_51' title='bbox 1111 431 1212 470; x_wconf 89' lang='lat' dir='ltr'>possit</span> <span class='ocrx_word' id='word_1_52' title='bbox 1232 440 1250 459; x_wconf 90' lang='lat' dir='ltr'>a</span> <span class='ocrx_word' id='word_1_53' title='bbox 1265 430 1393 460; x_wconf 84' lang='lat' dir='ltr'>caritate</span> 
     </span>
     <span class='ocr_line' id='line_1_9' title="bbox 329 472 1392 515; baseline 0.001 -13"><span class='ocrx_word' id='word_1_54' title='bbox 329 472 490 503; x_wconf 88' lang='lat' dir='ltr'>vivificari.</span> <span class='ocrx_word' id='word_1_55' title='bbox 515 473 608 510; x_wconf 88' lang='lat' dir='ltr'>Nam,</span> <span class='ocrx_word' id='word_1_56' title='bbox 624 474 650 504; x_wconf 91' lang='lat' dir='ltr'>si</span> <span class='ocrx_word' id='word_1_57' title='bbox 665 483 734 504; x_wconf 89' lang='lat' dir='ltr'>non</span> <span class='ocrx_word' id='word_1_58' title='bbox 755 474 950 515; x_wconf 85' lang='lat' dir='ltr'>perduraret,</span> <span class='ocrx_word' id='word_1_59' title='bbox 965 484 1035 506; x_wconf 89' lang='lat' dir='ltr'>non</span> <span class='ocrx_word' id='word_1_60' title='bbox 1048 480 1157 515; x_wconf 87' lang='lat' dir='ltr'>posset</span> <span class='ocrx_word' id='word_1_61' title='bbox 1172 483 1230 514; x_wconf 91' lang='lat' dir='ltr'>per</span> <span class='ocrx_word' id='word_1_62' title='bbox 1243 474 1331 504; x_wconf 89' lang='lat' dir='ltr'>illam</span> <span class='ocrx_word' id='word_1_63' title='bbox 1345 474 1392 504; x_wconf 84' lang='lat' dir='ltr'>vi-</span> 
     </span>
     <span class='ocr_line' id='line_1_10' title="bbox 329 516 1391 558; baseline 0.001 -12"><span class='ocrx_word' id='word_1_64' title='bbox 329 516 458 553; x_wconf 88' lang='lat' dir='ltr'>vificari,</span> <span class='ocrx_word' id='word_1_65' title='bbox 475 517 548 557; x_wconf 88' lang='lat' dir='ltr'>plus</span> <span class='ocrx_word' id='word_1_66' title='bbox 564 527 662 558; x_wconf 88' lang='lat' dir='ltr'>quam</span> <span class='ocrx_word' id='word_1_67' title='bbox 677 519 854 548; x_wconf 89' lang='lat' dir='ltr'>transitoria</span> <span class='ocrx_word' id='word_1_68' title='bbox 870 528 952 558; x_wconf 89' lang='lat' dir='ltr'>quae</span> <span class='ocrx_word' id='word_1_69' title='bbox 968 519 1128 558; x_wconf 90' lang='lat' dir='ltr'>praeteriit</span> <span class='ocrx_word' id='word_1_70' title='bbox 1143 519 1256 548; x_wconf 91' lang='lat' dir='ltr'>oratio.</span> <span class='ocrx_word' id='word_1_71' title='bbox 1280 517 1322 548; x_wconf 90' lang='lat' dir='ltr'>Et</span> <span class='ocrx_word' id='word_1_72' title='bbox 1336 518 1391 554; x_wconf 90' lang='lat' dir='ltr'>sic,</span> 
     </span>
     <span class='ocr_line' id='line_1_11' title="bbox 329 561 1392 602; baseline 0 -11"><span class='ocrx_word' id='word_1_73' title='bbox 329 561 355 591; x_wconf 90' lang='lat' dir='ltr'>si</span> <span class='ocrx_word' id='word_1_74' title='bbox 371 562 443 601; x_wconf 90' lang='lat' dir='ltr'>quis</span> <span class='ocrx_word' id='word_1_75' title='bbox 460 567 544 592; x_wconf 90' lang='lat' dir='ltr'>extra</span> <span class='ocrx_word' id='word_1_76' title='bbox 561 562 722 592; x_wconf 88' lang='lat' dir='ltr'>caritatem</span> <span class='ocrx_word' id='word_1_77' title='bbox 743 563 938 593; x_wconf 89' lang='lat' dir='ltr'>ieiuniorum</span> <span class='ocrx_word' id='word_1_78' title='bbox 962 563 1138 593; x_wconf 91' lang='lat' dir='ltr'>iniunctam</span> <span class='ocrx_word' id='word_1_79' title='bbox 1161 562 1392 602; x_wconf 87' lang='lat' dir='ltr'>poenitentiam</span> 
     </span>
     <span class='ocr_line' id='line_1_12' title="bbox 328 605 1392 645; baseline 0 -10"><span class='ocrx_word' id='word_1_80' title='bbox 328 606 516 645; x_wconf 79' lang='lat' dir='ltr'>peregisset,</span> <span class='ocrx_word' id='word_1_81' title='bbox 542 612 573 636; x_wconf 87' lang='lat' dir='ltr'>et</span> <span class='ocrx_word' id='word_1_82' title='bbox 596 606 763 637; x_wconf 89' lang='lat' dir='ltr'>debilitatis</span> <span class='ocrx_word' id='word_1_83' title='bbox 786 616 843 637; x_wconf 91' lang='lat' dir='ltr'>seu</span> <span class='ocrx_word' id='word_1_84' title='bbox 866 606 1046 637; x_wconf 87' lang='lat' dir='ltr'>afflictionis</span> <span class='ocrx_word' id='word_1_85' title='bbox 1069 606 1237 637; x_wconf 88' lang='lat' dir='ltr'>derelictus</span> <span class='ocrx_word' id='word_1_86' title='bbox 1261 605 1392 636; x_wconf 87' lang='lat' dir='ltr'>effectus</span> 
     </span>
     <span class='ocr_line' id='line_1_13' title="bbox 328 649 1391 690; baseline 0 -11"><span class='ocrx_word' id='word_1_87' title='bbox 328 659 396 679; x_wconf 90' lang='lat' dir='ltr'>non</span> <span class='ocrx_word' id='word_1_88' title='bbox 413 650 539 680; x_wconf 91' lang='lat' dir='ltr'>duraret</span> <span class='ocrx_word' id='word_1_89' title='bbox 553 655 628 690; x_wconf 92' lang='lat' dir='ltr'>post</span> <span class='ocrx_word' id='word_1_90' title='bbox 643 650 724 680; x_wconf 94' lang='lat' dir='ltr'>duos</span> <span class='ocrx_word' id='word_1_91' title='bbox 740 660 876 687; x_wconf 85' lang='lat' dir='ltr'>menses,</span> <span class='ocrx_word' id='word_1_92' title='bbox 893 652 968 690; x_wconf 91' lang='lat' dir='ltr'>quia</span> <span class='ocrx_word' id='word_1_93' title='bbox 983 651 1110 681; x_wconf 87' lang='lat' dir='ltr'>interim</span> <span class='ocrx_word' id='word_1_94' title='bbox 1125 650 1294 690; x_wconf 91' lang='lat' dir='ltr'>poenitens</span> <span class='ocrx_word' id='word_1_95' title='bbox 1309 649 1391 680; x_wconf 90' lang='lat' dir='ltr'>bene</span> 
     </span>
     <span class='ocr_line' id='line_1_14' title="bbox 328 693 1391 735; baseline 0.001 -12"><span class='ocrx_word' id='word_1_96' title='bbox 328 703 362 724; x_wconf 86' lang='lat' dir='ltr'>se</span> <span class='ocrx_word' id='word_1_97' title='bbox 378 693 580 731; x_wconf 83' lang='lat' dir='ltr'>confortavit,</span> <span class='ocrx_word' id='word_1_98' title='bbox 597 700 628 725; x_wconf 90' lang='lat' dir='ltr'>et</span> <span class='ocrx_word' id='word_1_99' title='bbox 643 704 728 725; x_wconf 88' lang='lat' dir='ltr'>nova</span> <span class='ocrx_word' id='word_1_100' title='bbox 744 695 853 725; x_wconf 86' lang='lat' dir='ltr'>caritas</span> <span class='ocrx_word' id='word_1_101' title='bbox 868 704 935 726; x_wconf 92' lang='lat' dir='ltr'>non</span> <span class='ocrx_word' id='word_1_102' title='bbox 952 694 1061 725; x_wconf 85' lang='lat' dir='ltr'>fuisset</span> <span class='ocrx_word' id='word_1_103' title='bbox 1083 699 1268 735; x_wconf 83' lang='lat' dir='ltr'>recuperata</span> <span class='ocrx_word' id='word_1_104' title='bbox 1288 703 1391 733; x_wconf 88' lang='lat' dir='ltr'>usque</span> 
     </span>
     <span class='ocr_line' id='line_1_15' title="bbox 329 737 1345 778; baseline -0.001 -10"><span class='ocrx_word' id='word_1_105' title='bbox 329 737 369 768; x_wconf 93' lang='lat' dir='ltr'>ad</span> <span class='ocrx_word' id='word_1_106' title='bbox 393 743 542 778; x_wconf 90' lang='lat' dir='ltr'>quartum</span> <span class='ocrx_word' id='word_1_107' title='bbox 565 747 720 774; x_wconf 88' lang='lat' dir='ltr'>mensem,</span> <span class='ocrx_word' id='word_1_108' title='bbox 744 738 886 768; x_wconf 87' lang='lat' dir='ltr'>iteranda</span> <span class='ocrx_word' id='word_1_109' title='bbox 909 743 1014 768; x_wconf 88' lang='lat' dir='ltr'>essent</span> <span class='ocrx_word' id='word_1_110' title='bbox 1035 738 1195 778; x_wconf 88' lang='lat' dir='ltr'>praedicta</span> <span class='ocrx_word' id='word_1_111' title='bbox 1218 738 1345 768; x_wconf 90' lang='lat' dir='ltr'>ieiunia.</span> 
     </span>
    </p>
   </div>
   <div class='ocr_carea' id='block_1_5' title="bbox 2432 178 2506 226">
    <p class='ocr_par' dir='ltr' id='par_1_5' title="bbox 2432 178 2506 226">
     <span class='ocr_line' id='line_1_16' title="bbox 2432 178 2506 226; baseline 0 -11"><span class='ocrx_word' id='word_1_112' title='bbox 2432 178 2506 226; x_wconf 87' lang='lat'>357</span> 
     </span>
    </p>
   </div>
   <div class='ocr_carea' id='block_1_6' title="bbox 1444 252 2508 781">
    <p class='ocr_par' dir='ltr' id='par_1_6' title="bbox 1447 252 2507 339">
     <span class='ocr_line' id='line_1_17' title="bbox 1447 252 2507 299; baseline 0.008 -17"><span class='ocrx_word' id='word_1_113' title='bbox 1447 252 1586 283; x_wconf 86' lang='lat' dir='ltr'>factione</span> <span class='ocrx_word' id='word_1_114' title='bbox 1609 255 1829 293; x_wconf 88' lang='lat' dir='ltr'>poenitentiali</span> <span class='ocrx_word' id='word_1_115' title='bbox 1853 255 2028 295; x_wconf 87' lang='lat' dir='ltr'>loquimur,</span> <span class='ocrx_word' id='word_1_116' title='bbox 2053 258 2085 286; x_wconf 93' lang='lat' dir='ltr'>in</span> <span class='ocrx_word' id='word_1_117' title='bbox 2110 267 2173 297; x_wconf 90' lang='lat' dir='ltr'>qua</span> <span class='ocrx_word' id='word_1_118' title='bbox 2197 258 2367 289; x_wconf 90' lang='lat' dir='ltr'>attenditur</span> <span class='ocrx_word' id='word_1_119' title='bbox 2390 268 2507 299; x_wconf 88' lang='lat' dir='ltr'>aequa-</span> 
     </span>
     <span class='ocr_line' id='line_1_18' title="bbox 1447 297 2227 339; baseline 0.008 -13"><span class='ocrx_word' id='word_1_120' title='bbox 1447 297 1516 326; x_wconf 89' lang='lat' dir='ltr'>litas</span> <span class='ocrx_word' id='word_1_121' title='bbox 1540 298 1718 328; x_wconf 88' lang='lat' dir='ltr'>secundum</span> <span class='ocrx_word' id='word_1_122' title='bbox 1742 300 2000 339; x_wconf 69' lang='lat' dir='ltr'>acceptationem</span> <span class='ocrx_word' id='word_1_123' title='bbox 2020 301 2079 330; x_wconf 90' lang='lat' dir='ltr'>Dei</span> <span class='ocrx_word' id='word_1_124' title='bbox 2103 302 2227 332; x_wconf 83' lang='lat' dir='ltr'>offensi.</span> 
     </span>
    </p>

    <p class='ocr_par' dir='ltr' id='par_1_7' title="bbox 1445 341 2507 648">
     <span class='ocr_line' id='line_1_19' title="bbox 1501 341 2507 384; baseline 0.006 -13"><span class='ocrx_word' id='word_1_125' title='bbox 1501 341 1555 371; x_wconf 89' lang='lat' dir='ltr'>VI.</span> <span class='ocrx_word' id='word_1_126' title='bbox 1579 341 1630 371; x_wconf 87' lang='lat' dir='ltr'>Ad</span> <span class='ocrx_word' id='word_1_127' title='bbox 1646 342 1824 372; x_wconf 89' lang='lat' dir='ltr'>secundum</span> <span class='ocrx_word' id='word_1_128' title='bbox 1840 344 1856 359; x_wconf 40' lang='grc' dir='ltr'>δ”</span> <span class='ocrx_word' id='word_1_129' title='bbox 1880 342 1994 373; x_wconf 88' lang='lat' dir='ltr'>dicitur</span> <span class='ocrx_word' id='word_1_130' title='bbox 2010 345 2098 384; x_wconf 92' lang='lat' dir='ltr'>quod</span> <span class='ocrx_word' id='word_1_131' title='bbox 2115 347 2268 376; x_wconf 86' lang='lat' dir='ltr'>sententia</span> <span class='ocrx_word' id='word_1_132' title='bbox 2284 347 2362 376; x_wconf 87' lang='lat' dir='ltr'>haec</span> <span class='ocrx_word' id='word_1_133' title='bbox 2377 356 2444 377; x_wconf 88' lang='lat' dir='ltr'>non</span> <span class='ocrx_word' id='word_1_134' title='bbox 2461 352 2507 377; x_wconf 90' lang='lat' dir='ltr'>est</span> 
     </span>
     <span class='ocr_line' id='line_1_20' title="bbox 1446 384 2507 429; baseline 0.006 -14"><span class='ocrx_word' id='word_1_135' title='bbox 1446 384 1535 421; x_wconf 92' lang='lat' dir='ltr'>dura,</span> <span class='ocrx_word' id='word_1_136' title='bbox 1559 386 1616 416; x_wconf 90' lang='lat' dir='ltr'>sed</span> <span class='ocrx_word' id='word_1_137' title='bbox 1639 386 1808 417; x_wconf 90' lang='lat' dir='ltr'>dulcedine</span> <span class='ocrx_word' id='word_1_138' title='bbox 1831 388 1988 418; x_wconf 89' lang='lat' dir='ltr'>amicitiae</span> <span class='ocrx_word' id='word_1_139' title='bbox 2012 388 2136 419; x_wconf 91' lang='lat' dir='ltr'>divinae</span> <span class='ocrx_word' id='word_1_140' title='bbox 2159 390 2269 429; x_wconf 89' lang='lat' dir='ltr'>plena:</span> <span class='ocrx_word' id='word_1_141' title='bbox 2298 400 2359 420; x_wconf 89' lang='lat' dir='ltr'>nec</span> <span class='ocrx_word' id='word_1_142' title='bbox 2382 397 2428 421; x_wconf 92' lang='lat' dir='ltr'>est</span> <span class='ocrx_word' id='word_1_143' title='bbox 2452 400 2507 421; x_wconf 90' lang='lat' dir='ltr'>oc-</span> 
     </span>
     <span class='ocr_line' id='line_1_21' title="bbox 1445 429 2506 471; baseline 0.006 -12"><span class='ocrx_word' id='word_1_144' title='bbox 1445 429 1532 459; x_wconf 87' lang='lat' dir='ltr'>casio</span> <span class='ocrx_word' id='word_1_145' title='bbox 1555 430 1720 469; x_wconf 90' lang='lat' dir='ltr'>peccandi,</span> <span class='ocrx_word' id='word_1_146' title='bbox 1744 431 1805 460; x_wconf 90' lang='lat' dir='ltr'>nisi</span> <span class='ocrx_word' id='word_1_147' title='bbox 1829 430 1908 460; x_wconf 87' lang='lat' dir='ltr'>forte</span> <span class='ocrx_word' id='word_1_148' title='bbox 1933 437 2072 471; x_wconf 85' lang='lat' dir='ltr'>accepta.</span> <span class='ocrx_word' id='word_1_149' title='bbox 2097 433 2138 462; x_wconf 91' lang='lat' dir='ltr'>Et</span> <span class='ocrx_word' id='word_1_150' title='bbox 2161 433 2200 463; x_wconf 93' lang='lat' dir='ltr'>ad</span> <span class='ocrx_word' id='word_1_151' title='bbox 2223 433 2360 464; x_wconf 88' lang='lat' dir='ltr'>formam</span> <span class='ocrx_word' id='word_1_152' title='bbox 2377 435 2506 464; x_wconf 91' lang='lat' dir='ltr'>rationis</span> 
     </span>
     <span class='ocr_line' id='line_1_22' title="bbox 1446 473 2505 518; baseline 0.005 -14"><span class='ocrx_word' id='word_1_153' title='bbox 1446 473 1562 504; x_wconf 83' lang='lat' dir='ltr'>dicitur</span> <span class='ocrx_word' id='word_1_154' title='bbox 1582 474 1710 514; x_wconf 83' lang='lat' dir='ltr'>primo,</span> <span class='ocrx_word' id='word_1_155' title='bbox 1738 475 1841 514; x_wconf 85' lang='lat' dir='ltr'>ipsam</span> <span class='ocrx_word' id='word_1_156' title='bbox 1863 475 1954 506; x_wconf 90' lang='lat' dir='ltr'>valde</span> <span class='ocrx_word' id='word_1_157' title='bbox 1981 485 2100 506; x_wconf 87' lang='lat' dir='ltr'>errare:</span> <span class='ocrx_word' id='word_1_158' title='bbox 2134 482 2170 506; x_wconf 91' lang='lat' dir='ltr'>ut</span> <span class='ocrx_word' id='word_1_159' title='bbox 2199 483 2286 517; x_wconf 91' lang='lat' dir='ltr'>patet</span> <span class='ocrx_word' id='word_1_160' title='bbox 2316 478 2505 518; x_wconf 88' lang='lat' dir='ltr'>applicando</span> 
     </span>
     <span class='ocr_line' id='line_1_23' title="bbox 1445 517 2504 558; baseline 0.005 -11"><span class='ocrx_word' id='word_1_161' title='bbox 1445 527 1516 548; x_wconf 89' lang='lat' dir='ltr'>eam</span> <span class='ocrx_word' id='word_1_162' title='bbox 1532 517 1572 548; x_wconf 90' lang='lat' dir='ltr'>ad</span> <span class='ocrx_word' id='word_1_163' title='bbox 1582 523 1787 558; x_wconf 87' lang='lat' dir='ltr'>peccatorem</span> <span class='ocrx_word' id='word_1_164' title='bbox 1804 520 2118 550; x_wconf 87' lang='lat' dir='ltr'>communicaturum</span> <span class='ocrx_word' id='word_1_165' title='bbox 2129 521 2163 550; x_wconf 89' lang='lat' dir='ltr'>in</span> <span class='ocrx_word' id='word_1_166' title='bbox 2176 521 2336 557; x_wconf 85' lang='lat' dir='ltr'>Paschate‚</span> <span class='ocrx_word' id='word_1_167' title='bbox 2351 522 2504 552; x_wconf 87' lang='lat' dir='ltr'>dicendo:</span> 
     </span>
     <span class='ocr_line' id='line_1_24' title="bbox 1446 561 2507 605; baseline 0.004 -13"><span class='ocrx_word' id='word_1_168' title='bbox 1446 561 1478 592; x_wconf 88' lang='lat' dir='ltr'>Si</span> <span class='ocrx_word' id='word_1_169' title='bbox 1501 571 1569 592; x_wconf 90' lang='lat' dir='ltr'>non</span> <span class='ocrx_word' id='word_1_170' title='bbox 1593 563 1820 598; x_wconf 86' lang='lat' dir='ltr'>communicat,</span> <span class='ocrx_word' id='word_1_171' title='bbox 1845 569 1956 603; x_wconf 91' lang='lat' dir='ltr'>peccat</span> <span class='ocrx_word' id='word_1_172' title='bbox 1978 574 2065 594; x_wconf 90' lang='lat' dir='ltr'>novo</span> <span class='ocrx_word' id='word_1_173' title='bbox 2088 571 2238 604; x_wconf 89' lang='lat' dir='ltr'>peccato:</span> <span class='ocrx_word' id='word_1_174' title='bbox 2264 566 2359 605; x_wconf 86' lang='lat' dir='ltr'>Ergo,</span> <span class='ocrx_word' id='word_1_175' title='bbox 2377 567 2401 596; x_wconf 91' lang='lat' dir='ltr'>si</span> <span class='ocrx_word' id='word_1_176' title='bbox 2418 576 2507 596; x_wconf 88' lang='lat' dir='ltr'>com-</span> 
     </span>
     <span class='ocr_line' id='line_1_25' title="bbox 1445 606 2506 648; baseline 0.004 -12"><span class='ocrx_word' id='word_1_177' title='bbox 1445 606 1597 642; x_wconf 92' lang='lat' dir='ltr'>municat,</span> <span class='ocrx_word' id='word_1_178' title='bbox 1622 607 1703 637; x_wconf 92' lang='lat' dir='ltr'>bene</span> <span class='ocrx_word' id='word_1_179' title='bbox 1720 606 1794 637; x_wconf 88' lang='lat' dir='ltr'>facit</span> <span class='ocrx_word' id='word_1_180' title='bbox 1810 607 2002 638; x_wconf 87' lang='lat' dir='ltr'>obediendo.</span> <span class='ocrx_word' id='word_1_181' title='bbox 2027 608 2125 646; x_wconf 92' lang='lat' dir='ltr'>Quod</span> <span class='ocrx_word' id='word_1_182' title='bbox 2141 614 2227 648; x_wconf 90' lang='lat' dir='ltr'>patet</span> <span class='ocrx_word' id='word_1_183' title='bbox 2243 619 2310 639; x_wconf 88' lang='lat' dir='ltr'>esse</span> <span class='ocrx_word' id='word_1_184' title='bbox 2326 610 2506 640; x_wconf 89' lang='lat' dir='ltr'>ridiculum.</span> 
     </span>
    </p>

    <p class='ocr_par' dir='ltr' id='par_1_8' title="bbox 1444 650 2508 781">
     <span class='ocr_line' id='line_1_26' title="bbox 1500 650 2507 690; baseline 0.004 -10"><span class='ocrx_word' id='word_1_185' title='bbox 1500 650 1541 680; x_wconf 90' lang='lat' dir='ltr'>Et</span> <span class='ocrx_word' id='word_1_186' title='bbox 1561 651 1636 690; x_wconf 91' lang='lat' dir='ltr'>quia</span> <span class='ocrx_word' id='word_1_187' title='bbox 1658 650 1869 690; x_wconf 89' lang='lat' dir='ltr'>multiplicare</span> <span class='ocrx_word' id='word_1_188' title='bbox 1892 652 2150 682; x_wconf 87' lang='lat' dir='ltr'>inconvenientia</span> <span class='ocrx_word' id='word_1_189' title='bbox 2166 662 2233 683; x_wconf 93' lang='lat' dir='ltr'>non</span> <span class='ocrx_word' id='word_1_190' title='bbox 2250 659 2296 683; x_wconf 89' lang='lat' dir='ltr'>est</span> <span class='ocrx_word' id='word_1_191' title='bbox 2312 654 2444 690; x_wconf 90' lang='lat' dir='ltr'>solvere,</span> <span class='ocrx_word' id='word_1_192' title='bbox 2461 654 2507 684; x_wconf 92' lang='lat' dir='ltr'>di-</span> 
     </span>
     <span class='ocr_line' id='line_1_27' title="bbox 1446 694 2507 738; baseline 0.004 -14"><span class='ocrx_word' id='word_1_193' title='bbox 1446 694 1527 724; x_wconf 90' lang='lat' dir='ltr'>citur</span> <span class='ocrx_word' id='word_1_194' title='bbox 1542 694 1696 731; x_wconf 90' lang='lat' dir='ltr'>secundo,</span> <span class='ocrx_word' id='word_1_195' title='bbox 1714 695 1803 735; x_wconf 93' lang='lat' dir='ltr'>quod</span> <span class='ocrx_word' id='word_1_196' title='bbox 1822 695 2007 726; x_wconf 88' lang='lat' dir='ltr'>huiusmodi</span> <span class='ocrx_word' id='word_1_197' title='bbox 2030 697 2155 733; x_wconf 91' lang='lat' dir='ltr'>rationi,</span> <span class='ocrx_word' id='word_1_198' title='bbox 2171 698 2204 727; x_wconf 92' lang='lat' dir='ltr'>in</span> <span class='ocrx_word' id='word_1_199' title='bbox 2221 707 2426 738; x_wconf 89' lang='lat' dir='ltr'>quacumque</span> <span class='ocrx_word' id='word_1_200' title='bbox 2440 708 2507 728; x_wconf 92' lang='lat' dir='ltr'>ma-</span> 
     </span>
     <span class='ocr_line' id='line_1_28' title="bbox 1444 738 2508 781; baseline 0.004 -13"><span class='ocrx_word' id='word_1_201' title='bbox 1444 738 1521 768; x_wconf 88' lang='lat' dir='ltr'>teria</span> <span class='ocrx_word' id='word_1_202' title='bbox 1539 738 1603 775; x_wconf 88' lang='lat' dir='ltr'>fiat,</span> <span class='ocrx_word' id='word_1_203' title='bbox 1620 739 1882 779; x_wconf 91' lang='lat' dir='ltr'>respondendum</span> <span class='ocrx_word' id='word_1_204' title='bbox 1898 745 1945 770; x_wconf 89' lang='lat' dir='ltr'>est</span> <span class='ocrx_word' id='word_1_205' title='bbox 1961 741 2022 770; x_wconf 90' lang='lat' dir='ltr'>sic:</span> <span class='ocrx_word' id='word_1_206' title='bbox 2048 740 2084 770; x_wconf 80' lang='lat' dir='ltr'>Si</span> <span class='ocrx_word' id='word_1_207' title='bbox 2099 750 2163 771; x_wconf 87' lang='lat' dir='ltr'>non</span> <span class='ocrx_word' id='word_1_208' title='bbox 2181 742 2359 781; x_wconf 87' lang='lat' dir='ltr'>exequitur,</span> <span class='ocrx_word' id='word_1_209' title='bbox 2372 750 2508 781; x_wconf 83' lang='lat' dir='ltr'>peccat:</span> 
     </span>
    </p>
   </div>
   <div class='ocr_carea' id='block_1_7' title="bbox 383 780 2512 827">
    <p class='ocr_par' dir='ltr' id='par_1_9' title="bbox 383 780 2512 827">
     <span class='ocr_line' id='line_1_29' title="bbox 383 780 2512 827; baseline 0.002 -15"><span class='ocrx_word' id='word_1_210' title='bbox 383 782 436 812; x_wconf 94' lang='lat' dir='ltr'>IV.</span> <span class='ocrx_word' id='word_1_211' title='bbox 461 782 546 820; x_wconf 90' lang='lat' dir='ltr'>Quia</span> <span class='ocrx_word' id='word_1_212' title='bbox 569 783 664 822; x_wconf 88' lang='lat' dir='ltr'>igitur</span> <span class='ocrx_word' id='word_1_213' title='bbox 686 787 799 812; x_wconf 90' lang='lat' dir='ltr'>neutra</span> <span class='ocrx_word' id='word_1_214' title='bbox 820 783 871 812; x_wconf 91' lang='lat' dir='ltr'>via</span> <span class='ocrx_word' id='word_1_215' title='bbox 894 782 995 812; x_wconf 89' lang='lat' dir='ltr'>solide</span> <span class='ocrx_word' id='word_1_216' title='bbox 1018 781 1149 813; x_wconf 88' lang='lat' dir='ltr'>fundata</span> <span class='ocrx_word' id='word_1_217' title='bbox 1171 781 1310 817; x_wconf 89' lang='lat' dir='ltr'>videtur,</span> <span class='ocrx_word' id='word_1_218' title='bbox 1336 791 1391 812; x_wconf 93' lang='lat' dir='ltr'>oc-</span> <span class='ocrx_word' id='word_1_219' title='bbox 1416 780 1418 802; x_wconf 84' lang='lat'><strong>¹</strong></span> <span class='ocrx_word' id='word_1_220' title='bbox 1445 782 1629 813; x_wconf 88' lang='lat' dir='ltr'>admittitur.</span> <span class='ocrx_word' id='word_1_221' title='bbox 1653 783 1757 824; x_wconf 84' lang='lat' dir='ltr'>Ergo,</span> <span class='ocrx_word' id='word_1_222' title='bbox 1774 784 1803 814; x_wconf 85' lang='lat' dir='ltr'>si</span> <span class='ocrx_word' id='word_1_223' title='bbox 1825 785 1995 824; x_wconf 86' lang='lat' dir='ltr'>exequitur</span> <span class='ocrx_word' id='word_1_224' title='bbox 2018 785 2187 826; x_wconf 83' lang='lat' dir='ltr'>condigne,</span> <span class='ocrx_word' id='word_1_225' title='bbox 2205 786 2282 816; x_wconf 85' lang='lat' dir='ltr'>bene</span> <span class='ocrx_word' id='word_1_226' title='bbox 2295 786 2394 827; x_wconf 84' lang='lat' dir='ltr'>facit.</span> <span class='ocrx_word' id='word_1_227' title='bbox 2418 783 2512 816; x_wconf 64' lang='lat' dir='ltr'>Alio-&gt;</span> 
     </span>
    </p>
   </div>
   <div class='ocr_carea' id='block_1_8' title="bbox 326 825 1392 1086">
    <p class='ocr_par' dir='ltr' id='par_1_10' title="bbox 326 825 1392 1086">
     <span class='ocr_line' id='line_1_30' title="bbox 328 825 1392 862; baseline -0.001 -6"><span class='ocrx_word' id='word_1_228' title='bbox 328 826 426 856; x_wconf 88' lang='lat' dir='ltr'>currit</span> <span class='ocrx_word' id='word_1_229' title='bbox 446 825 553 856; x_wconf 89' lang='lat' dir='ltr'>media</span> <span class='ocrx_word' id='word_1_230' title='bbox 574 827 625 856; x_wconf 90' lang='lat' dir='ltr'>via</span> <span class='ocrx_word' id='word_1_231' title='bbox 657 825 887 862; x_wconf 87' lang='lat' dir='ltr'>incedendum,</span> <span class='ocrx_word' id='word_1_232' title='bbox 913 826 1050 857; x_wconf 89' lang='lat' dir='ltr'>dicendo</span> <span class='ocrx_word' id='word_1_233' title='bbox 1074 827 1141 856; x_wconf 85' lang='lat' dir='ltr'>tria.</span> <span class='ocrx_word' id='word_1_234' title='bbox 1177 825 1321 856; x_wconf 88' lang='lat' dir='ltr'>Primum</span> <span class='ocrx_word' id='word_1_235' title='bbox 1345 831 1392 856; x_wconf 92' lang='lat' dir='ltr'>est</span> 
     </span>
     <span class='ocr_line' id='line_1_31' title="bbox 328 869 1391 910; baseline 0 -10"><span class='ocrx_word' id='word_1_236' title='bbox 328 869 418 910; x_wconf 92' lang='lat' dir='ltr'>quod</span> <span class='ocrx_word' id='word_1_237' title='bbox 442 870 547 900; x_wconf 90' lang='lat' dir='ltr'>omnis</span> <span class='ocrx_word' id='word_1_238' title='bbox 569 870 807 910; x_wconf 87' lang='lat' dir='ltr'>poenitentialis</span> <span class='ocrx_word' id='word_1_239' title='bbox 830 869 1001 901; x_wconf 86' lang='lat' dir='ltr'>satisfactio</span> <span class='ocrx_word' id='word_1_240' title='bbox 1033 879 1051 901; x_wconf 91' lang='lat' dir='ltr'>a</span> <span class='ocrx_word' id='word_1_241' title='bbox 1075 869 1258 901; x_wconf 90' lang='lat' dir='ltr'>confessore</span> <span class='ocrx_word' id='word_1_242' title='bbox 1285 870 1391 910; x_wconf 88' lang='lat' dir='ltr'>impo-</span> 
     </span>
     <span class='ocr_line' id='line_1_32' title="bbox 326 913 1391 954; baseline 0.002 -11"><span class='ocrx_word' id='word_1_243' title='bbox 326 914 396 949; x_wconf 88' lang='lat' dir='ltr'>sita,</span> <span class='ocrx_word' id='word_1_244' title='bbox 420 914 516 944; x_wconf 84' lang='lat' dir='ltr'>etiam</span> <span class='ocrx_word' id='word_1_245' title='bbox 539 914 565 944; x_wconf 90' lang='lat' dir='ltr'>si</span> <span class='ocrx_word' id='word_1_246' title='bbox 588 919 674 944; x_wconf 86' lang='lat' dir='ltr'>extra</span> <span class='ocrx_word' id='word_1_247' title='bbox 697 914 858 945; x_wconf 90' lang='lat' dir='ltr'>caritatem</span> <span class='ocrx_word' id='word_1_248' title='bbox 882 913 946 950; x_wconf 85' lang='lat' dir='ltr'>fiat,</span> <span class='ocrx_word' id='word_1_249' title='bbox 971 914 1130 945; x_wconf 85' lang='lat' dir='ltr'>sufficiens</span> <span class='ocrx_word' id='word_1_250' title='bbox 1155 919 1201 945; x_wconf 90' lang='lat' dir='ltr'>est</span> <span class='ocrx_word' id='word_1_251' title='bbox 1217 913 1326 954; x_wconf 86' lang='lat' dir='ltr'>quoad</span> <span class='ocrx_word' id='word_1_252' title='bbox 1341 913 1391 945; x_wconf 93' lang='lat' dir='ltr'>fo-</span> 
     </span>
     <span class='ocr_line' id='line_1_33' title="bbox 326 958 1390 1000; baseline 0.001 -12"><span class='ocrx_word' id='word_1_253' title='bbox 326 966 399 988; x_wconf 90' lang='lat' dir='ltr'>rum</span> <span class='ocrx_word' id='word_1_254' title='bbox 421 958 584 988; x_wconf 87' lang='lat' dir='ltr'>militantis</span> <span class='ocrx_word' id='word_1_255' title='bbox 607 958 780 989; x_wconf 87' lang='lat' dir='ltr'>Ecclesiae.</span> <span class='ocrx_word' id='word_1_256' title='bbox 815 958 972 989; x_wconf 88' lang='lat' dir='ltr'>Probatur</span> <span class='ocrx_word' id='word_1_257' title='bbox 998 959 1080 990; x_wconf 91' lang='lat' dir='ltr'>hoc:</span> <span class='ocrx_word' id='word_1_258' title='bbox 1113 960 1189 1000; x_wconf 90' lang='lat' dir='ltr'>quia</span> <span class='ocrx_word' id='word_1_259' title='bbox 1219 958 1390 989; x_wconf 85' lang='lat' dir='ltr'>satisfactio</span> 
     </span>
     <span class='ocr_line' id='line_1_34' title="bbox 326 1001 1391 1044; baseline 0.001 -12"><span class='ocrx_word' id='word_1_260' title='bbox 326 1001 512 1032; x_wconf 89' lang='lat' dir='ltr'>huiusmodi</span> <span class='ocrx_word' id='word_1_261' title='bbox 542 1007 589 1032; x_wconf 93' lang='lat' dir='ltr'>est</span> <span class='ocrx_word' id='word_1_262' title='bbox 617 1002 869 1039; x_wconf 87' lang='lat' dir='ltr'>sacramentalis,</span> <span class='ocrx_word' id='word_1_263' title='bbox 898 1009 945 1034; x_wconf 89' lang='lat' dir='ltr'>est</span> <span class='ocrx_word' id='word_1_264' title='bbox 968 1004 1055 1034; x_wconf 89' lang='lat' dir='ltr'>enim</span> <span class='ocrx_word' id='word_1_265' title='bbox 1077 1004 1168 1034; x_wconf 91' lang='lat' dir='ltr'>tertia</span> <span class='ocrx_word' id='word_1_266' title='bbox 1191 1013 1262 1044; x_wconf 90' lang='lat' dir='ltr'>pars</span> <span class='ocrx_word' id='word_1_267' title='bbox 1289 1013 1391 1033; x_wconf 88' lang='lat' dir='ltr'>sacra-</span> 
     </span>
     <span class='ocr_line' id='line_1_35' title="bbox 326 1046 1391 1086; baseline 0.002 -10"><span class='ocrx_word' id='word_1_268' title='bbox 326 1046 444 1082; x_wconf 81' lang='lat' dir='ltr'>menti3</span> <span class='ocrx_word' id='word_1_269' title='bbox 469 1055 505 1076; x_wconf 90' lang='lat' dir='ltr'>ac</span> <span class='ocrx_word' id='word_1_270' title='bbox 528 1055 586 1086; x_wconf 91' lang='lat' dir='ltr'>per</span> <span class='ocrx_word' id='word_1_271' title='bbox 600 1047 672 1083; x_wconf 91' lang='lat' dir='ltr'>hoc,</span> <span class='ocrx_word' id='word_1_272' title='bbox 690 1047 839 1078; x_wconf 84' lang='lat' dir='ltr'>satisfacit</span> <span class='ocrx_word' id='word_1_273' title='bbox 855 1047 1016 1078; x_wconf 89' lang='lat' dir='ltr'>Ecclesiae</span> <span class='ocrx_word' id='word_1_274' title='bbox 1033 1049 1058 1078; x_wconf 90' lang='lat' dir='ltr'>si</span> <span class='ocrx_word' id='word_1_275' title='bbox 1074 1054 1121 1078; x_wconf 89' lang='lat' dir='ltr'>est</span> <span class='ocrx_word' id='word_1_276' title='bbox 1135 1047 1292 1083; x_wconf 87' lang='lat' dir='ltr'>informis,</span> <span class='ocrx_word' id='word_1_277' title='bbox 1309 1047 1391 1078; x_wconf 92' lang='lat' dir='ltr'>sicut</span> 
     </span>
    </p>
   </div>
   <div class='ocr_carea' id='block_1_9' title="bbox 292 1089 1391 1123">
    <p class='ocr_par' dir='ltr' id='par_1_11' title="bbox 292 1089 1391 1123">
     <span class='ocr_line' id='line_1_36' title="bbox 292 1089 1391 1123; baseline 0.002 -3"><span class='ocrx_word' id='word_1_278' title='bbox 292 1107 299 1115; x_wconf 92' lang='lat'><strong>·</strong></span> <span class='ocrx_word' id='word_1_279' title='bbox 327 1089 488 1121; x_wconf 83' lang='lat' dir='ltr'>confessio</span> <span class='ocrx_word' id='word_1_280' title='bbox 510 1090 657 1122; x_wconf 88' lang='lat' dir='ltr'>informis</span> <span class='ocrx_word' id='word_1_281' title='bbox 672 1091 699 1121; x_wconf 74' lang='lat'>*.</span> <span class='ocrx_word' id='word_1_282' title='bbox 723 1091 764 1122; x_wconf 94' lang='lat' dir='ltr'>Et</span> <span class='ocrx_word' id='word_1_283' title='bbox 787 1092 862 1122; x_wconf 89' lang='lat' dir='ltr'>hinc</span> <span class='ocrx_word' id='word_1_284' title='bbox 886 1093 986 1122; x_wconf 89' lang='lat' dir='ltr'>oritur</span> <span class='ocrx_word' id='word_1_285' title='bbox 1008 1098 1044 1123; x_wconf 92' lang='lat' dir='ltr'>ut</span> <span class='ocrx_word' id='word_1_286' title='bbox 1066 1102 1134 1123; x_wconf 92' lang='lat' dir='ltr'>non</span> <span class='ocrx_word' id='word_1_287' title='bbox 1150 1092 1256 1123; x_wconf 90' lang='lat' dir='ltr'>solum</span> <span class='ocrx_word' id='word_1_288' title='bbox 1272 1092 1391 1122; x_wconf 89' lang='lat' dir='ltr'>ieiunia</span> 
     </span>
    </p>
   </div>
   <div class='ocr_carea' id='block_1_10' title="bbox 325 1135 1391 1266">
    <p class='ocr_par' dir='ltr' id='par_1_12' title="bbox 325 1135 1391 1266">
     <span class='ocr_line' id='line_1_37' title="bbox 326 1135 1390 1176; baseline 0.002 -11"><span class='ocrx_word' id='word_1_289' title='bbox 326 1139 359 1165; x_wconf 87' lang='lat' dir='ltr'>et</span> <span class='ocrx_word' id='word_1_290' title='bbox 381 1135 612 1176; x_wconf 81' lang='lat' dir='ltr'>eleemosynas,</span> <span class='ocrx_word' id='word_1_291' title='bbox 635 1145 748 1166; x_wconf 89' lang='lat' dir='ltr'>verum</span> <span class='ocrx_word' id='word_1_292' title='bbox 772 1137 867 1167; x_wconf 88' lang='lat' dir='ltr'>etiam</span> <span class='ocrx_word' id='word_1_293' title='bbox 890 1137 1050 1167; x_wconf 87' lang='lat' dir='ltr'>orationes</span> <span class='ocrx_word' id='word_1_294' title='bbox 1073 1147 1140 1167; x_wconf 90' lang='lat' dir='ltr'>non</span> <span class='ocrx_word' id='word_1_295' title='bbox 1164 1137 1204 1167; x_wconf 92' lang='lat' dir='ltr'>sit</span> <span class='ocrx_word' id='word_1_296' title='bbox 1221 1136 1314 1167; x_wconf 85' lang='lat' dir='ltr'>solita</span> <span class='ocrx_word' id='word_1_297' title='bbox 1329 1137 1390 1167; x_wconf 91' lang='lat' dir='ltr'>Ec-</span> 
     </span>
     <span class='ocr_line' id='line_1_38' title="bbox 326 1179 1390 1222; baseline 0.003 -13"><span class='ocrx_word' id='word_1_298' title='bbox 326 1179 422 1210; x_wconf 85' lang='lat' dir='ltr'>clesia</span> <span class='ocrx_word' id='word_1_299' title='bbox 444 1180 560 1210; x_wconf 88' lang='lat' dir='ltr'>iterum</span> <span class='ocrx_word' id='word_1_300' title='bbox 583 1181 750 1222; x_wconf 89' lang='lat' dir='ltr'>imponere</span> <span class='ocrx_word' id='word_1_301' title='bbox 773 1181 1013 1221; x_wconf 89' lang='lat' dir='ltr'>poenitentibus</span> <span class='ocrx_word' id='word_1_302' title='bbox 1045 1182 1100 1222; x_wconf 92' lang='lat' dir='ltr'>qui</span> <span class='ocrx_word' id='word_1_303' title='bbox 1124 1191 1175 1211; x_wconf 90' lang='lat' dir='ltr'>eas</span> <span class='ocrx_word' id='word_1_304' title='bbox 1202 1181 1301 1211; x_wconf 89' lang='lat' dir='ltr'>semel</span> <span class='ocrx_word' id='word_1_305' title='bbox 1328 1181 1390 1212; x_wconf 89' lang='lat' dir='ltr'>sol-</span> 
     </span>
     <span class='ocr_line' id='line_1_39' title="bbox 325 1225 1391 1266; baseline 0.002 -12"><span class='ocrx_word' id='word_1_306' title='bbox 325 1229 456 1254; x_wconf 87' lang='lat' dir='ltr'>verunt:</span> <span class='ocrx_word' id='word_1_307' title='bbox 481 1225 627 1265; x_wconf 85' lang='lat' dir='ltr'>quamvis</span> <span class='ocrx_word' id='word_1_308' title='bbox 649 1225 790 1256; x_wconf 88' lang='lat' dir='ltr'>iuniores</span> <span class='ocrx_word' id='word_1_309' title='bbox 813 1226 971 1262; x_wconf 88' lang='lat' dir='ltr'>nonnulli,</span> <span class='ocrx_word' id='word_1_310' title='bbox 996 1225 1191 1266; x_wconf 80' lang='lat' dir='ltr'>trepidantes</span> <span class='ocrx_word' id='word_1_311' title='bbox 1207 1226 1322 1256; x_wconf 85' lang='lat' dir='ltr'>timore</span> <span class='ocrx_word' id='word_1_312' title='bbox 1338 1226 1391 1256; x_wconf 85' lang='lat' dir='ltr'>ubi</span> 
     </span>
    </p>
   </div>
   <div class='ocr_carea' id='block_1_11' title="bbox 290 1269 1390 1310">
    <p class='ocr_par' dir='ltr' id='par_1_13' title="bbox 290 1269 1390 1310">
     <span class='ocr_line' id='line_1_40' title="bbox 290 1269 1390 1310; baseline 0.002 -12"><span class='ocrx_word' id='word_1_313' title='bbox 290 1285 298 1297; x_wconf 66' lang='lat'><strong>⁹</strong></span> <span class='ocrx_word' id='word_1_314' title='bbox 326 1277 392 1299; x_wconf 83' lang='lat' dir='ltr'>non</span> <span class='ocrx_word' id='word_1_315' title='bbox 409 1273 457 1299; x_wconf 80' lang='lat' dir='ltr'>est</span> <span class='ocrx_word' id='word_1_316' title='bbox 472 1269 570 1299; x_wconf 78' lang='lat' dir='ltr'>timor</span> <span class='ocrx_word' id='word_1_317' title='bbox 584 1269 611 1305; x_wconf 60' lang='lat'>⁹,</span> <span class='ocrx_word' id='word_1_318' title='bbox 631 1269 850 1300; x_wconf 88' lang='lat' dir='ltr'>adinvenerint</span> <span class='ocrx_word' id='word_1_319' title='bbox 873 1269 1035 1310; x_wconf 90' lang='lat' dir='ltr'>quandam</span> <span class='ocrx_word' id='word_1_320' title='bbox 1058 1275 1319 1300; x_wconf 87' lang='lat' dir='ltr'>momentaneam</span> <span class='ocrx_word' id='word_1_321' title='bbox 1343 1280 1390 1300; x_wconf 91' lang='lat' dir='ltr'>sa-</span> 
     </span>
    </p>
   </div>
   <div class='ocr_carea' id='block_1_12' title="bbox 325 1311 1390 1354">
    <p class='ocr_par' dir='ltr' id='par_1_14' title="bbox 325 1311 1390 1354">
     <span class='ocr_line' id='line_1_41' title="bbox 325 1311 1390 1354; baseline 0.001 -11"><span class='ocrx_word' id='word_1_322' title='bbox 325 1311 595 1347; x_wconf 75' lang='lat' dir='ltr'>tisfactiunculam</span> <span class='ocrx_word' id='word_1_323' title='bbox 609 1322 669 1354; x_wconf 87' lang='lat' dir='ltr'>pro</span> <span class='ocrx_word' id='word_1_324' title='bbox 684 1315 882 1354; x_wconf 87' lang='lat' dir='ltr'>poenitentia</span> <span class='ocrx_word' id='word_1_325' title='bbox 905 1315 1132 1351; x_wconf 84' lang='lat' dir='ltr'>sacramentali,</span> <span class='ocrx_word' id='word_1_326' title='bbox 1151 1319 1181 1345; x_wconf 92' lang='lat' dir='ltr'>et</span> <span class='ocrx_word' id='word_1_327' title='bbox 1204 1314 1320 1344; x_wconf 91' lang='lat' dir='ltr'>deinde</span> <span class='ocrx_word' id='word_1_328' title='bbox 1344 1324 1390 1344; x_wconf 91' lang='lat' dir='ltr'>ar-</span> 
     </span>
    </p>
   </div>
   <div class='ocr_carea' id='block_1_13' title="bbox 288 1356 1391 1399">
    <p class='ocr_par' dir='ltr' id='par_1_15' title="bbox 288 1356 1391 1399">
     <span class='ocr_line' id='line_1_42' title="bbox 288 1356 1391 1399; baseline 0.001 -12"><span class='ocrx_word' id='word_1_329' title='bbox 288 1356 484 1388; x_wconf 70' lang='lat' dir='ltr'>bitra‘nffii·</span> <span class='ocrx_word' id='word_1_330' title='bbox 504 1358 595 1398; x_wconf 87' lang='lat' dir='ltr'>quasi</span> <span class='ocrx_word' id='word_1_331' title='bbox 618 1358 812 1398; x_wconf 86' lang='lat' dir='ltr'>condignam</span> <span class='ocrx_word' id='word_1_332' title='bbox 835 1359 1065 1399; x_wconf 87' lang='lat' dir='ltr'>poenitentiam</span> <span class='ocrx_word' id='word_1_333' title='bbox 1090 1368 1172 1399; x_wconf 88' lang='lat' dir='ltr'>quae</span> <span class='ocrx_word' id='word_1_334' title='bbox 1190 1364 1246 1389; x_wconf 90' lang='lat' dir='ltr'>aut</span> <span class='ocrx_word' id='word_1_335' title='bbox 1260 1368 1328 1389; x_wconf 92' lang='lat' dir='ltr'>non</span> <span class='ocrx_word' id='word_1_336' title='bbox 1345 1364 1391 1389; x_wconf 86' lang='lat' dir='ltr'>est</span> 
     </span>
    </p>
   </div>
   <div class='ocr_carea' id='block_1_14' title="bbox 325 1402 1391 1442">
    <p class='ocr_par' dir='ltr' id='par_1_16' title="bbox 325 1402 1391 1442">
     <span class='ocr_line' id='line_1_43' title="bbox 325 1402 1391 1442; baseline 0.001 -10"><span class='ocrx_word' id='word_1_337' title='bbox 325 1402 524 1442; x_wconf 86' lang='lat' dir='ltr'>poenitentia</span> <span class='ocrx_word' id='word_1_338' title='bbox 546 1403 788 1439; x_wconf 90' lang='lat' dir='ltr'>sacramentalis,</span> <span class='ocrx_word' id='word_1_339' title='bbox 813 1408 877 1439; x_wconf 89' lang='lat' dir='ltr'>aut,</span> <span class='ocrx_word' id='word_1_340' title='bbox 901 1404 927 1433; x_wconf 91' lang='lat' dir='ltr'>si</span> <span class='ocrx_word' id='word_1_341' title='bbox 950 1409 1006 1439; x_wconf 91' lang='lat' dir='ltr'>est,</span> <span class='ocrx_word' id='word_1_342' title='bbox 1029 1413 1150 1433; x_wconf 87' lang='lat' dir='ltr'>vanum</span> <span class='ocrx_word' id='word_1_343' title='bbox 1165 1408 1320 1433; x_wconf 89' lang='lat' dir='ltr'>monstrat</span> <span class='ocrx_word' id='word_1_344' title='bbox 1335 1412 1391 1433; x_wconf 92' lang='lat' dir='ltr'>eo-</span> 
     </span>
    </p>
   </div>
   <div class='ocr_carea' id='block_1_15' title="bbox 325 1446 1390 1478">
    <p class='ocr_par' dir='ltr' id='par_1_17' title="bbox 325 1446 1390 1478">
     <span class='ocr_line' id='line_1_44' title="bbox 325 1446 1390 1478; baseline 0.001 -2"><span class='ocrx_word' id='word_1_345' title='bbox 325 1454 399 1476; x_wconf 86' lang='lat' dir='ltr'>rum</span> <span class='ocrx_word' id='word_1_346' title='bbox 421 1446 582 1476; x_wconf 81' lang='lat' dir='ltr'>timorem.</span> <span class='ocrx_word' id='word_1_347' title='bbox 616 1447 685 1477; x_wconf 93' lang='lat' dir='ltr'>Nec</span> <span class='ocrx_word' id='word_1_348' title='bbox 708 1448 772 1478; x_wconf 89' lang='lat' dir='ltr'>hoc</span> <span class='ocrx_word' id='word_1_349' title='bbox 795 1446 899 1478; x_wconf 87' lang='lat' dir='ltr'>facere</span> <span class='ocrx_word' id='word_1_350' title='bbox 928 1453 1003 1478; x_wconf 88' lang='lat' dir='ltr'>sunt</span> <span class='ocrx_word' id='word_1_351' title='bbox 1026 1447 1131 1478; x_wconf 88' lang='lat' dir='ltr'>edocti</span> <span class='ocrx_word' id='word_1_352' title='bbox 1155 1457 1173 1477; x_wconf 92' lang='lat' dir='ltr'>a</span> <span class='ocrx_word' id='word_1_353' title='bbox 1196 1452 1305 1477; x_wconf 88' lang='lat' dir='ltr'>sancta</span> <span class='ocrx_word' id='word_1_354' title='bbox 1328 1447 1390 1477; x_wconf 89' lang='lat' dir='ltr'>Ca-</span> 
     </span>
    </p>
   </div>
   <div class='ocr_carea' id='block_1_16' title="bbox 325 1490 1400 1532">
    <p class='ocr_par' dir='ltr' id='par_1_18' title="bbox 325 1490 1400 1532">
     <span class='ocr_line' id='line_1_45' title="bbox 325 1490 1400 1532; baseline 0.002 -12"><span class='ocrx_word' id='word_1_355' title='bbox 325 1490 446 1521; x_wconf 83' lang='lat' dir='ltr'>tholica</span> <span class='ocrx_word' id='word_1_356' title='bbox 459 1490 612 1521; x_wconf 88' lang='lat' dir='ltr'>Ecclesia.</span> <span class='ocrx_word' id='word_1_357' title='bbox 637 1491 678 1521; x_wconf 92' lang='lat' dir='ltr'>Et</span> <span class='ocrx_word' id='word_1_358' title='bbox 692 1496 862 1532; x_wconf 85' lang='lat' dir='ltr'>propterea</span> <span class='ocrx_word' id='word_1_359' title='bbox 877 1492 1124 1532; x_wconf 88' lang='lat' dir='ltr'>reprehensione</span> <span class='ocrx_word' id='word_1_360' title='bbox 1140 1492 1240 1531; x_wconf 87' lang='lat' dir='ltr'>magis</span> <span class='ocrx_word' id='word_1_361' title='bbox 1256 1490 1400 1531; x_wconf 86' lang='lat' dir='ltr'>dignum·</span> 
     </span>
    </p>
   </div>
   <div class='ocr_carea' id='block_1_17' title="bbox 271 1539 590 1574">
    <p class='ocr_par' dir='ltr' id='par_1_19' title="bbox 271 1539 590 1574">
     <span class='ocr_line' id='line_1_46' title="bbox 271 1539 590 1574; baseline -0.003 -9"><span class='ocrx_word' id='word_1_362' title='bbox 271 1568 274 1570; x_wconf 66' lang='grc'><strong>,</strong></span> <span class='ocrx_word' id='word_1_363' title='bbox 324 1539 375 1565; x_wconf 74' lang='lat' dir='ltr'>est</span> <span class='ocrx_word' id='word_1_364' title='bbox 396 1543 495 1574; x_wconf 89' lang='lat' dir='ltr'>quam</span> <span class='ocrx_word' id='word_1_365' title='bbox 518 1543 590 1564; x_wconf 89' lang='lat' dir='ltr'>usu.</span> 
     </span>
    </p>
   </div>
   <div class='ocr_carea' id='block_1_18' title="bbox 3 3259 221 3310">
    <p class='ocr_par' dir='ltr' id='par_1_20' title="bbox 3 3259 221 3310">
     <span class='ocr_line' id='line_1_47' title="bbox 3 3259 221 3310; baseline 0.005 -21"><span class='ocrx_word' id='word_1_366' title='bbox 3 3259 5 3310; x_wconf 23' lang='grc' dir='ltr'>ἐ</span> <span class='ocrx_word' id='word_1_367' title='bbox 48 3265 221 3290; x_wconf 54' lang='grc' dir='ltr'>..Νωιι</span> 
     </span>
    </p>
   </div>
   <div class='ocr_carea' id='block_1_19' title="bbox 324 1577 1391 1885">
    <p class='ocr_par' dir='ltr' id='par_1_21' title="bbox 324 1577 1391 1794">
     <span class='ocr_line' id='line_1_48' title="bbox 381 1577 1391 1620; baseline 0.001 -11"><span class='ocrx_word' id='word_1_368' title='bbox 381 1577 569 1609; x_wconf 89' lang='lat' dir='ltr'>Secundum</span> <span class='ocrx_word' id='word_1_369' title='bbox 593 1584 640 1610; x_wconf 91' lang='lat' dir='ltr'>est</span> <span class='ocrx_word' id='word_1_370' title='bbox 663 1578 753 1620; x_wconf 89' lang='lat' dir='ltr'>quod</span> <span class='ocrx_word' id='word_1_371' title='bbox 769 1589 996 1620; x_wconf 90' lang='lat' dir='ltr'>quaecumque</span> <span class='ocrx_word' id='word_1_372' title='bbox 1019 1580 1253 1610; x_wconf 89' lang='lat' dir='ltr'>sacramentalis</span> <span class='ocrx_word' id='word_1_373' title='bbox 1269 1579 1391 1610; x_wconf 89' lang='lat' dir='ltr'>satisfa-</span> 
     </span>
     <span class='ocr_line' id='line_1_49' title="bbox 324 1622 1390 1663; baseline 0.002 -11"><span class='ocrx_word' id='word_1_374' title='bbox 324 1622 402 1658; x_wconf 73' lang='lat' dir='ltr'>etio,</span> <span class='ocrx_word' id='word_1_375' title='bbox 426 1624 453 1653; x_wconf 91' lang='lat' dir='ltr'>si</span> <span class='ocrx_word' id='word_1_376' title='bbox 475 1627 561 1653; x_wconf 87' lang='lat' dir='ltr'>extra</span> <span class='ocrx_word' id='word_1_377' title='bbox 584 1624 747 1654; x_wconf 87' lang='lat' dir='ltr'>caritatem</span> <span class='ocrx_word' id='word_1_378' title='bbox 761 1623 807 1660; x_wconf 89' lang='lat' dir='ltr'>fit,</span> <span class='ocrx_word' id='word_1_379' title='bbox 831 1624 908 1654; x_wconf 89' lang='lat' dir='ltr'>nihil</span> <span class='ocrx_word' id='word_1_380' title='bbox 925 1629 1004 1654; x_wconf 90' lang='lat' dir='ltr'>tunc</span> <span class='ocrx_word' id='word_1_381' title='bbox 1018 1624 1103 1654; x_wconf 90' lang='lat' dir='ltr'>valet</span> <span class='ocrx_word' id='word_1_382' title='bbox 1118 1623 1158 1654; x_wconf 90' lang='lat' dir='ltr'>ad</span> <span class='ocrx_word' id='word_1_383' title='bbox 1174 1624 1390 1663; x_wconf 86' lang='lat' dir='ltr'>expiationem</span> 
     </span>
     <span class='ocr_line' id='line_1_50' title="bbox 324 1667 1390 1708; baseline 0.001 -11"><span class='ocrx_word' id='word_1_384' title='bbox 324 1675 451 1708; x_wconf 74' lang='lat' dir='ltr'>poenae</span> <span class='ocrx_word' id='word_1_385' title='bbox 474 1675 534 1707; x_wconf 86' lang='lat' dir='ltr'>pro</span> <span class='ocrx_word' id='word_1_386' title='bbox 557 1673 691 1708; x_wconf 88' lang='lat' dir='ltr'>peccato</span> <span class='ocrx_word' id='word_1_387' title='bbox 716 1667 840 1698; x_wconf 85' lang='lat' dir='ltr'>debitae</span> <span class='ocrx_word' id='word_1_388' title='bbox 863 1667 950 1708; x_wconf 90' lang='lat' dir='ltr'>apud</span> <span class='ocrx_word' id='word_1_389' title='bbox 973 1668 1090 1698; x_wconf 91' lang='lat' dir='ltr'>Deum.</span> <span class='ocrx_word' id='word_1_390' title='bbox 1114 1668 1189 1698; x_wconf 92' lang='lat' dir='ltr'>Hoc</span> <span class='ocrx_word' id='word_1_391' title='bbox 1213 1677 1251 1698; x_wconf 85' lang='lat' dir='ltr'>ex</span> <span class='ocrx_word' id='word_1_392' title='bbox 1267 1669 1390 1707; x_wconf 67' lang='lat' dir='ltr'>supra*</span> 
     </span>
     <span class='ocr_line' id='line_1_51' title="bbox 324 1709 1390 1752; baseline 0 -10"><span class='ocrx_word' id='word_1_393' title='bbox 324 1709 417 1742; x_wconf 84' lang='lat' dir='ltr'>dictis</span> <span class='ocrx_word' id='word_1_394' title='bbox 431 1711 505 1742; x_wconf 84' lang='lat' dir='ltr'>satis</span> <span class='ocrx_word' id='word_1_395' title='bbox 520 1712 692 1751; x_wconf 84' lang='lat' dir='ltr'>probatum</span> <span class='ocrx_word' id='word_1_396' title='bbox 704 1716 764 1748; x_wconf 85' lang='lat' dir='ltr'>est;</span> <span class='ocrx_word' id='word_1_397' title='bbox 785 1717 817 1742; x_wconf 91' lang='lat' dir='ltr'>et</span> <span class='ocrx_word' id='word_1_398' title='bbox 832 1721 850 1741; x_wconf 90' lang='lat' dir='ltr'>a</span> <span class='ocrx_word' id='word_1_399' title='bbox 866 1712 1017 1752; x_wconf 89' lang='lat' dir='ltr'>Magistro</span> <span class='ocrx_word' id='word_1_400' title='bbox 1030 1711 1266 1742; x_wconf 85' lang='lat' dir='ltr'>Sententiarum</span> <span class='ocrx_word' id='word_1_401' title='bbox 1281 1712 1390 1742; x_wconf 87' lang='lat' dir='ltr'>multis</span> 
     </span>
     <span class='ocr_line' id='line_1_52' title="bbox 324 1755 1246 1794; baseline 0 -8"><span class='ocrx_word' id='word_1_402' title='bbox 324 1755 576 1791; x_wconf 63' lang='lat' dir='ltr'>auctoritatibus,</span> <span class='ocrx_word' id='word_1_403' title='bbox 598 1757 634 1786; x_wconf 89' lang='lat' dir='ltr'>in</span> <span class='ocrx_word' id='word_1_404' title='bbox 656 1765 697 1786; x_wconf 86' lang='lat' dir='ltr'>xv</span> <span class='ocrx_word' id='word_1_405' title='bbox 720 1755 923 1786; x_wconf 89' lang='lat' dir='ltr'>distinctione</span> <span class='ocrx_word' id='word_1_406' title='bbox 946 1755 1070 1794; x_wconf 82' lang='lat' dir='ltr'>Quarti,</span> <span class='ocrx_word' id='word_1_407' title='bbox 1094 1755 1246 1786; x_wconf 90' lang='lat' dir='ltr'>firmatur.</span> 
     </span>
    </p>

    <p class='ocr_par' dir='ltr' id='par_1_22' title="bbox 324 1798 1390 1885">
     <span class='ocr_line' id='line_1_53' title="bbox 380 1798 1390 1840; baseline 0 -10"><span class='ocrx_word' id='word_1_408' title='bbox 380 1798 527 1831; x_wconf 85' lang='lat' dir='ltr'>Tertium</span> <span class='ocrx_word' id='word_1_409' title='bbox 543 1805 590 1831; x_wconf 91' lang='lat' dir='ltr'>est</span> <span class='ocrx_word' id='word_1_410' title='bbox 606 1799 695 1840; x_wconf 88' lang='lat' dir='ltr'>quod</span> <span class='ocrx_word' id='word_1_411' title='bbox 707 1801 813 1830; x_wconf 92' lang='lat' dir='ltr'>omnis</span> <span class='ocrx_word' id='word_1_412' title='bbox 825 1799 996 1831; x_wconf 90' lang='lat' dir='ltr'>satisfactio</span> <span class='ocrx_word' id='word_1_413' title='bbox 1009 1801 1253 1837; x_wconf 87' lang='lat' dir='ltr'>sacramentalis,</span> <span class='ocrx_word' id='word_1_414' title='bbox 1266 1801 1292 1831; x_wconf 91' lang='lat' dir='ltr'>si</span> <span class='ocrx_word' id='word_1_415' title='bbox 1305 1806 1390 1831; x_wconf 82' lang='lat' dir='ltr'>extra</span> 
     </span>
     <span class='ocr_line' id='line_1_54' title="bbox 324 1844 1388 1885; baseline -0.001 -9"><span class='ocrx_word' id='word_1_416' title='bbox 324 1845 488 1876; x_wconf 72' lang='lat' dir='ltr'>caritatem</span> <span class='ocrx_word' id='word_1_417' title='bbox 509 1844 555 1882; x_wconf 87' lang='lat' dir='ltr'>fit,</span> <span class='ocrx_word' id='word_1_418' title='bbox 578 1844 683 1875; x_wconf 84' lang='lat' dir='ltr'>valere</span> <span class='ocrx_word' id='word_1_419' title='bbox 705 1845 838 1885; x_wconf 90' lang='lat' dir='ltr'>incipiet</span> <span class='ocrx_word' id='word_1_420' title='bbox 861 1844 1009 1885; x_wconf 90' lang='lat' dir='ltr'>quando,</span> <span class='ocrx_word' id='word_1_421' title='bbox 1034 1850 1220 1885; x_wconf 90' lang='lat' dir='ltr'>recuperata</span> <span class='ocrx_word' id='word_1_422' title='bbox 1243 1845 1388 1881; x_wconf 89' lang='lat' dir='ltr'>caritate,</span> 
     </span>
    </p>
   </div>
   <div class='ocr_carea' id='block_1_20' title="bbox 266 1889 1390 1930">
    <p class='ocr_par' dir='ltr' id='par_1_23' title="bbox 266 1889 1390 1930">
     <span class='ocr_line' id='line_1_55' title="bbox 266 1889 1390 1930; baseline 0 -11"><span class='ocrx_word' id='word_1_423' title='bbox 266 1892 269 1893; x_wconf 73' lang='grc'>’</span> <span class='ocrx_word' id='word_1_424' title='bbox 290 1905 298 1918; x_wconf 77' lang='lat'><strong>·</strong></span> <span class='ocrx_word' id='word_1_425' title='bbox 323 1889 494 1930; x_wconf 85' lang='lat' dir='ltr'>poenitens</span> <span class='ocrx_word' id='word_1_426' title='bbox 516 1889 561 1920; x_wconf 78' lang='lat' dir='ltr'>ad</span> <span class='ocrx_word' id='word_1_427' title='bbox 582 1898 642 1920; x_wconf 86' lang='lat' dir='ltr'>cor</span> <span class='ocrx_word' id='word_1_428' title='bbox 664 1889 780 1920; x_wconf 83' lang='lat' dir='ltr'>redibit</span> <span class='ocrx_word' id='word_1_429' title='bbox 793 1890 820 1926; x_wconf 75' lang='lat'>*,</span> <span class='ocrx_word' id='word_1_430' title='bbox 837 1894 897 1919; x_wconf 91' lang='lat' dir='ltr'>etc.</span> <span class='ocrx_word' id='word_1_431' title='bbox 921 1889 1078 1919; x_wconf 90' lang='lat' dir='ltr'>Probatur</span> <span class='ocrx_word' id='word_1_432' title='bbox 1094 1890 1158 1919; x_wconf 93' lang='lat' dir='ltr'>hoc</span> <span class='ocrx_word' id='word_1_433' title='bbox 1182 1899 1220 1919; x_wconf 84' lang='lat' dir='ltr'>ex</span> <span class='ocrx_word' id='word_1_434' title='bbox 1243 1899 1283 1920; x_wconf 90' lang='lat' dir='ltr'>eo</span> <span class='ocrx_word' id='word_1_435' title='bbox 1300 1889 1390 1929; x_wconf 92' lang='lat' dir='ltr'>quod</span> 
     </span>
    </p>
   </div>
   <div class='ocr_carea' id='block_1_21' title="bbox 322 1933 1390 2054">
    <p class='ocr_par' dir='ltr' id='par_1_24' title="bbox 322 1933 1390 2054">
     <span class='ocr_line' id='line_1_56' title="bbox 322 1933 1389 1974; baseline 0 -10"><span class='ocrx_word' id='word_1_436' title='bbox 322 1933 508 1974; x_wconf 77' lang='lat' dir='ltr'>regulariter</span> <span class='ocrx_word' id='word_1_437' title='bbox 529 1943 613 1974; x_wconf 90' lang='lat' dir='ltr'>opus</span> <span class='ocrx_word' id='word_1_438' title='bbox 636 1933 872 1970; x_wconf 89' lang='lat' dir='ltr'>sacramentale,</span> <span class='ocrx_word' id='word_1_439' title='bbox 896 1939 1010 1974; x_wconf 90' lang='lat' dir='ltr'>utpote</span> <span class='ocrx_word' id='word_1_440' title='bbox 1027 1943 1110 1974; x_wconf 93' lang='lat' dir='ltr'>opus</span> <span class='ocrx_word' id='word_1_441' title='bbox 1126 1934 1197 1970; x_wconf 90' lang='lat' dir='ltr'>Dei,</span> <span class='ocrx_word' id='word_1_442' title='bbox 1221 1934 1389 1965; x_wconf 87' lang='lat' dir='ltr'>recedente</span> 
     </span>
     <span class='ocr_line' id='line_1_57' title="bbox 323 1977 1390 2018; baseline -0.002 -8"><span class='ocrx_word' id='word_1_443' title='bbox 323 1977 465 2015; x_wconf 73' lang='lat' dir='ltr'>ficfione,</span> <span class='ocrx_word' id='word_1_444' title='bbox 489 1979 619 2009; x_wconf 87' lang='lat' dir='ltr'>sortitur</span> <span class='ocrx_word' id='word_1_445' title='bbox 641 1977 807 2009; x_wconf 87' lang='lat' dir='ltr'>effectum:</span> <span class='ocrx_word' id='word_1_446' title='bbox 831 1983 868 2009; x_wconf 91' lang='lat' dir='ltr'>ut</span> <span class='ocrx_word' id='word_1_447' title='bbox 891 1977 931 2008; x_wconf 87' lang='lat' dir='ltr'>de</span> <span class='ocrx_word' id='word_1_448' title='bbox 949 1978 1119 2018; x_wconf 89' lang='lat' dir='ltr'>baptismo,</span> <span class='ocrx_word' id='word_1_449' title='bbox 1136 1977 1338 2009; x_wconf 90' lang='lat' dir='ltr'>confessione</span> <span class='ocrx_word' id='word_1_450' title='bbox 1359 1984 1390 2009; x_wconf 89' lang='lat' dir='ltr'>et</span> 
     </span>
     <span class='ocr_line' id='line_1_58' title="bbox 323 2022 1389 2054; baseline -0.002 0"><span class='ocrx_word' id='word_1_451' title='bbox 323 2027 465 2054; x_wconf 79' lang='lat' dir='ltr'>extrema</span> <span class='ocrx_word' id='word_1_452' title='bbox 486 2023 641 2054; x_wconf 88' lang='lat' dir='ltr'>unctione</span> <span class='ocrx_word' id='word_1_453' title='bbox 668 2022 790 2053; x_wconf 89' lang='lat' dir='ltr'>dictum</span> <span class='ocrx_word' id='word_1_454' title='bbox 819 2027 866 2053; x_wconf 90' lang='lat' dir='ltr'>est</span> <span class='ocrx_word' id='word_1_455' title='bbox 880 2023 907 2052; x_wconf 47' lang='grc' dir='ltr'>ὕ.</span> <span class='ocrx_word' id='word_1_456' title='bbox 943 2022 1121 2053; x_wconf 85' lang='lat' dir='ltr'>Satisfactio</span> <span class='ocrx_word' id='word_1_457' title='bbox 1149 2027 1258 2053; x_wconf 92' lang='lat' dir='ltr'>autem</span> <span class='ocrx_word' id='word_1_458' title='bbox 1287 2033 1389 2053; x_wconf 88' lang='lat' dir='ltr'>sacra-</span> 
     </span>
    </p>
   </div>
   <div class='ocr_carea' id='block_1_22' title="bbox 291 2067 1387 2108">
    <p class='ocr_par' dir='ltr' id='par_1_25' title="bbox 291 2067 1387 2108">
     <span class='ocr_line' id='line_1_59' title="bbox 291 2067 1387 2108; baseline -0.001 -9"><span class='ocrx_word' id='word_1_459' title='bbox 291 2069 298 2081; x_wconf 87' lang='lat'><em>&#39;</em></span> <span class='ocrx_word' id='word_1_460' title='bbox 323 2068 470 2099; x_wconf 70' lang='lat' dir='ltr'>mentalis</span> <span class='ocrx_word' id='word_1_461' title='bbox 492 2077 564 2108; x_wconf 88' lang='lat' dir='ltr'>pars</span> <span class='ocrx_word' id='word_1_462' title='bbox 587 2068 775 2098; x_wconf 89' lang='lat' dir='ltr'>sacramenti</span> <span class='ocrx_word' id='word_1_463' title='bbox 805 2072 871 2103; x_wconf 92' lang='lat' dir='ltr'>est,</span> <span class='ocrx_word' id='word_1_464' title='bbox 894 2067 1026 2106; x_wconf 89' lang='lat' dir='ltr'>vimque</span> <span class='ocrx_word' id='word_1_465' title='bbox 1056 2067 1152 2097; x_wconf 90' lang='lat' dir='ltr'>habet</span> <span class='ocrx_word' id='word_1_466' title='bbox 1174 2076 1213 2097; x_wconf 85' lang='lat' dir='ltr'>ex</span> <span class='ocrx_word' id='word_1_467' title='bbox 1236 2067 1387 2098; x_wconf 78' lang='lat' dir='ltr'>clavibus.</span> 
     </span>
    </p>
   </div>
   <div class='ocr_carea' id='block_1_23' title="bbox 322 2110 1390 3527">
    <p class='ocr_par' dir='ltr' id='par_1_26' title="bbox 323 2110 1387 2188">
     <span class='ocr_line' id='line_1_60' title="bbox 323 2110 1387 2153; baseline -0.003 -9"><span class='ocrx_word' id='word_1_468' title='bbox 323 2112 421 2153; x_wconf 83' lang='lat' dir='ltr'>Ergo,</span> <span class='ocrx_word' id='word_1_469' title='bbox 444 2112 471 2142; x_wconf 86' lang='lat' dir='ltr'>si</span> <span class='ocrx_word' id='word_1_470' title='bbox 493 2117 541 2143; x_wconf 85' lang='lat' dir='ltr'>est</span> <span class='ocrx_word' id='word_1_471' title='bbox 562 2111 719 2148; x_wconf 89' lang='lat' dir='ltr'>informis,</span> <span class='ocrx_word' id='word_1_472' title='bbox 743 2111 892 2142; x_wconf 89' lang='lat' dir='ltr'>sortietur</span> <span class='ocrx_word' id='word_1_473' title='bbox 914 2116 1036 2151; x_wconf 87' lang='lat' dir='ltr'>postea,</span> <span class='ocrx_word' id='word_1_474' title='bbox 1058 2110 1227 2141; x_wconf 90' lang='lat' dir='ltr'>recedente</span> <span class='ocrx_word' id='word_1_475' title='bbox 1246 2110 1387 2148; x_wconf 81' lang='lat' dir='ltr'>fictione,</span> 
     </span>
     <span class='ocr_line' id='line_1_61' title="bbox 324 2155 484 2188; baseline 0 0"><span class='ocrx_word' id='word_1_476' title='bbox 324 2155 484 2188; x_wconf 63' lang='lat' dir='ltr'>effectum.</span> 
     </span>
    </p>

    <p class='ocr_par' dir='ltr' id='par_1_27' title="bbox 322 2199 1389 2818">
     <span class='ocr_line' id='line_1_62' title="bbox 377 2199 1388 2240; baseline -0.003 -7"><span class='ocrx_word' id='word_1_477' title='bbox 377 2201 431 2233; x_wconf 88' lang='lat' dir='ltr'>An</span> <span class='ocrx_word' id='word_1_478' title='bbox 454 2206 562 2232; x_wconf 87' lang='lat' dir='ltr'>autem</span> <span class='ocrx_word' id='word_1_479' title='bbox 584 2205 691 2231; x_wconf 87' lang='lat' dir='ltr'>totum</span> <span class='ocrx_word' id='word_1_480' title='bbox 714 2199 864 2231; x_wconf 86' lang='lat' dir='ltr'>effectum</span> <span class='ocrx_word' id='word_1_481' title='bbox 887 2200 1035 2230; x_wconf 86' lang='lat' dir='ltr'>sortiatur</span> <span class='ocrx_word' id='word_1_482' title='bbox 1064 2205 1176 2239; x_wconf 90' lang='lat' dir='ltr'>postea</span> <span class='ocrx_word' id='word_1_483' title='bbox 1199 2209 1298 2240; x_wconf 90' lang='lat' dir='ltr'>quem</span> <span class='ocrx_word' id='word_1_484' title='bbox 1321 2210 1388 2230; x_wconf 92' lang='lat' dir='ltr'>sor-</span> 
     </span>
     <span class='ocr_line' id='line_1_63' title="bbox 322 2243 1386 2286; baseline -0.003 -9"><span class='ocrx_word' id='word_1_485' title='bbox 322 2245 380 2286; x_wconf 78' lang='lat' dir='ltr'>tita</span> <span class='ocrx_word' id='word_1_486' title='bbox 401 2245 512 2277; x_wconf 86' lang='lat' dir='ltr'>fuisset</span> <span class='ocrx_word' id='word_1_487' title='bbox 535 2245 561 2276; x_wconf 91' lang='lat' dir='ltr'>si</span> <span class='ocrx_word' id='word_1_488' title='bbox 582 2245 618 2275; x_wconf 87' lang='lat' dir='ltr'>in</span> <span class='ocrx_word' id='word_1_489' title='bbox 641 2245 768 2276; x_wconf 89' lang='lat' dir='ltr'>caritate</span> <span class='ocrx_word' id='word_1_490' title='bbox 790 2249 917 2285; x_wconf 86' lang='lat' dir='ltr'>peracta</span> <span class='ocrx_word' id='word_1_491' title='bbox 933 2249 1024 2280; x_wconf 87' lang='lat' dir='ltr'>esset,</span> <span class='ocrx_word' id='word_1_492' title='bbox 1047 2254 1116 2274; x_wconf 92' lang='lat' dir='ltr'>non</span> <span class='ocrx_word' id='word_1_493' title='bbox 1134 2243 1226 2274; x_wconf 90' lang='lat' dir='ltr'>facile</span> <span class='ocrx_word' id='word_1_494' title='bbox 1243 2243 1386 2275; x_wconf 90' lang='lat' dir='ltr'>dixerim.</span> 
     </span>
     <span class='ocr_line' id='line_1_64' title="bbox 322 2288 1388 2329; baseline -0.003 -8"><span class='ocrx_word' id='word_1_495' title='bbox 322 2289 458 2322; x_wconf 83' lang='lat' dir='ltr'>Videtur</span> <span class='ocrx_word' id='word_1_496' title='bbox 471 2295 580 2320; x_wconf 83' lang='lat' dir='ltr'>tamen</span> <span class='ocrx_word' id='word_1_497' title='bbox 594 2289 675 2320; x_wconf 87' lang='lat' dir='ltr'>mihi</span> <span class='ocrx_word' id='word_1_498' title='bbox 690 2288 781 2329; x_wconf 92' lang='lat' dir='ltr'>quod</span> <span class='ocrx_word' id='word_1_499' title='bbox 794 2299 863 2319; x_wconf 91' lang='lat' dir='ltr'>non</span> <span class='ocrx_word' id='word_1_500' title='bbox 877 2294 984 2319; x_wconf 90' lang='lat' dir='ltr'>totum</span> <span class='ocrx_word' id='word_1_501' title='bbox 1000 2288 1221 2319; x_wconf 83' lang='lat' dir='ltr'>satisfactionis</span> <span class='ocrx_word' id='word_1_502' title='bbox 1238 2288 1388 2319; x_wconf 87' lang='lat' dir='ltr'>effectum</span> 
     </span>
     <span class='ocr_line' id='line_1_65' title="bbox 323 2332 1389 2375; baseline -0.002 -9"><span class='ocrx_word' id='word_1_503' title='bbox 323 2335 472 2367; x_wconf 74' lang='lat' dir='ltr'>sortiatur</span> <span class='ocrx_word' id='word_1_504' title='bbox 487 2339 608 2375; x_wconf 91' lang='lat' dir='ltr'>postea.</span> <span class='ocrx_word' id='word_1_505' title='bbox 629 2333 715 2372; x_wconf 87' lang='lat' dir='ltr'>Quia</span> <span class='ocrx_word' id='word_1_506' title='bbox 729 2333 962 2364; x_wconf 87' lang='lat' dir='ltr'>sacramentalis</span> <span class='ocrx_word' id='word_1_507' title='bbox 978 2332 1148 2363; x_wconf 87' lang='lat' dir='ltr'>satisfactio</span> <span class='ocrx_word' id='word_1_508' title='bbox 1164 2333 1237 2372; x_wconf 91' lang='lat' dir='ltr'>plus</span> <span class='ocrx_word' id='word_1_509' title='bbox 1253 2342 1286 2363; x_wconf 93' lang='lat' dir='ltr'>se</span> <span class='ocrx_word' id='word_1_510' title='bbox 1301 2338 1389 2364; x_wconf 91' lang='lat' dir='ltr'>tenet</span> 
     </span>
     <span class='ocr_line' id='line_1_66' title="bbox 324 2376 1389 2419; baseline -0.003 -9"><span class='ocrx_word' id='word_1_511' title='bbox 324 2387 364 2410; x_wconf 86' lang='lat' dir='ltr'>ex</span> <span class='ocrx_word' id='word_1_512' title='bbox 390 2384 499 2419; x_wconf 71' lang='lat' dir='ltr'>parte-</span> <span class='ocrx_word' id='word_1_513' title='bbox 509 2378 643 2409; x_wconf 88' lang='lat' dir='ltr'>humani</span> <span class='ocrx_word' id='word_1_514' title='bbox 673 2379 779 2418; x_wconf 91' lang='lat' dir='ltr'>operis</span> <span class='ocrx_word' id='word_1_515' title='bbox 809 2387 906 2418; x_wconf 93' lang='lat' dir='ltr'>quam</span> <span class='ocrx_word' id='word_1_516' title='bbox 935 2387 974 2408; x_wconf 83' lang='lat' dir='ltr'>ex</span> <span class='ocrx_word' id='word_1_517' title='bbox 996 2382 1085 2417; x_wconf 88' lang='lat' dir='ltr'>parte</span> <span class='ocrx_word' id='word_1_518' title='bbox 1108 2376 1223 2413; x_wconf 89' lang='lat' dir='ltr'>divini,</span> <span class='ocrx_word' id='word_1_519' title='bbox 1254 2378 1318 2407; x_wconf 94' lang='lat' dir='ltr'>hoc</span> <span class='ocrx_word' id='word_1_520' title='bbox 1343 2384 1389 2408; x_wconf 91' lang='lat' dir='ltr'>est</span> 
     </span>
     <span class='ocr_line' id='line_1_67' title="bbox 323 2417 1388 2463; baseline -0.003 -9"><span class='ocrx_word' id='word_1_521' title='bbox 323 2417 526 2454; x_wconf 63' lang='lat' dir='ltr'>sacramentiT</span> <span class='ocrx_word' id='word_1_522' title='bbox 547 2422 649 2453; x_wconf 89' lang='lat' dir='ltr'>Cuius</span> <span class='ocrx_word' id='word_1_523' title='bbox 673 2423 860 2463; x_wconf 88' lang='lat' dir='ltr'>oppositum</span> <span class='ocrx_word' id='word_1_524' title='bbox 884 2421 998 2452; x_wconf 88' lang='lat' dir='ltr'>accidit</span> <span class='ocrx_word' id='word_1_525' title='bbox 1019 2422 1054 2452; x_wconf 92' lang='lat' dir='ltr'>in</span> <span class='ocrx_word' id='word_1_526' title='bbox 1077 2421 1160 2452; x_wconf 90' lang='lat' dir='ltr'>aliis:</span> <span class='ocrx_word' id='word_1_527' title='bbox 1188 2427 1224 2452; x_wconf 92' lang='lat' dir='ltr'>ut</span> <span class='ocrx_word' id='word_1_528' title='bbox 1246 2427 1333 2461; x_wconf 89' lang='lat' dir='ltr'>patet</span> <span class='ocrx_word' id='word_1_529' title='bbox 1354 2423 1388 2452; x_wconf 91' lang='lat' dir='ltr'>in</span> 
     </span>
     <span class='ocr_line' id='line_1_68' title="bbox 324 2466 1388 2507; baseline -0.002 -9"><span class='ocrx_word' id='word_1_530' title='bbox 324 2467 495 2507; x_wconf 78' lang='lat' dir='ltr'>baptismo,</span> <span class='ocrx_word' id='word_1_531' title='bbox 518 2467 553 2497; x_wconf 89' lang='lat' dir='ltr'>in</span> <span class='ocrx_word' id='word_1_532' title='bbox 575 2476 642 2507; x_wconf 92' lang='lat' dir='ltr'>quo</span> <span class='ocrx_word' id='word_1_533' title='bbox 666 2472 772 2498; x_wconf 89' lang='lat' dir='ltr'>totum</span> <span class='ocrx_word' id='word_1_534' title='bbox 795 2476 878 2507; x_wconf 88' lang='lat' dir='ltr'>opus</span> <span class='ocrx_word' id='word_1_535' title='bbox 903 2471 950 2496; x_wconf 91' lang='lat' dir='ltr'>est</span> <span class='ocrx_word' id='word_1_536' title='bbox 972 2466 1043 2502; x_wconf 92' lang='lat' dir='ltr'>Dei,</span> <span class='ocrx_word' id='word_1_537' title='bbox 1068 2471 1099 2496; x_wconf 91' lang='lat' dir='ltr'>et</span> <span class='ocrx_word' id='word_1_538' title='bbox 1116 2466 1256 2496; x_wconf 88' lang='lat' dir='ltr'>hominis</span> <span class='ocrx_word' id='word_1_539' title='bbox 1273 2471 1320 2496; x_wconf 88' lang='lat' dir='ltr'>est</span> <span class='ocrx_word' id='word_1_540' title='bbox 1335 2476 1388 2496; x_wconf 92' lang='lat' dir='ltr'>so-</span> 
     </span>
     <span class='ocr_line' id='line_1_69' title="bbox 324 2510 1388 2550; baseline -0.002 -8"><span class='ocrx_word' id='word_1_541' title='bbox 324 2511 394 2542; x_wconf 90' lang='lat' dir='ltr'>lum</span> <span class='ocrx_word' id='word_1_542' title='bbox 415 2511 638 2542; x_wconf 85' lang='lat' dir='ltr'>ministerium.</span> <span class='ocrx_word' id='word_1_543' title='bbox 662 2511 699 2541; x_wconf 89' lang='lat' dir='ltr'>In</span> <span class='ocrx_word' id='word_1_544' title='bbox 721 2510 935 2542; x_wconf 88' lang='lat' dir='ltr'>satisfactione</span> <span class='ocrx_word' id='word_1_545' title='bbox 957 2519 1035 2540; x_wconf 88' lang='lat' dir='ltr'>vero</span> <span class='ocrx_word' id='word_1_546' title='bbox 1059 2510 1278 2540; x_wconf 80' lang='lat' dir='ltr'>sacramentali</span> <span class='ocrx_word' id='word_1_547' title='bbox 1305 2520 1388 2550; x_wconf 91' lang='lat' dir='ltr'>opus</span> 
     </span>
     <span class='ocr_line' id='line_1_70' title="bbox 325 2555 1388 2597; baseline -0.002 -11"><span class='ocrx_word' id='word_1_548' title='bbox 325 2561 372 2586; x_wconf 93' lang='lat' dir='ltr'>est</span> <span class='ocrx_word' id='word_1_549' title='bbox 394 2555 566 2597; x_wconf 88' lang='lat' dir='ltr'>praecipue</span> <span class='ocrx_word' id='word_1_550' title='bbox 587 2555 801 2596; x_wconf 85' lang='lat' dir='ltr'>poenitentis:</span> <span class='ocrx_word' id='word_1_551' title='bbox 826 2560 857 2586; x_wconf 93' lang='lat' dir='ltr'>et</span> <span class='ocrx_word' id='word_1_552' title='bbox 878 2560 945 2586; x_wconf 85' lang='lat' dir='ltr'>tam</span> <span class='ocrx_word' id='word_1_553' title='bbox 960 2564 1075 2595; x_wconf 90' lang='lat' dir='ltr'>parum</span> <span class='ocrx_word' id='word_1_554' title='bbox 1090 2555 1185 2585; x_wconf 89' lang='lat' dir='ltr'>habet</span> <span class='ocrx_word' id='word_1_555' title='bbox 1200 2556 1388 2585; x_wconf 87' lang='lat' dir='ltr'>sacramenti</span> 
     </span>
     <span class='ocr_line' id='line_1_71' title="bbox 324 2599 1387 2640; baseline -0.001 -9"><span class='ocrx_word' id='word_1_556' title='bbox 324 2605 361 2631; x_wconf 91' lang='lat' dir='ltr'>ut</span> <span class='ocrx_word' id='word_1_557' title='bbox 383 2600 477 2631; x_wconf 89' lang='lat' dir='ltr'>multi</span> <span class='ocrx_word' id='word_1_558' title='bbox 500 2599 648 2631; x_wconf 90' lang='lat' dir='ltr'>doctores</span> <span class='ocrx_word' id='word_1_559' title='bbox 677 2604 796 2640; x_wconf 85' lang='lat' dir='ltr'>negent</span> <span class='ocrx_word' id='word_1_560' title='bbox 825 2600 928 2639; x_wconf 85' lang='lat' dir='ltr'>ipsam</span> <span class='ocrx_word' id='word_1_561' title='bbox 951 2608 1019 2630; x_wconf 88' lang='lat' dir='ltr'>esse</span> <span class='ocrx_word' id='word_1_562' title='bbox 1043 2604 1166 2638; x_wconf 88' lang='lat' dir='ltr'>partem</span> <span class='ocrx_word' id='word_1_563' title='bbox 1189 2600 1387 2630; x_wconf 87' lang='lat' dir='ltr'>sacramenti.</span> 
     </span>
     <span class='ocr_line' id='line_1_72' title="bbox 324 2642 1389 2685; baseline -0.003 -9"><span class='ocrx_word' id='word_1_564' title='bbox 324 2645 366 2676; x_wconf 90' lang='lat' dir='ltr'>Et</span> <span class='ocrx_word' id='word_1_565' title='bbox 395 2650 565 2685; x_wconf 85' lang='lat' dir='ltr'>propterea</span> <span class='ocrx_word' id='word_1_566' title='bbox 593 2644 781 2675; x_wconf 88' lang='lat' dir='ltr'>rationabile</span> <span class='ocrx_word' id='word_1_567' title='bbox 810 2643 936 2674; x_wconf 86' lang='lat' dir='ltr'>videtur</span> <span class='ocrx_word' id='word_1_568' title='bbox 966 2642 1056 2683; x_wconf 90' lang='lat' dir='ltr'>quod</span> <span class='ocrx_word' id='word_1_569' title='bbox 1085 2642 1256 2673; x_wconf 87' lang='lat' dir='ltr'>satisfactio</span> <span class='ocrx_word' id='word_1_570' title='bbox 1287 2653 1389 2674; x_wconf 89' lang='lat' dir='ltr'>sacra-</span> 
     </span>
     <span class='ocr_line' id='line_1_73' title="bbox 324 2687 1388 2728; baseline -0.003 -8"><span class='ocrx_word' id='word_1_571' title='bbox 324 2689 471 2720; x_wconf 87' lang='lat' dir='ltr'>mentalis</span> <span class='ocrx_word' id='word_1_572' title='bbox 499 2688 646 2719; x_wconf 84' lang='lat' dir='ltr'>informis</span> <span class='ocrx_word' id='word_1_573' title='bbox 676 2688 816 2728; x_wconf 86' lang='lat' dir='ltr'>aliquem</span> <span class='ocrx_word' id='word_1_574' title='bbox 843 2687 992 2718; x_wconf 85' lang='lat' dir='ltr'>effectum</span> <span class='ocrx_word' id='word_1_575' title='bbox 1021 2693 1134 2727; x_wconf 90' lang='lat' dir='ltr'>postea</span> <span class='ocrx_word' id='word_1_576' title='bbox 1163 2688 1322 2724; x_wconf 88' lang='lat' dir='ltr'>sortiatur,</span> <span class='ocrx_word' id='word_1_577' title='bbox 1350 2697 1388 2718; x_wconf 87' lang='lat' dir='ltr'>ex</span> 
     </span>
     <span class='ocr_line' id='line_1_74' title="bbox 323 2732 1389 2774; baseline -0.003 -9"><span class='ocrx_word' id='word_1_578' title='bbox 323 2733 378 2765; x_wconf 86' lang='lat' dir='ltr'>illa</span> <span class='ocrx_word' id='word_1_579' title='bbox 392 2739 481 2774; x_wconf 89' lang='lat' dir='ltr'>parte</span> <span class='ocrx_word' id='word_1_580' title='bbox 505 2742 569 2773; x_wconf 91' lang='lat' dir='ltr'>qua</span> <span class='ocrx_word' id='word_1_581' title='bbox 591 2732 824 2763; x_wconf 88' lang='lat' dir='ltr'>sacramentalis</span> <span class='ocrx_word' id='word_1_582' title='bbox 848 2738 910 2762; x_wconf 89' lang='lat' dir='ltr'>est:</span> <span class='ocrx_word' id='word_1_583' title='bbox 934 2741 1001 2762; x_wconf 91' lang='lat' dir='ltr'>non</span> <span class='ocrx_word' id='word_1_584' title='bbox 1017 2737 1124 2762; x_wconf 89' lang='lat' dir='ltr'>totum</span> <span class='ocrx_word' id='word_1_585' title='bbox 1147 2737 1265 2767; x_wconf 91' lang='lat' dir='ltr'>autem,</span> <span class='ocrx_word' id='word_1_586' title='bbox 1282 2741 1320 2762; x_wconf 84' lang='lat' dir='ltr'>ex</span> <span class='ocrx_word' id='word_1_587' title='bbox 1335 2732 1389 2762; x_wconf 91' lang='lat' dir='ltr'>illa</span> 
     </span>
     <span class='ocr_line' id='line_1_75' title="bbox 323 2777 1388 2818; baseline -0.002 -10"><span class='ocrx_word' id='word_1_588' title='bbox 323 2778 498 2818; x_wconf 88' lang='lat' dir='ltr'>praecipua</span> <span class='ocrx_word' id='word_1_589' title='bbox 512 2778 562 2808; x_wconf 92' lang='lat' dir='ltr'>sui</span> <span class='ocrx_word' id='word_1_590' title='bbox 576 2782 664 2817; x_wconf 89' lang='lat' dir='ltr'>parte</span> <span class='ocrx_word' id='word_1_591' title='bbox 685 2786 749 2817; x_wconf 88' lang='lat' dir='ltr'>qua</span> <span class='ocrx_word' id='word_1_592' title='bbox 769 2777 948 2807; x_wconf 88' lang='lat' dir='ltr'>humanum</span> <span class='ocrx_word' id='word_1_593' title='bbox 972 2785 1055 2816; x_wconf 92' lang='lat' dir='ltr'>opus</span> <span class='ocrx_word' id='word_1_594' title='bbox 1077 2781 1245 2806; x_wconf 87' lang='lat' dir='ltr'>mortuum</span> <span class='ocrx_word' id='word_1_595' title='bbox 1266 2777 1388 2807; x_wconf 89' lang='lat' dir='ltr'>habuit.</span> 
     </span>
    </p>

    <p class='ocr_par' dir='ltr' id='par_1_28' title="bbox 323 2820 1390 3527">
     <span class='ocr_line' id='line_1_76' title="bbox 377 2820 1387 2862; baseline -0.001 -10"><span class='ocrx_word' id='word_1_596' title='bbox 377 2823 417 2852; x_wconf 93' lang='lat' dir='ltr'>V.</span> <span class='ocrx_word' id='word_1_597' title='bbox 429 2821 481 2852; x_wconf 93' lang='lat' dir='ltr'>Ad</span> <span class='ocrx_word' id='word_1_598' title='bbox 496 2823 637 2862; x_wconf 91' lang='lat' dir='ltr'>primum</span> <span class='ocrx_word' id='word_1_599' title='bbox 653 2831 729 2861; x_wconf 84' lang='lat' dir='ltr'>ergo</span> <span class='ocrx_word' id='word_1_600' title='bbox 741 2822 775 2852; x_wconf 91' lang='lat' dir='ltr'>in</span> <span class='ocrx_word' id='word_1_601' title='bbox 787 2822 976 2861; x_wconf 86' lang='lat' dir='ltr'>oppositum</span> <span class='ocrx_word' id='word_1_602' title='bbox 987 2822 1003 2837; x_wconf 71' lang='lat'>⁴*</span> <span class='ocrx_word' id='word_1_603' title='bbox 1015 2820 1130 2851; x_wconf 90' lang='lat' dir='ltr'>dicitur</span> <span class='ocrx_word' id='word_1_604' title='bbox 1142 2820 1232 2860; x_wconf 93' lang='lat' dir='ltr'>quod</span> <span class='ocrx_word' id='word_1_605' title='bbox 1247 2821 1387 2851; x_wconf 88' lang='lat' dir='ltr'>obiectio</span> 
     </span>
     <span class='ocr_line' id='line_1_77' title="bbox 325 2865 1388 2905; baseline -0.004 -7"><span class='ocrx_word' id='word_1_606' title='bbox 325 2866 473 2899; x_wconf 83' lang='lat' dir='ltr'>confecta</span> <span class='ocrx_word' id='word_1_607' title='bbox 495 2872 542 2897; x_wconf 88' lang='lat' dir='ltr'>est</span> <span class='ocrx_word' id='word_1_608' title='bbox 565 2875 607 2896; x_wconf 84' lang='lat' dir='ltr'>ex</span> <span class='ocrx_word' id='word_1_609' title='bbox 625 2867 704 2896; x_wconf 83' lang='lat' dir='ltr'>lana</span> <span class='ocrx_word' id='word_1_610' title='bbox 727 2871 759 2896; x_wconf 88' lang='lat' dir='ltr'>et</span> <span class='ocrx_word' id='word_1_611' title='bbox 780 2865 848 2896; x_wconf 89' lang='lat' dir='ltr'>lino</span> <span class='ocrx_word' id='word_1_612' title='bbox 865 2866 898 2895; x_wconf 68' lang='lat' dir='ltr'>*z</span> <span class='ocrx_word' id='word_1_613' title='bbox 923 2865 1079 2905; x_wconf 88' lang='lat' dir='ltr'>quoniam</span> <span class='ocrx_word' id='word_1_614' title='bbox 1097 2874 1170 2895; x_wconf 91' lang='lat' dir='ltr'>orsa</span> <span class='ocrx_word' id='word_1_615' title='bbox 1185 2870 1232 2895; x_wconf 91' lang='lat' dir='ltr'>est</span> <span class='ocrx_word' id='word_1_616' title='bbox 1255 2874 1294 2895; x_wconf 85' lang='lat' dir='ltr'>ex</span> <span class='ocrx_word' id='word_1_617' title='bbox 1309 2865 1388 2895; x_wconf 90' lang='lat' dir='ltr'>ami-</span> 
     </span>
     <span class='ocr_line' id='line_1_78' title="bbox 325 2909 1389 2950; baseline -0.004 -7"><span class='ocrx_word' id='word_1_618' title='bbox 325 2912 408 2947; x_wconf 83' lang='lat' dir='ltr'>citia,</span> <span class='ocrx_word' id='word_1_619' title='bbox 433 2917 464 2942; x_wconf 87' lang='lat' dir='ltr'>et</span> <span class='ocrx_word' id='word_1_620' title='bbox 486 2916 635 2941; x_wconf 83' lang='lat' dir='ltr'>contexta</span> <span class='ocrx_word' id='word_1_621' title='bbox 653 2916 700 2940; x_wconf 89' lang='lat' dir='ltr'>est</span> <span class='ocrx_word' id='word_1_622' title='bbox 723 2919 761 2940; x_wconf 83' lang='lat' dir='ltr'>ex</span> <span class='ocrx_word' id='word_1_623' title='bbox 776 2919 863 2940; x_wconf 89' lang='lat' dir='ltr'>mera</span> <span class='ocrx_word' id='word_1_624' title='bbox 878 2910 1006 2940; x_wconf 88' lang='lat' dir='ltr'>iustitia.</span> <span class='ocrx_word' id='word_1_625' title='bbox 1031 2909 1192 2949; x_wconf 89' lang='lat' dir='ltr'>Supponit</span> <span class='ocrx_word' id='word_1_626' title='bbox 1208 2909 1295 2939; x_wconf 85' lang='lat' dir='ltr'>enim</span> <span class='ocrx_word' id='word_1_627' title='bbox 1310 2918 1389 2950; x_wconf 89' lang='lat' dir='ltr'>poe-</span> 
     </span>
     <span class='ocr_line' id='line_1_79' title="bbox 323 2953 1389 2993; baseline -0.004 -6"><span class='ocrx_word' id='word_1_628' title='bbox 323 2956 481 2987; x_wconf 85' lang='lat' dir='ltr'>nitentem</span> <span class='ocrx_word' id='word_1_629' title='bbox 511 2954 691 2986; x_wconf 87' lang='lat' dir='ltr'>secundum</span> <span class='ocrx_word' id='word_1_630' title='bbox 713 2964 834 2985; x_wconf 89' lang='lat' dir='ltr'>meram</span> <span class='ocrx_word' id='word_1_631' title='bbox 857 2954 1008 2984; x_wconf 89' lang='lat' dir='ltr'>iustitiam</span> <span class='ocrx_word' id='word_1_632' title='bbox 1035 2953 1150 2984; x_wconf 89' lang='lat' dir='ltr'>debere</span> <span class='ocrx_word' id='word_1_633' title='bbox 1173 2963 1313 2993; x_wconf 89' lang='lat' dir='ltr'>poenam</span> <span class='ocrx_word' id='word_1_634' title='bbox 1337 2963 1389 2984; x_wconf 87' lang='lat' dir='ltr'>so-</span> 
     </span>
     <span class='ocr_line' id='line_1_80' title="bbox 324 2998 1389 3039; baseline -0.004 -7"><span class='ocrx_word' id='word_1_635' title='bbox 324 2999 494 3032; x_wconf 87' lang='lat' dir='ltr'>lummodo</span> <span class='ocrx_word' id='word_1_636' title='bbox 517 2999 745 3039; x_wconf 81' lang='lat' dir='ltr'>temporalem3</span> <span class='ocrx_word' id='word_1_637' title='bbox 770 3004 801 3028; x_wconf 91' lang='lat' dir='ltr'>et</span> <span class='ocrx_word' id='word_1_638' title='bbox 824 3008 899 3029; x_wconf 89' lang='lat' dir='ltr'>cum</span> <span class='ocrx_word' id='word_1_639' title='bbox 917 2998 991 3034; x_wconf 89' lang='lat' dir='ltr'>hoc,</span> <span class='ocrx_word' id='word_1_640' title='bbox 1008 2998 1250 3028; x_wconf 88' lang='lat' dir='ltr'>reconciliatum</span> <span class='ocrx_word' id='word_1_641' title='bbox 1267 3007 1334 3028; x_wconf 89' lang='lat' dir='ltr'>esse</span> <span class='ocrx_word' id='word_1_642' title='bbox 1351 3007 1389 3028; x_wconf 84' lang='lat' dir='ltr'>ex</span> 
     </span>
     <span class='ocr_line' id='line_1_81' title="bbox 324 3041 1388 3085; baseline -0.003 -10"><span class='ocrx_word' id='word_1_643' title='bbox 324 3045 439 3085; x_wconf 81' lang='lat' dir='ltr'>gratia;</span> <span class='ocrx_word' id='word_1_644' title='bbox 464 3045 556 3085; x_wconf 92' lang='lat' dir='ltr'>quasi</span> <span class='ocrx_word' id='word_1_645' title='bbox 578 3049 651 3084; x_wconf 91' lang='lat' dir='ltr'>post</span> <span class='ocrx_word' id='word_1_646' title='bbox 669 3043 964 3074; x_wconf 86' lang='lat' dir='ltr'>reconciliationem</span> <span class='ocrx_word' id='word_1_647' title='bbox 987 3042 1158 3073; x_wconf 88' lang='lat' dir='ltr'>satisfactio</span> <span class='ocrx_word' id='word_1_648' title='bbox 1174 3042 1214 3072; x_wconf 90' lang='lat' dir='ltr'>sit</span> <span class='ocrx_word' id='word_1_649' title='bbox 1229 3041 1388 3072; x_wconf 89' lang='lat' dir='ltr'>sufficiens</span> 
     </span>
     <span class='ocr_line' id='line_1_82' title="bbox 325 3086 1388 3128; baseline -0.003 -9"><span class='ocrx_word' id='word_1_650' title='bbox 325 3088 504 3119; x_wconf 88' lang='lat' dir='ltr'>secundum</span> <span class='ocrx_word' id='word_1_651' title='bbox 533 3088 799 3128; x_wconf 87' lang='lat' dir='ltr'>aequivalentiam</span> <span class='ocrx_word' id='word_1_652' title='bbox 828 3087 1032 3127; x_wconf 87' lang='lat' dir='ltr'>simpliciter,</span> <span class='ocrx_word' id='word_1_653' title='bbox 1062 3092 1093 3116; x_wconf 91' lang='lat' dir='ltr'>et</span> <span class='ocrx_word' id='word_1_654' title='bbox 1118 3096 1184 3116; x_wconf 91' lang='lat' dir='ltr'>non</span> <span class='ocrx_word' id='word_1_655' title='bbox 1209 3086 1388 3117; x_wconf 87' lang='lat' dir='ltr'>secundum</span> 
     </span>
     <span class='ocr_line' id='line_1_83' title="bbox 326 3130 1389 3174; baseline -0.004 -10"><span class='ocrx_word' id='word_1_656' title='bbox 326 3134 589 3174; x_wconf 82' lang='lat' dir='ltr'>acceptationem.</span> <span class='ocrx_word' id='word_1_657' title='bbox 614 3132 656 3162; x_wconf 90' lang='lat' dir='ltr'>Et</span> <span class='ocrx_word' id='word_1_658' title='bbox 679 3133 834 3172; x_wconf 91' lang='lat' dir='ltr'>quoniam</span> <span class='ocrx_word' id='word_1_659' title='bbox 858 3131 1028 3161; x_wconf 88' lang='lat' dir='ltr'>satisfactio</span> <span class='ocrx_word' id='word_1_660' title='bbox 1045 3130 1224 3161; x_wconf 89' lang='lat' dir='ltr'>secundum</span> <span class='ocrx_word' id='word_1_661' title='bbox 1240 3131 1389 3170; x_wconf 89' lang='lat' dir='ltr'>aequiva-</span> 
     </span>
     <span class='ocr_line' id='line_1_84' title="bbox 324 3174 1389 3217; baseline -0.004 -9"><span class='ocrx_word' id='word_1_662' title='bbox 324 3177 456 3208; x_wconf 88' lang='lat' dir='ltr'>lentiam</span> <span class='ocrx_word' id='word_1_663' title='bbox 480 3177 666 3217; x_wconf 88' lang='lat' dir='ltr'>simpliciter</span> <span class='ocrx_word' id='word_1_664' title='bbox 688 3186 755 3206; x_wconf 89' lang='lat' dir='ltr'>non</span> <span class='ocrx_word' id='word_1_665' title='bbox 780 3180 936 3206; x_wconf 90' lang='lat' dir='ltr'>consonat</span> <span class='ocrx_word' id='word_1_666' title='bbox 959 3174 1165 3205; x_wconf 90' lang='lat' dir='ltr'>satisfactioni</span> <span class='ocrx_word' id='word_1_667' title='bbox 1183 3174 1341 3205; x_wconf 85' lang='lat' dir='ltr'>amicabili</span> <span class='ocrx_word' id='word_1_668' title='bbox 1358 3180 1389 3205; x_wconf 91' lang='lat' dir='ltr'>et</span> 
     </span>
     <span class='ocr_line' id='line_1_85' title="bbox 325 3218 1389 3262; baseline -0.004 -10"><span class='ocrx_word' id='word_1_669' title='bbox 325 3222 470 3262; x_wconf 88' lang='lat' dir='ltr'>possibili</span> <span class='ocrx_word' id='word_1_670' title='bbox 501 3222 583 3251; x_wconf 91' lang='lat' dir='ltr'>inter</span> <span class='ocrx_word' id='word_1_671' title='bbox 611 3221 779 3251; x_wconf 91' lang='lat' dir='ltr'>hominem</span> <span class='ocrx_word' id='word_1_672' title='bbox 809 3226 840 3250; x_wconf 90' lang='lat' dir='ltr'>et</span> <span class='ocrx_word' id='word_1_673' title='bbox 868 3220 991 3255; x_wconf 89' lang='lat' dir='ltr'>Deum,</span> <span class='ocrx_word' id='word_1_674' title='bbox 1018 3219 1092 3250; x_wconf 92' lang='lat' dir='ltr'>ideo</span> <span class='ocrx_word' id='word_1_675' title='bbox 1125 3224 1161 3249; x_wconf 91' lang='lat' dir='ltr'>ut</span> <span class='ocrx_word' id='word_1_676' title='bbox 1191 3218 1389 3259; x_wconf 90' lang='lat' dir='ltr'>praedictum</span> 
     </span>
     <span class='ocr_line' id='line_1_86' title="bbox 327 3263 1389 3306; baseline -0.003 -10"><span class='ocrx_word' id='word_1_677' title='bbox 327 3266 405 3296; x_wconf 77' lang='lat' dir='ltr'>est*</span> <span class='ocrx_word' id='word_1_678' title='bbox 428 3266 580 3306; x_wconf 89' lang='lat' dir='ltr'>repetitur</span> <span class='ocrx_word' id='word_1_679' title='bbox 610 3264 747 3296; x_wconf 89' lang='lat' dir='ltr'>dicendo</span> <span class='ocrx_word' id='word_1_680' title='bbox 779 3263 1026 3295; x_wconf 88' lang='lat' dir='ltr'>satisfactionem</span> <span class='ocrx_word' id='word_1_681' title='bbox 1056 3264 1239 3303; x_wconf 87' lang='lat' dir='ltr'>impositam</span> <span class='ocrx_word' id='word_1_682' title='bbox 1263 3268 1389 3304; x_wconf 89' lang='lat' dir='ltr'>tempo-</span> 
     </span>
     <span class='ocr_line' id='line_1_87' title="bbox 325 3306 1390 3350; baseline -0.003 -10"><span class='ocrx_word' id='word_1_683' title='bbox 325 3309 424 3340; x_wconf 89' lang='lat' dir='ltr'>ralem</span> <span class='ocrx_word' id='word_1_684' title='bbox 446 3319 506 3350; x_wconf 92' lang='lat' dir='ltr'>pro</span> <span class='ocrx_word' id='word_1_685' title='bbox 530 3319 636 3350; x_wconf 88' lang='lat' dir='ltr'>poena</span> <span class='ocrx_word' id='word_1_686' title='bbox 651 3309 784 3349; x_wconf 90' lang='lat' dir='ltr'>peccati,</span> <span class='ocrx_word' id='word_1_687' title='bbox 809 3309 874 3339; x_wconf 87' lang='lat' dir='ltr'>sive</span> <span class='ocrx_word' id='word_1_688' title='bbox 890 3308 1040 3348; x_wconf 89' lang='lat' dir='ltr'>imposita</span> <span class='ocrx_word' id='word_1_689' title='bbox 1056 3308 1095 3338; x_wconf 90' lang='lat' dir='ltr'>sit</span> <span class='ocrx_word' id='word_1_690' title='bbox 1110 3317 1128 3337; x_wconf 90' lang='lat' dir='ltr'>a</span> <span class='ocrx_word' id='word_1_691' title='bbox 1144 3306 1307 3338; x_wconf 90' lang='lat' dir='ltr'>sacerdote</span> <span class='ocrx_word' id='word_1_692' title='bbox 1323 3307 1390 3337; x_wconf 90' lang='lat' dir='ltr'>sive</span> 
     </span>
     <span class='ocr_line' id='line_1_88' title="bbox 325 3352 1389 3390; baseline -0.004 -5"><span class='ocrx_word' id='word_1_693' title='bbox 325 3363 404 3390; x_wconf 89' lang='lat' dir='ltr'>non,</span> <span class='ocrx_word' id='word_1_694' title='bbox 432 3363 499 3385; x_wconf 91' lang='lat' dir='ltr'>esse</span> <span class='ocrx_word' id='word_1_695' title='bbox 523 3354 728 3384; x_wconf 88' lang='lat' dir='ltr'>amicabiliter</span> <span class='ocrx_word' id='word_1_696' title='bbox 752 3353 955 3388; x_wconf 89' lang='lat' dir='ltr'>solvendam;</span> <span class='ocrx_word' id='word_1_697' title='bbox 992 3359 1023 3382; x_wconf 89' lang='lat' dir='ltr'>et</span> <span class='ocrx_word' id='word_1_698' title='bbox 1046 3353 1071 3381; x_wconf 93' lang='lat' dir='ltr'>si</span> <span class='ocrx_word' id='word_1_699' title='bbox 1095 3352 1299 3382; x_wconf 88' lang='lat' dir='ltr'>amicabiliter</span> <span class='ocrx_word' id='word_1_700' title='bbox 1322 3361 1389 3381; x_wconf 91' lang='lat' dir='ltr'>non</span> 
     </span>
     <span class='ocr_line' id='line_1_89' title="bbox 327 3395 1390 3438; baseline -0.003 -10"><span class='ocrx_word' id='word_1_701' title='bbox 327 3398 476 3435; x_wconf 87' lang='lat' dir='ltr'>solvitur,</span> <span class='ocrx_word' id='word_1_702' title='bbox 506 3407 675 3438; x_wconf 89' lang='lat' dir='ltr'>nunquam</span> <span class='ocrx_word' id='word_1_703' title='bbox 698 3398 841 3428; x_wconf 90' lang='lat' dir='ltr'>solvitur.</span> <span class='ocrx_word' id='word_1_704' title='bbox 876 3397 917 3427; x_wconf 88' lang='lat' dir='ltr'>Et</span> <span class='ocrx_word' id='word_1_705' title='bbox 940 3402 1109 3436; x_wconf 88' lang='lat' dir='ltr'>propterea</span> <span class='ocrx_word' id='word_1_706' title='bbox 1133 3405 1215 3436; x_wconf 91' lang='lat' dir='ltr'>quae</span> <span class='ocrx_word' id='word_1_707' title='bbox 1240 3395 1279 3426; x_wconf 92' lang='lat' dir='ltr'>de</span> <span class='ocrx_word' id='word_1_708' title='bbox 1303 3405 1390 3425; x_wconf 89' lang='lat' dir='ltr'>mera</span> 
     </span>
     <span class='ocr_line' id='line_1_90' title="bbox 325 3440 1389 3483; baseline -0.004 -10"><span class='ocrx_word' id='word_1_709' title='bbox 325 3442 444 3473; x_wconf 85' lang='lat' dir='ltr'>iustitia</span> <span class='ocrx_word' id='word_1_710' title='bbox 467 3447 498 3473; x_wconf 92' lang='lat' dir='ltr'>et</span> <span class='ocrx_word' id='word_1_711' title='bbox 515 3443 662 3473; x_wconf 89' lang='lat' dir='ltr'>humanis</span> <span class='ocrx_word' id='word_1_712' title='bbox 678 3442 901 3483; x_wconf 91' lang='lat' dir='ltr'>punitionibus</span> <span class='ocrx_word' id='word_1_713' title='bbox 925 3440 1136 3475; x_wconf 90' lang='lat' dir='ltr'>adducuntur,</span> <span class='ocrx_word' id='word_1_714' title='bbox 1162 3446 1246 3470; x_wconf 88' lang='lat' dir='ltr'>extra</span> <span class='ocrx_word' id='word_1_715' title='bbox 1270 3449 1389 3480; x_wconf 88' lang='lat' dir='ltr'>propo-</span> 
     </span>
     <span class='ocr_line' id='line_1_91' title="bbox 326 3484 1389 3527; baseline -0.003 -11"><span class='ocrx_word' id='word_1_716' title='bbox 326 3487 422 3517; x_wconf 90' lang='lat' dir='ltr'>situm</span> <span class='ocrx_word' id='word_1_717' title='bbox 446 3493 535 3517; x_wconf 90' lang='lat' dir='ltr'>sunt:</span> <span class='ocrx_word' id='word_1_718' title='bbox 560 3487 715 3527; x_wconf 91' lang='lat' dir='ltr'>quoniam</span> <span class='ocrx_word' id='word_1_719' title='bbox 738 3486 777 3516; x_wconf 92' lang='lat' dir='ltr'>de</span> <span class='ocrx_word' id='word_1_720' title='bbox 801 3485 990 3516; x_wconf 89' lang='lat' dir='ltr'>vindicativa</span> <span class='ocrx_word' id='word_1_721' title='bbox 1013 3485 1190 3524; x_wconf 92' lang='lat' dir='ltr'>loquuntur</span> <span class='ocrx_word' id='word_1_722' title='bbox 1213 3485 1339 3519; x_wconf 83' lang='lat' dir='ltr'>iustitia,</span> <span class='ocrx_word' id='word_1_723' title='bbox 1356 3484 1389 3513; x_wconf 93' lang='lat' dir='ltr'>in</span> 
     </span>
    </p>
   </div>
   <div class='ocr_carea' id='block_1_24' title="bbox 1414 2304 1416 2868">
    <p class='ocr_par' dir='ltr' id='par_1_29' title="bbox 1414 2304 1416 2868">
     <span class='ocr_line' id='line_1_92' title="bbox 1414 2304 1416 2868; baseline 0 0"><span class='ocrx_word' id='word_1_724' title='bbox 1414 2304 1416 2868; x_wconf 95' lang='lat' dir='ltr'> </span> 
     </span>
    </p>
   </div>
   <div class='ocr_carea' id='block_1_25' title="bbox 1441 827 2511 2506">
    <p class='ocr_par' dir='ltr' id='par_1_30' title="bbox 1445 827 2508 914">
     <span class='ocr_line' id='line_1_93' title="bbox 1445 827 2508 868; baseline 0.005 -12"><span class='ocrx_word' id='word_1_725' title='bbox 1445 827 1541 866; x_wconf 90' lang='lat' dir='ltr'>quin:</span> <span class='ocrx_word' id='word_1_726' title='bbox 1565 831 1700 867; x_wconf 87' lang='lat' dir='ltr'>negetur</span> <span class='ocrx_word' id='word_1_727' title='bbox 1723 827 1862 868; x_wconf 89' lang='lat' dir='ltr'>sequela,</span> <span class='ocrx_word' id='word_1_728' title='bbox 1887 829 2042 868; x_wconf 86' lang='lat' dir='ltr'>quoniam</span> <span class='ocrx_word' id='word_1_729' title='bbox 2059 834 2090 859; x_wconf 90' lang='lat' dir='ltr'>et</span> <span class='ocrx_word' id='word_1_730' title='bbox 2106 830 2377 860; x_wconf 90' lang='lat' dir='ltr'>communicando</span> <span class='ocrx_word' id='word_1_731' title='bbox 2395 835 2426 860; x_wconf 89' lang='lat' dir='ltr'>et</span> <span class='ocrx_word' id='word_1_732' title='bbox 2440 839 2508 860; x_wconf 88' lang='lat' dir='ltr'>non</span> 
     </span>
     <span class='ocr_line' id='line_1_94' title="bbox 1445 871 2507 914; baseline 0.003 -13"><span class='ocrx_word' id='word_1_733' title='bbox 1445 871 1716 902; x_wconf 85' lang='lat' dir='ltr'>communicando</span> <span class='ocrx_word' id='word_1_734' title='bbox 1733 872 1765 902; x_wconf 92' lang='lat' dir='ltr'>in</span> <span class='ocrx_word' id='word_1_735' title='bbox 1782 872 1932 903; x_wconf 87' lang='lat' dir='ltr'>Paschate</span> <span class='ocrx_word' id='word_1_736' title='bbox 1955 879 2067 913; x_wconf 91' lang='lat' dir='ltr'>peccat</span> <span class='ocrx_word' id='word_1_737' title='bbox 2087 883 2174 904; x_wconf 94' lang='lat' dir='ltr'>novo</span> <span class='ocrx_word' id='word_1_738' title='bbox 2190 879 2323 914; x_wconf 90' lang='lat' dir='ltr'>peccato</span> <span class='ocrx_word' id='word_1_739' title='bbox 2347 873 2507 914; x_wconf 88' lang='lat' dir='ltr'>indignus.</span> 
     </span>
    </p>

    <p class='ocr_par' dir='ltr' id='par_1_31' title="bbox 1441 915 2511 2372">
     <span class='ocr_line' id='line_1_95' title="bbox 1499 915 2508 959; baseline 0.004 -14"><span class='ocrx_word' id='word_1_740' title='bbox 1499 915 1623 946; x_wconf 91' lang='lat' dir='ltr'>Dicitur</span> <span class='ocrx_word' id='word_1_741' title='bbox 1645 916 1750 952; x_wconf 90' lang='lat' dir='ltr'>tertio,</span> <span class='ocrx_word' id='word_1_742' title='bbox 1775 922 1932 957; x_wconf 90' lang='lat' dir='ltr'>quantum</span> <span class='ocrx_word' id='word_1_743' title='bbox 1948 917 1987 947; x_wconf 92' lang='lat' dir='ltr'>ad</span> <span class='ocrx_word' id='word_1_744' title='bbox 2002 918 2167 948; x_wconf 88' lang='lat' dir='ltr'>materiam</span> <span class='ocrx_word' id='word_1_745' title='bbox 2190 928 2272 958; x_wconf 90' lang='lat' dir='ltr'>quae</span> <span class='ocrx_word' id='word_1_746' title='bbox 2295 919 2444 959; x_wconf 82' lang='lat' dir='ltr'>tangitur,</span> <span class='ocrx_word' id='word_1_747' title='bbox 2469 918 2508 949; x_wconf 94' lang='lat' dir='ltr'>de</span> 
     </span>
     <span class='ocr_line' id='line_1_96' title="bbox 1444 961 2507 1002; baseline 0.003 -12"><span class='ocrx_word' id='word_1_748' title='bbox 1444 969 1531 990; x_wconf 93' lang='lat' dir='ltr'>novo</span> <span class='ocrx_word' id='word_1_749' title='bbox 1555 965 1689 1000; x_wconf 88' lang='lat' dir='ltr'>peccato</span> <span class='ocrx_word' id='word_1_750' title='bbox 1713 961 1839 991; x_wconf 91' lang='lat' dir='ltr'>mortali</span> <span class='ocrx_word' id='word_1_751' title='bbox 1869 962 2044 992; x_wconf 88' lang='lat' dir='ltr'>omittentis</span> <span class='ocrx_word' id='word_1_752' title='bbox 2073 963 2307 1002; x_wconf 87' lang='lat' dir='ltr'>poenitentiam</span> <span class='ocrx_word' id='word_1_753' title='bbox 2329 963 2507 994; x_wconf 85' lang='lat' dir='ltr'>iniunctam</span> 
     </span>
     <span class='ocr_line' id='line_1_97' title="bbox 1445 1003 2511 1047; baseline 0.003 -13"><span class='ocrx_word' id='word_1_754' title='bbox 1445 1014 1463 1034; x_wconf 92' lang='lat' dir='ltr'>a</span> <span class='ocrx_word' id='word_1_755' title='bbox 1486 1003 1670 1035; x_wconf 91' lang='lat' dir='ltr'>confessore</span> <span class='ocrx_word' id='word_1_756' title='bbox 1693 1014 1752 1045; x_wconf 92' lang='lat' dir='ltr'>pro</span> <span class='ocrx_word' id='word_1_757' title='bbox 1776 1005 1979 1042; x_wconf 90' lang='lat' dir='ltr'>mortalibus,</span> <span class='ocrx_word' id='word_1_758' title='bbox 2008 1006 2097 1046; x_wconf 94' lang='lat' dir='ltr'>quod</span> <span class='ocrx_word' id='word_1_759' title='bbox 2119 1006 2207 1037; x_wconf 92' lang='lat' dir='ltr'>nulla</span> <span class='ocrx_word' id='word_1_760' title='bbox 2229 1008 2352 1037; x_wconf 91' lang='lat' dir='ltr'>ratione</span> <span class='ocrx_word' id='word_1_761' title='bbox 2376 1011 2511 1047; x_wconf 84' lang='lat' dir='ltr'>apparet</span> 
     </span>
     <span class='ocr_line' id='line_1_98' title="bbox 1445 1049 2508 1092; baseline 0.004 -14"><span class='ocrx_word' id='word_1_762' title='bbox 1445 1049 1654 1080; x_wconf 90' lang='lat' dir='ltr'>omissionem</span> <span class='ocrx_word' id='word_1_763' title='bbox 1677 1049 1863 1092; x_wconf 87' lang='lat' dir='ltr'>huiusmodi</span> <span class='ocrx_word' id='word_1_764' title='bbox 1894 1059 1961 1080; x_wconf 88' lang='lat' dir='ltr'>esse</span> <span class='ocrx_word' id='word_1_765' title='bbox 1984 1057 2152 1090; x_wconf 89' lang='lat' dir='ltr'>peccatum</span> <span class='ocrx_word' id='word_1_766' title='bbox 2180 1051 2330 1082; x_wconf 83' lang='lat' dir='ltr'>mortale:</span> <span class='ocrx_word' id='word_1_767' title='bbox 2362 1057 2398 1082; x_wconf 94' lang='lat' dir='ltr'>ut</span> <span class='ocrx_word' id='word_1_768' title='bbox 2420 1057 2508 1092; x_wconf 90' lang='lat' dir='ltr'>patet</span> 
     </span>
     <span class='ocr_line' id='line_1_99' title="bbox 1445 1093 2506 1134; baseline 0.003 -11"><span class='ocrx_word' id='word_1_769' title='bbox 1445 1093 1650 1124; x_wconf 88' lang='lat' dir='ltr'>discurrendo</span> <span class='ocrx_word' id='word_1_770' title='bbox 1674 1103 1731 1134; x_wconf 91' lang='lat' dir='ltr'>per</span> <span class='ocrx_word' id='word_1_771' title='bbox 1754 1095 1864 1124; x_wconf 89' lang='lat' dir='ltr'>omnia</span> <span class='ocrx_word' id='word_1_772' title='bbox 1887 1096 2108 1125; x_wconf 89' lang='lat' dir='ltr'>concurrentia</span> <span class='ocrx_word' id='word_1_773' title='bbox 2130 1095 2170 1126; x_wconf 90' lang='lat' dir='ltr'>ad</span> <span class='ocrx_word' id='word_1_774' title='bbox 2187 1095 2373 1126; x_wconf 89' lang='lat' dir='ltr'>huiusmodi</span> <span class='ocrx_word' id='word_1_775' title='bbox 2389 1101 2506 1126; x_wconf 89' lang='lat' dir='ltr'>actum.</span> 
     </span>
     <span class='ocr_line' id='line_1_100' title="bbox 1445 1137 2505 1180; baseline 0.002 -12"><span class='ocrx_word' id='word_1_776' title='bbox 1445 1137 1589 1168; x_wconf 90' lang='lat' dir='ltr'>Iniuncta</span> <span class='ocrx_word' id='word_1_777' title='bbox 1612 1138 1771 1178; x_wconf 90' lang='lat' dir='ltr'>siquidem</span> <span class='ocrx_word' id='word_1_778' title='bbox 1795 1148 1812 1168; x_wconf 91' lang='lat' dir='ltr'>a</span> <span class='ocrx_word' id='word_1_779' title='bbox 1836 1138 2018 1170; x_wconf 77' lang='lat' dir='ltr'>consessore</span> <span class='ocrx_word' id='word_1_780' title='bbox 2041 1149 2101 1180; x_wconf 88' lang='lat' dir='ltr'>pro</span> <span class='ocrx_word' id='word_1_781' title='bbox 2124 1140 2311 1170; x_wconf 89' lang='lat' dir='ltr'>mortalibus</span> <span class='ocrx_word' id='word_1_782' title='bbox 2334 1139 2505 1170; x_wconf 88' lang='lat' dir='ltr'>satisfactio</span> 
     </span>
     <span class='ocr_line' id='line_1_101' title="bbox 1445 1183 2507 1224; baseline 0.004 -13"><span class='ocrx_word' id='word_1_783' title='bbox 1445 1187 1584 1222; x_wconf 90' lang='lat' dir='ltr'>quatuor</span> <span class='ocrx_word' id='word_1_784' title='bbox 1612 1183 1708 1212; x_wconf 90' lang='lat' dir='ltr'>habet</span> <span class='ocrx_word' id='word_1_785' title='bbox 1731 1183 1843 1223; x_wconf 89' lang='lat' dir='ltr'>capita.</span> <span class='ocrx_word' id='word_1_786' title='bbox 1877 1183 2021 1214; x_wconf 89' lang='lat' dir='ltr'>Primum</span> <span class='ocrx_word' id='word_1_787' title='bbox 2045 1189 2091 1214; x_wconf 92' lang='lat' dir='ltr'>est</span> <span class='ocrx_word' id='word_1_788' title='bbox 2122 1184 2212 1224; x_wconf 91' lang='lat' dir='ltr'>quod</span> <span class='ocrx_word' id='word_1_789' title='bbox 2239 1190 2285 1214; x_wconf 91' lang='lat' dir='ltr'>est</span> <span class='ocrx_word' id='word_1_790' title='bbox 2310 1184 2449 1214; x_wconf 90' lang='lat' dir='ltr'>iudicata</span> <span class='ocrx_word' id='word_1_791' title='bbox 2475 1190 2507 1215; x_wconf 91' lang='lat' dir='ltr'>et</span> 
     </span>
     <span class='ocr_line' id='line_1_102' title="bbox 1445 1226 2506 1267; baseline 0.003 -11"><span class='ocrx_word' id='word_1_792' title='bbox 1445 1232 1614 1267; x_wconf 89' lang='lat' dir='ltr'>praecepta</span> <span class='ocrx_word' id='word_1_793' title='bbox 1637 1236 1655 1256; x_wconf 94' lang='lat' dir='ltr'>a</span> <span class='ocrx_word' id='word_1_794' title='bbox 1679 1226 1796 1257; x_wconf 88' lang='lat' dir='ltr'>Christi</span> <span class='ocrx_word' id='word_1_795' title='bbox 1819 1227 1954 1258; x_wconf 89' lang='lat' dir='ltr'>vicario:</span> <span class='ocrx_word' id='word_1_796' title='bbox 1990 1233 2022 1258; x_wconf 88' lang='lat' dir='ltr'>et</span> <span class='ocrx_word' id='word_1_797' title='bbox 2047 1229 2122 1258; x_wconf 88' lang='lat' dir='ltr'>hinc</span> <span class='ocrx_word' id='word_1_798' title='bbox 2153 1228 2323 1258; x_wconf 89' lang='lat' dir='ltr'>satisfactio</span> <span class='ocrx_word' id='word_1_799' title='bbox 2353 1228 2390 1258; x_wconf 86' lang='lat' dir='ltr'>fit</span> <span class='ocrx_word' id='word_1_800' title='bbox 2418 1234 2506 1259; x_wconf 91' lang='lat' dir='ltr'>actus</span> 
     </span>
     <span class='ocr_line' id='line_1_103' title="bbox 1444 1271 2506 1303; baseline 0.002 -2"><span class='ocrx_word' id='word_1_801' title='bbox 1444 1271 1580 1301; x_wconf 89' lang='lat' dir='ltr'>iustitiae</span> <span class='ocrx_word' id='word_1_802' title='bbox 1612 1271 1778 1302; x_wconf 88' lang='lat' dir='ltr'>cuiusdam</span> <span class='ocrx_word' id='word_1_803' title='bbox 1809 1276 1840 1301; x_wconf 88' lang='lat' dir='ltr'>et</span> <span class='ocrx_word' id='word_1_804' title='bbox 1867 1271 2077 1302; x_wconf 89' lang='lat' dir='ltr'>obedientiae.</span> <span class='ocrx_word' id='word_1_805' title='bbox 2113 1273 2154 1303; x_wconf 93' lang='lat' dir='ltr'>Et</span> <span class='ocrx_word' id='word_1_806' title='bbox 2179 1273 2254 1302; x_wconf 90' lang='lat' dir='ltr'>hinc</span> <span class='ocrx_word' id='word_1_807' title='bbox 2284 1272 2506 1303; x_wconf 89' lang='lat' dir='ltr'>satisfactionis</span> 
     </span>
     <span class='ocr_line' id='line_1_104' title="bbox 1445 1315 2507 1355; baseline 0.002 -10"><span class='ocrx_word' id='word_1_808' title='bbox 1445 1315 1576 1345; x_wconf 90' lang='lat' dir='ltr'>omissio</span> <span class='ocrx_word' id='word_1_809' title='bbox 1599 1325 1667 1345; x_wconf 92' lang='lat' dir='ltr'>non</span> <span class='ocrx_word' id='word_1_810' title='bbox 1682 1316 1777 1345; x_wconf 91' lang='lat' dir='ltr'>habet</span> <span class='ocrx_word' id='word_1_811' title='bbox 1797 1317 1919 1355; x_wconf 91' lang='lat' dir='ltr'>peccati</span> <span class='ocrx_word' id='word_1_812' title='bbox 1934 1317 2076 1346; x_wconf 89' lang='lat' dir='ltr'>mortalis</span> <span class='ocrx_word' id='word_1_813' title='bbox 2091 1318 2264 1347; x_wconf 89' lang='lat' dir='ltr'>rationem:</span> <span class='ocrx_word' id='word_1_814' title='bbox 2290 1317 2315 1347; x_wconf 90' lang='lat' dir='ltr'>si</span> <span class='ocrx_word' id='word_1_815' title='bbox 2331 1316 2412 1347; x_wconf 89' lang='lat' dir='ltr'>desit</span> <span class='ocrx_word' id='word_1_816' title='bbox 2428 1327 2507 1347; x_wconf 91' lang='lat' dir='ltr'>con-</span> 
     </span>
     <span class='ocr_line' id='line_1_105' title="bbox 1443 1360 2506 1403; baseline 0.002 -14"><span class='ocrx_word' id='word_1_817' title='bbox 1443 1365 1594 1400; x_wconf 85' lang='lat' dir='ltr'>temptus,</span> <span class='ocrx_word' id='word_1_818' title='bbox 1619 1360 1675 1399; x_wconf 92' lang='lat' dir='ltr'>qui</span> <span class='ocrx_word' id='word_1_819' title='bbox 1699 1360 1907 1390; x_wconf 91' lang='lat' dir='ltr'>contrariatur</span> <span class='ocrx_word' id='word_1_820' title='bbox 1929 1366 2120 1403; x_wconf 88' lang='lat' dir='ltr'>praecepto,</span> <span class='ocrx_word' id='word_1_821' title='bbox 2149 1366 2181 1391; x_wconf 89' lang='lat' dir='ltr'>et</span> <span class='ocrx_word' id='word_1_822' title='bbox 2203 1362 2351 1391; x_wconf 88' lang='lat' dir='ltr'>abiiceret</span> <span class='ocrx_word' id='word_1_823' title='bbox 2373 1362 2506 1401; x_wconf 88' lang='lat' dir='ltr'>gratiam</span> 
     </span>
     <span class='ocr_line' id='line_1_106' title="bbox 1443 1403 2507 1446; baseline 0.002 -12"><span class='ocrx_word' id='word_1_824' title='bbox 1443 1404 1553 1434; x_wconf 90' lang='lat' dir='ltr'>iudicii</span> <span class='ocrx_word' id='word_1_825' title='bbox 1576 1403 1660 1434; x_wconf 86' lang='lat' dir='ltr'>facti.</span> <span class='ocrx_word' id='word_1_826' title='bbox 1683 1422 1707 1426; x_wconf 85' lang='lat'><em>-</em></span> <span class='ocrx_word' id='word_1_827' title='bbox 1729 1404 1915 1434; x_wconf 90' lang='lat' dir='ltr'>Secundum</span> <span class='ocrx_word' id='word_1_828' title='bbox 1939 1409 1985 1434; x_wconf 90' lang='lat' dir='ltr'>est</span> <span class='ocrx_word' id='word_1_829' title='bbox 2009 1415 2047 1435; x_wconf 88' lang='lat' dir='ltr'>ex</span> <span class='ocrx_word' id='word_1_830' title='bbox 2069 1410 2158 1446; x_wconf 90' lang='lat' dir='ltr'>parte</span> <span class='ocrx_word' id='word_1_831' title='bbox 2180 1406 2391 1445; x_wconf 84' lang='lat' dir='ltr'>poenitentis,</span> <span class='ocrx_word' id='word_1_832' title='bbox 2417 1405 2507 1445; x_wconf 91' lang='lat' dir='ltr'>quod</span> 
     </span>
     <span class='ocr_line' id='line_1_107' title="bbox 1445 1447 2506 1489; baseline 0.002 -11"><span class='ocrx_word' id='word_1_833' title='bbox 1445 1453 1492 1478; x_wconf 93' lang='lat' dir='ltr'>est</span> <span class='ocrx_word' id='word_1_834' title='bbox 1518 1454 1607 1478; x_wconf 88' lang='lat' dir='ltr'>actus</span> <span class='ocrx_word' id='word_1_835' title='bbox 1636 1447 1854 1489; x_wconf 82' lang='lat' dir='ltr'>poenitentiae</span> <span class='ocrx_word' id='word_1_836' title='bbox 1884 1454 1916 1478; x_wconf 89' lang='lat' dir='ltr'>et</span> <span class='ocrx_word' id='word_1_837' title='bbox 1939 1450 2084 1479; x_wconf 89' lang='lat' dir='ltr'>caritatis.</span> <span class='ocrx_word' id='word_1_838' title='bbox 2119 1450 2160 1480; x_wconf 90' lang='lat' dir='ltr'>Et</span> <span class='ocrx_word' id='word_1_839' title='bbox 2182 1450 2257 1480; x_wconf 92' lang='lat' dir='ltr'>hinc</span> <span class='ocrx_word' id='word_1_840' title='bbox 2287 1450 2375 1480; x_wconf 90' lang='lat' dir='ltr'>nulla</span> <span class='ocrx_word' id='word_1_841' title='bbox 2399 1455 2446 1480; x_wconf 90' lang='lat' dir='ltr'>est</span> <span class='ocrx_word' id='word_1_842' title='bbox 2470 1451 2506 1480; x_wconf 90' lang='lat' dir='ltr'>in</span> 
     </span>
     <span class='ocr_line' id='line_1_108' title="bbox 1445 1493 2505 1532; baseline 0.002 -10"><span class='ocrx_word' id='word_1_843' title='bbox 1445 1493 1619 1522; x_wconf 87' lang='lat' dir='ltr'>omissione</span> <span class='ocrx_word' id='word_1_844' title='bbox 1642 1493 1722 1522; x_wconf 89' lang='lat' dir='ltr'>ratio</span> <span class='ocrx_word' id='word_1_845' title='bbox 1745 1493 1869 1532; x_wconf 91' lang='lat' dir='ltr'>peccati</span> <span class='ocrx_word' id='word_1_846' title='bbox 1891 1493 2050 1529; x_wconf 90' lang='lat' dir='ltr'>mortalis,</span> <span class='ocrx_word' id='word_1_847' title='bbox 2074 1494 2135 1523; x_wconf 91' lang='lat' dir='ltr'>nisi</span> <span class='ocrx_word' id='word_1_848' title='bbox 2158 1499 2246 1524; x_wconf 88' lang='lat' dir='ltr'>actus</span> <span class='ocrx_word' id='word_1_849' title='bbox 2269 1494 2328 1524; x_wconf 89' lang='lat' dir='ltr'>iste</span> <span class='ocrx_word' id='word_1_850' title='bbox 2350 1494 2505 1530; x_wconf 89' lang='lat' dir='ltr'>iustitiae,</span> 
     </span>
     <span class='ocr_line' id='line_1_109' title="bbox 1444 1537 2507 1576; baseline 0.003 -10"><span class='ocrx_word' id='word_1_851' title='bbox 1444 1537 1660 1576; x_wconf 89' lang='lat' dir='ltr'>poenitentiae</span> <span class='ocrx_word' id='word_1_852' title='bbox 1684 1542 1715 1566; x_wconf 92' lang='lat' dir='ltr'>et</span> <span class='ocrx_word' id='word_1_853' title='bbox 1739 1537 1873 1566; x_wconf 90' lang='lat' dir='ltr'>caritatis</span> <span class='ocrx_word' id='word_1_854' title='bbox 1896 1538 1936 1567; x_wconf 89' lang='lat' dir='ltr'>sit</span> <span class='ocrx_word' id='word_1_855' title='bbox 1958 1538 2152 1568; x_wconf 87' lang='lat' dir='ltr'>necessarius</span> <span class='ocrx_word' id='word_1_856' title='bbox 2176 1537 2215 1568; x_wconf 93' lang='lat' dir='ltr'>ad</span> <span class='ocrx_word' id='word_1_857' title='bbox 2238 1538 2382 1568; x_wconf 89' lang='lat' dir='ltr'>salutem.</span> <span class='ocrx_word' id='word_1_858' title='bbox 2407 1538 2507 1576; x_wconf 93' lang='lat' dir='ltr'>Quod</span> 
     </span>
     <span class='ocr_line' id='line_1_110' title="bbox 1445 1577 2507 1620; baseline 0.003 -10"><span class='ocrx_word' id='word_1_859' title='bbox 1445 1586 1570 1611; x_wconf 90' lang='lat' dir='ltr'>constat</span> <span class='ocrx_word' id='word_1_860' title='bbox 1592 1577 1661 1610; x_wconf 80' lang='lat' dir='ltr'>esse</span> <span class='ocrx_word' id='word_1_861' title='bbox 1684 1579 1815 1610; x_wconf 86' lang='lat' dir='ltr'>falsum:</span> <span class='ocrx_word' id='word_1_862' title='bbox 1848 1581 1923 1620; x_wconf 89' lang='lat' dir='ltr'>quia</span> <span class='ocrx_word' id='word_1_863' title='bbox 1950 1586 2038 1611; x_wconf 90' lang='lat' dir='ltr'>actus</span> <span class='ocrx_word' id='word_1_864' title='bbox 2063 1582 2122 1611; x_wconf 89' lang='lat' dir='ltr'>iste</span> <span class='ocrx_word' id='word_1_865' title='bbox 2152 1591 2219 1612; x_wconf 92' lang='lat' dir='ltr'>non</span> <span class='ocrx_word' id='word_1_866' title='bbox 2243 1587 2290 1612; x_wconf 90' lang='lat' dir='ltr'>est</span> <span class='ocrx_word' id='word_1_867' title='bbox 2312 1583 2507 1613; x_wconf 90' lang='lat' dir='ltr'>necessarius</span> 
     </span>
     <span class='ocr_line' id='line_1_111' title="bbox 1444 1624 2507 1666; baseline 0.003 -12"><span class='ocrx_word' id='word_1_868' title='bbox 1444 1624 1484 1654; x_wconf 89' lang='lat' dir='ltr'>ad</span> <span class='ocrx_word' id='word_1_869' title='bbox 1507 1624 1712 1655; x_wconf 90' lang='lat' dir='ltr'>dilectionem</span> <span class='ocrx_word' id='word_1_870' title='bbox 1735 1624 1796 1654; x_wconf 93' lang='lat' dir='ltr'>Dei</span> <span class='ocrx_word' id='word_1_871' title='bbox 1819 1630 1874 1654; x_wconf 90' lang='lat' dir='ltr'>aut</span> <span class='ocrx_word' id='word_1_872' title='bbox 1896 1625 1946 1655; x_wconf 87' lang='lat' dir='ltr'>sui</span> <span class='ocrx_word' id='word_1_873' title='bbox 1968 1626 2067 1665; x_wconf 93' lang='lat' dir='ltr'>ipsius</span> <span class='ocrx_word' id='word_1_874' title='bbox 2091 1631 2146 1656; x_wconf 88' lang='lat' dir='ltr'>aut</span> <span class='ocrx_word' id='word_1_875' title='bbox 2168 1626 2323 1665; x_wconf 85' lang='lat' dir='ltr'>proximi;</span> <span class='ocrx_word' id='word_1_876' title='bbox 2351 1627 2507 1666; x_wconf 90' lang='lat' dir='ltr'>quoniam</span> 
     </span>
     <span class='ocr_line' id='line_1_112' title="bbox 1443 1669 2507 1708; baseline 0.003 -10"><span class='ocrx_word' id='word_1_877' title='bbox 1443 1674 1586 1699; x_wconf 88' lang='lat' dir='ltr'>versatur</span> <span class='ocrx_word' id='word_1_878' title='bbox 1608 1669 1691 1698; x_wconf 89' lang='lat' dir='ltr'>circa</span> <span class='ocrx_word' id='word_1_879' title='bbox 1714 1678 1751 1698; x_wconf 89' lang='lat' dir='ltr'>ea</span> <span class='ocrx_word' id='word_1_880' title='bbox 1774 1677 1857 1708; x_wconf 92' lang='lat' dir='ltr'>quae</span> <span class='ocrx_word' id='word_1_881' title='bbox 1881 1674 1955 1703; x_wconf 87' lang='lat' dir='ltr'>sunt</span> <span class='ocrx_word' id='word_1_882' title='bbox 1978 1669 2017 1702; x_wconf 87' lang='lat' dir='ltr'>ad</span> <span class='ocrx_word' id='word_1_883' title='bbox 2039 1669 2147 1706; x_wconf 88' lang='lat' dir='ltr'>finem,</span> <span class='ocrx_word' id='word_1_884' title='bbox 2172 1670 2292 1700; x_wconf 89' lang='lat' dir='ltr'>scilicet</span> <span class='ocrx_word' id='word_1_885' title='bbox 2311 1670 2507 1701; x_wconf 90' lang='lat' dir='ltr'>solutionem</span> 
     </span>
     <span class='ocr_line' id='line_1_113' title="bbox 1443 1713 2507 1753; baseline 0.003 -11"><span class='ocrx_word' id='word_1_886' title='bbox 1443 1722 1570 1753; x_wconf 90' lang='lat' dir='ltr'>poenae</span> <span class='ocrx_word' id='word_1_887' title='bbox 1592 1713 1793 1753; x_wconf 85' lang='lat' dir='ltr'>temporalis;</span> <span class='ocrx_word' id='word_1_888' title='bbox 1825 1722 1923 1752; x_wconf 88' lang='lat' dir='ltr'>quarn</span> <span class='ocrx_word' id='word_1_889' title='bbox 1946 1718 2052 1753; x_wconf 90' lang='lat' dir='ltr'>potest</span> <span class='ocrx_word' id='word_1_890' title='bbox 2074 1715 2243 1753; x_wconf 91' lang='lat' dir='ltr'>poenitens</span> <span class='ocrx_word' id='word_1_891' title='bbox 2266 1723 2425 1745; x_wconf 90' lang='lat' dir='ltr'>reservare</span> <span class='ocrx_word' id='word_1_892' title='bbox 2447 1715 2507 1745; x_wconf 88' lang='lat' dir='ltr'>sibi</span> 
     </span>
     <span class='ocr_line' id='line_1_114' title="bbox 1444 1757 2509 1797; baseline 0.002 -10"><span class='ocrx_word' id='word_1_893' title='bbox 1444 1758 1478 1787; x_wconf 92' lang='lat' dir='ltr'>in</span> <span class='ocrx_word' id='word_1_894' title='bbox 1501 1757 1686 1797; x_wconf 87' lang='lat' dir='ltr'>purgatorio</span> <span class='ocrx_word' id='word_1_895' title='bbox 1710 1757 1830 1796; x_wconf 90' lang='lat' dir='ltr'>absque</span> <span class='ocrx_word' id='word_1_896' title='bbox 1853 1757 1981 1787; x_wconf 89' lang='lat' dir='ltr'>mortali</span> <span class='ocrx_word' id='word_1_897' title='bbox 2004 1757 2125 1788; x_wconf 83' lang='lat' dir='ltr'>offensa</span> <span class='ocrx_word' id='word_1_898' title='bbox 2148 1758 2218 1788; x_wconf 92' lang='lat' dir='ltr'>Dei.</span> <span class='ocrx_word' id='word_1_899' title='bbox 2241 1775 2265 1780; x_wconf 94' lang='lat'><em>-</em></span> <span class='ocrx_word' id='word_1_900' title='bbox 2287 1757 2434 1789; x_wconf 90' lang='lat' dir='ltr'>Tertium</span> <span class='ocrx_word' id='word_1_901' title='bbox 2461 1765 2509 1790; x_wconf 91' lang='lat' dir='ltr'>est</span> 
     </span>
     <span class='ocr_line' id='line_1_115' title="bbox 1445 1800 2508 1843; baseline 0.003 -12"><span class='ocrx_word' id='word_1_902' title='bbox 1445 1811 1483 1832; x_wconf 85' lang='lat' dir='ltr'>ex</span> <span class='ocrx_word' id='word_1_903' title='bbox 1498 1807 1587 1841; x_wconf 87' lang='lat' dir='ltr'>parte</span> <span class='ocrx_word' id='word_1_904' title='bbox 1610 1800 1692 1837; x_wconf 89' lang='lat' dir='ltr'>finis,</span> <span class='ocrx_word' id='word_1_905' title='bbox 1710 1801 1800 1841; x_wconf 92' lang='lat' dir='ltr'>quod</span> <span class='ocrx_word' id='word_1_906' title='bbox 1819 1806 1866 1832; x_wconf 92' lang='lat' dir='ltr'>est</span> <span class='ocrx_word' id='word_1_907' title='bbox 1881 1802 2036 1841; x_wconf 86' lang='lat' dir='ltr'>expiativa</span> <span class='ocrx_word' id='word_1_908' title='bbox 2052 1811 2177 1841; x_wconf 91' lang='lat' dir='ltr'>poenae</span> <span class='ocrx_word' id='word_1_909' title='bbox 2193 1812 2252 1843; x_wconf 94' lang='lat' dir='ltr'>pro</span> <span class='ocrx_word' id='word_1_910' title='bbox 2267 1808 2402 1843; x_wconf 90' lang='lat' dir='ltr'>peccato</span> <span class='ocrx_word' id='word_1_911' title='bbox 2419 1802 2508 1834; x_wconf 88' lang='lat' dir='ltr'>debi-</span> 
     </span>
     <span class='ocr_line' id='line_1_116' title="bbox 1444 1845 2508 1883; baseline 0.002 -7"><span class='ocrx_word' id='word_1_912' title='bbox 1444 1851 1504 1876; x_wconf 89' lang='lat' dir='ltr'>tae.</span> <span class='ocrx_word' id='word_1_913' title='bbox 1535 1845 1576 1876; x_wconf 88' lang='lat' dir='ltr'>Et</span> <span class='ocrx_word' id='word_1_914' title='bbox 1598 1845 1692 1882; x_wconf 91' lang='lat' dir='ltr'>hinc,</span> <span class='ocrx_word' id='word_1_915' title='bbox 1717 1851 1753 1876; x_wconf 87' lang='lat' dir='ltr'>ut</span> <span class='ocrx_word' id='word_1_916' title='bbox 1775 1855 1863 1876; x_wconf 89' lang='lat' dir='ltr'>nunc</span> <span class='ocrx_word' id='word_1_917' title='bbox 1885 1855 1974 1876; x_wconf 91' lang='lat' dir='ltr'>nunc</span> <span class='ocrx_word' id='word_1_918' title='bbox 1995 1851 2209 1877; x_wconf 89' lang='lat' dir='ltr'>monstratum</span> <span class='ocrx_word' id='word_1_919' title='bbox 2231 1852 2296 1883; x_wconf 90' lang='lat' dir='ltr'>est,</span> <span class='ocrx_word' id='word_1_920' title='bbox 2321 1857 2389 1878; x_wconf 92' lang='lat' dir='ltr'>non</span> <span class='ocrx_word' id='word_1_921' title='bbox 2411 1847 2508 1878; x_wconf 92' lang='lat' dir='ltr'>habet</span> 
     </span>
     <span class='ocr_line' id='line_1_117' title="bbox 1445 1890 2506 1931; baseline 0.002 -11"><span class='ocrx_word' id='word_1_922' title='bbox 1445 1891 1576 1921; x_wconf 91' lang='lat' dir='ltr'>omissio</span> <span class='ocrx_word' id='word_1_923' title='bbox 1594 1890 1683 1930; x_wconf 92' lang='lat' dir='ltr'>quod</span> <span class='ocrx_word' id='word_1_924' title='bbox 1699 1890 1738 1920; x_wconf 91' lang='lat' dir='ltr'>sit</span> <span class='ocrx_word' id='word_1_925' title='bbox 1752 1890 1887 1920; x_wconf 89' lang='lat' dir='ltr'>mortale</span> <span class='ocrx_word' id='word_1_926' title='bbox 1901 1895 2082 1930; x_wconf 89' lang='lat' dir='ltr'>peccatum,</span> <span class='ocrx_word' id='word_1_927' title='bbox 2099 1890 2154 1921; x_wconf 90' lang='lat' dir='ltr'>sed</span> <span class='ocrx_word' id='word_1_928' title='bbox 2170 1890 2259 1931; x_wconf 92' lang='lat' dir='ltr'>quod</span> <span class='ocrx_word' id='word_1_929' title='bbox 2282 1892 2321 1922; x_wconf 91' lang='lat' dir='ltr'>sit</span> <span class='ocrx_word' id='word_1_930' title='bbox 2335 1892 2506 1922; x_wconf 87' lang='lat' dir='ltr'>reservatio</span> 
     </span>
     <span class='ocr_line' id='line_1_118' title="bbox 1443 1934 2506 1977; baseline 0.002 -13"><span class='ocrx_word' id='word_1_931' title='bbox 1443 1934 1580 1965; x_wconf 91' lang='lat' dir='ltr'>luendae</span> <span class='ocrx_word' id='word_1_932' title='bbox 1602 1943 1738 1974; x_wconf 90' lang='lat' dir='ltr'>poenae.</span> <span class='ocrx_word' id='word_1_933' title='bbox 1761 1952 1785 1956; x_wconf 87' lang='lat'>—</span> <span class='ocrx_word' id='word_1_934' title='bbox 1806 1934 1966 1977; x_wconf 85' lang='lat' dir='ltr'>Quartum</span> <span class='ocrx_word' id='word_1_935' title='bbox 1982 1940 2029 1965; x_wconf 89' lang='lat' dir='ltr'>est</span> <span class='ocrx_word' id='word_1_936' title='bbox 2052 1935 2142 1975; x_wconf 91' lang='lat' dir='ltr'>quod</span> <span class='ocrx_word' id='word_1_937' title='bbox 2158 1941 2206 1966; x_wconf 89' lang='lat' dir='ltr'>est</span> <span class='ocrx_word' id='word_1_938' title='bbox 2219 1945 2291 1975; x_wconf 87' lang='lat' dir='ltr'>pars</span> <span class='ocrx_word' id='word_1_939' title='bbox 2306 1937 2506 1967; x_wconf 88' lang='lat' dir='ltr'>sacramenti.</span> 
     </span>
     <span class='ocr_line' id='line_1_119' title="bbox 1443 1978 2505 2020; baseline 0.002 -11"><span class='ocrx_word' id='word_1_940' title='bbox 1443 1980 1484 2010; x_wconf 90' lang='lat' dir='ltr'>Et</span> <span class='ocrx_word' id='word_1_941' title='bbox 1506 1979 1582 2009; x_wconf 90' lang='lat' dir='ltr'>hinc</span> <span class='ocrx_word' id='word_1_942' title='bbox 1606 1978 1696 2019; x_wconf 92' lang='lat' dir='ltr'>quod</span> <span class='ocrx_word' id='word_1_943' title='bbox 1719 1979 1851 2009; x_wconf 85' lang='lat' dir='ltr'>omissio</span> <span class='ocrx_word' id='word_1_944' title='bbox 1873 1988 1942 2009; x_wconf 87' lang='lat' dir='ltr'>non</span> <span class='ocrx_word' id='word_1_945' title='bbox 1965 1980 2138 2010; x_wconf 84' lang='lat' dir='ltr'>constituat</span> <span class='ocrx_word' id='word_1_946' title='bbox 2161 1980 2371 2020; x_wconf 89' lang='lat' dir='ltr'>sacrilegium,</span> <span class='ocrx_word' id='word_1_947' title='bbox 2403 1990 2442 2011; x_wconf 89' lang='lat' dir='ltr'>ex</span> <span class='ocrx_word' id='word_1_948' title='bbox 2465 1990 2505 2011; x_wconf 91' lang='lat' dir='ltr'>eo</span> 
     </span>
     <span class='ocr_line' id='line_1_120' title="bbox 1443 2022 2506 2064; baseline 0.002 -11"><span class='ocrx_word' id='word_1_949' title='bbox 1443 2029 1574 2063; x_wconf 89' lang='lat' dir='ltr'>apparet</span> <span class='ocrx_word' id='word_1_950' title='bbox 1589 2022 1679 2063; x_wconf 90' lang='lat' dir='ltr'>quod</span> <span class='ocrx_word' id='word_1_951' title='bbox 1691 2023 1834 2053; x_wconf 90' lang='lat' dir='ltr'>Ecclesia</span> <span class='ocrx_word' id='word_1_952' title='bbox 1848 2024 1947 2053; x_wconf 91' lang='lat' dir='ltr'>utitur</span> <span class='ocrx_word' id='word_1_953' title='bbox 1963 2024 2178 2063; x_wconf 91' lang='lat' dir='ltr'>poenitentiae</span> <span class='ocrx_word' id='word_1_954' title='bbox 2190 2030 2387 2055; x_wconf 87' lang='lat' dir='ltr'>sacramento</span> <span class='ocrx_word' id='word_1_955' title='bbox 2404 2034 2506 2064; x_wconf 89' lang='lat' dir='ltr'>quan-</span> 
     </span>
     <span class='ocr_line' id='line_1_121' title="bbox 1443 2067 2505 2108; baseline 0.001 -10"><span class='ocrx_word' id='word_1_956' title='bbox 1443 2067 1552 2108; x_wconf 90' lang='lat' dir='ltr'>doque</span> <span class='ocrx_word' id='word_1_957' title='bbox 1576 2068 1696 2107; x_wconf 89' lang='lat' dir='ltr'>absque</span> <span class='ocrx_word' id='word_1_958' title='bbox 1718 2067 1778 2097; x_wconf 90' lang='lat' dir='ltr'>hac</span> <span class='ocrx_word' id='word_1_959' title='bbox 1801 2068 1891 2097; x_wconf 89' lang='lat' dir='ltr'>tertia</span> <span class='ocrx_word' id='word_1_960' title='bbox 1914 2073 2012 2107; x_wconf 89' lang='lat' dir='ltr'>parte,</span> <span class='ocrx_word' id='word_1_961' title='bbox 2036 2073 2073 2098; x_wconf 93' lang='lat' dir='ltr'>ut</span> <span class='ocrx_word' id='word_1_962' title='bbox 2094 2073 2182 2108; x_wconf 90' lang='lat' dir='ltr'>patet</span> <span class='ocrx_word' id='word_1_963' title='bbox 2204 2067 2244 2098; x_wconf 91' lang='lat' dir='ltr'>de</span> <span class='ocrx_word' id='word_1_964' title='bbox 2266 2069 2505 2108; x_wconf 90' lang='lat' dir='ltr'>poenitentibus</span> 
     </span>
     <span class='ocr_line' id='line_1_122' title="bbox 1442 2111 2505 2152; baseline 0.002 -11"><span class='ocrx_word' id='word_1_965' title='bbox 1442 2113 1477 2142; x_wconf 94' lang='lat' dir='ltr'>in</span> <span class='ocrx_word' id='word_1_966' title='bbox 1499 2111 1574 2148; x_wconf 86' lang='lat' dir='ltr'>fine,</span> <span class='ocrx_word' id='word_1_967' title='bbox 1599 2112 1716 2152; x_wconf 89' lang='lat' dir='ltr'>quibus</span> <span class='ocrx_word' id='word_1_968' title='bbox 1739 2120 1807 2142; x_wconf 90' lang='lat' dir='ltr'>non</span> <span class='ocrx_word' id='word_1_969' title='bbox 1829 2112 2016 2151; x_wconf 91' lang='lat' dir='ltr'>imponitur,</span> <span class='ocrx_word' id='word_1_970' title='bbox 2044 2112 2223 2142; x_wconf 90' lang='lat' dir='ltr'>secundum</span> <span class='ocrx_word' id='word_1_971' title='bbox 2246 2122 2386 2143; x_wconf 91' lang='lat' dir='ltr'>canones</span> <span class='ocrx_word' id='word_1_972' title='bbox 2402 2114 2428 2149; x_wconf 48' lang='grc' dir='ltr'>ἢ</span> <span class='ocrx_word' id='word_1_973' title='bbox 2456 2123 2505 2143; x_wconf 89' lang='lat' dir='ltr'>sa-</span> 
     </span>
     <span class='ocr_line' id='line_1_123' title="bbox 1442 2155 2504 2197; baseline 0.001 -11"><span class='ocrx_word' id='word_1_974' title='bbox 1442 2156 1596 2192; x_wconf 82' lang='lat' dir='ltr'>tisfacti03</span> <span class='ocrx_word' id='word_1_975' title='bbox 1621 2161 1652 2186; x_wconf 90' lang='lat' dir='ltr'>et</span> <span class='ocrx_word' id='word_1_976' title='bbox 1675 2165 1714 2186; x_wconf 84' lang='lat' dir='ltr'>ex</span> <span class='ocrx_word' id='word_1_977' title='bbox 1737 2165 1776 2186; x_wconf 91' lang='lat' dir='ltr'>eo</span> <span class='ocrx_word' id='word_1_978' title='bbox 1801 2155 1900 2196; x_wconf 88' lang='lat' dir='ltr'>quod,</span> <span class='ocrx_word' id='word_1_979' title='bbox 1924 2156 1951 2186; x_wconf 89' lang='lat' dir='ltr'>si</span> <span class='ocrx_word' id='word_1_980' title='bbox 1974 2157 2045 2196; x_wconf 90' lang='lat' dir='ltr'>quis</span> <span class='ocrx_word' id='word_1_981' title='bbox 2068 2166 2125 2186; x_wconf 91' lang='lat' dir='ltr'>sua</span> <span class='ocrx_word' id='word_1_982' title='bbox 2147 2162 2262 2197; x_wconf 89' lang='lat' dir='ltr'>sponte</span> <span class='ocrx_word' id='word_1_983' title='bbox 2286 2161 2358 2187; x_wconf 91' lang='lat' dir='ltr'>ante</span> <span class='ocrx_word' id='word_1_984' title='bbox 2377 2157 2504 2188; x_wconf 87' lang='lat' dir='ltr'>confes-</span> 
     </span>
     <span class='ocr_line' id='line_1_124' title="bbox 1443 2199 2505 2242; baseline 0.001 -11"><span class='ocrx_word' id='word_1_985' title='bbox 1443 2201 1568 2231; x_wconf 90' lang='lat' dir='ltr'>sionem</span> <span class='ocrx_word' id='word_1_986' title='bbox 1590 2199 1800 2235; x_wconf 89' lang='lat' dir='ltr'>satisfecisset,</span> <span class='ocrx_word' id='word_1_987' title='bbox 1819 2209 1888 2230; x_wconf 92' lang='lat' dir='ltr'>non</span> <span class='ocrx_word' id='word_1_988' title='bbox 1904 2205 1985 2230; x_wconf 87' lang='lat' dir='ltr'>esset</span> <span class='ocrx_word' id='word_1_989' title='bbox 2000 2200 2197 2240; x_wconf 89' lang='lat' dir='ltr'>imponenda</span> <span class='ocrx_word' id='word_1_990' title='bbox 2211 2200 2381 2231; x_wconf 82' lang='lat' dir='ltr'>satisfactio</span> <span class='ocrx_word' id='word_1_991' title='bbox 2397 2201 2505 2242; x_wconf 88' lang='lat' dir='ltr'>aliqua</span> 
     </span>
     <span class='ocr_line' id='line_1_125' title="bbox 1442 2243 2504 2285; baseline 0 -9"><span class='ocrx_word' id='word_1_992' title='bbox 1442 2255 1460 2276; x_wconf 90' lang='lat' dir='ltr'>a</span> <span class='ocrx_word' id='word_1_993' title='bbox 1483 2244 1676 2276; x_wconf 88' lang='lat' dir='ltr'>confessore.</span> <span class='ocrx_word' id='word_1_994' title='bbox 1700 2244 1769 2274; x_wconf 90' lang='lat' dir='ltr'>Nec</span> <span class='ocrx_word' id='word_1_995' title='bbox 1785 2243 1900 2274; x_wconf 88' lang='lat' dir='ltr'>desunt</span> <span class='ocrx_word' id='word_1_996' title='bbox 1918 2243 2058 2274; x_wconf 88' lang='lat' dir='ltr'>dicentes</span> <span class='ocrx_word' id='word_1_997' title='bbox 2074 2254 2169 2284; x_wconf 91' lang='lat' dir='ltr'>posse</span> <span class='ocrx_word' id='word_1_998' title='bbox 2184 2246 2405 2285; x_wconf 88' lang='lat' dir='ltr'>poenitentem</span> <span class='ocrx_word' id='word_1_999' title='bbox 2419 2246 2504 2276; x_wconf 89' lang='lat' dir='ltr'>male</span> 
     </span>
     <span class='ocr_line' id='line_1_126' title="bbox 1442 2288 2502 2330; baseline 0.001 -11"><span class='ocrx_word' id='word_1_1000' title='bbox 1442 2295 1588 2330; x_wconf 88' lang='lat' dir='ltr'>paratum</span> <span class='ocrx_word' id='word_1_1001' title='bbox 1601 2288 1640 2319; x_wconf 92' lang='lat' dir='ltr'>ad</span> <span class='ocrx_word' id='word_1_1002' title='bbox 1651 2288 1887 2328; x_wconf 89' lang='lat' dir='ltr'>suscipiendam</span> <span class='ocrx_word' id='word_1_1003' title='bbox 1902 2288 2150 2319; x_wconf 79' lang='lat' dir='ltr'>satisfactionem</span> <span class='ocrx_word' id='word_1_1004' title='bbox 2164 2290 2197 2319; x_wconf 88' lang='lat' dir='ltr'>in</span> <span class='ocrx_word' id='word_1_1005' title='bbox 2209 2289 2269 2319; x_wconf 87' lang='lat' dir='ltr'>hac</span> <span class='ocrx_word' id='word_1_1006' title='bbox 2281 2290 2354 2326; x_wconf 88' lang='lat' dir='ltr'>vita,</span> <span class='ocrx_word' id='word_1_1007' title='bbox 2371 2290 2502 2326; x_wconf 88' lang='lat' dir='ltr'>absolvi,</span> 
     </span>
     <span class='ocr_line' id='line_1_127' title="bbox 1441 2332 2112 2372; baseline 0 -8"><span class='ocrx_word' id='word_1_1008' title='bbox 1441 2339 1599 2364; x_wconf 85' lang='lat' dir='ltr'>reservata</span> <span class='ocrx_word' id='word_1_1009' title='bbox 1621 2332 1836 2363; x_wconf 86' lang='lat' dir='ltr'>satisfactione</span> <span class='ocrx_word' id='word_1_1010' title='bbox 1859 2333 1893 2362; x_wconf 92' lang='lat' dir='ltr'>in</span> <span class='ocrx_word' id='word_1_1011' title='bbox 1915 2333 2112 2372; x_wconf 86' lang='lat' dir='ltr'>purgatorio.</span> 
     </span>
    </p>

    <p class='ocr_par' dir='ltr' id='par_1_32' title="bbox 1442 2377 2503 2506">
     <span class='ocr_line' id='line_1_128' title="bbox 1497 2377 2503 2418; baseline 0 -10"><span class='ocrx_word' id='word_1_1012' title='bbox 1497 2378 1545 2408; x_wconf 83' lang='lat' dir='ltr'>Ex</span> <span class='ocrx_word' id='word_1_1013' title='bbox 1561 2378 1610 2408; x_wconf 90' lang='lat' dir='ltr'>his</span> <span class='ocrx_word' id='word_1_1014' title='bbox 1626 2377 1713 2408; x_wconf 88' lang='lat' dir='ltr'>enim</span> <span class='ocrx_word' id='word_1_1015' title='bbox 1729 2377 1879 2407; x_wconf 88' lang='lat' dir='ltr'>omnibus</span> <span class='ocrx_word' id='word_1_1016' title='bbox 1894 2377 2029 2407; x_wconf 87' lang='lat' dir='ltr'>habetur</span> <span class='ocrx_word' id='word_1_1017' title='bbox 2044 2377 2133 2417; x_wconf 90' lang='lat' dir='ltr'>quod</span> <span class='ocrx_word' id='word_1_1018' title='bbox 2149 2378 2280 2408; x_wconf 92' lang='lat' dir='ltr'>omissio</span> <span class='ocrx_word' id='word_1_1019' title='bbox 2296 2377 2392 2408; x_wconf 87' lang='lat' dir='ltr'>huius</span> <span class='ocrx_word' id='word_1_1020' title='bbox 2407 2379 2503 2418; x_wconf 88' lang='lat' dir='ltr'>partis</span> 
     </span>
     <span class='ocr_line' id='line_1_129' title="bbox 1442 2421 2502 2462; baseline 0 -9"><span class='ocrx_word' id='word_1_1021' title='bbox 1442 2422 1630 2453; x_wconf 86' lang='lat' dir='ltr'>sacramenti</span> <span class='ocrx_word' id='word_1_1022' title='bbox 1644 2431 1712 2452; x_wconf 91' lang='lat' dir='ltr'>non</span> <span class='ocrx_word' id='word_1_1023' title='bbox 1724 2426 1772 2451; x_wconf 91' lang='lat' dir='ltr'>est</span> <span class='ocrx_word' id='word_1_1024' title='bbox 1786 2426 1955 2461; x_wconf 90' lang='lat' dir='ltr'>peccatum</span> <span class='ocrx_word' id='word_1_1025' title='bbox 1971 2421 2105 2452; x_wconf 89' lang='lat' dir='ltr'>mortale</span> <span class='ocrx_word' id='word_1_1026' title='bbox 2121 2431 2159 2452; x_wconf 86' lang='lat' dir='ltr'>ex</span> <span class='ocrx_word' id='word_1_1027' title='bbox 2175 2431 2234 2452; x_wconf 91' lang='lat' dir='ltr'>suo</span> <span class='ocrx_word' id='word_1_1028' title='bbox 2249 2431 2375 2462; x_wconf 85' lang='lat' dir='ltr'>genere.</span> <span class='ocrx_word' id='word_1_1029' title='bbox 2398 2422 2502 2459; x_wconf 90' lang='lat' dir='ltr'>Unde,</span> 
     </span>
     <span class='ocr_line' id='line_1_130' title="bbox 1443 2465 2503 2506; baseline -0.002 -8"><span class='ocrx_word' id='word_1_1030' title='bbox 1443 2476 1518 2498; x_wconf 91' lang='lat' dir='ltr'>cum</span> <span class='ocrx_word' id='word_1_1031' title='bbox 1541 2465 1711 2497; x_wconf 88' lang='lat' dir='ltr'>satisfactio</span> <span class='ocrx_word' id='word_1_1032' title='bbox 1735 2475 1753 2495; x_wconf 92' lang='lat' dir='ltr'>a</span> <span class='ocrx_word' id='word_1_1033' title='bbox 1772 2465 1955 2496; x_wconf 82' lang='lat' dir='ltr'>confessore</span> <span class='ocrx_word' id='word_1_1034' title='bbox 1969 2475 2037 2496; x_wconf 89' lang='lat' dir='ltr'>non</span> <span class='ocrx_word' id='word_1_1035' title='bbox 2053 2466 2237 2506; x_wconf 89' lang='lat' dir='ltr'>imponatur</span> <span class='ocrx_word' id='word_1_1036' title='bbox 2259 2466 2321 2496; x_wconf 91' lang='lat' dir='ltr'>nisi</span> <span class='ocrx_word' id='word_1_1037' title='bbox 2336 2471 2372 2496; x_wconf 91' lang='lat' dir='ltr'>ut</span> <span class='ocrx_word' id='word_1_1038' title='bbox 2387 2465 2503 2497; x_wconf 89' lang='lat' dir='ltr'>descri-</span> 
     </span>
    </p>
   </div>
   <div class='ocr_carea' id='block_1_26' title="bbox 2533 351 2747 400">
    <p class='ocr_par' dir='ltr' id='par_1_33' title="bbox 2533 351 2747 400">
     <span class='ocr_line' id='line_1_131' title="bbox 2534 351 2747 379; baseline 0.005 -6"><span class='ocrx_word' id='word_1_1039' title='bbox 2534 353 2544 362; x_wconf 85' lang='lat'><strong>·</strong></span> <span class='ocrx_word' id='word_1_1040' title='bbox 2558 351 2629 373; x_wconf 86' lang='lat' dir='ltr'>Num.</span> <span class='ocrx_word' id='word_1_1041' title='bbox 2641 357 2656 379; x_wconf 84' lang='lat' dir='ltr'>i,</span> <span class='ocrx_word' id='word_1_1042' title='bbox 2672 352 2747 374; x_wconf 81' lang='lat' dir='ltr'>Prae-</span> 
     </span>
     <span class='ocr_line' id='line_1_132' title="bbox 2533 378 2643 400; baseline 0 -1"><span class='ocrx_word' id='word_1_1043' title='bbox 2533 380 2599 399; x_wconf 82' lang='lat' dir='ltr'>terea</span> <span class='ocrx_word' id='word_1_1044' title='bbox 2614 378 2643 400; x_wconf 71' lang='lat' dir='ltr'>si.</span> 
     </span>
    </p>
   </div>
   <div class='ocr_carea' id='block_1_27' title="bbox 2526 2102 2744 2197">
    <p class='ocr_par' dir='ltr' id='par_1_34' title="bbox 2526 2102 2744 2197">
     <span class='ocr_line' id='line_1_133' title="bbox 2526 2102 2744 2144; baseline 0.009 -6"><span class='ocrx_word' id='word_1_1045' title='bbox 2526 2118 2541 2144; x_wconf 66' lang='lat'>‚·</span> <span class='ocrx_word' id='word_1_1046' title='bbox 2556 2102 2613 2139; x_wconf 56' lang='lat' dir='ltr'>cin.</span> <span class='ocrx_word' id='word_1_1047' title='bbox 2627 2117 2662 2138; x_wconf 79' lang='lat' dir='ltr'>Ab</span> <span class='ocrx_word' id='word_1_1048' title='bbox 2675 2117 2686 2138; x_wconf 76' lang='grc' dir='ltr'>ι·</span> <span class='ocrx_word' id='word_1_1049' title='bbox 2719 2125 2744 2140; x_wconf 84' lang='lat' dir='ltr'>r·</span> 
     </span>
     <span class='ocr_line' id='line_1_134' title="bbox 2530 2143 2744 2173; baseline 0.009 -9"><span class='ocrx_word' id='word_1_1050' title='bbox 2530 2143 2582 2171; x_wconf 74' lang='lat' dir='ltr'>mis,</span> <span class='ocrx_word' id='word_1_1051' title='bbox 2589 2149 2652 2166; x_wconf 78' lang='lat' dir='ltr'>enus.</span> <span class='ocrx_word' id='word_1_1052' title='bbox 2704 2145 2744 2173; x_wconf 86' lang='lat' dir='ltr'>VI,</span> 
     </span>
     <span class='ocr_line' id='line_1_135' title="bbox 2531 2176 2627 2197; baseline 0.01 -6"><span class='ocrx_word' id='word_1_1053' title='bbox 2531 2176 2569 2197; x_wconf 86' lang='lat' dir='ltr'>qu.</span> <span class='ocrx_word' id='word_1_1054' title='bbox 2588 2176 2627 2192; x_wconf 86' lang='lat' dir='ltr'>vn.</span> 
     </span>
    </p>
   </div>
   <div class='ocr_carea' id='block_1_28' title="bbox 1442 2509 2538 2551">
    <p class='ocr_par' dir='ltr' id='par_1_35' title="bbox 1442 2509 2538 2551">
     <span class='ocr_line' id='line_1_136' title="bbox 1442 2509 2538 2551; baseline -0.002 -9"><span class='ocrx_word' id='word_1_1055' title='bbox 1442 2517 1496 2551; x_wconf 91' lang='lat' dir='ltr'>pta</span> <span class='ocrx_word' id='word_1_1056' title='bbox 1519 2516 1579 2547; x_wconf 84' lang='lat' dir='ltr'>est3</span> <span class='ocrx_word' id='word_1_1057' title='bbox 1605 2515 1645 2546; x_wconf 86' lang='lat' dir='ltr'>et,</span> <span class='ocrx_word' id='word_1_1058' title='bbox 1670 2515 1706 2540; x_wconf 91' lang='lat' dir='ltr'>ut</span> <span class='ocrx_word' id='word_1_1059' title='bbox 1729 2510 1791 2546; x_wconf 88' lang='lat' dir='ltr'>sic,</span> <span class='ocrx_word' id='word_1_1060' title='bbox 1814 2509 1898 2540; x_wconf 90' lang='lat' dir='ltr'>illius</span> <span class='ocrx_word' id='word_1_1061' title='bbox 1922 2510 2053 2540; x_wconf 90' lang='lat' dir='ltr'>omissio</span> <span class='ocrx_word' id='word_1_1062' title='bbox 2076 2520 2144 2541; x_wconf 91' lang='lat' dir='ltr'>non</span> <span class='ocrx_word' id='word_1_1063' title='bbox 2167 2511 2281 2540; x_wconf 89' lang='lat' dir='ltr'>habeat</span> <span class='ocrx_word' id='word_1_1064' title='bbox 2304 2519 2342 2540; x_wconf 88' lang='lat' dir='ltr'>ex</span> <span class='ocrx_word' id='word_1_1065' title='bbox 2365 2520 2425 2540; x_wconf 91' lang='lat' dir='ltr'>suo</span> <span class='ocrx_word' id='word_1_1066' title='bbox 2449 2520 2503 2550; x_wconf 89' lang='lat' dir='ltr'>ge-</span> <span class='ocrx_word' id='word_1_1067' title='bbox 2535 2518 2538 2523; x_wconf 81' lang='grc'><strong>’</strong></span> 
     </span>
    </p>
   </div>
   <div class='ocr_carea' id='block_1_29' title="bbox 1441 2553 2504 2815">
    <p class='ocr_par' dir='ltr' id='par_1_36' title="bbox 1441 2553 2504 2763">
     <span class='ocr_line' id='line_1_137' title="bbox 1441 2553 2504 2594; baseline 0 -8"><span class='ocrx_word' id='word_1_1068' title='bbox 1441 2565 1518 2586; x_wconf 90' lang='lat' dir='ltr'>nere</span> <span class='ocrx_word' id='word_1_1069' title='bbox 1536 2555 1694 2586; x_wconf 86' lang='lat' dir='ltr'>rationem</span> <span class='ocrx_word' id='word_1_1070' title='bbox 1716 2554 1839 2594; x_wconf 91' lang='lat' dir='ltr'>peccati</span> <span class='ocrx_word' id='word_1_1071' title='bbox 1853 2554 2009 2585; x_wconf 85' lang='lat' dir='ltr'>mortalis:</span> <span class='ocrx_word' id='word_1_1072' title='bbox 2033 2553 2294 2585; x_wconf 86' lang='lat' dir='ltr'>concludendum</span> <span class='ocrx_word' id='word_1_1073' title='bbox 2309 2559 2356 2584; x_wconf 90' lang='lat' dir='ltr'>est</span> <span class='ocrx_word' id='word_1_1074' title='bbox 2370 2564 2504 2594; x_wconf 83' lang='lat' dir='ltr'>peccare</span> 
     </span>
     <span class='ocr_line' id='line_1_138' title="bbox 1443 2598 2504 2641; baseline -0.001 -11"><span class='ocrx_word' id='word_1_1075' title='bbox 1443 2599 1575 2641; x_wconf 92' lang='lat' dir='ltr'>quidem</span> <span class='ocrx_word' id='word_1_1076' title='bbox 1606 2599 1809 2630; x_wconf 87' lang='lat' dir='ltr'>omittentem</span> <span class='ocrx_word' id='word_1_1077' title='bbox 1838 2599 2015 2629; x_wconf 90' lang='lat' dir='ltr'>iniunctam</span> <span class='ocrx_word' id='word_1_1078' title='bbox 2038 2598 2286 2629; x_wconf 81' lang='lat' dir='ltr'>satisfactionem</span> <span class='ocrx_word' id='word_1_1079' title='bbox 2295 2622 2302 2634; x_wconf 97' lang='lat'>,</span> <span class='ocrx_word' id='word_1_1080' title='bbox 2334 2608 2409 2629; x_wconf 88' lang='lat' dir='ltr'>cum</span> <span class='ocrx_word' id='word_1_1081' title='bbox 2432 2604 2504 2639; x_wconf 88' lang='lat' dir='ltr'>agat</span> 
     </span>
     <span class='ocr_line' id='line_1_139' title="bbox 1442 2642 2503 2684; baseline -0.001 -10"><span class='ocrx_word' id='word_1_1082' title='bbox 1442 2649 1566 2684; x_wconf 86' lang='lat' dir='ltr'>praeter</span> <span class='ocrx_word' id='word_1_1083' title='bbox 1581 2642 1796 2681; x_wconf 83' lang='lat' dir='ltr'>obedientiam</span> <span class='ocrx_word' id='word_1_1084' title='bbox 1813 2648 1844 2673; x_wconf 92' lang='lat' dir='ltr'>et</span> <span class='ocrx_word' id='word_1_1085' title='bbox 1859 2642 1933 2672; x_wconf 87' lang='lat' dir='ltr'>alias</span> <span class='ocrx_word' id='word_1_1086' title='bbox 1949 2643 2096 2679; x_wconf 89' lang='lat' dir='ltr'>virtutes;</span> <span class='ocrx_word' id='word_1_1087' title='bbox 2112 2653 2180 2673; x_wconf 91' lang='lat' dir='ltr'>non</span> <span class='ocrx_word' id='word_1_1088' title='bbox 2195 2648 2303 2673; x_wconf 92' lang='lat' dir='ltr'>tamen</span> <span class='ocrx_word' id='word_1_1089' title='bbox 2318 2643 2503 2679; x_wconf 83' lang='lat' dir='ltr'>mortaliter,</span> 
     </span>
     <span class='ocr_line' id='line_1_140' title="bbox 1443 2686 2504 2727; baseline -0.002 -8"><span class='ocrx_word' id='word_1_1090' title='bbox 1443 2687 1611 2719; x_wconf 87' lang='lat' dir='ltr'>deficiente</span> <span class='ocrx_word' id='word_1_1091' title='bbox 1635 2692 1833 2727; x_wconf 86' lang='lat' dir='ltr'>contemptu,</span> <span class='ocrx_word' id='word_1_1092' title='bbox 1859 2696 1934 2717; x_wconf 93' lang='lat' dir='ltr'>cum</span> <span class='ocrx_word' id='word_1_1093' title='bbox 1956 2696 2017 2717; x_wconf 92' lang='lat' dir='ltr'>nec</span> <span class='ocrx_word' id='word_1_1094' title='bbox 2033 2692 2144 2717; x_wconf 89' lang='lat' dir='ltr'>contra</span> <span class='ocrx_word' id='word_1_1095' title='bbox 2159 2686 2374 2717; x_wconf 87' lang='lat' dir='ltr'>obedientiam</span> <span class='ocrx_word' id='word_1_1096' title='bbox 2394 2687 2504 2717; x_wconf 88' lang='lat' dir='ltr'>carita-</span> 
     </span>
     <span class='ocr_line' id='line_1_141' title="bbox 1442 2732 1707 2763; baseline -0.008 0"><span class='ocrx_word' id='word_1_1097' title='bbox 1442 2738 1548 2763; x_wconf 90' lang='lat' dir='ltr'>temve</span> <span class='ocrx_word' id='word_1_1098' title='bbox 1572 2732 1707 2762; x_wconf 88' lang='lat' dir='ltr'>omittat.</span> 
     </span>
    </p>

    <p class='ocr_par' dir='ltr' id='par_1_37' title="bbox 1497 2774 2503 2815">
     <span class='ocr_line' id='line_1_142' title="bbox 1497 2774 2503 2815; baseline -0.003 -8"><span class='ocrx_word' id='word_1_1099' title='bbox 1497 2776 1565 2808; x_wconf 90' lang='lat' dir='ltr'>VII.</span> <span class='ocrx_word' id='word_1_1100' title='bbox 1589 2775 1640 2806; x_wconf 93' lang='lat' dir='ltr'>Ad</span> <span class='ocrx_word' id='word_1_1101' title='bbox 1663 2776 1792 2806; x_wconf 84' lang='lat' dir='ltr'>tertium</span> <span class='ocrx_word' id='word_1_1102' title='bbox 1803 2776 1820 2792; x_wconf 67' lang='lat'>⁴*</span> <span class='ocrx_word' id='word_1_1103' title='bbox 1836 2774 1951 2805; x_wconf 88' lang='lat' dir='ltr'>dicitur</span> <span class='ocrx_word' id='word_1_1104' title='bbox 1973 2774 2064 2815; x_wconf 91' lang='lat' dir='ltr'>quod</span> <span class='ocrx_word' id='word_1_1105' title='bbox 2079 2774 2238 2805; x_wconf 89' lang='lat' dir='ltr'>distinctio</span> <span class='ocrx_word' id='word_1_1106' title='bbox 2254 2775 2336 2804; x_wconf 86' lang='lat' dir='ltr'>inter</span> <span class='ocrx_word' id='word_1_1107' title='bbox 2344 2784 2408 2814; x_wconf 82' lang='lat' dir='ltr'>per</span> <span class='ocrx_word' id='word_1_1108' title='bbox 2422 2785 2456 2805; x_wconf 85' lang='lat' dir='ltr'>se</span> <span class='ocrx_word' id='word_1_1109' title='bbox 2472 2780 2503 2805; x_wconf 90' lang='lat' dir='ltr'>et</span> 
     </span>
    </p>
   </div>
   <div class='ocr_carea' id='block_1_30' title="bbox 1436 2818 2503 2861">
    <p class='ocr_par' dir='ltr' id='par_1_38' title="bbox 1436 2818 2503 2861">
     <span class='ocr_line' id='line_1_143' title="bbox 1436 2818 2503 2861; baseline -0.002 -9"><span class='ocrx_word' id='word_1_1110' title='bbox 1436 2830 1500 2861; x_wconf 81' lang='lat' dir='ltr'>per</span> <span class='ocrx_word' id='word_1_1111' title='bbox 1521 2819 1670 2851; x_wconf 83' lang='lat' dir='ltr'>accidens</span> <span class='ocrx_word' id='word_1_1112' title='bbox 1685 2820 1779 2850; x_wconf 87' lang='lat' dir='ltr'>evitat</span> <span class='ocrx_word' id='word_1_1113' title='bbox 1794 2819 1873 2849; x_wconf 89' lang='lat' dir='ltr'>haec</span> <span class='ocrx_word' id='word_1_1114' title='bbox 1887 2819 2155 2850; x_wconf 87' lang='lat' dir='ltr'>inconvenientia.</span> <span class='ocrx_word' id='word_1_1115' title='bbox 2179 2819 2321 2849; x_wconf 91' lang='lat' dir='ltr'>Poenam</span> <span class='ocrx_word' id='word_1_1116' title='bbox 2344 2818 2503 2858; x_wconf 89' lang='lat' dir='ltr'>siquidem</span> 
     </span>
    </p>
   </div>
   <div class='ocr_carea' id='block_1_31' title="bbox 1441 2863 2504 3523">
    <p class='ocr_par' dir='ltr' id='par_1_39' title="bbox 1441 2863 2504 3523">
     <span class='ocr_line' id='line_1_144' title="bbox 1441 2863 2504 2905; baseline -0.001 -10"><span class='ocrx_word' id='word_1_1117' title='bbox 1441 2864 1652 2905; x_wconf 90' lang='lat' dir='ltr'>temporalem</span> <span class='ocrx_word' id='word_1_1118' title='bbox 1678 2863 1747 2894; x_wconf 89' lang='lat' dir='ltr'>fieri</span> <span class='ocrx_word' id='word_1_1119' title='bbox 1774 2873 1831 2903; x_wconf 90' lang='lat' dir='ltr'>per</span> <span class='ocrx_word' id='word_1_1120' title='bbox 1856 2873 1890 2893; x_wconf 89' lang='lat' dir='ltr'>se</span> <span class='ocrx_word' id='word_1_1121' title='bbox 1913 2868 2072 2893; x_wconf 87' lang='lat' dir='ltr'>aeternam</span> <span class='ocrx_word' id='word_1_1122' title='bbox 2099 2868 2146 2893; x_wconf 89' lang='lat' dir='ltr'>est</span> <span class='ocrx_word' id='word_1_1123' title='bbox 2171 2863 2419 2893; x_wconf 88' lang='lat' dir='ltr'>inconveniens:</span> <span class='ocrx_word' id='word_1_1124' title='bbox 2446 2873 2504 2903; x_wconf 89' lang='lat' dir='ltr'>per</span> 
     </span>
     <span class='ocr_line' id='line_1_145' title="bbox 1442 2906 2503 2940; baseline -0.001 -1"><span class='ocrx_word' id='word_1_1125' title='bbox 1442 2908 1590 2940; x_wconf 87' lang='lat' dir='ltr'>accidens</span> <span class='ocrx_word' id='word_1_1126' title='bbox 1613 2913 1721 2938; x_wconf 89' lang='lat' dir='ltr'>autem</span> <span class='ocrx_word' id='word_1_1127' title='bbox 1744 2907 1898 2938; x_wconf 82' lang='lat' dir='ltr'>aeterna1i</span> <span class='ocrx_word' id='word_1_1128' title='bbox 1911 2916 1979 2937; x_wconf 91' lang='lat' dir='ltr'>non</span> <span class='ocrx_word' id='word_1_1129' title='bbox 1995 2907 2189 2938; x_wconf 89' lang='lat' dir='ltr'>inconvenit.</span> <span class='ocrx_word' id='word_1_1130' title='bbox 2214 2906 2266 2937; x_wconf 92' lang='lat' dir='ltr'>Sic</span> <span class='ocrx_word' id='word_1_1131' title='bbox 2281 2912 2389 2937; x_wconf 90' lang='lat' dir='ltr'>autem</span> <span class='ocrx_word' id='word_1_1132' title='bbox 2408 2913 2454 2937; x_wconf 86' lang='lat' dir='ltr'>est</span> <span class='ocrx_word' id='word_1_1133' title='bbox 2469 2908 2503 2938; x_wconf 89' lang='lat' dir='ltr'>in</span> 
     </span>
     <span class='ocr_line' id='line_1_146' title="bbox 1442 2950 2503 2993; baseline -0.001 -10"><span class='ocrx_word' id='word_1_1134' title='bbox 1442 2953 1627 2993; x_wconf 86' lang='lat' dir='ltr'>proposito:</span> <span class='ocrx_word' id='word_1_1135' title='bbox 1653 2952 1807 2992; x_wconf 89' lang='lat' dir='ltr'>quoniam</span> <span class='ocrx_word' id='word_1_1136' title='bbox 1823 2951 2006 2992; x_wconf 91' lang='lat' dir='ltr'>temporalis</span> <span class='ocrx_word' id='word_1_1137' title='bbox 2022 2960 2128 2991; x_wconf 89' lang='lat' dir='ltr'>poena</span> <span class='ocrx_word' id='word_1_1138' title='bbox 2144 2951 2245 2981; x_wconf 90' lang='lat' dir='ltr'>amice</span> <span class='ocrx_word' id='word_1_1139' title='bbox 2260 2950 2413 2982; x_wconf 87' lang='lat' dir='ltr'>solvenda</span> <span class='ocrx_word' id='word_1_1140' title='bbox 2427 2961 2503 2991; x_wconf 88' lang='lat' dir='ltr'>pro-</span> 
     </span>
     <span class='ocr_line' id='line_1_147' title="bbox 1442 2995 2502 3037; baseline -0.001 -9"><span class='ocrx_word' id='word_1_1141' title='bbox 1442 3003 1551 3037; x_wconf 89' lang='lat' dir='ltr'>pterea</span> <span class='ocrx_word' id='word_1_1142' title='bbox 1574 2995 1737 3027; x_wconf 90' lang='lat' dir='ltr'>ordinatur</span> <span class='ocrx_word' id='word_1_1143' title='bbox 1755 2996 1789 3026; x_wconf 93' lang='lat' dir='ltr'>in</span> <span class='ocrx_word' id='word_1_1144' title='bbox 1807 2995 1943 3031; x_wconf 85' lang='lat' dir='ltr'>inferno,</span> <span class='ocrx_word' id='word_1_1145' title='bbox 1968 2995 2043 3035; x_wconf 89' lang='lat' dir='ltr'>quia</span> <span class='ocrx_word' id='word_1_1146' title='bbox 2058 3004 2225 3035; x_wconf 90' lang='lat' dir='ltr'>nunquam</span> <span class='ocrx_word' id='word_1_1147' title='bbox 2241 2995 2343 3025; x_wconf 88' lang='lat' dir='ltr'>amice</span> <span class='ocrx_word' id='word_1_1148' title='bbox 2358 2995 2502 3027; x_wconf 87' lang='lat' dir='ltr'>solvitur.</span> 
     </span>
     <span class='ocr_line' id='line_1_148' title="bbox 1443 3038 2502 3080; baseline -0.002 -8"><span class='ocrx_word' id='word_1_1149' title='bbox 1443 3041 1536 3072; x_wconf 89' lang='lat' dir='ltr'>Unde</span> <span class='ocrx_word' id='word_1_1150' title='bbox 1560 3050 1620 3071; x_wconf 91' lang='lat' dir='ltr'>nec</span> <span class='ocrx_word' id='word_1_1151' title='bbox 1643 3045 1813 3080; x_wconf 89' lang='lat' dir='ltr'>propterea</span> <span class='ocrx_word' id='word_1_1152' title='bbox 1840 3039 1974 3070; x_wconf 89' lang='lat' dir='ltr'>redeunt</span> <span class='ocrx_word' id='word_1_1153' title='bbox 2001 3039 2185 3079; x_wconf 88' lang='lat' dir='ltr'>simpliciter</span> <span class='ocrx_word' id='word_1_1154' title='bbox 2210 3038 2340 3070; x_wconf 86' lang='lat' dir='ltr'>dimissa</span> <span class='ocrx_word' id='word_1_1155' title='bbox 2361 3045 2502 3079; x_wconf 84' lang='lat' dir='ltr'>peccata.</span> 
     </span>
     <span class='ocr_line' id='line_1_149' title="bbox 1442 3082 2503 3125; baseline -0.003 -9"><span class='ocrx_word' id='word_1_1156' title='bbox 1442 3094 1502 3116; x_wconf 90' lang='lat' dir='ltr'>nec</span> <span class='ocrx_word' id='word_1_1157' title='bbox 1532 3094 1634 3125; x_wconf 91' lang='lat' dir='ltr'>aeque</span> <span class='ocrx_word' id='word_1_1158' title='bbox 1665 3084 1797 3124; x_wconf 88' lang='lat' dir='ltr'>punitur</span> <span class='ocrx_word' id='word_1_1159' title='bbox 1826 3093 1886 3123; x_wconf 88' lang='lat' dir='ltr'>pro</span> <span class='ocrx_word' id='word_1_1160' title='bbox 1910 3088 2042 3123; x_wconf 85' lang='lat' dir='ltr'>peccato</span> <span class='ocrx_word' id='word_1_1161' title='bbox 2066 3082 2196 3114; x_wconf 87' lang='lat' dir='ltr'>dimisso</span> <span class='ocrx_word' id='word_1_1162' title='bbox 2227 3088 2259 3114; x_wconf 92' lang='lat' dir='ltr'>et</span> <span class='ocrx_word' id='word_1_1163' title='bbox 2281 3092 2341 3123; x_wconf 86' lang='lat' dir='ltr'>pro</span> <span class='ocrx_word' id='word_1_1164' title='bbox 2364 3092 2432 3114; x_wconf 89' lang='lat' dir='ltr'>non</span> <span class='ocrx_word' id='word_1_1165' title='bbox 2456 3083 2503 3114; x_wconf 90' lang='lat' dir='ltr'>di-</span> 
     </span>
     <span class='ocr_line' id='line_1_150' title="bbox 1442 3127 2504 3167; baseline -0.003 -7"><span class='ocrx_word' id='word_1_1166' title='bbox 1442 3130 1551 3160; x_wconf 89' lang='lat' dir='ltr'>misso.</span> <span class='ocrx_word' id='word_1_1167' title='bbox 1575 3129 1608 3159; x_wconf 90' lang='lat' dir='ltr'>Si</span> <span class='ocrx_word' id='word_1_1168' title='bbox 1625 3129 1711 3159; x_wconf 91' lang='lat' dir='ltr'>enim</span> <span class='ocrx_word' id='word_1_1169' title='bbox 1726 3127 1864 3158; x_wconf 90' lang='lat' dir='ltr'>redirent</span> <span class='ocrx_word' id='word_1_1170' title='bbox 1879 3127 2072 3167; x_wconf 88' lang='lat' dir='ltr'>simpliciter,</span> <span class='ocrx_word' id='word_1_1171' title='bbox 2093 3127 2260 3157; x_wconf 89' lang='lat' dir='ltr'>deberetur</span> <span class='ocrx_word' id='word_1_1172' title='bbox 2275 3136 2333 3167; x_wconf 91' lang='lat' dir='ltr'>per</span> <span class='ocrx_word' id='word_1_1173' title='bbox 2347 3137 2381 3157; x_wconf 91' lang='lat' dir='ltr'>se</span> <span class='ocrx_word' id='word_1_1174' title='bbox 2397 3137 2504 3167; x_wconf 91' lang='lat' dir='ltr'>poena</span> 
     </span>
     <span class='ocr_line' id='line_1_151' title="bbox 1442 3171 2503 3212; baseline -0.001 -8"><span class='ocrx_word' id='word_1_1175' title='bbox 1442 3179 1578 3209; x_wconf 89' lang='lat' dir='ltr'>aeterna,</span> <span class='ocrx_word' id='word_1_1176' title='bbox 1603 3178 1634 3203; x_wconf 92' lang='lat' dir='ltr'>et</span> <span class='ocrx_word' id='word_1_1177' title='bbox 1657 3172 1800 3202; x_wconf 89' lang='lat' dir='ltr'>similiter</span> <span class='ocrx_word' id='word_1_1178' title='bbox 1821 3177 1955 3212; x_wconf 91' lang='lat' dir='ltr'>peccato</span> <span class='ocrx_word' id='word_1_1179' title='bbox 1971 3181 2039 3201; x_wconf 91' lang='lat' dir='ltr'>non</span> <span class='ocrx_word' id='word_1_1180' title='bbox 2055 3171 2185 3202; x_wconf 89' lang='lat' dir='ltr'>dimisso</span> <span class='ocrx_word' id='word_1_1181' title='bbox 2209 3171 2455 3211; x_wconf 88' lang='lat' dir='ltr'>deberetur-per</span> <span class='ocrx_word' id='word_1_1182' title='bbox 2470 3181 2503 3203; x_wconf 92' lang='lat' dir='ltr'>se</span> 
     </span>
     <span class='ocr_line' id='line_1_152' title="bbox 1442 3216 2503 3258; baseline -0.003 -10"><span class='ocrx_word' id='word_1_1183' title='bbox 1442 3227 1548 3258; x_wconf 94' lang='lat' dir='ltr'>poena</span> <span class='ocrx_word' id='word_1_1184' title='bbox 1571 3222 1716 3247; x_wconf 86' lang='lat' dir='ltr'>aeterna:</span> <span class='ocrx_word' id='word_1_1185' title='bbox 1741 3216 1774 3246; x_wconf 91' lang='lat' dir='ltr'>in</span> <span class='ocrx_word' id='word_1_1186' title='bbox 1798 3216 1965 3256; x_wconf 88' lang='lat' dir='ltr'>proposito</span> <span class='ocrx_word' id='word_1_1187' title='bbox 1989 3221 2096 3245; x_wconf 87' lang='lat' dir='ltr'>autem</span> <span class='ocrx_word' id='word_1_1188' title='bbox 2119 3216 2284 3246; x_wconf 89' lang='lat' dir='ltr'>aeternitas</span> <span class='ocrx_word' id='word_1_1189' title='bbox 2307 3225 2431 3255; x_wconf 88' lang='lat' dir='ltr'>poenae</span> <span class='ocrx_word' id='word_1_1190' title='bbox 2454 3216 2503 3246; x_wconf 87' lang='lat' dir='ltr'>in-</span> 
     </span>
     <span class='ocr_line' id='line_1_153' title="bbox 1442 3259 2504 3302; baseline -0.003 -9"><span class='ocrx_word' id='word_1_1191' title='bbox 1442 3262 1568 3293; x_wconf 88' lang='lat' dir='ltr'>venitur</span> <span class='ocrx_word' id='word_1_1192' title='bbox 1590 3270 1647 3302; x_wconf 83' lang='lat' dir='ltr'>per</span> <span class='ocrx_word' id='word_1_1193' title='bbox 1670 3259 1826 3291; x_wconf 88' lang='lat' dir='ltr'>accidens.</span> <span class='ocrx_word' id='word_1_1194' title='bbox 1861 3260 1937 3290; x_wconf 91' lang='lat' dir='ltr'>Non</span> <span class='ocrx_word' id='word_1_1195' title='bbox 1964 3265 2071 3290; x_wconf 89' lang='lat' dir='ltr'>tamen</span> <span class='ocrx_word' id='word_1_1196' title='bbox 2102 3260 2183 3290; x_wconf 91' lang='lat' dir='ltr'>sicut</span> <span class='ocrx_word' id='word_1_1197' title='bbox 2209 3260 2241 3289; x_wconf 92' lang='lat' dir='ltr'>in</span> <span class='ocrx_word' id='word_1_1198' title='bbox 2265 3269 2371 3300; x_wconf 92' lang='lat' dir='ltr'>poena</span> <span class='ocrx_word' id='word_1_1199' title='bbox 2396 3261 2504 3290; x_wconf 89' lang='lat' dir='ltr'>venia-</span> 
     </span>
     <span class='ocr_line' id='line_1_154' title="bbox 1442 3304 2504 3344; baseline -0.003 -7"><span class='ocrx_word' id='word_1_1200' title='bbox 1442 3305 1532 3338; x_wconf 86' lang='lat' dir='ltr'>lium.</span> <span class='ocrx_word' id='word_1_1201' title='bbox 1556 3305 1649 3336; x_wconf 90' lang='lat' dir='ltr'>Ratio</span> <span class='ocrx_word' id='word_1_1202' title='bbox 1674 3305 1760 3335; x_wconf 92' lang='lat' dir='ltr'>enim</span> <span class='ocrx_word' id='word_1_1203' title='bbox 1783 3304 1928 3344; x_wconf 88' lang='lat' dir='ltr'>proxima</span> <span class='ocrx_word' id='word_1_1204' title='bbox 1949 3304 2138 3334; x_wconf 89' lang='lat' dir='ltr'>aeternitatis</span> <span class='ocrx_word' id='word_1_1205' title='bbox 2154 3313 2278 3343; x_wconf 88' lang='lat' dir='ltr'>poenae</span> <span class='ocrx_word' id='word_1_1206' title='bbox 2301 3313 2504 3343; x_wconf 87' lang='lat' dir='ltr'>perseveran-</span> 
     </span>
     <span class='ocr_line' id='line_1_155' title="bbox 1442 3347 2504 3388; baseline -0.001 -8"><span class='ocrx_word' id='word_1_1207' title='bbox 1442 3351 1523 3381; x_wconf 90' lang='lat' dir='ltr'>tium</span> <span class='ocrx_word' id='word_1_1208' title='bbox 1546 3349 1719 3380; x_wconf 86' lang='lat' dir='ltr'>venialium</span> <span class='ocrx_word' id='word_1_1209' title='bbox 1743 3350 1775 3378; x_wconf 91' lang='lat' dir='ltr'>in</span> <span class='ocrx_word' id='word_1_1210' title='bbox 1798 3347 1923 3378; x_wconf 86' lang='lat' dir='ltr'>inferno</span> <span class='ocrx_word' id='word_1_1211' title='bbox 1948 3354 1995 3378; x_wconf 90' lang='lat' dir='ltr'>est</span> <span class='ocrx_word' id='word_1_1212' title='bbox 2018 3348 2183 3378; x_wconf 87' lang='lat' dir='ltr'>aeternitas</span> <span class='ocrx_word' id='word_1_1213' title='bbox 2203 3347 2332 3388; x_wconf 88' lang='lat' dir='ltr'>culpae:</span> <span class='ocrx_word' id='word_1_1214' title='bbox 2358 3357 2504 3388; x_wconf 89' lang='lat' dir='ltr'>perseve-</span> 
     </span>
     <span class='ocr_line' id='line_1_156' title="bbox 1442 3391 2503 3433; baseline -0.001 -9"><span class='ocrx_word' id='word_1_1215' title='bbox 1442 3400 1530 3424; x_wconf 91' lang='lat' dir='ltr'>rante</span> <span class='ocrx_word' id='word_1_1216' title='bbox 1553 3394 1639 3424; x_wconf 90' lang='lat' dir='ltr'>enim</span> <span class='ocrx_word' id='word_1_1217' title='bbox 1663 3393 1767 3433; x_wconf 90' lang='lat' dir='ltr'>culpa,</span> <span class='ocrx_word' id='word_1_1218' title='bbox 1791 3402 1917 3432; x_wconf 92' lang='lat' dir='ltr'>semper</span> <span class='ocrx_word' id='word_1_1219' title='bbox 1932 3391 2026 3422; x_wconf 90' lang='lat' dir='ltr'>debet</span> <span class='ocrx_word' id='word_1_1220' title='bbox 2049 3402 2246 3432; x_wconf 90' lang='lat' dir='ltr'>perseverare</span> <span class='ocrx_word' id='word_1_1221' title='bbox 2270 3401 2386 3432; x_wconf 91' lang='lat' dir='ltr'>poena.</span> <span class='ocrx_word' id='word_1_1222' title='bbox 2410 3393 2503 3423; x_wconf 87' lang='lat' dir='ltr'>Ratio</span> 
     </span>
     <span class='ocr_line' id='line_1_157' title="bbox 1443 3435 2504 3476; baseline -0.003 -7"><span class='ocrx_word' id='word_1_1223' title='bbox 1443 3435 1550 3469; x_wconf 84' lang='lat' dir='ltr'>autern</span> <span class='ocrx_word' id='word_1_1224' title='bbox 1574 3437 1764 3468; x_wconf 78' lang='lat' dir='ltr'>aeternitatis</span> <span class='ocrx_word' id='word_1_1225' title='bbox 1788 3446 1913 3476; x_wconf 88' lang='lat' dir='ltr'>poenae</span> <span class='ocrx_word' id='word_1_1226' title='bbox 1936 3437 1969 3466; x_wconf 93' lang='lat' dir='ltr'>in</span> <span class='ocrx_word' id='word_1_1227' title='bbox 1986 3436 2154 3476; x_wconf 91' lang='lat' dir='ltr'>proposito</span> <span class='ocrx_word' id='word_1_1228' title='bbox 2178 3442 2225 3466; x_wconf 92' lang='lat' dir='ltr'>est</span> <span class='ocrx_word' id='word_1_1229' title='bbox 2248 3435 2391 3466; x_wconf 91' lang='lat' dir='ltr'>defectus</span> <span class='ocrx_word' id='word_1_1230' title='bbox 2414 3446 2504 3467; x_wconf 90' lang='lat' dir='ltr'>acce-</span> 
     </span>
     <span class='ocr_line' id='line_1_158' title="bbox 1443 3481 2504 3523; baseline -0.003 -10"><span class='ocrx_word' id='word_1_1231' title='bbox 1443 3482 1640 3523; x_wconf 85' lang='lat' dir='ltr'>ptabilitatis:</span> <span class='ocrx_word' id='word_1_1232' title='bbox 1666 3482 1741 3521; x_wconf 91' lang='lat' dir='ltr'>quia</span> <span class='ocrx_word' id='word_1_1233' title='bbox 1765 3481 1884 3511; x_wconf 89' lang='lat' dir='ltr'>scilicet</span> <span class='ocrx_word' id='word_1_1234' title='bbox 1907 3481 2025 3510; x_wconf 91' lang='lat' dir='ltr'>solutio</span> <span class='ocrx_word' id='word_1_1235' title='bbox 2045 3490 2169 3520; x_wconf 89' lang='lat' dir='ltr'>poenae</span> <span class='ocrx_word' id='word_1_1236' title='bbox 2192 3489 2360 3520; x_wconf 90' lang='lat' dir='ltr'>nunquam</span> <span class='ocrx_word' id='word_1_1237' title='bbox 2383 3486 2430 3511; x_wconf 91' lang='lat' dir='ltr'>est</span> <span class='ocrx_word' id='word_1_1238' title='bbox 2453 3490 2504 3511; x_wconf 91' lang='lat' dir='ltr'>ac-</span> 
     </span>
    </p>
   </div>
   <div class='ocr_carea' id='block_1_32' title="bbox 325 3525 2200 3572">
    <p class='ocr_par' dir='ltr' id='par_1_40' title="bbox 325 3525 2200 3572">
     <span class='ocr_line' id='line_1_159' title="bbox 325 3525 2200 3572; baseline -0.004 -10"><span class='ocrx_word' id='word_1_1239' title='bbox 325 3540 390 3571; x_wconf 90' lang='lat' dir='ltr'>qua</span> <span class='ocrx_word' id='word_1_1240' title='bbox 413 3531 584 3562; x_wconf 87' lang='lat' dir='ltr'>attenditur</span> <span class='ocrx_word' id='word_1_1241' title='bbox 607 3531 780 3572; x_wconf 88' lang='lat' dir='ltr'>aequalitas</span> <span class='ocrx_word' id='word_1_1242' title='bbox 803 3531 849 3560; x_wconf 92' lang='lat' dir='ltr'>rei</span> <span class='ocrx_word' id='word_1_1243' title='bbox 873 3529 911 3560; x_wconf 91' lang='lat' dir='ltr'>ad</span> <span class='ocrx_word' id='word_1_1244' title='bbox 927 3539 1014 3565; x_wconf 87' lang='lat' dir='ltr'>rem;</span> <span class='ocrx_word' id='word_1_1245' title='bbox 1039 3538 1099 3559; x_wconf 92' lang='lat' dir='ltr'>nos</span> <span class='ocrx_word' id='word_1_1246' title='bbox 1116 3534 1223 3559; x_wconf 88' lang='lat' dir='ltr'>autem</span> <span class='ocrx_word' id='word_1_1247' title='bbox 1247 3528 1285 3558; x_wconf 86' lang='lat' dir='ltr'>de</span> <span class='ocrx_word' id='word_1_1248' title='bbox 1303 3529 1390 3558; x_wconf 81' lang='lat' dir='ltr'>satis·</span> <span class='ocrx_word' id='word_1_1249' title='bbox 1417 3535 1419 3565; x_wconf 48' lang='grc' dir='ltr'>ᾗ</span> <span class='ocrx_word' id='word_1_1250' title='bbox 1445 3526 1619 3567; x_wconf 89' lang='lat' dir='ltr'>ceptabilis,</span> <span class='ocrx_word' id='word_1_1251' title='bbox 1645 3526 1719 3566; x_wconf 85' lang='lat' dir='ltr'>quia</span> <span class='ocrx_word' id='word_1_1252' title='bbox 1743 3535 1910 3565; x_wconf 89' lang='lat' dir='ltr'>nunquam</span> <span class='ocrx_word' id='word_1_1253' title='bbox 1933 3525 2066 3555; x_wconf 83' lang='lat' dir='ltr'>solvitur</span> <span class='ocrx_word' id='word_1_1254' title='bbox 2089 3525 2200 3555; x_wconf 90' lang='lat' dir='ltr'>amice.</span> 
     </span>
    </p>
   </div>
   <div class='ocr_carea' id='block_1_33' title="bbox 2530 2777 2742 2832">
    <p class='ocr_par' dir='ltr' id='par_1_41' title="bbox 2530 2777 2742 2832">
     <span class='ocr_line' id='line_1_160' title="bbox 2530 2777 2742 2803; baseline 0.005 -4"><span class='ocrx_word' id='word_1_1255' title='bbox 2530 2780 2540 2789; x_wconf 83' lang='lat'><strong>·</strong></span> <span class='ocrx_word' id='word_1_1256' title='bbox 2554 2777 2625 2800; x_wconf 84' lang='lat' dir='ltr'>Num.</span> <span class='ocrx_word' id='word_1_1257' title='bbox 2636 2784 2652 2803; x_wconf 71' lang='grc' dir='ltr'>ι,</span> <span class='ocrx_word' id='word_1_1258' title='bbox 2667 2778 2742 2800; x_wconf 79' lang='lat' dir='ltr'>Prae-</span> 
     </span>
     <span class='ocr_line' id='line_1_161' title="bbox 2530 2805 2722 2832; baseline 0.005 -6"><span class='ocrx_word' id='word_1_1259' title='bbox 2530 2806 2596 2826; x_wconf 78' lang='lat' dir='ltr'>terea</span> <span class='ocrx_word' id='word_1_1260' title='bbox 2610 2805 2722 2832; x_wconf 71' lang='lat' dir='ltr'>sequitur.</span> 
     </span>
    </p>
   </div>
  </div>
 </body>
</html>
