2918 4088
462 138 536 172 226

459 216 587 253 minus
615 215 784 253 venialis.
819 217 858 254 Si
885 230 974 266 ergo
1004 219 1080 255 hoc
1109 225 1391 255 sacramentum
1412 217 1525 253 habe-

460 277 515 305 ret
543 270 723 306 effectum
751 269 790 306 in
810 270 891 308 aliis
911 283 1028 320 quam
1060 271 1099 307 in
1125 270 1377 316 sumentibus,
1397 277 1527 319 posset

458 322 676 370 contingere
705 322 813 372 quod
841 323 976 373 aliquis
1005 323 1280 372 adipisceretur
1302 321 1462 370 gloriam
1490 329 1526 359 et

457 375 618 423 gratiam
652 382 687 412 et
715 375 983 414 remissionem
1021 378 1157 425 culpae
1196 376 1342 424 absque
1377 375 1525 412 actione

458 435 493 464 et
521 427 699 477 passione
732 429 907 478 propria,
938 429 1011 466 alio
1041 429 1226 466 offerente
1254 429 1316 465 vel
1349 435 1525 465 sumente

457 481 533 518 hoc
561 489 857 518 sacramentum.

511 534 545 571 3.
576 535 807 582 PRAETEREA,
828 534 1076 583 multiplicata
1104 546 1232 577 causa,
1253 533 1526 583 multiplicatur

457 587 626 624 effectus
658 587 698 624 Si
725 599 815 635 ergo
845 588 920 624 hoc
949 595 1236 624 sacramentum
1261 587 1418 636 prodest
1445 586 1526 624 aliis

456 652 576 689 quam
605 640 863 687 sumentibus,
894 648 1120 690 sequeretur
1148 640 1255 690 quod
1289 640 1409 688 magis
1436 652 1525 690 pro-

314 704 331 720 α
455 693 580 730 desset
612 692 723 730 alicui
758 693 789 730 si
824 701 992 730 sumeret
1013 699 1030 715 ²
1058 694 1134 731 hoc
1169 701 1453 731 sacramentum
1486 693 1526 730 in

456 745 586 783 multis
605 746 738 783 hostiis
757 746 796 783 in
815 759 894 784 una
912 747 1029 784 missa
1054 746 1296 794 consecratis,
1318 746 1426 796 quod
1444 759 1525 784 non

456 799 571 836 habet
586 799 777 836 Ecclesiae
793 801 1054 837 consuetudo:
1076 808 1118 837 ut
1138 799 1276 836 scilicet
1294 799 1405 837 multi
1419 812 1525 837 com-

455 851 654 889 municent
681 865 752 902 pro
781 853 942 890 alicuius
962 855 1094 891 salute.
1133 854 1227 890 Non
1255 865 1344 901 ergo
1373 853 1527 890 videtur

455 905 564 954 quod
592 906 669 942 hoc
696 914 981 943 sacramentum
1009 906 1129 955 prosit
1157 905 1229 942 nisi
1257 906 1435 943 sumenti.

509 958 583 995 SED
599 970 744 995 CONTRA
764 971 829 995 EST
853 959 961 1007 quod
981 958 1016 995 in
1039 958 1294 996 celebratione
1322 959 1439 996 huius
1467 971 1525 995 sa-

454 1010 640 1046 cramenti
674 1010 717 1046 fit
748 1023 820 1059 pro
855 1011 985 1047 multis
1018 1011 1099 1048 aliis
1134 1011 1365 1059 deprecatio,
1405 1012 1525 1058 Quod

453 1063 591 1098 frustra
617 1062 727 1099 fieret
754 1063 826 1100 nisi
854 1064 930 1100 hoc
958 1071 1244 1100 sacramentum
1270 1063 1351 1100 aliis
1369 1064 1524 1112 prodes-

454 1122 520 1151 set.
554 1115 655 1162 Ergo
685 1116 760 1152 hoc
789 1123 1075 1153 sacramentum
1103 1127 1183 1152 non
1212 1117 1340 1152 solum
1368 1127 1525 1152 sumen-

452 1167 555 1204 tibus
582 1168 750 1217 prodest.

506 1221 732 1259 RasPONDEo
751 1234 934 1260 met-:NDUM
954 1222 1075 1271 quod,
1096 1220 1192 1258 sicut
1210 1221 1317 1271 prius
1331 1221 1351 1243 '¹‘
1379 1220 1524 1258 dictum

453 1281 520 1319 est,
543 1274 620 1310 hoc
647 1283 933 1312 sacramentum
961 1287 1042 1312 non
1071 1276 1199 1312 solum
1228 1282 1283 1311 est
1311 1286 1524 1312 sacramen-

453 1334 550 1373 tum,
571 1327 639 1364 sed
663 1328 777 1365 etiam
801 1336 857 1365 est
883 1327 1126 1365 sacrificium.
1156 1329 1391 1377 Inquantum
1419 1327 1524 1365 enim

452 1379 492 1416 in
520 1381 597 1417 hoc
624 1389 865 1419 sacramento
894 1388 1202 1431 repraesentatur
1222 1381 1350 1430 passio
1371 1380 1523 1427 Christi,

453 1445 531 1482 qua
560 1433 734 1472 Christus
769 1436 896 1472 obtulit
926 1447 965 1472 se
991 1436 1150 1473 hostiam
1178 1435 1280 1481 Deo,
1308 1441 1351 1471 ut
1387 1433 1526 1471 dicitur

451 1487 585 1535 Ephes.
607 1500 630 1524 v
648 1487 679 1534 ²¹⁶,
709 1488 826 1526 habet
853 1487 1041 1526 rationem
1070 1487 1261 1525 sacrificii:
1292 1487 1525 1536 inquantum

452 1551 547 1576 vero
576 1539 616 1576 in
635 1541 712 1579 hoc
731 1549 972 1579 sacramento
1000 1540 1162 1579 traditur
1180 1540 1418 1578 invisibiliter
1444 1552 1524 1589 gra-

451 1592 504 1630 tia
523 1593 595 1630 sub
614 1593 752 1632 visibili
781 1595 919 1644 specie,
939 1595 1055 1632 habet
1074 1594 1264 1631 rationem
1283 1593 1522 1630 sacramenti.

453 1645 517 1683 Sic
544 1646 656 1694 igitur
683 1649 759 1686 hoc
787 1655 1073 1686 sacramentum
1093 1647 1336 1685 sumentibus
1364 1646 1525 1696 quidem

452 1699 608 1748 prodest
635 1713 706 1750 per
732 1702 899 1739 modum
937 1701 1166 1738 sacramenti
1198 1708 1235 1738 et
1262 1712 1332 1749 per
1358 1699 1524 1737 modum

452 1752 646 1800 sacrificii,
684 1754 775 1804 quia
807 1767 878 1804 pro
912 1754 1095 1791 omnibus
1134 1753 1375 1791 sumentibus
1410 1753 1524 1790 offer-

313 1808 327 1842 β
452 1813 531 1842 tur:
561 1805 701 1844 dicitur
728 1807 834 1845 enim
853 1807 868 1837 β
895 1807 936 1844 in
964 1819 1114 1845 canone
1142 1806 1304 1844 missae:
1340 1807 1525 1855 Quotquot

452 1870 502 1895 ex
528 1860 600 1896 hac
627 1861 756 1898 altaris
769 1863 1057 1911 participatione
1081 1866 1361 1898 sacrosanctum
1388 1871 1524 1909 corpus

453 1917 487 1948 et
512 1915 738 1963 sanguinem
766 1915 854 1952 Filii
879 1916 933 1951 tui
949 1915 1226 1964 sumpserimus,
1248 1914 1353 1950 omni
1378 1913 1524 1950 benedi·

452 1967 574 2002 ctione
600 1968 749 2004 caelesti
773 1973 807 2004 et
833 1969 960 2018 gratia
989 1967 1213 2017 repleamur.
1245 1966 1322 2004 Sed
1343 1965 1436 2013 aliis,
1456 1965 1524 2015 qui

453 2030 534 2055 non
562 2029 734 2068 sumunt,
763 2022 920 2070 prodest
947 2032 1017 2070 per
1044 2021 1211 2057 modum
1244 2019 1440 2067 sacrificii,
1468 2019 1524 2056 in-

453 2081 646 2120 quantum
673 2086 745 2123 pro
774 2075 894 2111 salute
923 2085 1062 2111 eorum
1091 2073 1270 2110 offertur:
1301 2073 1406 2109 unde
1430 2080 1466 2109 et
1485 2072 1524 2109 in

453 2136 602 2163 canone
630 2126 769 2165 missae
790 2127 947 2164 dicitur:
977 2129 1184 2173 Memento,
1206 2127 1380 2172 Domine,
1390 2126 1524 2174 famu-

451 2178 575 2216 lorum
593 2181 908 2230 famularumque
934 2186 1097 2227 tuarum,
1118 2192 1194 2230 pro
1223 2180 1353 2229 quibus
1380 2180 1445 2216 tibi
1470 2179 1524 2228 of

312 2243 329 2269 τ
441 2231 620 2280 ferimus,
639 2234 699 2271 vel
717 2236 781 2284 qui
797 2235 863 2272 tibi
880 2233 1042 2283 offerunt
1061 2238 1088 2281 Υ,
1110 2234 1181 2270 hoc
1199 2234 1426 2281 sacrificium
1444 2232 1525 2269 lau-

213 1229 223 1241 ·
238 1229 290 1251 Art.
305 1234 325 1257 5.

213 1494 224 1505 ¹
239 1493 304 1514 Vers.
320 1499 339 1514 2.

506 2371 534 2406 α)
554 2374 678 2397 sumeret.
696 2384 715 2390 -·
733 2371 810 2395 multi
827 2372 968 2395 sumerunt
987 2369 1048 2394 PFI.
1061 2382 1079 2387 -
1097 2368 1148 2392 Pro
1167 2368 1193 2393 in
1213 2367 1313 2396 multis,
1327 2366 1418 2391 multis
1431 2365 1470 2390 Pl.

507 2406 533 2441 β)
552 2408 631 2433 enim.
656 2422 675 2426 -
702 2406 772 2431 PIsG
798 2411 823 2431 et
846 2413 879 2437 a;
907 2408 1007 2430 autem.
1031 2419 1051 2423 -
1078 2404 1143 2429 fflii
1170 2403 1211 2429 tui
1238 2409 1297 2428 ante
1323 2410 1422 2435 corpus
1450 2402 1523 2436 ponit

453 2448 537 2512 temp).
552 2478 594 2503 vel
610 2478 657 2511 qui
675 2477 723 2502 tibi
741 2477 864 2511 offer-um.
881 2490 900 2495 -
919 2476 953 2507 Ρ;
972 2481 1033 2509 post
1051 2476 1141 2501 laudis
1160 2475 1234 2510 ponit
1253 2475 1281 2505 F,
1299 2484 1354 2500 om.
1372 2475 1459 2501 ceteri.

1101 137 1363 184 QUAESTIO
1395 137 1571 183 LXXIX,
1601 137 1896 176 ARTICULUS
1922 138 2003 174 VIII

1581 216 1646 262 dis,
1662 228 1736 265 pro
1764 229 1802 252 se
1828 218 1973 266 suisque
2000 219 2181 263 omnihus,
2195 230 2271 267 pro
2290 219 2541 268 redemptione
2565 220 2643 256 ani-

1580 280 1730 305 marum
1761 281 1936 316 suarum,
1960 282 2034 319 pro
2071 282 2135 319 spe
2167 270 2292 307 salutis
2326 277 2359 307 et
2386 271 2644 308 incolumitatis

1579 333 1679 358 suae.
1709 323 1757 359 Et
1785 329 1994 372 utrumque
2016 322 2182 360 modum
2201 321 2214 344 ὃ
2242 323 2435 361 Dominus
2454 324 2641 374 exprimit,
2769 321 2783 346 ὃ

1581 374 1722 420 dicens,
1751 375 1886 412 Matth.
1906 387 1990 412 xxw
2008 374 2043 412 *ε
2080 377 2155 418 Qui
2174 387 2249 425 pro
2276 378 2390 423 vobis,
2415 376 2554 414 scilicet
2581 389 2643 414 su·
2672 378 2883 432 {gfffssssggffi

1579 427 1794 474 mentibus,
1824 434 1857 464 et
1887 440 1960 476 pro
1995 429 2117 465 multis
2151 427 2249 475 aliis,
2279 428 2488 477 effundetur
2519 432 2556 466 in
2586 441 2643 466 re·
2672 437 2783 453 vest-²0·
2877 422 2883 432 ’

1578 481 1790 517 missionem
1815 487 2065 530 peccatorum.

1631 534 1689 570 AD
1718 546 1854 571 PRIMUM
1882 546 1980 571 ERGO
2005 546 2189 572 DICENDUM
2208 534 2315 583 quod
2334 535 2411 571 hoc
2429 547 2643 572 sacramen-

1578 594 1662 623 tum
1681 598 1772 636 prae
1792 586 1873 623 aliis
1892 587 2007 624 habet
2025 587 2133 636 quod
2153 594 2208 624 est
2226 586 2468 624 sacrificium.
2489 588 2538 624 Et
2552 587 2643 630 >ideo

1578 651 1660 676 non
1690 647 1744 677 est
1771 639 1904 677 similis
1931 639 2039 677 ratio.

1630 694 1688 730 AD
1708 705 1896 730 SECUNDUM
1916 705 2096 730 mCENDUM
2116 692 2236 742 quod,
2256 692 2353 729 sicut
2380 692 2508 742 passio
2538 691 2644 730 Chri-

1578 745 1624 782 sti
1654 746 1810 795 prodest
1846 745 2006 795 quidem
2041 745 2224 783 omnibus
2252 750 2264 766 ⁸
2292 745 2341 782 ad
2376 744 2645 783 remissionem
2769 756 2780 773 ε

1579 801 1714 848 culpae
1743 806 1779 836 et
1807 798 2055 848 adeptionem
2081 798 2221 848 gratiae
2249 806 2286 835 et
2312 798 2471 847 gloriae,
2497 798 2566 835 sed
2593 798 2644 835 ef-

1577 853 1718 889 fectum
1740 864 1820 889 non
1844 852 1959 889 habet
1977 852 2049 889 nisi
2073 852 2112 889 in
2131 851 2201 889 illis
2228 851 2296 901 qui
2314 851 2484 901 passioni
2504 850 2645 889 Christi

1578 905 1866 954 coniunguntur
1892 917 1962 955 per
1988 905 2108 942 fidem
2136 913 2172 942 et
2199 904 2413 952 caritatem;
2450 904 2502 941 ita
2529 904 2644 942 etiam

1577 959 1654 995 hoc
1681 958 1925 1004 sacrificium,
1954 959 2061 1008 quod
2081 966 2136 995 est
2163 958 2387 996 memoriale
2415 956 2644 995 Dominicae

1577 1011 1779 1060 passioniS,
1794 1023 1875 1049 non
1894 1011 2009 1048 habet
2028 1012 2209 1048 effectum
2228 1010 2300 1048 nisi
2319 1011 2358 1048 in
2377 1010 2447 1048 illis
2466 1010 2534 1060 qui
2553 1022 2644 1047 con·

1578 1063 1789 1111 iunguntur
1817 1063 1908 1101 huic
1935 1071 2174 1101 sacramento
2203 1076 2272 1113 per
2300 1063 2421 1101 fidem
2448 1071 2485 1100 et
2511 1062 2643 1100 carita-

1577 1123 1667 1152 tem.
1708 1117 1818 1153 Unde
1851 1124 1888 1152 et
1915 1116 2152 1164 Augustinus
2184 1116 2284 1163 dicit,
2318 1117 2369 1153 ad
2397 1118 2586 1153 Renatum
2603 1115 2641 1153 *z
2672 1115 2887 1171 ζίῌεορῇᾞῖξ

1583 1169 1674 1210 Quis
1701 1168 1836 1217 offerat
1863 1181 1999 1218 corpus
2029 1170 2166 1205 Christi
2196 1170 2268 1206 nisi
2288 1181 2362 1217 pro
2389 1170 2445 1206 his
2473 1170 2537 1218 qui
2560 1174 2645 1206 sunt
2670 1175 2722 1198 ⁶⁸¹³·
2736 1175 2768 1192 ¹¹·

1577 1222 1748 1258 membra
1771 1221 1936 1258 Christi?
1962 1221 2075 1259 Unde
2104 1229 2140 1258 et
2159 1221 2199 1258 in
2227 1233 2376 1258 canone
2405 1221 2544 1258 missae
2563 1233 2651 1264 non

1578 1282 1710 1312 oratur
1728 1286 1800 1323 pro
1826 1274 1891 1316 his,
1913 1274 1982 1323 qui
2009 1282 2098 1311 sunt
2117 1281 2221 1311 extra
2239 1273 2463 1311 Ecclesiam.
2492 1273 2566 1310 Illis
2590 1281 2644 1310 ta-

1577 1340 1670 1364 men
1688 1328 1845 1377 prodest
1869 1329 1956 1377 plus
1981 1328 2042 1364 vel
2070 1326 2213 1373 minus,
2233 1327 2451 1364 secundum
2478 1326 2644 1363 modum

1578 1380 1795 1418 devotionis
1823 1393 1972 1418 eorum.

1630 1435 1688 1471 Ao
1719 1446 1880 1471 Tl-:R‘rmm
1913 1445 2096 1471 DlCENDnM
2129 1433 2239 1482 quod
2275 1432 2445 1482 sumptio
2481 1431 2646 1482 pertinet

1577 1487 1628 1524 ad
1655 1487 1844 1524 rationem
1863 1486 2112 1524 sacramenti:
2142 1486 2210 1524 sed
2236 1485 2379 1523 oblati0
2406 1485 2568 1535 pertinet
2595 1484 2645 1522 ad

1578 1539 1765 1578 rationem
1796 1539 1982 1577 sacrificii.
2011 1540 2060 1577 Et
2086 1539 2174 1577 ideo
2195 1551 2242 1576 ex
2269 1540 2346 1576 hoc
2373 1538 2481 1588 quod
2509 1537 2646 1587 aliquis

1578 1593 1696 1630 sumit
1723 1605 1866 1643 corpus
1894 1592 2046 1639 Christi,
2074 1594 2137 1630 vel
2165 1592 2280 1630 etiam
2307 1593 2450 1642 plureS,
2474 1603 2556 1628 non
2581 1602 2644 1628 ac-

1577 1646 1709 1684 crescit
1736 1646 1816 1684 aliis
1835 1645 1992 1696 aliquod
2011 1645 2292 1683 iuvamentum.
2322 1644 2502 1683 Similiter
2529 1643 2645 1682 etiam

1578 1712 1707 1750 neque
1727 1699 1738 1725 ζ
1757 1712 1805 1737 ex
1822 1700 1900 1737 hoc
1918 1699 2026 1748 quod
2045 1699 2223 1736 sacerdos
2241 1700 2372 1748 plures
2390 1697 2534 1735 hostias
2552 1709 2644 1735 con·
2768 1706 2784 1736 t

1579 1761 1702 1790 secrat
1728 1753 1768 1790 in
1796 1765 1876 1790 una
1902 1752 2041 1798 missa,
2070 1764 2151 1789 non
2178 1751 2452 1802 multiplicatur
2485 1750 2645 1788 effeetus

1578 1806 1695 1844 huius
1723 1805 1967 1853 sacramenti,
2003 1804 2095 1854 quia
2121 1817 2203 1842 non
2235 1812 2291 1842 est
2322 1803 2395 1842 nisi
2421 1815 2548 1841 unum
2585 1815 2644 1840 sa-

1578 1859 1784 1896 crificium:
1820 1858 1916 1896 nihil
1943 1858 2048 1896 enim
2075 1857 2224 1896 virtutis
2250 1859 2338 1908 plus
2365 1864 2422 1895 est
2448 1856 2488 1894 in
2515 1854 2645 1894 multis

1577 1911 1712 1950 hostiis
1740 1911 1970 1950 consecratis
1997 1923 2119 1961 quam
2136 1911 2177 1948 in
2194 1923 2285 1958 una,
2305 1923 2398 1948 curn
2421 1909 2494 1947 sub
2522 1908 2645 1947 omni-

1578 1966 1652 2003 bus
1672 1973 1709 2002 et
1727 1965 1800 2002 sub
1819 1977 1899 2002 una
1926 1976 2007 2002 non
2026 1964 2072 2002 sit
2091 1964 2163 2002 nisi
2191 1971 2293 2002 totus
2316 1963 2502 2001 Christus.
2531 1961 2644 2000 Unde

1578 2031 1651 2056 nec
1677 2019 1709 2056 si
1736 2018 1873 2068 aliquis
1901 2017 2016 2055 simul
2034 2017 2074 2055 in
2092 2030 2172 2055 una
2199 2017 2316 2055 missa
2334 2017 2474 2054 multas
2501 2014 2645 2053 hostias

1577 2079 1817 2109 consecratas
1836 2078 1974 2119 sumat,
1988 2070 2227 2121 participabit
2245 2070 2435 2107 maiorem
2463 2069 2645 2106 effectum

1578 2125 1816 2163 sacramenti.
1851 2147 1877 2152 —-
1904 2125 1946 2162 In
1973 2124 2149 2174 pluribus
2180 2135 2274 2161 vero
2302 2122 2428 2161 missis
2463 2120 2644 2171 multipli-

1579 2186 1686 2216 catur
1713 2177 1887 2215 sacrificii
1914 2177 2068 2215 oblatio.
2103 2178 2153 2214 Et
2179 2176 2267 2214 ideo
2294 2175 2566 2226 multiplicatur
2593 2172 2643 2212 ef-

1577 2232 1697 2269 fectus
1725 2230 1899 2269 sacrificii
1926 2238 1964 2268 et
1990 2229 2228 2268 sacramenti.

1629 2362 1654 2398 δ)
1674 2365 1792 2390 modum.
1809 2378 1828 2383 ·—
1841 2363 2004 2396 proficiendi
2025 2363 2094 2388 addit
2116 2363 2198 2388 tertia.
2221 2362 2272 2387 Pro
2290 2361 2430 2402 exprimit,
2449 2359 2586 2401 expressit
2602 2359 2642 2385 ΡΙ.

1576 2400 1596 2425 ¹²
1615 2401 1794 2469 azur.-
1812 2399 2041 2468 {sarem
2057 2396 2567 2468 aas-...xtae;.2:;2;¹:2‡2.:.011102²·

1629 2474 1656 2510 ζ)
1676 2481 1768 2507 neque.
1786 2487 1806 2492 -
1824 2473 1885 2498 Om.
1905 2472 1935 2498 P.

1241 2632 1560 2676 ARTICULUS
1590 2629 1864 2674 OCTAVUS

675 2729 834 2762 UTRUM
856 2729 939 2760 PER
962 2728 1155 2759 VENtALE
1178 2726 1422 2758 PECCATUM
1445 2725 1715 2756 lMPEDIATUR
1738 2721 1964 2755 EFFECTUS
1987 2720 2120 2753 umus
2142 2717 2425 2752 SACRAMENTI

1077 2806 1111 2831 1v
1133 2806 1219 2836 Sent.,
1239 2806 1297 2830 dist.
1315 2812 1360 2835 ιιι,
1379 2813 1425 2838 qu.
1443 2811 1471 2835 11,
1490 2809 1537 2830 art.
1558 2810 1582 2833 ι,
1601 2803 1650 2836 qu*
1670 2803 1700 2834 33
1719 2808 1766 2828 art.
1787 2809 1810 2832 2.
1829 2801 1879 2835 qu⁸
1899 2808 1923 2832 1,
1942 2801 1974 2826 ad
1993 2808 2018 2826 2.

218 2911 428 2943 uziacommem.
505 2919 549 2935 «ι
604 2925 621 2938 s·
665 2909 875 2935 DocrAvum
890 2909 942 2934 su:
957 2895 1229 2934 PROCED1TUR*.
1242 2894 1404 2932 Videtur
1417 2894 1524 2944 quod

218 2938 428 2993 ffffif'ii?⁸s¹q⁸‹¹{¹‘¹’
481 2973 483 2977 ,
574 2940 585 2961 ‘⁴
641 2963 735 3001 per
761 2950 911 2988 veniale
948 2956 1153 2999 peccatum
1183 2960 1264 2986 non
1293 2947 1525 2997 impediatur

521 3022 589 3050 rw»
615 3004 826 3049 (effectus
863 3002 979 3040 huius
1013 3001 1255 3040 sacramenti.
1293 3000 1392 3038 Dicit
1419 2999 1524 3037 enirn

494 3040 498 3054 ἡ
515 3035 603 3089 ἐῷ
627 3052 905 3105 &Augustinus
923 3055 953 3103 ³¹²,
975 3067 1093 3105 super
1112 3055 1207 3092 illud
1234 3055 1338 3092 Ioan.
1359 3066 1394 3091 vt
1412 3053 1465 3099 *ἦ
1486 3054 1527 3090 Si

458 3112 536 3159 quis
564 3123 613 3147 ex
639 3112 717 3160 ipso
749 3109 1030 3147 manducaverit
1055 3113 1073 3129 α
1101 3115 1189 3145 etc.:
1228 3109 1371 3145 Panem
1406 3106 1523 3144 caele-

219 3169 428 3218 ggvgoggegltgirgf
455 3169 545 3199 stem
572 3163 810 3211 spiritualiter
837 3162 1078 3206 manducate;
1115 3162 1365 3198 innocentiam
1397 3160 1447 3196 ad
1473 3159 1523 3196 al-

220 3222 323 3271 ἔργω.
338 3212 432 3277 5052]
456 3221 537 3252 tare
553 3221 713 3264 portate;
735 3221 903 3264 peccata,
924 3215 989 3251 etsi
1005 3216 1077 3251 sint
1106 3214 1332 3263 quotidiana,
1353 3224 1427 3249 non
1453 3213 1524 3249 sint

317 3285 334 3301 α
459 3269 664 3317 mortifera.
680 3268 739 3304 Ex
758 3279 838 3317 quo
857 3274 958 3316 patet
980 3266 1090 3315 quod
1110 3266 1336 3315 quotidiana
1355 3271 1522 3314 peccata,

219 3066 229 3076 ·
234 3064 260 3086 In
266 3064 331 3086 Ioan.
337 3064 428 3093 Evang.

218 3094 284 3113 tract.
303 3090 391 3118 XXVI,
406 3098 429 3113 n.

221 3124 242 3139 n
266 3119 306 3143 (su
324 3123 348 3139 er
371 3124 421 3139 vers

219 3143 306 3171 49).-C
315 3159 322 3165 .
331 3149 381 3165 can.
389 3144 432 3165 Pa·

511 3403 539 3437 α)
559 3400 846 3470 δί...βνηαηάιιεανενίί.
864 3414 883 3419 -
902 3400 997 3425 Patres
1015 3398 1098 3425 vestri
1117 3398 1347 3424 manducaverunt
1369 3403 1469 3422 manna
1488 3396 1522 3426 Ρ;

458 3439 491 3464 cf.
510 3443 557 3463 art.
574 3446 600 3470 4.
636 3457 643 3463 .

1577 2905 1677 2943 quae
1713 2892 1894 2930 dicuntur
1919 2889 2083 2928 venialia
2101 2887 2133 2936 β,
2163 2887 2397 2938 spiritualem
2431 2884 2641 2922 manduca·
2767 2895 2782 2928 β

1577 2946 1727 2983 tionem
1754 2957 1836 2982 non
1864 2943 2090 2993 impediunt.
2120 2941 2197 2979 Sed
2216 2938 2456 2990 spiritualiter
2477 2936 2641 2974 mandu-

1578 3007 1708 3037 cantes
1722 2998 1903 3036 effectum
1917 2996 2033 3034 huius
2052 2992 2278 3033 sacramenti
2291 2989 2517 3042 percipiunt.
2538 2990 2640 3038 Ergo

1578 3059 1733 3102 peccata
1759 3050 1924 3088 venialia
1957 3060 2038 3086 non
2065 3045 2281 3096 impediunt
2315 3044 2496 3082 effectum
2524 3042 2640 3080 huius

1577 3103 1816 3143 sacramenti.

1632 3170 1666 3195 2.
1696 3158 1927 3203 PRAETEREA,
1954 3154 2031 3191 hoc
2057 3158 2341 3190 sacramentum
2374 3161 2455 3187 non
2487 3156 2543 3186 est
2569 3148 2640 3186 mi·

1580 3210 1684 3248 noris
1724 3208 1873 3247 virtutis
1913 3218 2033 3256 quarn
2073 3203 2297 3254 baptismus.
2341 3202 2418 3241 Sed
2460 3202 2641 3240 effectum
2668 3244 2678 3255 ¹

1577 3261 1768 3312 baptismi,
1798 3261 1894 3298 sicut
1921 3270 2038 3309 supra
2055 3257 2076 3280 *
2102 3257 2248 3295 dictum
2276 3263 2342 3304 est,
2371 3254 2532 3306 impedit
2558 3255 2641 3293 sola
2668 3243 2822 3298 9.Q.'3'.¹·¹¹¹'
2835 3246 2879 3266 ‘⁸¹’

1631 3394 1657 3429 β)
1675 3394 1862 3428 quotidiana...
1880 3391 2005 3418 venialia.
2022 3405 2041 3411 —-
2058 3391 2174 3416 veniaIia
2194 3393 2308 3423 peccata
2327 3397 2396 3423 quae
2419 3389 2580 3423 quotidiana
2598 3395 2644 3415 νο·

1576 3434 1674 3458 cantur
1691 3430 1773 3455 tertia.
