2918 4088
214 1088 224 1098 ·
239 1086 337 1108 Primus.

215 1114 238 1143 ''.
253 1113 309 1134 Can.
331 1111 426 1138 Compe—

214 1145 295 1160 ramus.

314 1175 330 1191 α

217 1569 227 1579 ·
234 1567 429 1594 Qu.1.xxin,art.2.

218 1723 227 1733 ·
243 1721 278 1744 Cf.
293 1727 341 1748 arg.
358 1728 376 1742 ι.

219 1938 229 1948 ·
245 1936 292 1963 Qu.
307 1941 373 1962 uvi,
389 1938 431 1956 art.

220 1969 250 1990 9,
279 1962 307 1983 ad
336 1968 363 1990 5³
392 1967 432 1989 qu·

219 1994 299 2015 axxm,
314 1993 356 2009 art.
370 1994 393 2014 4.
408 1994 431 2015 53

221 2022 260 2043 qu.
270 2021 345 2042 mxiv,
359 2018 401 2036 art.
414 2021 432 2036 ι.

222 2147 232 2157 ·
247 2145 294 2172 Qu.
304 2150 380 2171 mxxiv,
391 2146 433 2165 art.

223 2179 242 2196 i:
257 2177 296 2199 qu.
306 2177 381 2198 mvi,
391 2173 433 2192 an.

222 2204 243 2226 2,
258 2198 286 2220 ad
302 2205 320 2220 ι.

322 2303 336 2337 β

453 201 529 236 244

1107 186 1369 234 QUAESTIO
1398 185 1559 231 LXXX,
1588 183 1881 221 ARTICULUS
1910 183 1975 219 XII

451 278 567 308 corpus
591 267 705 298 Christi
726 268 897 308 mysticum
920 272 956 297 ut
971 271 1170 296 sacramento
1187 266 1402 296 Eucharistiae
1419 264 1514 304 signi·
1539 273 1542 299 ι
1567 263 1722 293 tationem
1745 262 1907 292 Ecclesiae
1936 261 2054 292 utentis
2078 261 2140 291 hoc
2164 261 2297 291 Domini
2319 260 2470 291 mandato
2496 260 2555 290 sub
2579 260 2627 290 his

450 312 562 342 ficatur
585 317 615 342 et
639 311 810 342 confertur.
845 311 950 341 Prima
972 310 1008 340 fit
1031 309 1094 340 fide
1120 309 1255 340 formata
1278 309 1438 344 absolute,
1463 308 1513 338 vel
1567 307 1669 337 verbis
1685 307 1718 336 *z
1743 305 1837 336 Haec
1855 305 2113 346 quotiescumque
2127 305 2286 346 feceritis,
2305 305 2336 335 in
2354 305 2415 335 mei
2439 303 2627 335 memoriam

450 357 572 386 visione
596 356 702 386 beata:
735 354 874 386 secunda
905 354 940 385 fit
970 354 1032 385 fide
1064 353 1201 384 formata
1232 353 1427 384 desiderante
1451 353 1513 382 hoc

450 405 693 430 sacramentum.

1558 351 1703 392 facietis.
1728 350 1768 380 Et
1790 349 1876 380 idem
1900 359 2010 380 sensus
2033 349 2166 379 habetur
2189 348 2202 378 1
2225 348 2268 379 ad
2293 348 2368 379 Cor.
2391 359 2423 379 XI
2438 349 2465 384 ἦ
2490 357 2565 379 cum
2589 347 2628 378 de

1568 395 1665 426 calice
1678 393 1836 425 subditur:
1854 393 1930 423 Hoc
1935 393 2051 435 facite,
2068 393 2326 434 quotiescumque
2340 393 2458 428 bibetis,
2476 393 2508 423 in
2525 401 2628 423 meam

506 443 651 474 Secunda
667 449 774 473 autern
798 443 876 473 ratio
901 442 991 473 evadi
1015 447 1123 483 potest
1146 441 1282 472 dicendo
1306 446 1514 482 praeceptum
1568 438 1914 470 commemorationem.

451 488 582 518 Domini
606 487 716 517 cadere
739 497 807 517 non
823 497 918 527 super
933 487 996 517 hoc
1013 486 1127 522 facere,
1145 486 1201 516 sed
1217 495 1312 526 super
1327 485 1515 516 relationem

1624 483 1740 513 Tutior
1755 481 1891 522 proinde
1907 486 2037 521 apparet
2052 481 2102 511 via
2113 481 2263 511 Auctoris
2278 481 2340 513 hic.
2354 481 2499 521 quamvis
2511 489 2629 520 cogens

451 532 549 571 ipsius
572 531 675 562 facere
699 531 738 562 ad
757 541 847 562 suam
864 531 1228 562 commemorationem:
1254 531 1339 560 iuxta
1362 530 1514 568 interpre-
1541 530 1543 563 1
1569 528 1648 558 ratio
1672 537 1739 557 non
1763 531 1920 567 appareat.

1171 661 1492 704 ARTICULUS
1522 658 1908 703 DUODECIMUS

903 757 1060 788 UTRUM
1084 755 1246 786 LICEAT
1270 755 1445 786 suMERE
1469 754 1638 785 CORPUS
1661 752 1818 784 DOMINI
1842 752 1938 783 slNE
1961 750 2181 783 SANGUINE

1019 837 1052 861 lV
1072 837 1155 866 Sent.‚
1176 836 1234 861 dist.
1253 842 1296 866 xu,
1317 842 1362 867 qu.
1380 842 1417 864 ιιι,
1436 839 1484 859 art.
1504 842 1527 864 2,
1547 834 1598 866 qu⁸
1618 841 1648 864 2;
1668 834 1698 858 In
1719 834 1802 863 Ioan„
1819 841 1875 866 cap.
1893 841 1927 863 νι,
1947 834 2005 858 lect.
2023 840 2068 858 vn.

508 948 534 972 ,⁸
585 950 616 1003 ξ
666 933 688 957 D
725 930 962 957 DUODECIMUM
995 929 1046 954 εις
1085 927 1320 953 PROCEDITUR.
1359 914 1531 951 Videtur

593 1003 608 1024 t
635 1013 645 1021 ‚¹
666 973 772 1021 quod
792 983 872 1008 non
893 970 1000 1007 liceat
1019 980 1173 1006 sumere
1194 979 1335 1016 corpus
1359 966 1519 1003 Domini

473 1026 521 1084 '452
553 1064 555 1066 ,
604 1012 746 1061 ''sine
771 1023 966 1071 sanguine.
996 1021 1095 1059 Dicit
1119 1020 1223 1058 enim
1250 1019 1425 1057 Gelasius
1449 1020 1518 1056 Pa-

512 1054 609 1114 3⁶⁷5}
624 1071 716 1126 &pa
733 1077 764 1122 ³¹²,
782 1084 818 1112 et
836 1075 999 1113 habetur
1018 1075 1063 1111 de
1086 1075 1310 1119 Consecrat.,
1332 1073 1410 1109 dist.
1422 1071 1517 1109 Ilffl‘:

458 1132 714 1180 Comperimus
743 1129 841 1179 quod
868 1129 1029 1178 quidam,
1059 1132 1204 1176 sumpta
1231 1125 1486 1163 tantummodo
1503 1130 1519 1146 α

454 1184 621 1233 corporis
654 1184 755 1220 sacri
779 1183 970 1232 portione,
999 1193 1023 1218 a
1051 1181 1167 1217 calice
1202 1180 1341 1216 sacrati
1375 1180 1520 1215 cruoris

454 1237 642 1274 abstinent.
679 1237 753 1278 Qui
773 1235 910 1285 procul
937 1234 1058 1280 dubio,
1088 1234 1263 1283 quoniam
1297 1233 1419 1268 nescio
1448 1244 1520 1281 qua

453 1290 705 1339 superstitione
724 1288 902 1325 docentur
929 1287 1122 1336 adstringi,
1143 1291 1206 1323 aut
1230 1287 1376 1335 integra
1395 1297 1520 1322 sacra-

454 1347 578 1379 menta
600 1343 820 1391 percipiant,
841 1346 904 1378 aut
932 1342 978 1377 ab
1007 1340 1161 1389 integris
1188 1343 1398 1376 arceantur.
1427 1338 1521 1375 Non

455 1407 544 1443 ergo
574 1394 658 1431 licet
686 1406 826 1443 corpus
857 1391 995 1431 Christi
1024 1404 1177 1429 sumere
1207 1391 1288 1428 sine
1323 1390 1519 1439 sanguine.

510 1459 544 1484 2.
579 1449 818 1494 PRAETEREA‚
849 1447 897 1484 ad
934 1445 1208 1495 perfectionem
1245 1443 1362 1481 huius
1399 1455 1522 1480 sacra-

455 1500 575 1537 menti
603 1500 795 1538 concurrit
829 1499 1077 1536 manducatio
1113 1497 1285 1547 corporis
1313 1505 1350 1533 et
1376 1496 1522 1546 potatio

456 1553 665 1602 sanguinis,
695 1561 737 1590 ut
769 1565 885 1602 supra
903 1552 923 1574 '¹‘
952 1551 1128 1589 habiturn
1161 1559 1227 1587 est.
1267 1550 1308 1588 Si
1335 1561 1425 1598 ergo
1461 1562 1523 1586 su-

457 1614 584 1643 matur
611 1618 752 1655 corpus
789 1605 870 1643 sine
899 1604 1083 1654 sanguine
1097 1634 1105 1650 ,
1136 1603 1204 1641 erit
1239 1610 1524 1640 sacramentum

457 1659 734 1708 imperfectum.
765 1658 885 1706 Quod
913 1658 962 1695 ad
991 1657 1232 1706 sacrilegium
1259 1656 1449 1706 pertinere
1468 1655 1524 1693 vi-

457 1713 579 1749 detur.
615 1713 727 1750 Unde
756 1712 902 1749 ibidem
920 1711 940 1733 '¹‘
968 1710 1144 1748 Gelasius
1173 1709 1319 1747 subdit:
1357 1711 1444 1759 quia
1472 1710 1524 1746 di-

458 1767 547 1803 visio
576 1767 684 1802 unius
712 1765 944 1814 eiusdemque
962 1765 1131 1813 mysterii
1147 1765 1227 1800 sine
1254 1763 1396 1813 grandi
1411 1764 1524 1800 sacri-

459 1819 557 1869 legio
586 1831 660 1855 non
684 1824 802 1868 potest
823 1819 1036 1868 provenire.

515 1871 548 1908 3.
579 1872 811 1918 PRAETEREA,
831 1872 908 1907 hoc
935 1877 1219 1907 sacramentum
1247 1868 1460 1905 celebratur
1487 1867 1526 1904 in

459 1923 688 1961 memoriam
718 1923 946 1961 Dominicae
974 1922 1174 1972 passionis,
1203 1929 1246 1958 ut
1278 1933 1395 1970 supra
1411 1920 1432 1943 '¹‘
1460 1921 1526 1958 ha-

459 1976 584 2014 bitum
603 1985 669 2022 est,
691 1985 727 2014 et
746 1976 911 2014 sumitur
929 1988 1000 2026 pro
1020 1975 1172 2012 animae
1193 1976 1324 2012 salute.
1346 1974 1423 2012 Sed
1441 1986 1527 2023 pas-

461 2030 517 2067 sio
548 2029 687 2067 Christi
715 2029 836 2078 magis
862 2027 1088 2079 exprimitur
1119 2027 1159 2064 in
1191 2026 1375 2076 sanguine
1408 2038 1528 2075 quam

461 2083 500 2120 in
524 2095 701 2133 corpore:
732 2082 884 2130 sanguis
913 2081 1027 2119 etiam
1054 2093 1126 2131 pro
1156 2081 1275 2117 salute
1304 2079 1455 2117 animae
1475 2079 1528 2116 of-

460 2136 588 2184 fertur,
609 2143 652 2174 ut
671 2147 787 2185 supra
805 2134 825 2157 *
853 2134 1029 2172 habitum
1050 2141 1115 2171 est.
1151 2134 1253 2181 Ergo
1273 2132 1402 2183 potius
1431 2140 1528 2169 esset

462 2188 734 2226 abstinendum
753 2200 776 2225 a
795 2187 1014 2237 sumptione
1043 2186 1216 2236 corporis
1245 2198 1365 2236 quam
1385 2198 1407 2222 a
1426 2197 1528 2222 sum-

461 2242 593 2291 ptione
628 2240 833 2290 sanguinis.
870 2241 964 2278 Non
998 2252 1087 2289 ergo
1125 2239 1349 2277 accedentes
1378 2238 1428 2276 ad
1455 2239 1531 2276 hoc

463 2302 747 2333 sacramentum
774 2294 915 2332 debent
948 2305 1100 2331 sumere
1130 2305 1272 2342 corpus
1290 2291 1305 2322 β
1334 2291 1415 2329 sine
1448 2291 1530 2329 eius

463 2348 659 2397 sanguine.

518 2403 591 2439 SED
628 2413 772 2438 CONTRA
804 2412 870 2437 1-:sT
902 2401 1113 2436 multarum
1142 2398 1391 2436 ecclesiarum
1419 2410 1531 2443 usus,

464 2454 504 2491 in
539 2454 680 2503 quibus
718 2454 866 2503 populo
902 2451 1205 2489 communicanti
1244 2451 1355 2488 datur
1392 2462 1533 2500 corpus

467 2506 605 2544 Christi
633 2506 882 2553 sumendum,
912 2517 992 2542 non
1020 2512 1151 2542 autern
1180 2503 1344 2552 sanguis.

519 2562 743 2597 RESPONDEO
776 2571 958 2596 DICENDUM
991 2558 1098 2607 quod
1134 2557 1234 2595 circa
1268 2569 1386 2594 usum
1417 2556 1534 2594 huius

466 2612 693 2650 sacramenti
721 2612 800 2649 duo
836 2619 998 2661 possunt
1033 2609 1288 2648 considerari:
1327 2622 1452 2646 unum
1488 2621 1534 2646 ex

466 2673 573 2716 parte
602 2665 720 2714 ipsius
749 2664 996 2710 sacramenti3
1033 2663 1136 2701 aliud
1166 2676 1212 2701 ex
1240 2670 1347 2713 parte
1382 2674 1535 2700 sumen—

467 2719 576 2756 tium.
607 2719 666 2755 Ex
692 2725 799 2768 parte
827 2717 946 2767 ipsius
965 2716 1193 2754 sacramenti
1220 2715 1401 2753 convenit
1428 2716 1535 2765 quod

468 2779 678 2821 utrumque
707 2778 898 2818 sumatur,
928 2770 1067 2807 scilicet
1086 2778 1123 2807 et
1141 2781 1284 2819 corpus
1308 2777 1344 2806 et
1363 2768 1533 2818 sanguis:

468 2824 559 2875 quia
595 2824 634 2862 in
671 2832 836 2874 utroque
869 2822 1038 2861 consistit
1078 2822 1259 2873 perfectio
1297 2821 1535 2860 sacramenti.

1573 915 1621 951 Et
1649 914 1747 961 ideo,
1768 914 1859 963 quia
1887 914 1936 951 ad
1964 914 2202 951 sacerdotem
2229 913 2392 962 pertinet
2419 913 2495 950 hoc
2514 925 2635 950 sacra-

1574 974 1750 1004 mentum
1769 978 1992 1004 consecrare
2021 974 2057 1003 et
2083 966 2279 1016 perficere,
2300 967 2406 1003 nullo
2433 966 2554 1003 modo
2573 966 2636 1003 de-

1574 1020 1638 1056 bet
1665 1031 1806 1068 corpus
1836 1019 1974 1056 Christi
2002 1031 2154 1056 sumere
2183 1019 2264 1056 sine
2292 1018 2488 1067 sanguine.

1628 1073 1687 1109 Ex
1714 1079 1820 1120 parte
1846 1079 1977 1109 autem
1996 1071 2233 1108 sumentium
2261 1071 2466 1121 requiritur
2483 1084 2638 1109 summa

1575 1123 1798 1171 reverentia,
1814 1131 1850 1161 et
1869 1125 2015 1161 cautela
2033 1135 2082 1160 ne
2102 1123 2246 1173 aliquid
2266 1124 2410 1161 accidat
2429 1125 2536 1174 quod
2554 1137 2638 1162 ver-

1575 1185 1637 1225 gat
1664 1177 1703 1214 in
1731 1176 1911 1214 iniuriam
1939 1176 2031 1213 tanti
2058 1176 2240 1226 mysterii.
2279 1177 2399 1224 Quod
2432 1177 2638 1227 praecipue

1575 1237 1705 1280 posset
1723 1229 1895 1267 accidere
1924 1228 1963 1266 in
1991 1228 2186 1277 sanguinis
2213 1229 2445 1278 sumptione,
2466 1229 2534 1279 qui
2556 1229 2640 1279 qui-

1576 1283 1683 1328 dem,
1714 1282 1745 1319 si
1773 1282 1924 1320 incaute
1957 1289 2191 1325 sumeretur,
2221 1282 2269 1318 de
2304 1281 2401 1319 facili
2434 1290 2563 1332 posset
2590 1282 2640 1320 ef-

1576 1336 1695 1373 fundi.
1735 1337 1783 1373 Et
1817 1335 1924 1385 quia,
1962 1342 2154 1372 crescente
2188 1334 2433 1372 multitudine
2459 1340 2475 1363 Υ
2506 1334 2642 1385 populi

1578 1388 1802 1436 Christiani,
1832 1389 1871 1425 in
1899 1400 1977 1438 qua
2005 1387 2249 1425 continentur
2275 1399 2386 1425 senes
2418 1395 2455 1424 et
2481 1387 2642 1425 iuvenes

1578 1450 1613 1479 et
1640 1441 1803 1491 parvuli,
1823 1453 1994 1491 quorum
2013 1440 2174 1491 quidam
2199 1452 2280 1478 non
2308 1448 2397 1478 sunt
2423 1448 2549 1478 tantae
2568 1440 2642 1478 dis-

1578 1495 1754 1533 cretionis
1781 1502 1824 1532 ut
1851 1495 2041 1532 cautelam
2069 1493 2239 1531 debitam
2262 1493 2362 1531 circa
2389 1505 2507 1531 usum
2525 1492 2642 1532 huius

1578 1548 1804 1586 sacramenti
1824 1547 2050 1585 adhiberent
2067 1545 2093 1592 ὅ,
2122 1547 2210 1584 ideo
2230 1546 2392 1596 provide
2421 1546 2460 1583 in
2485 1545 2644 1596 quibus-

1578 1602 1670 1639 dam
1698 1600 1863 1638 ecclesiis
1898 1600 2125 1638 observatur
2150 1607 2194 1637 ut
2220 1601 2368 1650 populo
2403 1598 2556 1648 sanguis
2583 1610 2644 1638 su-

1579 1654 1747 1692 mendus
1779 1666 1860 1691 non
1888 1654 2018 1700 detur,
2047 1653 2115 1690 sed
2151 1653 2283 1691 solum⁴
2307 1665 2330 1690 a
2357 1652 2553 1690 sacerdote
2581 1664 2644 1691 su-

1578 1715 1717 1745 matur.

1633 1762 1690 1798 An
1719 1772 1854 1798 PRIMUM
1882 1771 1980 1797 ERGO
2009 1771 2191 1797 mesanum
2210 1759 2318 1809 quod
2345 1757 2520 1796 Gelasius
2539 1759 2646 1808 Papa

1581 1813 1751 1864 loquitur
1769 1820 1960 1863 quantum
1979 1812 2028 1850 ad
2050 1812 2276 1859 sacerdotes,
2297 1810 2376 1862 qui,
2397 1811 2493 1849 sicut
2518 1819 2645 1853 totum

1581 1874 1805 1904 consecrant
1841 1873 2140 1916 sacramentum,
2170 1864 2221 1902 ita
2253 1864 2365 1902 etiam
2403 1864 2472 1902 toti
2495 1870 2508 1886 ⁸
2540 1876 2646 1903 com-

1581 1919 1779 1957 municare
1798 1919 1950 1956 debent.
1980 1919 2030 1956 Ut
2052 1917 2156 1955 enim
2175 1917 2310 1967 legitur
2327 1917 2368 1954 in
2386 1917 2548 1954 concilio
2566 1917 2646 1956 To-

1581 1975 1708 2010 letano
1726 1972 1764 2009 ²¹³:
1800 1972 1919 2015 Quale
1946 1973 2015 2008 erit
2040 1972 2278 2020 sacrificium,
2307 1972 2371 2008 ubi
2396 1982 2464 2007 nec
2492 1971 2569 2021 ipse
2588 1982 2647 2008 sa-

1582 2028 1640 2063 cri
1666 2037 1756 2063 cans
1783 2023 1890 2062 esset
1918 2023 2177 2074 dignoscitur?

1637 2079 1694 2115 An
1728 2089 1919 2115 SECUNDUM
1953 2089 2134 2115 mci-:unum
2172 2075 2279 2126 quod
2315 2074 2496 2126 perfectio
2532 2074 2649 2116 huius

1584 2129 1812 2169 sacramenti
1839 2142 1920 2167 non
1939 2138 1995 2168 est
2022 2130 2062 2167 in
2089 2141 2164 2167 usu
2191 2128 2379 2176 fidelium,
2399 2129 2467 2168 sed
2493 2129 2535 2167 in
2558 2138 2649 2177 con-

1585 2183 1796 2222 secratione
1824 2182 2017 2221 materiae.
2055 2183 2104 2220 Et
2131 2182 2219 2220 ideo
2247 2181 2342 2220 nihil
2373 2182 2538 2232 derogat
2564 2192 2650 2233 per,-

1585 2236 1738 2275 fectioni
1765 2235 1882 2274 huius
1911 2235 2138 2274 sacramenti
2161 2235 2192 2273 si
2217 2236 2387 2286 populus
2414 2242 2541 2274 sumat
2567 2243 2650 2273 cor-

1586 2303 1660 2341 pus
1696 2290 1777 2327 sine
1813 2289 2019 2338 sanguine,
2049 2289 2267 2326 dummodo
2304 2288 2484 2326 sacerdos
2517 2297 2651 2326 conse-

1587 2356 1697 2381 crans
1725 2350 1852 2380 sumat
1879 2349 2100 2392 utrumque.

1641 2397 1698 2433 An
1716 2407 1876 2433 TERTIUM
1903 2407 2085 2433 mensuum
2113 2394 2221 2444 quod
2249 2394 2544 2444 repraesentatio
2572 2394 2651 2432 Do-

1588 2449 1752 2486 minicae
1788 2448 1976 2498 passionis
2015 2447 2137 2497 agitur
2172 2447 2212 2484 in
2249 2447 2331 2497 ipsa
2365 2447 2652 2486 consecratione

1588 2502 1705 2539 huius
1732 2501 1970 2545 sacramenti,
1991 2500 2030 2538 in
2058 2513 2136 2550 qua
2163 2513 2243 2538 non
2262 2500 2376 2537 debet
2403 2512 2544 2550 corpus
2571 2500 2652 2538 sine

1589 2554 1775 2604 sanguine
1803 2554 2029 2592 consecrari.
2059 2555 2187 2591 Potest
2215 2561 2345 2591 autern
2364 2566 2387 2590 a
2405 2554 2554 2603 populo
2572 2565 2653 2591 cor-

1589 2621 1663 2659 pus
1692 2608 1772 2645 sine
1792 2607 1976 2656 sanguine
1996 2606 2117 2645 sumi:
2147 2619 2219 2644 nec
2246 2606 2384 2644 exinde
2412 2606 2570 2656 aliquod
2597 2619 2654 2644 se-

1591 2661 1722 2711 quitur
1756 2661 2040 2698 detrimentum.
2075 2660 2179 2708 Quia
2210 2659 2389 2697 sacerdos
2423 2659 2463 2697 in
2489 2667 2656 2710 persona

1591 2714 1773 2752 omnium
1802 2713 2029 2763 sanguinem
2053 2713 2164 2751 offert
2183 2720 2219 2751 et
2239 2712 2372 2750 sumit:
2403 2720 2439 2750 et
2457 2712 2529 2750 sub
2557 2719 2655 2751 utra-

1591 2780 1667 2818 que
1696 2767 1821 2817 specie
1848 2774 1950 2806 totus
1979 2766 2153 2804 Christus
2181 2765 2407 2814 continetur,
2431 2773 2474 2803 ut
2500 2778 2618 2816 supra
2633 2765 2655 2788 ¹¹

1591 2820 1767 2859 habiturn
1795 2828 1861 2858 est.

523 2937 550 2972 α)
570 2937 765 2963 tantummodo.
791 2951 811 2956 —
838 2937 919 2967 PlsB3
947 2935 1102 2962 omnimoda
1131 2936 1194 2966 Gbc,
1223 2935 1376 2961 omnimodo
1405 2936 1493 2960 ceteri.
1518 2949 1538 2954 —

469 2974 572 3000 cruoris
591 2973 672 3004 Pls133
690 2973 820 3005 corporis.
837 2987 856 2991 -
874 2973 925 2997 Pro
942 2975 1095 3002 arceantur,
1115 2971 1326 3005 adstringantur
1343 2971 1417 2996 GHb.

521 3009 546 3042 β)
565 3016 670 3041 corpus.
687 3023 707 3027 -
727 3008 827 3034 Christi
845 3008 941 3033 addunt
959 3007 1041 3040 PIpE.

523 3045 549 3079 γ)
568 3047 701 3070 crescente
719 3043 899 3069 multitudine.
917 3058 935 3062 -
952 3043 1036 3068 crevit
1055 3042 1199 3068 multitudo
1218 3043 1247 3068 P.

1643 2933 1669 2968 ὂ)
1687 2934 1854 2960 adhiberent.
1871 2948 1891 2953 -
1907 2933 2054 2959 adhibeant
2071 2933 2100 2959 P.

1644 2970 1667 3004 ε)
1687 2970 1745 2995 toti.
1762 2984 1782 2989 -
1801 2973 1886 2995 totum
1904 2970 1961 2995 abc.

1644 3005 1669 3039 ζ)
1689 3006 1759 3031 ubi...
1772 3012 1836 3031 esse.
1845 3019 1864 3024 —
1877 3005 1947 3031 ubi...
1962 3004 2134 3037 participans
2151 3011 2208 3030 esse
2219 3004 2264 3035 sB,
2276 3003 2345 3030 cui...
2359 3003 2499 3036 particeps
2516 3009 2573 3028 esse
2586 3002 2656 3028 PsG.

1591 3041 1630 3067 Cf.
1649 3049 1695 3075 qu.
1713 3049 1805 3067 mxu.
1824 3046 1870 3066 art.
1888 3048 1914 3068 4.
1933 3048 2005 3074 corp.

1144 3121 1481 3154 commentaria
1503 3119 1755 3153 Cardinalis
1777 3118 1980 3153 Caietam

477 3205 525 3266 IN
548 3195 681 3225 articulo
705 3194 910 3230 duodecimo,
935 3195 1017 3224 circa
1036 3193 1304 3224 communionem
1328 3193 1387 3224 sub
1403 3198 1539 3233 utraque

506 3239 621 3278 specie,
645 3237 874 3268 advertendum
898 3244 944 3269 est
967 3247 1035 3268 esse
1060 3237 1143 3268 duos
1167 3243 1327 3268 extremos
1351 3246 1471 3268 errores
1493 3237 1540 3267 vi-

474 3282 605 3312 tandos:
626 3282 703 3312 alter
719 3287 765 3312 est
780 3291 893 3312 eorum
910 3283 966 3322 qui
981 3287 1091 3312 tenent
1107 3287 1257 3321 oportere
1272 3281 1434 3322 populum
1450 3290 1539 3311 com-

475 3326 639 3356 municare
662 3326 721 3355 sub
745 3331 879 3365 utraque
902 3326 1026 3365 specie;
1050 3325 1127 3356 alter
1144 3330 1191 3355 est
1214 3335 1328 3356 eorum
1351 3326 1408 3365 qui
1430 3330 1541 3355 tenent

476 3370 638 3410 populum
668 3370 961 3400 communicantem
995 3369 1054 3399 sub
1084 3374 1221 3409 utraque
1255 3370 1362 3409 specie
1397 3378 1539 3409 peccare.

477 3414 613 3454 Utrique
637 3419 755 3444 errant:
787 3413 881 3453 primi
912 3412 1060 3453 quidem,
1094 3412 1277 3443 damnando
1305 3422 1362 3443 eos
1389 3413 1445 3452 qui
1473 3422 1541 3443 non

478 3458 718 3488 communicant
740 3458 798 3488 sub
822 3462 957 3497 utraque
980 3457 1104 3497 specie;
1133 3456 1184 3486 alii
1208 3462 1333 3492 autem,
1359 3455 1541 3487 damnando

479 3502 754 3533 communicantes
776 3502 835 3532 sub
858 3506 994 3541 utraque
1017 3501 1132 3541 specie.

1648 3191 1763 3223 Sancta
1792 3197 1900 3222 autem
1929 3195 2030 3222 mater
2059 3189 2201 3221 Ecclesia
2230 3187 2335 3220 media
2359 3189 2411 3219 via
2439 3187 2655 3221 incedendum

1593 3235 1699 3272 docet,
1724 3241 1755 3266 et
1776 3241 1951 3275 utrumque
1978 3242 2074 3275 posse
2099 3233 2169 3264 fieri
2191 3233 2277 3264 licite
2299 3232 2402 3263 tradit.
2430 3233 2605 3271 Quoniam,
2629 3234 2656 3264 si

1594 3279 1634 3310 ad
1656 3285 1890 3311 sacramentum
1912 3283 2082 3319 spectatur,
2106 3277 2295 3308 communio
2318 3277 2378 3308 sub
2396 3282 2532 3318 utraque
2549 3278 2656 3319 specie

1593 3324 1679 3354 licita
1700 3324 1851 3354 habetur:
1884 3328 1916 3353 et
1937 3323 1964 3353 si
1987 3321 2026 3353 ad
2047 3322 2256 3352 reverentiam
2284 3326 2483 3352 sacramento
2517 3320 2656 3352 debitam

1594 3373 1764 3408 spectetur,
1787 3367 1873 3398 licite
1896 3376 1914 3397 a
1929 3366 2160 3397 communione
2175 3366 2337 3406 sanguinis
2353 3366 2496 3407 populus
2510 3365 2655 3403 abstinet,

1594 3417 1630 3442 ut
1652 3412 1686 3442 in
1709 3412 1811 3442 littera
1833 3410 1957 3442 dicitur.

1650 3455 1692 3486 Et
1713 3456 1792 3486 haec
1813 3454 1964 3495 intellige,
1988 3453 2154 3494 loquendo
2178 3454 2323 3485 absolute
2345 3453 2386 3485 de
2404 3459 2602 3485 sacramento
2625 3458 2658 3484 et

1595 3500 1694 3540 ipsius
1716 3499 1901 3530 reverentia.
1931 3498 2015 3529 Nam
2038 3497 2263 3529 descendendo
2287 3497 2327 3529 ad
2350 3499 2427 3529 ritus
2451 3497 2656 3529 consuetudi-

2673 1981 2685 1992 .
2693 1978 2745 2002 ΧΠ.
2756 1989 2766 1997 ·
2775 1978 2833 2002 Can.

2674 2006 2854 2060 ’ἔπεσι-τέω.

2674 312 2700 334 ln
2709 317 2761 334 can.
2774 311 2866 334 Missae.

2679 352 2746 374 Vers.
2761 357 2793 380 25.

2842 1978 2888 2054 aa?

2705 2769 2754 2797 Qu.
2763 2774 2843 2797 Lxxvt,
2850 2770 2895 2792 tn·
