2918 4088
236 407 246 418 ·
261 407 311 428 Art.
327 413 346 435 5.

233 933 244 943 '
259 931 336 953 Gloss.
352 931 408 953 otd.

232 960 254 970 ··
268 958 334 980 Vers.
350 957 371 980 6.

227 2576 238 2587 ²
247 2575 294 2602 Qu.
302 2580 363 2602 axvi,
369 2578 410 2597 art.
418 2574 440 2601 6,

228 2607 275 2628 arg.
297 2600 346 2622 Sed
366 2603 426 2623 cont.
431 2608 441 2627 ;

227 2631 269 2650 art.
285 2633 308 2655 9,
323 2627 351 2649 ad
365 2633 384 2656 3.

479 170 528 217 98

478 249 568 295 rior,
597 262 696 298 quae
723 250 767 287 fit
795 251 997 296 sacerdoti,
1026 251 1224 288 ordinatur
1252 251 1301 287 ad
1329 251 1404 286 hoc
1431 249 1538 298 quod

476 301 653 338 sacerdos
682 303 930 340 confitentem
958 304 1129 340 absolvat
1157 317 1179 340 a
1199 302 1374 352 peccatis,
1396 309 1431 338 et
1454 301 1539 348 liget

476 354 525 391 ad
553 366 672 403 opera
699 355 961 401 satisfactoria,
993 368 1092 405 quae
1121 356 1315 404 baptizatis
1344 366 1423 390 non
1452 360 1539 389 sunt

476 406 723 456 imponenda,
744 416 786 445 ut
805 421 922 457 supra
935 409 954 430 *
973 409 1119 445 dictum
1140 416 1204 444 est.
1236 409 1318 444 Nec
1338 406 1452 442 etiam
1472 406 1536 442 ba-

474 459 601 508 ptizati
622 459 791 508 indigent
815 461 1038 498 remissione
1058 468 1305 509 peccatorum
1324 470 1394 508 per
1411 459 1537 495 claves

475 512 684 559 Ecclesiae,
715 513 855 562 quibus
891 513 1022 550 omnia
1051 513 1293 549 remittuntur
1320 523 1389 560 per
1418 510 1536 559 bapti-

475 577 616 602 smum.
637 588 662 592 -
690 565 832 612 Tertio,
860 566 950 614 quia
977 565 1058 614 ipsa
1087 564 1320 613 particularis
1348 563 1535 600 confessio

475 617 623 654 homini
651 618 746 654 facta
774 626 829 655 est
855 630 1044 667 poenosa,
1074 625 1231 666 propter
1262 615 1536 653 verecundiam

475 670 699 707 confitentis.
730 670 924 719 Baptizato
944 678 1073 707 autem
1097 671 1201 706 nulla
1220 669 1382 706 exterior
1409 681 1537 718 poena

474 722 695 771 imponitur.
717 724 765 760 Et
778 723 865 760 ideo
885 735 907 759 a
927 721 1120 771 baptizatis
1135 733 1215 758 non
1233 721 1438 770 requiritur
1452 734 1535 771 spe-

473 774 575 812 cialis
594 775 780 812 confessio
800 783 1064 824 peccatorum:
1095 775 1161 811 sed
1182 774 1320 811 sufficit
1338 774 1534 822 generalis,

473 839 592 876 quam
627 828 769 865 faciunt
795 840 901 874 cum,
930 827 1145 864 secundum
1180 827 1295 864 ritum
1324 827 1533 871 Ecclesiae,

472 882 731 918 abrenuntiant
765 883 926 918 Satanae
953 886 985 916 et
1013 881 1182 916 omnibus
1214 882 1384 929 operibus
1403 879 1418 910 β
1445 882 1537 918 eius.-

473 933 521 969 Et
540 933 615 970 hoc
634 934 753 970 modo
779 933 868 970 dicit
892 933 1084 981 quaedam
1103 933 1227 980 glossa
1241 932 1261 954 '¹‘
1279 933 1414 970 Matth.
1435 945 1468 970 111
1481 933 1532 980 **,

472 985 578 1034 quod
597 985 637 1024 in
657 986 846 1034 baptismo
871 985 1022 1022 Ioannis
1051 986 1263 1035 exemplum
1289 986 1399 1023 datur
1418 988 1533 1036 bapti-

471 1038 596 1086 {andis
623 1039 821 1086 cotfitendi
851 1044 1007 1087 peccata
1035 1044 1068 1074 et
1090 1039 1335 1087 promittendi
1363 1039 1532 1077 meliora.

525 1090 564 1127 Si
593 1090 660 1139 qui
679 1098 808 1128 tamen
828 1090 1045 1140 baptizandi
1065 1103 1111 1128 ex
1130 1091 1338 1128 devotione
1358 1104 1428 1129 sua
1446 1104 1534 1141 pec-

469 1150 551 1179 cata
579 1143 753 1180 confiteri
782 1145 932 1191 vellent,
963 1151 1060 1180 esset
1089 1156 1227 1181 eorum
1255 1145 1444 1182 confessio
1467 1158 1534 1182 au-

469 1195 627 1232 dienda:
664 1208 744 1233 non
773 1197 822 1233 ad
850 1197 926 1233 hoc
954 1197 1060 1246 quod
1089 1197 1289 1235 satisfactio
1326 1197 1379 1234 eis
1407 1197 1532 1247 impo-

521 1319 546 1354 β)
566 1320 696 1352 operibus.
715 1334 734 1339 -
746 1320 855 1352 pompis
875 1321 955 1345 tertia.

1130 172 1392 218 QUAESTIO
1421 171 1590 217 LXVIII,
1620 170 1912 208 ARTICULUS
1941 171 2005 208 VII

1591 256 1763 293 neretur;
1799 249 1866 285 sed
1894 250 1943 286 ad
1971 250 2047 286 hoc
2081 251 2187 299 quod
2219 258 2351 288 contra
2378 259 2534 301 peccata
2561 263 2652 289 con-

1592 309 1700 338 sueta
1728 301 1781 338 eis
1810 301 2010 350 spiritualis
2038 302 2137 339 vitae
2166 303 2383 341 informatio
2411 305 2590 342 tradatur.

1645 355 1702 390 An
1736 366 1870 391 Pmmum
1904 366 2002 391 ERGO
2034 367 2216 393 DICENDUM
2248 357 2356 405 quod
2393 357 2432 394 in
2454 357 2651 406 baptismo

1591 406 1743 444 Ioannis
1771 419 1851 443 non
1881 406 2169 444 remittebantur
2196 416 2363 457 peccata,
2389 410 2456 446 sed
2484 417 2563 447 erat
2590 411 2651 447 ba-

1587 461 1740 508 ptismus
1757 461 2005 509 poenitentiae
2017 459 2047 496 ³⁸.
2069 461 2117 496 Et
2135 460 2222 497 ideo
2242 462 2465 499 accedentes
2491 462 2540 499 ad
2559 461 2651 499 illud

1591 512 1779 561 baptisma
1805 512 2079 549 convenienter
2099 513 2381 551 confitebantur
2398 522 2564 564 peccata,
2579 522 2622 552 ut
2635 520 2651 542 Υ

1590 565 1806 602 secundum
1825 565 2046 614 qualitatem
2065 573 2313 614 peccatorum
2342 565 2395 603 eis
2418 567 2650 616 poenitentia

1589 617 1916 655 determinaretur.
1961 618 2038 655 Sed
2072 618 2284 668 baptismus
2314 619 2452 656 Christi
2487 627 2543 657 est
2569 619 2650 656 sine

1590 670 1765 707 exteriori
1783 671 2028 720 poenitentia,
2049 679 2091 708 ut
2114 671 2343 709 Ambrosius
2371 672 2460 709 dicit
2478 672 2508 709 ²⁸.
2539 673 2651 709 Unde

1589 734 1670 759 non
1698 731 1754 760 est
1781 723 1913 761 similis
1941 724 2048 761 ratio.

1642 777 1700 812 AD
1724 788 1913 814 SECUNDUM
1940 789 2122 815 DICENDUM
2151 778 2258 826 quod
2287 777 2485 827 baptizatis
2512 777 2652 814 sufficit

1588 829 1776 866 confessio
1813 829 1969 866 interior
2003 830 2087 867 Deo
2122 831 2238 877 facta,
2278 839 2319 871 et
2342 830 2457 867 etiarn
2489 829 2652 868 exterior

2679 468 2690 477 ¹¹
2710 465 2779 488 Marc.
2802 471 2852 514 ‘gf‘
2874 472 2892 493 r.

2679 498 2738 514 vers.
2748 498 2771 518 4.
2782 503 2794 508 -
2834 508 2840 514 .
2851 499 2890 520 qu.

2678 524 2777 544 xxxviii,
2791 522 2834 541 ιη.
2847 525 2868 548 3.

2774 554 2791 580 t

2678 670 2689 680 “
2697 669 2752 692 [οε.
2760 670 2800 692 eit.
2807 670 2831 692 in
2842 676 2867 693 u·

2678 695 2728 718 Sed
2746 698 2809 719 cont.
2823 707 2836 712 -

2678 725 2727 770 32¹2
2738 728 2828 771 Ξὲἳιῗ·
2841 728 2891 751 ¹*

1587 881 1788 930 generalis,
1819 883 1868 919 ad
1896 883 1973 919 hoc
2000 883 2107 932 quod
2135 883 2346 932 dirigantur
2373 891 2410 920 et
2436 883 2650 920 misericor·
2672 913 2682 922 s

1587 934 1692 971 diam
1711 943 2016 984 consequantur:
2047 948 2119 973 nec
2137 936 2343 986 requiritur
2361 935 2549 974 confessio
2569 947 2650 985 spe-

1587 987 1690 1024 cialis
1718 988 1892 1036 exterior,
1922 995 1965 1025 ut
1991 988 2138 1026 dictum
2166 997 2222 1026 est
2241 989 2272 1027 *.

1640 1041 1697 1077 An
1724 1052 1883 1078 TERTmM
1911 1053 2094 1079 mcENDUM
2126 1043 2234 1091 quod
2262 1042 2451 1080 confessio
2479 1050 2535 1080 est
2561 1053 2651 1091 pars

1586 1093 1843 1142 poenitentiae
1871 1095 2173 1139 sacramentalis,
2209 1108 2310 1144 quae
2337 1107 2419 1133 non
2446 1094 2652 1144 requiritur

1587 1153 1674 1183 ante
1702 1146 1950 1195 baptismum,
1971 1154 2014 1184 ut
2040 1147 2187 1184 dictum
2214 1156 2270 1185 est
2287 1148 2327 1185 *z
2357 1148 2426 1185 sed
2445 1147 2652 1198 requiritur

1587 1198 1775 1235 interioris
1803 1199 2059 1248 poenitentiae
2086 1200 2217 1237 virtus.

1639 1320 1666 1355 γ)
1687 1326 1724 1346 ut.
1742 1335 1762 1340 -
1779 1325 1806 1346 et
1824 1309 1905 1347 FGt-{ss
1921 1336 1942 1340 -
1959 1322 2133 1348 secundum...
2151 1322 2298 1354 baptismus
2323 1322 2424 1348 Christi
2441 1322 2502 1347 Era
2521 1327 2546 1347 et
2564 1322 2653 1353 tertia:

1586 1364 1640 1382 om.
1659 1357 1745 1388 ceteri,
1765 1357 1811 1382 sed
1830 1357 1856 1381 in
1875 1358 1898 1382 Α
1917 1358 2054 1390 suppletur
2072 1365 2150 1382 manu
2169 1357 2274 1383 recenti.

1141 1435 1477 1468 Commenta-ia
1499 1434 1751 1467 Cardinalis
1773 1434 1974 1468 Caietam

499 1527 519 1546 N
543 1517 675 1547 articulo
707 1516 821 1556 quinto
846 1521 877 1546 et
907 1521 995 1546 sexto
1028 1516 1091 1546 hoc
1119 1515 1226 1546 solum
1254 1516 1392 1546 occurrit
1418 1525 1532 1555 sugge-

472 1529 648 1596 Irendum,
672 1566 708 1591 ut
732 1570 769 1590 ex
800 1559 971 1590 devotione
1000 1570 1057 1590 sua
1085 1565 1217 1600 peccata
1246 1559 1435 1590 confitentes
1459 1565 1532 1589 ante

467 1605 661 1645 baptismum
695 1614 762 1635 non
796 1604 1014 1634 absolvantur:
1051 1605 1207 1643 quoniam
1234 1614 1302 1635 non
1337 1609 1411 1634 sunt
1440 1613 1533 1644 capa-

1586 1524 1638 1546 ces
1662 1516 1850 1547 sacramenti
1871 1516 2089 1556 poenitenn'ae
2112 1521 2185 1547 ante
2207 1516 2413 1557 baptismum.
2445 1516 2514 1547 Nec
2538 1525 2652 1548 eorum

1587 1559 1746 1590 confessio
1777 1560 1846 1590 talis
1876 1565 1958 1590 esset
1989 1561 2241 1597 sacramentalis,
2273 1561 2334 1591 nisi
2364 1560 2446 1591 forte
2475 1570 2533 1602 per
2557 1560 2652 1592 redu-

1588 1609 1739 1634 ctionem.

1253 1739 1572 1784 ARTICULUS
1602 1739 1870 1781 SEPTIMUS

522 1828 678 1859 UTRUM
702 1828 759 1858 Ex
782 1827 925 1857 PARTE
949 1827 1180 1857 BAPTiZATt
1204 1827 1489 1865 REQUIRATUR
1512 1827 1723 1857 INTENTIO
1748 1826 2012 1858 SUSCIPIENDI
2036 1826 2371 1859 sACRAMENTUM
2394 1827 2596 1860 BAPTISMI

834 1906 908 1936 Infra,
928 1915 971 1939 qu.
991 1914 1056 1937 inx,
1076 1912 1122 1931 art.
1142 1914 1172 1940 93
1193 1907 1226 1931 IV
1246 1907 1328 1938 Sent.,
1349 1907 1407 1932 dist.
1426 1914 1459 1937 Vl,
1480 1914 1524 1939 qu.
1544 1914 1561 1936 1,
1581 1911 1627 1932 art.
1649 1914 1671 1936 2,
1692 1906 1741 1939 qu*
1762 1905 1792 1937 33
1812 1906 1870 1931 dist.
1889 1908 1964 1935 xitvn.
1984 1914 2028 1939 qu.
2046 1914 2064 1937 1,
2083 1912 2130 1932 art.
2150 1914 2174 1937 2,
2193 1907 2243 1939 qu²
2261 1914 2288 1938 4.

490 2002 562 2067 ὣ»
582 2005 640 2070 Ἓξ(
678 1999 699 2024 D
718 1999 896 2023 SEPTIMUM
917 1998 967 2023 sm
988 1998 1225 2024 PROCEDITUR.
1247 1986 1408 2023 Videtur
1427 1986 1533 2035 quod

516 2038 550 2072 (ς,
611 2041 640 2061 :2

483 2035 794 2154 ffliwag
831 2091 1062 2141 suscipiendi
1095 2100 1379 2129 sacramentum
1411 2091 1532 2141 bapti-

491 2183 493 2185 ,
524 2122 613 2176 53⁹²?
636 2138 764 2183 Ksmi
808 2145 1024 2194 Baptizatus
1062 2145 1166 2182 enim
1207 2157 1247 2181 se
1282 2145 1397 2182 habet
1437 2144 1532 2181 sicut

466 2198 613 2247 patiens
641 2197 679 2234 in
709 2206 960 2235 sacramento.
1004 2198 1164 2235 Intentio
1198 2206 1326 2235 autem
1366 2209 1446 2234 non
1475 2210 1531 2234 re-

467 2250 629 2300 quiritur
657 2263 703 2288 ex
730 2259 836 2300 parte
860 2250 1048 2300 patientis,
1077 2251 1145 2288 sed
1174 2263 1220 2288 ex
1247 2258 1354 2300 parte
1376 2250 1529 2299 agentis.

467 2305 568 2352 Ergo
596 2303 748 2341 videtur
775 2304 882 2353 quod
912 2316 957 2340 ex
976 2311 1083 2353 parte
1102 2304 1280 2353 baptizati
1308 2316 1387 2340 non
1409 2303 1530 2353 requi-

467 2365 571 2394 ratur
598 2357 755 2394 intentio
785 2356 1016 2406 suscipiendi
1045 2357 1292 2406 baptismum.

521 2422 556 2446 2.
587 2411 822 2456 PRAETEREA‚
860 2410 890 2446 si
918 2410 1238 2459 praetermittatur
1266 2410 1305 2447 id
1338 2410 1445 2459 quod
1474 2422 1530 2447 re—

467 2462 629 2512 quiritur
656 2463 705 2499 ad
733 2462 986 2512 baptismum,
1017 2464 1138 2500 homo
1168 2471 1223 2499 est
1250 2463 1380 2500 denuo
1409 2462 1530 2512 bapti-

467 2516 632 2552 zandus:
663 2515 759 2552 sicut
787 2528 878 2552 cum
906 2515 1215 2565 praetermittitur
1233 2515 1425 2553 invocatio
1445 2515 1530 2552 Tri—

467 2568 602 2615 nitatis,
623 2568 719 2605 sicut
738 2581 854 2618 supra
872 2568 892 2590 ’¹‘
919 2569 1066 2605 dictum
1086 2576 1151 2605 est.
1184 2569 1260 2606 Sed
1280 2581 1326 2605 ex
1354 2569 1430 2606 hoc
1449 2581 1529 2606 non

466 2621 617 2658 videtur
645 2621 780 2671 aliquis
813 2621 942 2658 denuo
978 2621 1230 2671 baptizandus
1267 2622 1374 2671 quod
1410 2621 1529 2665 inten-

466 2674 613 2711 tionem
632 2687 712 2711 non
732 2674 897 2711 habebat
917 2674 1149 2724 suscipiendi
1163 2674 1417 2724 baptismum:
1440 2675 1529 2712 alio-

467 2727 581 2777 quin,
620 2739 711 2764 cum
739 2727 787 2764 de
815 2727 1024 2764 intentione
1052 2727 1230 2777 baptizati
1262 2740 1343 2764 non
1371 2735 1529 2775 constet,

467 2780 624 2829 quilibet
651 2788 780 2829 posset
803 2788 930 2829 petere
951 2793 990 2817 se
1014 2780 1145 2818 denuo
1165 2780 1346 2830 baptizari
1374 2789 1531 2830 propter

467 2833 684 2870 intentionis
726 2833 928 2870 defectum.
971 2834 1064 2870 Non
1101 2833 1253 2870 videtur
1293 2845 1383 2882 ergo
1423 2834 1530 2883 quod

466 2886 624 2923 intentio
653 2886 867 2935 requiratur
895 2899 941 2923 ex
969 2894 1074 2935 parte
1094 2886 1271 2936 baptizati
1291 2895 1332 2923 ut
1352 2887 1531 2936 suscipiat

467 2947 761 2976 sacramentum.

522 2992 555 3029 3.
586 2993 817 3039 PRAETEREA,
847 2992 1061 3041 baptismus
1085 2987 1218 3029 contra
1236 3000 1439 3042 peccatum
1459 2992 1530 3029 ori-

467 3045 590 3092 ginale
608 3045 730 3082 datur.
762 3046 839 3083 Sed
863 3045 1043 3093 originale
1063 3053 1266 3094 peccatum
1295 3045 1532 3083 contrahitur

468 3098 549 3134 sine
577 3097 784 3135 intentione
813 3098 1012 3135 nascentis.
1047 3100 1148 3147 Ergo
1173 3098 1398 3148 baptismus,
1414 3107 1456 3135 ut
1476 3099 1530 3136 vi-

467 3150 589 3197 detur,
603 3150 854 3188 intentionem
874 3163 954 3188 non
974 3151 1130 3200 requirit
1150 3164 1196 3188 ex
1215 3159 1321 3201 parte
1340 3151 1528 3200 baptizati.

523 3203 595 3240 SED
625 3215 767 3239 CONTRA
796 3215 860 3240 EsT
889 3204 1007 3252 quod,
1029 3205 1245 3241 secundum
1265 3203 1381 3241 ritum
1401 3205 1529 3242 Eccle-

469 3255 556 3301 siae,
586 3255 802 3304 baptizandi
829 3256 1058 3305 profitentur
1086 3269 1125 3293 se
1145 3264 1273 3306 petere
1293 3257 1341 3293 ab
1361 3256 1530 3294 Ecclesia

468 3307 714 3356 baptismum.
745 3309 818 3344 Per
837 3309 943 3357 quod
968 3308 1196 3358 profitentur
1223 3321 1335 3346 suam
1354 3309 1528 3346 intentio-

470 3372 561 3397 nem
588 3360 636 3397 de
665 3360 905 3409 susceptione
934 3362 1171 3398 sacramenti.

524 3484 551 3519 α)
571 3484 691 3510 mortuis.
709 3497 728 3501 —
743 3492 793 3517 per
810 3483 925 3516 gloriam
946 3484 1035 3508 Patris
1055 3484 1152 3508 addunt
1171 3484 1191 3508 E
1212 3489 1237 3508 et
1256 3485 1336 3509 tertia.

1639 1987 1863 2023 RESPONDEO
1884 1998 2065 2023 DxCENDUM
2089 1987 2197 2035 quod
2223 1998 2294 2035 per
2320 1987 2558 2037 baptismum
2586 1988 2650 2026 ali-

651 2064 654 2078 ,
678 2052 724 2076 ex
757 2047 863 2088 parte
896 2039 1075 2088 baptizati
1110 2051 1191 2076 non
1229 2039 1444 2088 requiratur
1477 2038 1533 2075 in·
1586 2038 1672 2086 quis
1700 2038 1863 2075 moritur
1881 2038 1999 2075 veteri
2019 2038 2117 2075 vitae
2137 2039 2292 2088 peccati,
2322 2047 2359 2077 et
2379 2040 2510 2090 incipit
2528 2053 2650 2091 quan-

1586 2091 1678 2128 dam
1705 2091 1805 2128 vitae
1829 2091 2056 2128 novitatem:
2087 2092 2304 2129 secundum
2322 2093 2416 2130 illud
2434 2095 2546 2132 Rom.
2561 2093 2648 2132 vstz

1589 2145 1802 2194 Consepulti
1826 2157 1953 2181 sumus
1975 2145 2119 2182 Christo
2142 2157 2215 2195 per
2242 2147 2463 2196 baptismum
2491 2149 2528 2184 in
2548 2159 2649 2186 mor-

1584 2203 1672 2244 tem,
1694 2203 1742 2244 ut,
1755 2198 1939 2247 quomodo
1958 2198 2123 2235 Christus
2137 2200 2341 2236 resurrexit
2354 2212 2378 2237 a
2392 2202 2546 2237 mortuis
2557 2205 2586 2246 ⁸,
2599 2201 2649 2238 ita

1585 2256 1618 2286 et
1646 2263 1713 2288 nos
1741 2252 1777 2287 in
1799 2252 1958 2288 novitate
1976 2252 2071 2288 vitae
2089 2252 2330 2289 ambulemus.
2361 2253 2409 2290 Et
2431 2252 2531 2302 ideo,
2552 2252 2649 2291 sicut

1585 2304 1634 2340 ad
1659 2304 1734 2340 hoc
1762 2303 1869 2353 quod
1897 2304 2019 2341 homo
2039 2303 2226 2341 moriatur
2243 2304 2362 2341 veteri
2380 2305 2493 2352 vitae,
2522 2305 2648 2356 requi-

1585 2356 1688 2403 ritur,
1718 2357 1935 2394 secundum
1962 2356 2222 2405 Augustinum
2236 2357 2266 2405 *,
2287 2357 2326 2394 in
2346 2357 2512 2396 habente
2531 2370 2648 2398 usum

1584 2409 1691 2446 liberi
1711 2409 1863 2456 arbitrii,
1892 2411 2071 2446 voluntas
2097 2422 2174 2459 qua
2194 2422 2278 2447 eum
2296 2413 2427 2449 veteris
2445 2413 2541 2450 vitae
2556 2423 2648 2462 poe·-

1585 2464 1717 2507 niteat,·
1744 2462 1795 2499 ita
1814 2461 2020 2512 requiritur
2045 2463 2224 2500 voluntas
2252 2475 2330 2512 qua
2358 2463 2529 2501 intendat
2547 2464 2647 2502 vitae

1584 2515 1812 2562 novitatem,
1851 2514 1961 2552 cuius
1995 2515 2229 2565 principium
2264 2524 2319 2553 est
2347 2516 2430 2566 ipsa
2457 2515 2648 2568 susceptio

1584 2567 1821 2605 sacramenti.
1865 2569 1914 2605 Et
1947 2568 2034 2605 ideo
2063 2581 2110 2606 ex
2137 2576 2244 2618 parte
2278 2569 2456 2619 baptizati
2493 2568 2648 2620 requiri-

1583 2628 1646 2658 tur
1680 2623 1880 2667 voluntas,
1919 2621 1998 2658 sive
2038 2621 2216 2669 intentio,
2255 2622 2489 2672 suscipiendi
2525 2635 2648 2662 sacra-

1583 2682 1771 2711 mentum.

1636 2729 1694 2764 AD
1727 2740 1862 2765 PRIMUM
1898 2739 1995 2764 ERGO
2030 2739 2213 2765 DICENDUM
2250 2728 2359 2778 quod
2395 2728 2434 2766 in
2469 2728 2648 2766 iustifica-

1582 2779 1705 2824 tione,
1745 2793 1845 2829 quae
1878 2779 1920 2816 fit
1947 2792 2017 2829 per
2049 2779 2299 2830 baptismum,
2329 2793 2409 2819 non
2437 2789 2493 2819 est
2519 2781 2647 2831 passio

1582 2841 1724 2880 coacta,
1746 2833 1813 2870 sed
1832 2833 2059 2870 voluntaria.
2089 2834 2138 2871 Et
2156 2833 2243 2871 ideo
2265 2833 2471 2884 requiritur
2488 2833 2647 2872 intentio

1583 2886 1791 2935 recipiendi
1819 2886 1858 2923 id
1886 2886 1994 2936 quod
2022 2885 2057 2923 ei
2082 2886 2205 2924 datur.

1636 2941 1692 2976 AD
1721 2951 1911 2977 SECUNDUM
1937 2951 2118 2976 DICENDUM
2146 2940 2265 2989 quod,
2295 2938 2327 2976 si
2354 2939 2394 2976 in
2422 2939 2552 2977 adulto
2581 2939 2646 2977 de-

1583 3000 1682 3029 esset
1726 2992 1884 3030 intentio
1928 2991 2159 3041 suscipiendi
2203 3000 2506 3038 sacramentum,
2550 3000 2648 3030 esset

1583 3045 1887 3095 rebaptizandus.
1919 3045 1959 3083 Si
1986 3052 2116 3082 tamen
2144 3045 2220 3082 hoc
2247 3056 2327 3082 non
2356 3053 2560 3093 constaret,
2590 3057 2647 3083 es-

1582 3106 1638 3136 set
1665 3098 1892 3135 dicendum:
1932 3099 1974 3135 Si
2005 3109 2078 3135 non
2108 3109 2146 3134 es
2172 3099 2393 3147 baptizatus,
2423 3109 2494 3148 ego
2522 3104 2557 3136 te
2583 3100 2646 3137 ba-

1577 3153 1676 3201 ptizo
1698 3151 1729 3187 ²¹².

1636 3204 1693 3240 AD
1711 3215 1871 3242 TERTIUM
1889 3215 2070 3241 DICENDUM
2090 3202 2198 3252 quod
2215 3202 2429 3252 baptismus
2449 3203 2648 3242 ordinatur

1583 3268 1664 3293 non
1692 3258 1817 3293 solum
1847 3263 1980 3293 contra
2005 3255 2186 3303 originale
2205 3263 2420 3305 peccatum,
2445 3257 2512 3294 sed
2532 3257 2646 3295 etiam

1584 3317 1716 3346 contra
1744 3308 1905 3346 actualia
1922 3309 1953 3355 ³¹³,
1983 3320 2082 3358 quae
2110 3320 2180 3358 per
2206 3309 2445 3346 voluntatem
2473 3318 2509 3347 et
2528 3310 2646 3348 inten-

1583 3369 1730 3399 tionem
1758 3369 1974 3399 causantur.

2677 992 2688 1002 ·
2702 991 2728 1013 ln
2743 996 2849 1019 corpore.

2677 1146 2689 1157 '¹
2702 1144 2728 1167 Iu
2742 1150 2850 1173 corpore.

2730 1225 2750 1236 κ

2676 2094 2806 2122 'Ver-0⁴.

2675 2359 2890 2409 21an
2914 2408 2918 2418 Α,

2674 3150 2789 3180 wass.

2673 3311 2685 3322 ·
2697 3309 2727 3332 D.
2740 3308 2789 3339 583.
