2878 4088
160 284 168 291 ·
175 279 212 301 Cs.
222 279 276 301 Bed.
285 278 369 300 Homil.

159 306 228 331 vm:
244 306 335 332 Prolog.
348 306 370 326 in

159 333 245 359 Evang.
256 332 319 354 ioan.
329 332 370 356 (in-

159 359 369 386 terOpp.Hieron.l.

159 385 369 412 *Aristot.P}1ysic.

158 412 198 434 lib.
215 411 247 438 11,
264 417 289 432 ca
309 427 313 432 .
330 417 369 436 ιιι,

158 444 180 460 n.
203 444 235 460 ια.
254 449 264 454 -
303 454 309 459 .
324 437 368 459 Th.

159 465 210 486 lect.
226 470 257 486 vl.

161 493 170 502 ·
178 491 226 518 Qu.
236 497 287 517 xix,
299 494 340 511 art.
350 497 368 512 ι.

158 760 167 769 '
177 758 224 785 Qu.
233 764 288 785 nu,
296 762 337 780 art.
349 765 367 781 2:

157 791 196 812 qu.
212 790 272 811 xuv,
287 789 329 806 art.
346 792 368 809 ¹:

157 817 195 839 qu.
211 817 268 838 ιιι-ν,
283 815 325 833 art.
343 819 350 833 ι
362 828 367 837 ,

157 837 185 858 ad
200 843 220 859 2.

159 1109 231 1130 'Vide
238 1108 366 1130 Autissiod.

156 1136 241 1157 Summ.
257 1135 312 1156 Aur.
327 1134 365 1155 lib.

156 1162 195 1187 111,
206 1165 270 1183 tract.
282 1161 311 1182 de
325 1161 367 1181 Vo-

156 1191 364 1244 ἓιῖἒΡιίὲηέῒέᾱιῖ

156 1240 188 1261 lv
210 1240 290 1266 Sem„
313 1240 365 1262 dist.

155 1273 235 1292 xxvm,
251 1273 289 1294 qu.
306 1267 328 1288 6.

155 1549 166 1559 ·
173 1548 280 1569 Dist.xxx
311 1554 333 1570 u.
340 1554 364 1574 u,

156 1578 196 1596 art.
206 1580 225 1596 2.
236 1585 245 1590 —
259 1564 293 1596 Cf.
323 1578 364 1595 art.

155 1601 193 1627 111,
203 1607 242 1628 qu.
251 1607 314 1626 xxix,
323 1605 366 1623 art.

156 1633 175 1649 2.

157 1996 167 2006 '
176 1995 247 2022 Argg.
258 1994 306 2016 Sed
313 2000 367 2015 con-

158 2023 205 2043 tra.

150 2525 159 2535 '
186 2523 252 2546 Vere.
267 2524 288 2545 6.

162 2878 171 2888 ·
192 2877 226 2898 De
249 2877 280 2898 Di
297 2877 370 2899 erent.

163 2903 242 2930 Topic.
267 2904 281 2924 li
301 2919 306 2925 .
334 2903 370 2930 11,

163 2933 216 2956 post
231 2929 290 2952 med.

163 3092 313 3121 ‘AdEphes.,
320 3099 371 3121 cap.

165 3126 185 3146 v,
201 3125 251 3141 vers
273 3125 306 3148 3²·

167 3404 240 3426 'Dim
246 3410 301 3430 xxx,
309 3409 375 3431 capp.

168 3430 282 3458 &ponito
292 3434 314 3452 et
328 3436 377 3458 seq.

400 206 449 242 92
651 195 914 242 QUAESTIO
945 197 1107 244 XLVIII,
1133 195 1424 234 ARTICULUS
1453 196 1482 231 11
1501 216 1526 221 —
1547 195 1810 240 QUAESTIO
1840 195 1972 240 XLIX,
1992 194 2286 232 ARTICULUS
2314 196 2328 232 I

398 278 471 313 post
503 283 696 304 consensum
728 275 905 314 nuptialem
935 274 995 305 fuit
1017 276 1106 315 virgo
1137 281 1244 306 mente
1269 281 1299 305 et
1323 283 1415 304 carne
1432 274 1458 302 ⁴*-
1514 278 1560 302 est
1585 272 1624 302 de
1647 283 1680 302 se
1705 272 1904 303 ordinatum:
1939 278 1970 302 et
2001 273 2079 303 haec
2103 282 2229 313 semper
2261 274 2347 304 bona
2369 279 2436 310 est,
2460 274 2580 305 scilicet

398 318 482 357 Ergo
506 327 574 348 non
597 319 759 348 consensit
781 319 815 348 in
839 319 996 349 carnalem
1021 320 1181 360 copulam.

454 371 482 391 2.
503 361 697 398 Pam-ranna,
711 361 841 393 effectus
853 363 1025 403 respondet
1041 373 1153 393 causae
1164 364 1189 393 ’ἢ
1211 362 1273 393 Sed
1285 369 1458 391 consensus
1513 369 1607 389 causa
1630 359 1732 390 finalis
1755 361 1854 399 ipsius
1878 365 1925 390 est
1947 361 2011 390 hoc
2041 360 2131 400 quod
2158 362 2380 392 contrahentes
2409 361 2580 393 intendunt

398 410 443 435 est
466 415 561 436 causa
583 407 778 436 matrimonii
793 408 819 437 *.
845 406 931 438 Cum
955 417 1029 446 ergo
1053 407 1092 437 de
1109 407 1243 437 essentia
1265 403 1458 435 matrimonii
1514 413 1551 432 ex
1567 403 1783 434 matrimonio.
1803 404 1844 434 Et
1860 404 2010 443 quiahoc
2026 403 2116 444 quod
2135 414 2173 435 ex
2188 407 2394 436 matrimonio
2405 406 2579 437 intenditur

397 459 464 479 non
487 450 526 479 sit
549 450 681 480 carnalis
706 451 832 490 copula,
856 451 981 481 videtur
1005 450 1093 490 quod
1116 460 1176 480 nec
1200 457 1374 479 consensus
1402 447 1458 486 qui
1480 455 1489 475 ς
1513 447 1720 486 consequitur
1743 447 1783 477 ad
1806 449 2065 484 matrimonium;
2090 453 2121 479 et
2139 449 2246 488 priora
2267 459 2335 480 non
2358 451 2518 480 variantur
2541 459 2579 481 ex

397 494 637 524 matrimonium
661 500 777 531 causat,
795 496 833 525 sit
856 496 888 524 in
913 495 1070 524 carnalem
1094 494 1254 533 copulam.
1512 492 1750 530 posterioribus,
1764 491 1819 521 sed
1835 501 1853 522 e
1870 501 2042 522 converso:
2063 492 2136 522 ideo
2153 502 2190 523 ex
2206 493 2260 523 illa
2275 503 2370 524 causa
2384 503 2452 524 non
2466 494 2580 534 recipit

451 538 639 568 Raspoxmo
663 549 822 569 menapum
839 539 927 578 quod
947 547 1120 568 consensus
1140 537 1195 576 qui
1218 535 1458 565 matrimonium
1511 535 1753 565 matrimonium
1769 536 1944 566 bonitatem
1956 536 2007 566 vel
2022 537 2186 572 malitiam,
2199 537 2255 567 sed
2269 537 2329 577 ipsi
2344 538 2577 574 contrahentes,

397 581 482 618 facit,
496 588 542 612 est
557 592 732 613 consensus
748 584 781 613 in
797 583 1052 613 matrimonium:
1071 581 1145 620 quia
1165 579 1294 610 effectus
1310 579 1458 618 proprius
1513 588 1653 618 quorum
1669 585 1716 609 est
1731 579 1804 609 finis
1827 589 1883 619 per
1898 589 1942 610 se.
1966 580 2007 610 Et
2030 581 2106 620 quia
2128 589 2246 612 causae
2256 590 2320 621 per
2341 581 2490 612 accidens
2504 587 2581 613 sunt

396 626 568 657 voluntatis
592 632 638 657 est
661 628 767 667 ipsum
790 627 936 656 volitum.
961 624 1064 660 Unde,
1081 625 1162 654 sicut
1186 624 1317 653 carnalis
1341 622 1458 661 copula
1513 623 1658 663 infinitae
1673 624 1699 659 ἢ
1715 623 1790 654 ideo
1813 623 1956 654 infinitae
1978 624 2055 655 tales
2080 634 2193 655 causae
2209 631 2344 665 possunt
2367 635 2435 656 esse
2456 626 2490 656 in
2511 635 2579 656 ma-

396 680 430 700 se
449 671 543 700 habet
565 671 605 701 ad
620 671 870 706 matrimonium,
887 671 928 699 ita
945 677 1118 699 consensus
1142 668 1198 707 qui
1216 667 1458 697 matrimonium
1473 673 1499 687 ¹⁰
1512 668 1682 704 trimonio‚
1707 677 1844 708 quarum
1860 673 1934 698 sunt
1950 668 2109 708 quaedam
2132 669 2285 700 honestae
2306 675 2338 700 et
2353 669 2512 710 quaedam
2529 670 2579 701 in-

397 720 514 750 causat‚
532 721 578 745 est
601 716 633 745 in
657 715 814 745 carnalem
839 713 998 753 copulam.
1024 711 1264 741 Matrimonium
1289 716 1406 747 autem,
1422 715 1458 740 ut
1512 712 1675 742 honestae.

396 768 491 798 supra
506 760 522 775 ὓ
546 758 666 789 dictum
690 764 752 794 est,
777 767 844 787 non
868 762 914 787 est
937 755 1141 786 essentialiter
1170 756 1238 795 ipsa
1267 755 1453 785 coniunctio
1566 756 1617 786 Ar>
1641 766 1759 786 ramum
1782 766 1865 787 aizoo
1882 766 2042 787 meatuum
2058 756 2147 797 quod
2162 766 2275 788 verum
2292 762 2338 788 est
2357 756 2396 788 de
2413 767 2508 788 causa
2522 767 2580 798 per

397 803 542 832 carnalis:
568 803 623 833 sed
646 802 803 842 quaedam
826 801 992 830 associatio
1016 799 1074 829 viri
1098 805 1128 829 et
1159 800 1266 829 uxoris
1289 799 1323 829 in
1347 798 1458 830 ordine
1512 809 1546 830 se
1569 805 1601 830 et
1623 800 1800 840 principali.
1836 800 1899 831 Sed
1923 800 2012 841 quod
2035 801 2130 832 habet
2159 811 2262 832 unum
2285 801 2385 832 finem
2408 811 2466 841 per
2491 811 2525 832 se
2549 807 2580 832 et

396 846 435 876 ad
459 847 616 876 carnalem
639 846 790 886 copulam
813 850 844 874 et
867 844 926 874 alia
950 853 1032 883 quae
1055 853 1093 873 ex
1116 844 1327 883 consequenti
1350 843 1390 874 ad
1412 844 1458 874 vi·
1512 844 1731 884 principalem,
1752 850 1859 885 potest
1882 845 1998 876 habere
2027 845 2135 886 plures
2158 845 2363 877 secundarios
2393 855 2451 886 per
2472 855 2523 882 se,
2548 851 2580 876 et

394 900 466 920 rum
490 896 520 920 et
544 899 676 920 uxorem
699 890 868 929 pertinent,
885 887 1062 918 secundum
1087 887 1176 927 quod
1200 888 1244 918 eis
1260 887 1351 918 datur
1366 893 1458 928 pote·
1474 893 1496 913 ¹5
1512 887 1655 919 infinitos
1677 898 1735 929 per
1758 888 1915 919 accidens.

395 940 456 964 stas
479 935 511 964 in
535 935 672 964 invicem
695 938 840 972 respectu
864 932 995 962 carnalis
1026 931 1172 971 copulae.
1206 932 1247 962 Et
1270 933 1349 962 haec
1372 941 1458 962 asso·
1567 933 1618 963 An
1643 943 1805 963 sueunnun
1827 943 1987 964 monimum
2012 934 2101 974 quod
2125 935 2311 965 coniunctio
2342 939 2449 974 potest
2478 934 2580 974 accipi

395 979 488 1008 ciatio
513 978 695 1018 coniugalis
718 977 833 1016 copula
866 976 989 1006 dicitur.
1025 975 1118 1006 Unde
1146 981 1233 1015 patet
1263 975 1353 1016 quod
1376 977 1458 1006 bene
1512 986 1572 1016 pro
1595 977 1664 1017 ipsa
1687 977 1840 1007 relatione
1857 987 1939 1017 quae
1963 983 2010 1008 est
2024 979 2275 1010 matrimonium.
2299 978 2340 1008 Et
2363 978 2432 1009 talis
2453 987 2580 1018 semper

395 1021 540 1051 dixerunt
555 1021 600 1051 illi
624 1022 679 1060 qui
695 1020 841 1050 dixerunt
864 1019 953 1059 quod
972 1020 1152 1050 consentire
1168 1020 1200 1050 in
1217 1021 1459 1050 manimonium
1514 1026 1560 1051 est
1583 1031 1600 1051 a
1624 1021 1713 1051 Deo:
1739 1027 1770 1051 et
1792 1022 1878 1051 bona
1898 1027 1953 1058 est,
1971 1031 2178 1063 quacumque
2201 1022 2255 1053 fiat
2271 1032 2375 1053 causa.
2391 1041 2414 1044 —
2437 1023 2498 1053 Vel
2519 1032 2579 1063 pro

394 1071 440 1096 est
463 1065 641 1095 consentire
664 1065 697 1094 in
722 1064 880 1094 carnalem
903 1065 1054 1103 copulam
1077 1064 1242 1104 implicite,
1268 1074 1336 1094 non
1360 1065 1458 1104 expli·
1513 1070 1586 1095 actu
1603 1075 1716 1095 eorum
1732 1066 1788 1105 qui
1805 1066 2054 1106 coniunguntur.
2079 1067 2120 1097 Et
2135 1068 2180 1097 sic
2197 1073 2244 1097 est
2262 1066 2459 1107 quandoque
2477 1067 2578 1097 mala:

394 1110 454 1139 cite
470 1110 496 1139 *.
521 1109 596 1139 Non
613 1110 698 1139 enim
714 1108 808 1138 debet
822 1108 955 1148 intelligi
971 1109 1031 1139 nisi
1048 1109 1129 1138 sicut
1144 1109 1298 1148 implicite
1314 1109 1458 1139 contine-
1473 1112 1499 1127 ²⁰
1513 1114 1544 1139 et
1564 1119 1632 1140 non
1656 1114 1702 1139 est
1718 1119 1736 1139 a
1751 1109 1833 1145 Deo,
1851 1110 2036 1149 simpliciter
2058 1111 2235 1151 loquendo.
2264 1111 2333 1142 Nec
2356 1116 2403 1141 est
2425 1111 2579 1142 inconve-

393 1158 443 1183 tur
466 1152 596 1183 effectus
625 1153 659 1183 in
683 1162 792 1183 causa:
827 1153 903 1192 quia
930 1158 1070 1192 potestas
1101 1153 1232 1185 carnalis
1266 1153 1402 1193 copulae
1425 1153 1459 1183 in
1513 1154 1604 1183 niens
1628 1153 1718 1193 quod
1732 1153 1847 1193 aliquis
1871 1153 2002 1184 effectus
2017 1155 2057 1185 sit
2072 1164 2090 1185 a
2108 1155 2180 1186 Deo
2197 1155 2288 1186 cuius
2304 1165 2399 1186 causa
2419 1160 2466 1186 est
2480 1155 2578 1186 mala:

394 1207 491 1237 quam
507 1198 713 1233 consentitur,
731 1202 777 1227 est
793 1206 887 1227 causa
911 1197 1042 1227 carnalis
1063 1197 1200 1237 copulae
1222 1197 1304 1228 sicut
1319 1202 1458 1237 potestas
1513 1198 1595 1228 sicut
1618 1198 1724 1237 proles
1748 1207 1831 1237 quae
1855 1207 1892 1228 ex
1916 1197 2072 1229 adulterio
2100 1199 2280 1239 suscipitur.
2315 1199 2391 1230 Non
2423 1199 2510 1230 enim
2533 1205 2581 1230 est

393 1241 503 1272 utendi
526 1251 560 1271 re
583 1251 640 1271 sua
663 1247 709 1272 est
733 1251 827 1271 causa
849 1251 935 1272 usus.
1514 1251 1552 1272 ex
1575 1242 1628 1272 illa
1651 1251 1746 1272 causa
1768 1242 1961 1282 inquantum
1991 1247 2038 1273 est
2060 1242 2159 1279 mala,
2184 1243 2240 1273 sed
2262 1244 2455 1283 inquantum
2485 1243 2581 1274 habet

448 1286 498 1316 An
522 1295 638 1315 ramim
665 1295 748 1315 naso
778 1295 938 1316 mmmmm
969 1285 1059 1325 quod
1082 1295 1258 1316 consensus
1290 1286 1323 1315 in
1353 1286 1458 1316 matri-
1513 1286 1634 1326 aliquid
1657 1286 1697 1317 de
1715 1286 1814 1322 bono,
1832 1286 2011 1318 secundum
2034 1286 2124 1327 quod
2148 1292 2195 1318 est
2218 1297 2236 1317 a
2251 1287 2333 1324 Deo,
2351 1287 2497 1327 quamvis
2511 1297 2580 1318 non

393 1331 540 1360 monium
562 1329 636 1360 ideo
661 1335 707 1360 est
731 1329 917 1360 damnabilis
941 1335 1015 1370 post
1036 1335 1151 1360 votum
1174 1330 1367 1370 virginitatis,
1385 1330 1459 1370 quia
1473 1342 1497 1363 25
1513 1331 1699 1371 simpliciter
1721 1331 1761 1360 sit
1784 1340 1802 1360 a
1825 1331 1907 1361 Deo.

393 1384 450 1414 per
465 1374 560 1404 talem
581 1384 775 1404 consensum
799 1374 890 1405 datur
905 1379 1046 1414 potestas
1062 1373 1102 1405 ad
1119 1374 1152 1405 id
1175 1374 1264 1414 quod
1284 1384 1351 1404 non
1368 1375 1457 1405 licet:
1568 1376 1619 1405 An
1643 1385 1778 1406 Tannum
1801 1385 1961 1405 mem-mun
1984 1375 2074 1416 quod
2096 1376 2232 1406 intentio
2261 1375 2423 1406 Ecclesiae
2446 1385 2511 1416 qua
2530 1376 2581 1406 in·-

394 1419 476 1449 sicut
498 1424 644 1458 peccaret
667 1419 723 1458 qui
746 1418 833 1449 daret
855 1424 1046 1459 potestatem
1069 1418 1158 1449 alteri
1181 1418 1358 1459 accipiendi
1381 1418 1460 1450 illud
1513 1419 1615 1450 tendit
1637 1425 1872 1450 sacramentum
1895 1419 2037 1456 tradere,
2061 1425 2108 1450 est
2131 1419 2170 1450 de
2194 1420 2381 1451 necessitate
2411 1420 2582 1451 cuiuslibet

393 1462 483 1502 quod
506 1463 573 1502 ipse
595 1463 629 1492 in
653 1462 800 1502 deposito
824 1464 927 1499 habet,
953 1473 1021 1494 non
1045 1463 1151 1494 solum
1174 1464 1207 1494 in
1231 1463 1295 1494 hoc
1318 1463 1407 1502 quod
1431 1464 1460 1494 ei
1513 1464 1711 1499 sacramenti,
1728 1465 1770 1494 ita
1794 1463 1893 1504 quod,
1911 1473 1948 1494 ea
1970 1474 2038 1494 non
2061 1465 2236 1500 observata,
2252 1464 2331 1495 nihil
2346 1465 2380 1495 in
2403 1473 2581 1495 sacramen-

393 1507 555 1537 actualiter
577 1506 721 1537 traderet.
746 1507 795 1538 De
812 1517 972 1538 consensu
996 1513 1104 1538 autem
1119 1508 1234 1538 Beatae
1257 1508 1396 1548 Virginis
1411 1509 1460 1539 in-
1513 1509 1553 1538 tis
1576 1509 1678 1549 agitur
1693 1509 1720 1538 ⁴⁵.
1745 1507 1808 1539 Sed
1831 1508 1966 1539 intentio
1986 1508 2148 1539 Ecclesiae
2172 1518 2236 1550 qua
2258 1508 2394 1539 intendit
2413 1508 2581 1539 utilitatem
2609 1515 2620 1526 ·

393 1551 439 1581 fra
454 1552 470 1568 θ’
494 1551 624 1581 dicetur.
1475 1563 1501 1584 ³0
1515 1563 1552 1583 ex
1576 1558 1774 1583 sacramento
1794 1553 2047 1592 provenientem,
2065 1557 2111 1583 est
2134 1552 2173 1583 de
2197 1553 2279 1583 bene
2295 1562 2363 1583 esse
2382 1553 2580 1590 sacramenti,

448 1596 498 1625 An
522 1606 684 1626 secuuntur
707 1606 867 1626 mesanum
895 1595 985 1636 quod
1007 1596 1089 1626 inter
1112 1595 1239 1626 fratrem
1263 1602 1294 1627 et
1317 1606 1461 1627 sororem
1514 1602 1547 1628 et
1568 1607 1637 1628 non
1654 1597 1693 1627 de
1715 1597 1902 1628 necessitate
1923 1597 2002 1628 eius.
2026 1597 2130 1633 Unde,
2147 1598 2173 1628 si
2195 1607 2264 1628 non
2286 1597 2482 1633 observetur,
2498 1597 2582 1629 nihi-

393 1650 460 1670 non
476 1645 582 1680 potest
598 1650 666 1670 esse
689 1645 829 1679 potestas
845 1641 878 1671 in
896 1641 1036 1671 invicem
1060 1640 1099 1671 ad
1122 1641 1280 1674 carnalem
1297 1641 1459 1681 copulam,
1514 1641 1655 1672 lominus
1672 1647 1719 1672 est
1733 1651 1845 1672 verum
1868 1647 2104 1672 sacramentum
2119 1643 2146 1672 ⁶.
2171 1641 2245 1673 Sed-
2256 1647 2365 1672 tamen
2383 1642 2582 1681 praetermit-

393 1685 476 1714 sicut
497 1694 557 1714 nec
572 1685 657 1714 licite
674 1684 805 1715 carnalis
821 1684 948 1725 copula.
973 1685 1015 1715 Et
1036 1684 1110 1715 ideo
1126 1685 1206 1715 ratio
1222 1695 1291 1715 non
1306 1686 1459 1725 sequitur.
1513 1691 1584 1716 tens
1607 1686 1690 1716 hanc
1712 1686 1926 1716 intentionem
1948 1691 2076 1726 peccat:
2108 1687 2190 1717 sicut
2213 1686 2239 1716 si
2261 1687 2294 1716 in
2324 1686 2483 1726 baptismo
2513 1695 2582 1717 non

449 1729 499 1758 An
523 1738 658 1758 Triarium
680 1738 840 1759 mmmmm
864 1728 953 1769 quod
976 1729 1028 1759 illa
1052 1729 1195 1759 conditio
1225 1729 1371 1769 explicita
1392 1739 1460 1761 non
1514 1730 1698 1761 intendatur
1719 1731 1836 1761 sanitas
1857 1731 1983 1766 mentis,
2001 1739 2099 1770 quam
2122 1730 2264 1761 Ecclesia
2296 1730 2442 1761 intendit.
2475 1730 2519 1761 Est
2541 1731 2582 1761 si-

394 1773 500 1803 soium
517 1773 611 1808 actui,
629 1772 684 1803 sed
707 1774 856 1812 potestati
872 1774 1080 1803 contrariatur
1102 1774 1239 1813 copulae
1255 1774 1396 1804 carnalis.
1420 1774 1461 1805 Et
1476 1784 1498 1804 ις
1514 1774 1631 1805 militer
1652 1775 1706 1805 ille
1730 1775 1787 1814 qui
1802 1774 1938 1805 intendit
1959 1775 2201 1805 matrimonium
2220 1775 2419 1811 contrahere,
2436 1775 2582 1814 quamvis

395 1816 468 1847 ideo
493 1822 539 1847 est
563 1817 719 1847 contraria
741 1818 958 1848 matrimonio.
1515 1819 1756 1849 matrimonium
1778 1829 1846 1850 non
1871 1818 1996 1849 ordinet
2018 1818 2058 1849 ad
2080 1819 2172 1849 illum
2195 1818 2294 1849 finem
2318 1828 2417 1859 quem
2439 1819 2583 1850 Ecclesia

450 1861 500 1891 An
526 1871 674 1891 unaarum
688 1871 848 1891 meatuum
869 1861 958 1902 quod
973 1862 1132 1892 initiatum
1155 1863 1397 1893 matrimonium
1411 1873 1460 1894 re-
1514 1863 1660 1899 intendit,
1677 1863 1886 1894 nihilominus
1908 1873 2022 1894 verum
2043 1864 2286 1894 matrimonium
2309 1863 2476 1894 contrahit.

396 1905 532 1945 spondet
555 1911 780 1936 consummato
805 1906 886 1936 sicut
909 1906 1033 1936 habitus
1056 1906 1106 1936 vel
1129 1911 1269 1946 potestas
1297 1908 1381 1937 actui
1405 1907 1461 1947 qui
1569 1907 1620 1937 An
1646 1917 1793 1938 duaa-run
1809 1917 1968 1938 nrcnunun
1984 1907 2074 1947 quod
2095 1907 2175 1938 illud
2192 1907 2315 1938 malum
2337 1908 2498 1938 intentum
2513 1916 2582 1938 non

396 1955 442 1980 est
465 1950 618 1989 operatio.
1515 1956 1562 1981 est
1585 1951 1657 1982 finis
1681 1952 1887 1988 matrimonii,
1904 1951 1960 1982 sed
1984 1952 2251 1982 contrahentium.

450 1994 602 2023 Rationes
619 1999 727 2023 autem
742 1994 776 2023 in
800 1994 995 2024 contrarium
1011 1995 1028 2011 ⁴*
1044 1993 1218 2024 ostendunt
1233 1995 1323 2035 quod
1338 2005 1405 2025 non
1421 1996 1460 2025 sit
1474 2009 1501 2030 40
1569 1996 1621 2026 An
1646 2006 1786 2026 ‹amuruu
1805 2006 1965 2026 mcannuu
1988 1995 2078 2035 quod
2093 1996 2162 2036 ipsa
2185 1996 2264 2026 unio
2283 2001 2332 2026 est
2353 1996 2481 2035 signum
2504 2004 2582 2026 con-

395 2047 569 2068 consensus
581 2038 614 2067 in
631 2037 790 2067 carnalem
806 2038 956 2078 copulam
970 2038 1126 2078 explicite.
1143 2038 1184 2068 Et
1199 2039 1262 2069 hoc
1279 2044 1325 2069 est
1337 2049 1458 2070 verum.
1513 2040 1688 2070 iunctionis
1712 2039 1830 2070 Christi
1853 2045 1885 2070 et
1907 2040 2080 2076 Ecclesiae,
2104 2045 2135 2070 et
2153 2049 2221 2070 non
2245 2040 2389 2080 operatio
2406 2040 2581 2071 unitorum.

438 2103 536 2133 ART.
554 2103 590 2133 II.
615 2113 719 2133 UTRUM
742 2113 959 2133 MATRIMONIUM
983 2112 1085 2133 Possrr
1105 2113 1173 2134 assu
1197 2114 1235 2134 ax
1260 2114 1415 2135 conansu
1514 2084 1556 2114 Et
1577 2084 1651 2115 'deo
1674 2089 1754 2114 rano
1779 2093 1847 2114 non
1870 2089 2023 2124 seqmmr'

482 2157 620 2177 Armums
644 2157 676 2176 m
700 2157 839 2177 ALIQUAM
862 2157 1002 2177 PROPTER
1024 2157 1144 2178 causan
1171 2158 1370 2178 mnomzs'rAM
1641 2147 1894 2193 QUAESTIO
1920 2147 2456 2192 QUADRAGESmANONA

458 2224 478 2243 n
495 2223 656 2244 sucmvnum
673 2223 718 2242 src
734 2222 937 2242 rnocnnrrua.
955 2212 1089 2243 Videtur
1109 2213 1198 2253 quod
1218 2214 1459 2245 matrimonium
1472 2229 1497 2250 45
1846 2206 1891 2231 DE
1911 2206 2011 2231 BONIS
2042 2206 2250 2231 MATRIMONH

396 2225 526 2288 Anon
548 2258 648 2297 possit
671 2266 738 2287 esse
763 2266 800 2287 ex
824 2266 983 2287 consensu
1008 2257 1140 2288 alicuius
1164 2258 1198 2288 in
1221 2258 1361 2298 aliquam
1385 2268 1459 2299 pro·
1579 2269 1804 2290 ousnouau‘rea
1820 2257 2089 2289 considerandum
2108 2264 2155 2289 est
2174 2257 2214 2290 de
2230 2258 2324 2291 bonis
2343 2259 2541 2291 matrimonii
2555 2259 2582 2290 ⁹.

394 2308 464 2343 pter
487 2311 614 2332 causam
637 2302 849 2332 inhonestam.
878 2301 981 2332 Unius
1005 2302 1092 2332 enim
1116 2312 1179 2332 una
1203 2308 1249 2332 est
1271 2303 1362 2333 ratio.
1397 2303 1461 2334 Sed
1517 2270 1674 2335 CCirca
1697 2303 1787 2344 quod
1811 2308 2008 2343 quaeruntur
2029 2312 2093 2333 sex.

394 2347 635 2377 matrimonium
658 2351 704 2375 est
734 2355 837 2376 unum
867 2351 1111 2376 sacramentum.
1147 2347 1232 2386 Ergo
1262 2357 1331 2378 non
1354 2353 1461 2387 potest
1569 2349 1694 2380 Primo:
1719 2353 1828 2378 utrum
1852 2347 1988 2378 debeant
2004 2347 2114 2378 haberi
2133 2347 2240 2388 aliqua
2262 2348 2349 2380 bona
2367 2346 2407 2378 ad
2430 2357 2584 2380 excusan-

394 2390 462 2421 fieri
479 2401 517 2421 ex
540 2391 666 2420 alterius
681 2389 753 2420 finis
776 2390 954 2420 intentione
972 2400 1069 2430 quam
1085 2391 1169 2421 illius
1185 2390 1224 2421 ad
1241 2401 1339 2431 quem
1355 2402 1372 2422 a
1388 2392 1460 2422 Deo
1604 2392 1682 2423 dum
1705 2392 1955 2422 matrimonium.

395 2436 574 2466 institutum
598 2439 654 2470 est,
671 2434 790 2464 scilicet
813 2433 853 2464 ad
875 2435 1132 2474 procreationem
1155 2436 1263 2475 prolis.
1475 2449 1501 2470 ςο
1570 2436 1738 2468 Secundo:
1763 2442 1873 2467 utrum
1895 2435 2088 2466 sufficienter
2111 2436 2318 2476 assignentur.

452 2489 480 2509 2.
505 2479 707 2513 Proxumum,
732 2479 918 2508 coniunctio
955 2479 1150 2510 matrimonii
1188 2485 1234 2510 est
1257 2490 1275 2510 a
1308 2480 1396 2510 Deo:
1425 2485 1461 2510 ut
1571 2481 1700 2512 Tertio:
1725 2486 1833 2511 utrum
1856 2481 1981 2511 bonum
2003 2481 2191 2511 sacramenti
2214 2481 2254 2511 sit
2272 2480 2479 2521 principalius
2501 2481 2584 2512 inter

395 2529 482 2563 patet
506 2523 616 2553 Matth.
632 2533 684 2553 xnr
700 2524 726 2558 *,
746 2522 842 2559 Quod
859 2523 949 2553 Deus
972 2524 1152 2560 coniunxit,
1168 2524 1264 2554 homo
1281 2534 1346 2555 non
1369 2533 1460 2564 sepa·
1604 2525 1664 2556 alia
1686 2526 1782 2556 bona.

398 2573 454 2598 ret.
479 2567 542 2598 Sed
557 2567 743 2597 coniunctio
767 2576 850 2607 quae
866 2566 901 2597 fit
917 2573 1047 2608 propter
1069 2574 1178 2608 turpes
1195 2578 1314 2605 causas,
1330 2579 1399 2600 non
1415 2574 1462 2600 est
1571 2570 1712 2608 Quarto:
1736 2575 1846 2600 utrum
1869 2574 1958 2600 actus
1979 2569 2175 2600 matrimonii
2198 2578 2256 2609 per
2278 2568 2439 2610 praedicta
2457 2569 2544 2602 bona
2565 2579 2584 2601 a

397 2622 415 2642 a
438 2612 519 2642 Deo.
543 2612 628 2651 Ergo
652 2620 719 2641 non
743 2616 790 2642 est
812 2612 1062 2643 matrimonium.
1604 2619 1738 2655 peccato
1761 2619 1938 2644 excusetur.

453 2656 482 2686 3.
506 2656 701 2691 Pium-uam,
720 2656 754 2685 in
777 2656 844 2686 aliis
872 2657 1084 2693 sacramentis,
1110 2657 1135 2687 si
1158 2666 1226 2687 non
1249 2663 1391 2688 servetur
1412 2658 1461 2689 in—
1476 2670 1499 2691 ςς
1571 2659 1713 2697 Quinto:
1738 2664 1847 2689 utrum
1870 2659 1938 2689 sine
1961 2658 2006 2688 eis
2036 2657 2209 2698 aliquando
2233 2667 2251 2689 a
2273 2659 2412 2698 peccatis
2443 2658 2585 2691 excusari

396 2701 497 2730 tentio
513 2700 683 2736 Ecclesiae,
700 2709 768 2730 non
787 2705 834 2730 est
849 2710 959 2731 verum
975 2707 1219 2732 sacramentum.
1244 2701 1307 2732 Sed
1325 2702 1460 2733 intentio
1604 2703 1715 2743 possit.

398 2744 558 2775 Ecclesiae
582 2745 615 2774 in
638 2749 836 2774 sacramento
867 2746 1063 2776 matrimonii
1092 2755 1160 2776 non
1185 2751 1231 2775 est
1254 2746 1293 2776 ad
1321 2747 1461 2786 aliquam
1572 2747 1684 2778 Sexto:
1710 2752 1819 2777 utrum
1835 2745 1965 2787 quando
1983 2751 2030 2777 est
2053 2747 2121 2777 sine
2141 2747 2195 2783 eis,
2212 2747 2251 2777 sit
2274 2756 2401 2788 semper
2414 2751 2584 2788 peccatum

396 2793 524 2829 turpem
547 2798 684 2818 causam.
709 2788 810 2827 Ergo,
836 2789 862 2819 si
886 2799 922 2819 ex
946 2789 1052 2829 aliqua
1075 2790 1159 2830 turpi
1184 2799 1279 2820 causa
1297 2791 1461 2821 matrimo-
1603 2791 1748 2822 mortale.

396 2842 487 2863 mum
511 2833 722 2868 contrahatur'
739 2842 806 2862 non
831 2839 889 2863 ent
911 2843 1022 2864 verum
1046 2839 1297 2865 mammomum‘
1537 2857 1637 2888 ART.
1655 2857 1678 2887 1.
1702 2866 1808 2887 uranu
1831 2866 2050 2887 MATRmormm
2066 2866 2186 2887 oanan
2202 2866 2323 2887 mam:
2346 2866 2463 2886 amana
2478 2865 2562 2887 nom

451 2886 482 2916 4.
507 2877 701 2913 pannum,
718 2876 896 2908 secundum
918 2878 1069 2908 Boetium
1084 2879 1111 2915 ἣ,
1128 2879 1220 2909 cuius
1232 2879 1317 2920 finis
1338 2884 1385 2909 est
1406 2879 1461 2909 bo-
1474 2890 1502 2910 6⁰
1893 2910 2002 2932 omaus
2030 2910 2206 2931 neusa-rua

398 2931 467 2957 nus,
485 2922 587 2961 ipsum
610 2930 735 2962 quoque
757 2921 875 2951 bonum
899 2927 953 2952 est.
985 2922 1048 2953 Sed
1070 2923 1312 2954 matrimonium
1336 2932 1462 2964 semper

398 2970 445 2995 est
467 2965 599 2995 bonurn.
624 2966 710 3005 Ergo
726 2975 793 2996 non
818 2971 864 2996 est
879 2967 1120 2997 matrimonium
1143 2968 1170 2997 si
1185 2973 1316 3008 propter
1338 2968 1461 2998 malum
1581 2977 1601 2997 n
1624 2976 1742 2997 ramim
1764 2976 1810 2997 s1c
1833 2976 2037 2999 »nocam-rua.
2060 2965 2195 2998 Videtur
2225 2965 2315 3006 quod
2341 2965 2584 2997 matrimonium

398 3008 496 3039 finem
518 3008 582 3039 fiat.
1518 2979 1650 3042 Arion
1677 3010 1791 3042 debeat
1812 3011 1928 3041 habere
1951 3011 2058 3051 aliqua
2080 3011 2166 3042 bona
2187 3010 2305 3051 quibus
2328 3014 2505 3041 excusetur.
2535 3009 2583 3042 Si—

455 3053 484 3083 5.
507 3053 710 3089 Ρκητκωεᾼ,
736 3055 977 3085 matrimonium
1009 3054 1165 3095 significat
1198 3056 1462 3087 coniunctionem
1517 3061 1572 3087 cut
1594 3056 1681 3086 enim
1705 3055 1905 3087 conservatio
1929 3054 2102 3091 individui,
2126 3063 2210 3095 quae
2233 3053 2269 3084 fit
2291 3063 2349 3094 per
2372 3063 2409 3084 ea
2437 3063 2522 3094 quae
2544 3053 2584 3088 ad

400 3096 516 3127 Christi
540 3102 570 3127 et
593 3098 754 3128 Ecclesiae
770 3099 796 3127 ’ἢ
821 3098 884 3128 Sed
907 3099 950 3128 ibi
966 3109 1033 3130 non
1057 3099 1140 3130 cadit
1163 3099 1269 3140 aliqua
1284 3100 1461 3140 turpitudo.
1474 3110 1501 3137 ες
1516 3101 1700 3131 nutritivam
1723 3099 1893 3139 pertinent,
1911 3104 1958 3129 est
1973 3098 2012 3130 de
2035 3099 2214 3129 intentione
2233 3103 2374 3134 naturae,
2390 3098 2434 3128 ita
2455 3107 2584 3130 conser—

399 3141 484 3181 Ergo
507 3151 574 3171 non
597 3147 702 3181 potest
725 3142 966 3173 matrimonium
996 3144 1139 3174 contrahi
1163 3149 1294 3184 propter
1323 3144 1463 3184 aliquam
1517 3144 1603 3175 vatio
1626 3144 1754 3184 speciei,
1772 3153 1855 3184 quae
1878 3142 1914 3174 fit
1936 3152 1994 3183 per
2015 3142 2272 3174 matrimonium:
2298 3147 2330 3173 et
2344 3142 2448 3173 multo
2472 3143 2583 3183 magis,

400 3190 526 3224 turpem
549 3195 686 3216 causam.
1518 3194 1640 3229 quanto
1664 3188 1779 3218 melius
1797 3192 1830 3218 et
1852 3186 1979 3227 dignius
1994 3192 2042 3218 est
2063 3187 2188 3218 bonum
2202 3186 2322 3226 speciei
2345 3195 2444 3226 quam
2459 3186 2584 3221 bonum

456 3229 517 3259 San
542 3239 663 3259 CONTRA
687 3240 741 3259 κεί·
757 3229 846 3270 quod
867 3232 923 3270 qui
946 3231 1084 3271 baptizat
1099 3232 1197 3262 alium
1220 3233 1399 3264 intentione
1414 3233 1464 3264 lu·
1518 3233 1614 3263 unius
1637 3231 1793 3262 individui
1808 3232 1834 3262 *.
1871 3230 1933 3262 Sed
1956 3230 1996 3262 ad
2028 3236 2135 3263 actum
2165 3230 2334 3261 nutritivae
2366 3230 2584 3263 excusandum

402 3272 524 3308 crandi,
548 3283 621 3303 vere
644 3274 791 3313 baptizat.
827 3274 912 3314 Ergo
937 3281 968 3305 et
991 3276 1047 3315 qui
1077 3276 1236 3307 contrahit
1259 3286 1334 3307 cum
1358 3277 1464 3317 aliqua
1518 3286 1585 3307 non
1609 3276 1768 3316 indigetur
1791 3276 1959 3316 aliquibus
1985 3275 2070 3315 Ergo
2093 3283 2154 3305 nec
2183 3274 2279 3305 etiam
2302 3274 2342 3306 ad
2365 3274 2584 3309 excusandum

402 3317 578 3347 intentione
601 3317 690 3353 lucri,
706 3327 818 3348 verum
842 3324 887 3348 est
910 3319 1161 3350 matrimonium.
1477 3321 1769 3357 qomatrimonium.

459 3369 488 3390 2.
512 3360 706 3396 Pium-aium,
722 3362 786 3391 hoc
808 3361 894 3392 idem
916 3363 1053 3402 probant
1073 3364 1218 3404 exempla
1241 3369 1272 3395 et
1296 3365 1464 3396 auctorita—
1575 3374 1604 3394 2.
1629 3364 1825 3400 Pium-amu,
1843 3361 2021 3394 secundum
2036 3362 2281 3402 Philosophum,
2298 3363 2331 3395 in
2347 3362 2420 3393 VIII
2434 3362 2539 3397 Efflc.
2555 3364 2582 3400 “,

402 3408 449 3433 tes
473 3413 554 3443 quae
577 3410 742 3444 ponuntur
764 3405 797 3435 in
820 3405 920 3436 littera
935 3407 961 3436 ἢ
1519 3409 1657 3440 amicitia
1680 3417 1763 3448 quae
1786 3412 1834 3439 est
1856 3408 1938 3438 inter
1959 3407 2064 3438 virum
2087 3412 2119 3437 et
2141 3415 2275 3438 uxorem
2299 3411 2346 3437 est
2368 3407 2528 3444 naturalis,
2553 3413 2585 3438 et

458 3447 645 3477 Rusponnno
663 3458 821 3478 mmmmm
844 3449 933 3488 quod
957 3460 1050 3480 eausa
1069 3450 1172 3482 finalis
1195 3453 1388 3483 matrimonii
1404 3462 1464 3492 po·-
1520 3452 1638 3485 claudit
1651 3453 1685 3483 in
1709 3461 1743 3482 se
1757 3452 1935 3487 honestum,
1953 3451 2031 3482 utile
2047 3456 2078 3482 et
2100 3450 2294 3482 delectabile.
2318 3450 2383 3484 Sed
2397 3450 2476 3482 illud
2494 3450 2584 3491 quod

405 3495 465 3520 test
487 3491 588 3530 accipi
611 3491 792 3530 dupliciter:
818 3493 936 3523 scilicet
960 3503 1016 3533 per
1039 3504 1082 3530 se,
1099 3501 1131 3525 et
1154 3505 1210 3535 per
1225 3496 1380 3527 accidens.
1405 3496 1465 3527 Per
1519 3496 1559 3527 de
1582 3505 1616 3526 se
1639 3501 1686 3526 est
1707 3496 1890 3531 honestum,
1906 3504 1975 3525 non
1989 3494 2110 3535 indiget
2132 3495 2239 3535 aliqua
2258 3495 2473 3526 excusatione.
2496 3495 2583 3535 Ergo

406 3543 439 3563 se
462 3534 593 3573 quidem
622 3544 716 3565 causa
742 3536 937 3567 matrimonii
968 3543 1013 3567 est
1036 3538 1075 3568 ad
1099 3548 1196 3578 quam
1223 3541 1464 3572 matrimonium
1478 3559 1503 3580 75
1519 3550 1580 3572 nec
1602 3540 1808 3571 matrimonio
1832 3539 1949 3571 debent
1963 3539 2090 3571 attribui
2113 3539 2220 3579 aliqua
2242 3539 2328 3571 bona
2344 3539 2538 3573 ,excusantia-

1513 317 1692 355 procreatio
1716 317 1814 355 prolis
1839 321 1869 346 et
1892 317 2002 346 vitatio
2022 316 2251 348 fornicationis.
2276 317 2339 348 Sed
2354 327 2411 358 per
2433 317 2579 349 accidens
2603 337 2605 339 ·

2607 634 2618 645 '
2623 633 2720 655 Axi-tot.
2724 633 2786 662 Pnyae
2789 634 2819 656 ic.

2607 660 2713 708 &aar
2719 666 2818 710 ..21:231

2609 1643 2820 1672 ‘enitimur-mo.

2611 2261 2733 2312 hqssmqu.
2751 2267 2809 2285 xuu
2815 2278 2822 2290 ,
