2878 4088
46 370 47 373 ’
87 363 166 412 scii:
175 369 280 412 twa·
289 373 301 380 ”

56 1150 178 1195 *mm-
193 1166 224 1191 nd
239 1173 258 1190 1.

44 1253 49 1282 j
81 1249 94 1263 ⁶
107 1247 174 1272 Vno.
187 1254 222 1273 2¹.

988 155 1252 202 QUAESTIO
1280 155 1406 201 LXV,
1430 153 1723 191 ARTICULUS
1748 154 1809 200 lv,
1833 155 1864 191 V

327 231 434 272 proles
457 241 525 262 esse
547 233 679 272 accipit,
704 231 760 263 sed
784 233 879 263 etiam
907 232 1054 263 educatio
1079 238 1110 263 et
1133 233 1316 268 instructio,
1341 241 1399 272 per

328 285 427 316 quam
450 277 565 316 accipit
589 277 820 307 nutrimentum
844 283 875 307 et
898 277 1100 317 disciplinam
1117 287 1135 307 a
1150 277 1344 317 parentibus,
1364 277 1398 306 in

328 321 446 360 quibus
469 321 568 350 tribus
592 327 738 361 parentes
761 321 845 361 proli
868 327 1026 357 tenentur,
1051 321 1230 352 secundum
1251 321 1397 351 Philoso-

327 365 446 404 phum,
472 365 542 395 VIII
565 366 670 396 Ethic.
687 367 704 382 ³*
735 365 822 396 Cum
851 371 960 396 autem
990 365 1138 396 educatio
1170 371 1201 396 et
1228 366 1395 395 instructio

327 409 410 449 proli
434 419 452 439 a
474 411 658 449 parentibus
688 409 863 440 debeantur
885 419 943 450 per
966 410 1102 449 longum
1131 415 1275 449 tempus,
1301 410 1397 449 exigit

325 453 377 484 lex
399 459 531 484 naturae
554 460 590 484 ut
613 460 702 495 pater
725 460 756 484 et
779 459 880 484 mater
895 455 928 484 in
944 454 1080 494 longum
1103 459 1231 494 tempus
1253 463 1396 484 comma-

325 503 432 534 neant,
446 497 486 528 ad
502 499 758 529 subveniendum
775 499 991 529 communiter
1005 498 1099 539 proli.
1117 498 1210 529 Unde
1227 508 1300 528 aves
1313 507 1396 538 quae

326 543 542 573 communiter
565 543 671 583 pullos
694 544 849 579 nutriunt,
871 548 944 573 ante
968 543 1163 583 completam
1186 543 1396 572 nutritionem

325 596 393 616 non
417 593 603 627 separantur
618 597 636 618 a
651 593 764 618 mutua
788 588 949 623 societate,
972 596 1055 627 quae
1078 587 1191 626 incipit
1206 596 1224 616 a
1240 595 1396 616 concum-

325 630 443 661 bendo.
468 632 558 662 Haec
581 638 690 662 autem
713 631 865 671 obligatio
889 631 929 662 ad
945 630 1219 661 commanendum
1243 630 1396 661 feminam

325 676 440 706 marito
463 677 706 707 matrimonium
729 675 813 706 facit.
847 675 888 706 Et
910 675 984 706 ideo
1012 680 1099 715 patet
1126 674 1217 715 quod
1243 674 1396 705 accedere

325 719 366 750 ad
389 720 558 751 mulierem
580 730 649 751 non
671 721 815 750 iunctam
841 720 901 749 sibi
924 719 1142 755 matrimonio,
1166 728 1250 759 quae
1273 728 1395 749 concu-

325 764 400 795 bina
422 770 565 801 vocatur,
590 770 636 795 est
659 770 771 795 contra
792 764 898 804 legem
920 770 1062 794 naturae.

380 809 431 838 An
454 819 573 839 Panum
600 818 683 839 111100
711 817 872 838 mcx-rmum
895 807 985 847 quod
1008 808 1042 838 in
1064 808 1213 847 gentibus
1236 812 1395 847 quantum

324 852 365 883 ad
386 853 489 883 multa
511 853 562 883 lex
584 858 716 883 naturae
747 851 913 882 obfuscata
943 857 1018 882 erat.
1052 851 1146 882 Unde
1177 851 1329 882 accedere
1355 851 1395 881 ad

325 897 540 927 concubinam
563 897 685 927 malurn
708 906 775 927 non
798 897 1005 936 reputabant,
1029 896 1085 926 sed
1115 897 1234 936 passim
1257 895 1395 926 fornica-

323 941 412 972 tione
437 942 528 981 quasi
550 951 584 971 re
607 941 692 972 licita
720 941 908 971 utebantur:
939 941 1021 971 sicut
1044 946 1076 971 et
1098 940 1165 971 aliis
1194 950 1277 981 quae
1306 946 1395 971 erant

323 991 435 1016 contra
450 986 668 1016 caeremonias
684 985 888 1022 Iudaeorum,
905 986 1051 1026 quamvis
1067 994 1136 1015 non
1153 991 1258 1015 essent
1282 990 1392 1015 contra

322 1030 427 1070 legem
457 1035 599 1060 naturae.
633 1030 674 1060 Et
696 1029 771 1060 ideo
798 1030 950 1070 Apostoli
979 1030 1224 1060 immiscuerunt
1251 1030 1394 1070 prohibi-

322 1075 447 1105 tionem
467 1073 688 1105 fornicationis
708 1075 1004 1110 caeremonialibus,
1021 1079 1152 1114 propter
1168 1073 1394 1105 discretionem

323 1128 406 1160 quae
431 1125 497 1150 erat
518 1119 552 1149 in
575 1124 715 1159 utroque
738 1119 821 1150 inter
844 1119 979 1150 Iudaeos
1004 1125 1035 1149 et
1057 1119 1200 1159 gentiles.

378 1163 429 1194 An
453 1173 616 1194 secuxnuu
639 1173 800 1194 1110111111οΜ
815 1163 906 1204 quod
922 1174 959 1194 ex
975 1163 1137 1204 praedicta
1160 1163 1353 1197 obscuritate
1365 1163 1392 1199 ἡ

323 1207 444 1239 scilicet
467 1209 501 1238 in
524 1217 623 1248 quam
647 1207 831 1239 ceciderunt
853 1208 998 1248 gentiles,
1015 1208 1086 1238 Deo
1104 1207 1243 1238 debitam
1259 1208 1394 1248 gloriam

322 1262 392 1283 non
413 1252 600 1291 taddeum,
622 1258 659 1283 ut
682 1252 797 1283 dicitur
818 1253 912 1283 Rom.
937 1263 948 1282 1
964 1254 994 1289 *,
1019 1252 1070 1282 lex
1093 1252 1146 1283 illa
1169 1253 1337 1292 processit,
1363 1257 1394 1282 et

322 1300 391 1328 fion
407 1306 446 1327 ex
461 1297 613 1327 instinctu
629 1297 707 1337 legis
722 1303 863 1328 naturae.
880 1296 984 1333 Unde,
997 1297 1198 1341 praevalente
1215 1296 1394 1327 Christiana

322 1341 488 1382 religione,
512 1341 563 1372 lex
585 1341 639 1372 illa
662 1342 815 1382 extirpata
838 1347 894 1372 est.

377 1386 429 1416 An
458 1396 593 1416 ‘rnatum
625 1396 785 1416 111011ΝοοΜ
815 1386 905 1426 quod
933 1386 966 1416 111
995 1386 1172 1426 aliquibus,
1201 1386 1283 1416 sicut
1314 1384 1394 1415 nihil

322 1430 554 1461 inconveniens
577 1431 722 1471 sequitur
744 1431 770 1461 si
792 1440 862 1461 rem
885 1431 1026 1470 aliquam
1049 1440 1146 1471 quarn
1164 1431 1236 1470 quis
1251 1431 1285 1460 in
1300 1430 1410 1470 pote-'

275 1497 277 1499 ,
322 1479 401 1505 state
424 1475 520 1505 habet
542 1475 631 1505 alteri
655 1475 840 1516 simpliciter
862 1474 973 1511 tradat,
990 1476 1033 1518 ita
1056 1475 1152 1506 etiam
1175 1484 1236 1505 nec
1252 1475 1278 1504 si
1292 1473 1394 1504 tradat

321 1518 363 1550 ad
385 1524 531 1559 tempus:
557 1525 588 1550 et
611 1520 656 1550 sic
678 1525 829 1550 neutrum
854 1525 901 1550 est
919 1525 1031 1550 contra
1054 1519 1159 1559 legem
1182 1524 1323 1550 naturae.
1348 1518 1394 1548 Ita
1408 1528 1434 1549 3⁰
1447 1520 1481 1550 in
1496 1520 1600 1550 verbis
1617 1518 1763 1560 Gregorii
1780 1519 1919 1550 inductis
1941 1520 2128 1561 intelligitur
2151 1521 2348 1560 comparatio
2364 1521 2516 1553 vitiorum

79 2627 91 2639 ·
120 2626 252 2655 Gen-enp-

33 2670 36 2674 .
79 2659 176 2682 xxxviii,
192 2660 252 2677 ven.

26 2681 115 2711 ¹⁸³·

80 2849 98 2861 ·’
104 2847 173 2872 νεη-
187 2853 217 2872 2⁰
232 2854 285 2878 ης.

81 2942 91 2952 ·
113 2940 203 2964 Hor-al.
225 2941 266 2964 lib.

82 2967 194 2996 xxxin,
215 2974 266 2999 cap.

81 3000 127 3022 ιιι,
141 2995 171 3018 nl.
186 3001 224 3022 ¹¹3
243 3001 266 3017 111

80 3023 127 3044 vet.
141 3027 193 3049 up.
207 3028 255 3045 xvi.

83 3252 94 3264 ·
108 3250 144 3274 ct
166 3250 200 3272 lv
215 3251 281 3274 δοκε.

82 3277 251 3306 &mnne-p.
266 3283 282 3300 1.

83 3469 94 3479 ·
109 3467 174 3490 Vero.
189 3474 217 3496 9,
234 3474 268 3490 10.

322 1568 431 1594 autem
453 1573 522 1594 non
545 1569 592 1594 est
614 1564 648 1594 in
671 1564 851 1604 proposito.
875 1563 952 1594 Ideo
975 1565 1055 1594 ratio
1079 1573 1147 1594 non
1171 1564 1325 1604 sequitur.

376 1608 428 1639 Ar>
453 1618 602 1638 011an
624 1618 784 1638 meantum
803 1607 893 1648 quod
908 1609 1023 1638 iniuria
1043 1608 1181 1638 iustitiae
1204 1608 1391 1648 opponitur.

321 1652 389 1683 Lex
411 1657 520 1683 autem
542 1653 694 1683 naturalis
715 1662 784 1683 non
807 1652 915 1683 solum
938 1653 1088 1692 prohibet
1110 1653 1312 1688 iniustitiam,
1337 1651 1392 1682 sed

321 1697 418 1727 etiam
446 1697 597 1737 opposita
623 1697 772 1727 omnium
800 1697 955 1727 virtutum
970 1697 1003 1726 ἐ
1038 1697 1120 1727 sicut
1148 1702 1259 1727 contra
1286 1696 1391 1736 legem

2448 157 2517 194 135

1453 231 1516 263 Sed
1532 231 1702 262 fornicatio
1719 231 1833 262 dicitur
1849 233 1988 263 crimen:
2009 240 2044 264 ut
2060 240 2147 274 patet
2167 236 2285 266 Tobiae
2301 246 2332 267 rv
2343 238 2370 272 θ,
2383 237 2519 267 Attende

1453 276 1508 306 tibi
1531 276 1570 306 ab
1595 276 1684 306 omni
1696 277 1934 317 fornicatione,
1960 283 1991 308 et
2006 284 2141 318 praeter
2165 290 2300 310 uxorem
2324 286 2412 311 tuam
2436 291 2518 312 nun-

1451 330 1548 361 quam
1566 321 1708 361 patiaris
1732 321 1852 351 crimen
1876 321 1969 351 scire.

1507 366 1697 396 RnspoNnno
1728 375 1888 395 mcxNDtm
1919 365 2022 405 quod,
2047 368 2128 397 sicut
2155 368 2187 397 in
2217 368 2363 398 Secunda
2392 369 2484 400 Parte
2500 371 2517 386 ⁴*

1418 420 1427 440 ς
1452 409 1574 440 dictum
1597 415 1654 446 est,
1670 409 1716 440 illi
1732 415 1820 440 actus
1843 419 1881 439 ex
1902 419 1961 440 suo
1983 420 2098 450 genere
2122 417 2196 442 sunt
2218 418 2349 452 peccata
2371 414 2517 444 mortalia

1450 463 1508 494 per
1532 463 1614 494 quos
1639 453 1752 484 foedus
1783 454 1939 484 amicitiae
1968 455 2108 485 hominis
2131 455 2171 485 ad
2194 456 2300 486 Deum
2323 463 2354 487 et
2376 458 2516 489 hominis

1451 498 1491 529 ad
1513 499 1681 529 hominem
1704 498 1858 528 violatur:
1890 499 1969 528 haec
1997 499 2083 529 enim
2107 505 2181 529 sunt
2203 506 2314 530 contra
2337 501 2402 531 duo
2426 512 2515 542 prae-

1450 549 1543 583 cepta
1560 543 1705 579 caritatis,
1722 552 1806 583 quae
1830 548 1877 573 est
1899 543 2024 573 animae
2039 544 2103 573 vita
2118 545 2144 574 θ’.
2174 544 2214 574 Et
2237 544 2322 580 ideo,
2340 555 2415 575 cum
2438 556 2516 576 con-

1450 588 1577 618 cubitus
1608 586 1795 617 fornicarius
1825 587 1916 617 tollat
1946 587 2085 617 debitam
2116 587 2351 619 ordinationem
2379 591 2516 629 parentis

1410 643 1436 657 ιο
1450 631 1490 661 3(1
1513 632 1656 672 prolem,
1681 641 1778 671 quam
1802 638 1914 662 natura
1937 641 1975 661 ex
1999 633 2175 662 concubitu
2201 632 2352 668 intendit,
2376 643 2444 664 non
2471 640 2517 665 est

1450 675 1585 706 dubium
1609 675 1699 715 quod
1722 675 1891 706 fornicatio
1916 675 2050 715 simplex
2066 675 2106 706 de
2122 677 2171 707 sui
2188 677 2311 707 ratione
2335 683 2381 707 est
2404 687 2517 718 pecca-

1449 725 1519 750 tum
1542 720 1688 755 mortale,
1713 720 1809 750 etiam
1833 721 1858 750 si
1881 720 1932 750 lex
1955 720 2070 760 scripta
2093 731 2161 751 non
2185 726 2275 751 esset.

1503 765 1555 794 An
1579 774 1696 794 prunum
1723 774 1806 794 ERGO
1834 774 1995 794 nrcxumm
2018 764 2108 804 quod
2131 765 2314 805 frequenter
2336 766 2436 796 homo
2462 767 2517 806 qui

1448 818 1517 838 non
1540 809 1617 838 vitat
1639 814 1809 848 peccatum
1837 809 1988 845 mortale,
2013 809 2090 839 vitat
2113 809 2244 850 aliquod
2271 815 2441 850 peccatum
2463 820 2517 841 ve—

1410 863 1432 883 ις
1448 853 1548 888 111313,
1574 852 1614 883 ad
1637 852 1727 893 quod
1754 863 1822 883 non
1849 853 1945 884 habet
1972 859 2097 884 tantum
2124 855 2378 885 incitamentum.
2411 855 2453 885 Et
2475 856 2518 885 ita

1450 898 1546 928 etiam
1562 897 1654 928 Iudas
1670 897 1876 928 mendacium
1891 898 2009 934 vitavit,
2027 898 2273 929 fornicationem
2289 909 2357 929 non
2372 900 2483 930 vitans.
2496 917 2516 923 -

1449 941 1605 980 Quamvis
1633 941 1712 972 illud
1739 941 1945 972 mendacium
1972 943 2190 982 perniciosum
2218 942 2344 980 fuisset,
2368 944 2517 974 iniuriam

1448 987 1569 1017 habens
1596 996 1762 1022 annexam,
1786 987 1812 1017 si
1835 987 2030 1027 promissum
2053 997 2120 1017 non
2144 987 2329 1018 reddidisset
2345 989 2372 1018 ἢ

1502 1031 1554 1061 An
1586 1041 1749 1061 311ου1111οΜ
1782 1041 1942 1061 melerinum
1977 1031 2067 1072 quod
2100 1038 2270 1072 peccatum
2304 1042 2372 1063 non
2403 1032 2518 1063 dicitur

1408 1085 1435 1100 ²0
1448 1075 1583 1106 mortale
1607 1076 1682 1115 quia
1705 1081 1809 1106 morte
1833 1076 2002 1115 temporali
2025 1077 2186 1116 puniatur,
2207 1076 2264 1107 sed
2287 1078 2362 1117 quia
2385 1078 2518 1117 punitur

1449 1125 1586 1150 aeterna.
1610 1119 1703 1150 Unde
1728 1120 1823 1150 etiarn
1847 1119 1978 1156 furtum,
1996 1120 2086 1160 quod
2109 1126 2156 1151 est
2178 1127 2348 1161 peccatum
2370 1122 2516 1158 mortale,

1450 1169 1481 1195 et
1495 1165 1597 1194 multa
1613 1164 1682 1200 alia,
1699 1164 1861 1195 interdum
1876 1174 1944 1195 non
1960 1166 2139 1205 puniuntur
2162 1175 2219 1205 per
2239 1165 2325 1205 leges
2347 1166 2516 1206 temporali

1447 1214 1562 1239 morte.
1590 1209 1631 1239 Et
1654 1209 1796 1239 similiter
1819 1210 1915 1239 etiam
1938 1214 1985 1239 est
2008 1209 2047 1240 de
2071 1209 2293 1240 fornicatione.

1501 1253 1552 1283 An
1580 1263 1715 1283 'mariun
1741 1263 1902 1283 1110111111οΜ
1929 1253 2032 1293 quod,
2056 1255 2138 1284 sicut
2161 1264 2228 1284 non
2252 1255 2386 1294 quilibet
2408 1260 2516 1286 motus

1408 1307 1431 1327 ας
1448 1298 1615 1338 superbiae
1644 1303 1690 1328 est
1713 1303 1883 1337 peccatum
1912 1298 2061 1334 mortale,
2085 1298 2129 1328 ita
2156 1308 2216 1329 nec
2245 1299 2379 1338 quilibet
2407 1305 2516 1330 motus

1448 1342 1608 1373 luxuriae:
1643 1342 1718 1382 quia
1748 1343 1843 1382 primi
1873 1348 1981 1372 motus
2012 1342 2156 1373 luxuriae
2180 1348 2211 1373 et
2233 1343 2419 1374 huiusmodi
2443 1349 2517 1374 sunt

1447 1392 1579 1427 peccata
1601 1387 1746 1422 venialia,
1768 1392 1799 1416 et
1822 1387 1917 1417 etiam
1941 1388 2132 1418 concubitus
2156 1387 2397 1418 matrimonialis
2420 1388 2516 1418 inter-

1449 1431 1536 1461 dum.
1562 1431 1687 1461 Tamen
1711 1431 1810 1471 aliqui
1833 1431 1976 1462 luxuriae
2000 1437 2088 1462 actus
2112 1437 2186 1462 sunt
2209 1437 2340 1471 peccata
2359 1432 2515 1469 mortalia,

1448 1475 1607 1516 aliquibus
1630 1475 1773 1506 motibus
1799 1475 1966 1516 superbiae
1988 1475 2165 1507 venialibus
2192 1476 2415 1507 existentibus:
2441 1477 2517 1517 quia

1447 1564 1627 1595 secundum
1650 1574 1762 1604 genus,
1785 1574 1853 1595 non
1877 1570 2035 1605 quantum
2058 1564 2099 1595 ad
2121 1565 2264 1605 singulos
2288 1570 2386 1596 actus.

1501 1609 1553 1639 AD
1578 1618 1727 1639 otmarum
1749 1619 1909 1639 DICENDUM
1932 1609 2022 1649 quod
2037 1609 2091 1640 illa
2106 1610 2343 1640 circumstantia
2358 1610 2517 1641 efficacior

1448 1658 1495 1683 est
1517 1652 1558 1683 ad
1580 1653 1776 1693 gravandum
1805 1663 1887 1693 quae
1915 1654 2015 1693 magis
2044 1654 2283 1694 appropinquat
2309 1654 2349 1684 ad
2376 1655 2516 1694 speciem

1447 1698 1570 1737 peccati
1585 1698 1612 1727 *.
1641 1697 1745 1733 Unde,
1762 1698 1907 1737 quamvis
1923 1697 2092 1728 fornicatio
2110 1707 2148 1728 ex
2164 1698 2384 1738 magnitudine
2406 1699 2517 1730 incita-
2545 1708 2555 1718 ·

319 1745 451 1772 naturae
475 1746 522 1771 est
545 1746 581 1771 ut
599 1741 714 1781 aliquis
737 1740 949 1771 immoderate
965 1740 1123 1777 comedat,
1141 1741 1287 1781 quamvis
1310 1740 1390 1777 talis,
1407 1748 1430 1769 ³5
1446 1742 1547 1772 menti
1571 1741 1776 1777 diminuatur,
1801 1747 1909 1772 tamen
1932 1751 1970 1772 ex
1993 1742 2124 1772 materia
2147 1742 2229 1772 circa
2253 1752 2351 1782 quam
2375 1748 2431 1780 est,
2448 1753 2517 1783 gra-

319 1785 415 1816 rebus
431 1791 524 1816 utens
540 1785 615 1822 suis,
631 1785 712 1816 nulli
728 1786 877 1816 iniuriam
894 1785 977 1816 facit.
993 1803 1016 1808 -
1032 1785 1073 1815 Et
1088 1791 1251 1825 praeterea
1266 1785 1390 1821 ancilla,

320 1830 467 1870 quamvis
486 1830 525 1860 sit
540 1839 590 1860 res
613 1829 738 1860 domini
761 1829 801 1860 ad
824 1830 1029 1870 obsequium,
1050 1839 1118 1860 non
1142 1835 1189 1860 est
1211 1835 1319 1860 tamen
1342 1839 1391 1860 res

319 1883 377 1905 sua
400 1873 440 1905 ad
454 1875 685 1905 concubitum.
719 1874 761 1905 Et
782 1875 900 1905 iterum
927 1875 1058 1905 interest
1087 1875 1223 1914 qualiter
1253 1875 1391 1915 quisque

319 1927 354 1950 re
369 1928 426 1950 sua
441 1924 549 1950 utatur
564 1919 590 1949 ³.
607 1937 630 1941 —
646 1918 735 1949 Facit
751 1920 847 1950 etiam
867 1919 937 1950 talis
953 1919 1101 1950 iniuriam
1118 1919 1201 1959 proli
1220 1928 1391 1959 procrean—

319 1962 389 2000 dae,
406 1963 446 1994 ad
461 1964 553 1994 cuius
569 1964 694 1994 bonum
709 1973 778 1994 non
794 1963 987 1994 sufficienter
1007 1964 1078 1994 talis
1101 1964 1289 1994 coniunctio
1306 1963 1391 1994 ordi·
1404 1975 1432 1995 4⁰

318 2013 422 2044 natur,
446 2013 483 2038 ut
505 2007 629 2039 dictum
652 2013 700 2039 est
714 2009 742 2038 '.

373 2052 425 2083 An
450 2062 590 2083 cumi-tm
613 2062 773 2083 1110111111οΜ
794 2052 885 2092 quod
900 2053 1016 2083 mulier
1030 2053 1126 2083 habet
1148 2058 1341 2092 potestatem
1357 2053 1391 2082 in

319 2106 456 2137 corpore
476 2097 535 2127 viri
553 2107 620 2128 non
637 2097 823 2137 simpliciter
846 2102 1005 2137 quantum
1021 2096 1060 2127 ad
1076 2097 1195 2133 omnia,
1212 2096 1268 2127 sed
1283 2096 1391 2127 solum

319 2146 477 2181 quantum
509 2141 548 2171 ad
578 2141 831 2172 matrimonium.
865 2141 906 2172 Et
936 2140 1010 2172 ideo
1041 2151 1110 2172 non
1140 2146 1247 2181 potest
1280 2146 1391 2172 contra

318 2185 444 2216 bonum
467 2186 664 2216 matrimonii
688 2195 806 2226 corpus
829 2186 888 2216 viri
911 2186 999 2216 alteri
1022 2186 1184 2226 praebere.

463 2260 563 2291 ART.
588 2260 641 2291 IV.
666 2270 772 2290 u‘rmm
795 2270 956 2291 secanam
979 2271 1021 2291 Ab
1047 2270 1247 2291 coneuamau

496 2338 500 2340 ,
654 2315 700 2335 srr
724 2315 887 2335 1110οΑ11111
910 2315 1056 2335 moveram

317 2355 352 2377 11·
367 2355 426 2383 nn,
441 2361 480 2384 qu.
495 2353 554 2383 ctu,
569 2359 611 2377 nrt.
626 2361 651 2381 a:
666 2355 698 2376 111
713 2355 781 2377 Cant.
798 2355 880 2382 Germ,
897 2361 947 2383 cap.
963 2361 1038 2381 cxxm
1054 2355 1089 2377 De
1103 2355 1184 2382 Malo,
1205 2362 1243 2383 qu.
1259 2362 1297 2382 xv,
1311 2360 1354 2378 ιη.
1369 2362 1389 2378 a.

1446 1787 1576 1816 vitatem
1599 1786 1695 1816 habet
1718 1786 1874 1816 maiorem
1898 1795 1996 1826 quam
2023 1786 2203 1817 inordinata
2232 1787 2408 1817 comestio:
2441 1797 2516 1818 curn

1446 1831 1486 1860 sit
1509 1831 1592 1861 circa
1612 1840 1649 1861 ea
1665 1840 1749 1871 quae
1772 1831 1932 1870 pertinent
1955 1830 1996 1861 ad
2018 1830 2196 1861 fovendum
2219 1830 2334 1862 foedus
2358 1832 2517 1863 societatis

1446 1875 1616 1906 humanae.
1641 1875 1682 1906 Et
1704 1874 1778 1905 ideo
1802 1875 1882 1905 ratio
1906 1885 1974 1906 non
1998 1876 2152 1916 sequitur.

1590 1959 1690 1989 ART.
1714 1959 1754 1989 V.
1778 1969 1884 1989 urium
1906 1969 2089 1989 anmuanno
2112 1969 2238 1990 ncrrun
2262 1970 2372 1990 riman·

1812 2013 2012 2034 CONCUBINAM
2034 2013 2155 2034 HABERE

1655 2053 1686 2075 lv
1702 2054 1780 2080 Sent„
1796 2053 1848 2075 dist.
1867 2060 1948 2079 xxxm,
1964 2060 2002 2082 qu.
2017 2059 2042 2080 ιι,
2058 2058 2100 2076 nrt.
2116 2060 2136 2079 2,
2151 2054 2196 2082 qu·
2212 2061 2230 2080 ι,
2246 2055 2274 2076 nd
2289 2060 2313 2080 a:

1752 2081 1783 2101 111
1799 2080 1865 2103 Cont.
1882 2080 1959 2107 Gent„
1975 2086 2025 2108 cap.
2041 2086 2109 2107 cxxv,
2124 2081 2147 2102 in
2163 2082 2214 2103 fine.

1510 2151 1531 2171 D
1564 2151 1704 2171 nummii
1732 2151 1777 2171 su:
1805 2150 2009 2171 PROCEDITUR.
2042 2140 2178 2171 Videtur
2210 2141 2299 2182 quod
2339 2142 2513 2183 aliquando

1510 2185 1634 2216 licitum
1657 2184 1752 2216 fuerit
1780 2186 1996 2216 concubinam
2023 2186 2149 2216 habere.
2174 2185 2263 2217 Sicut
2289 2187 2375 2217 enim
2397 2187 2514 2218 habere

1445 2239 1544 2260 unam
1568 2239 1703 2260 uxorem
1727 2235 1774 2260 est
1797 2229 1836 2260 de
1860 2229 1930 2270 lege
1953 2235 2095 2266 naturae,
2111 2230 2154 2260 ita
2169 2240 2237 2261 non
2253 2231 2369 2261 habere
2393 2241 2514 2262 concu-

1445 2275 1563 2304 binam.
1589 2273 1652 2305 Sed
1675 2273 1847 2314 aliquando
1864 2274 1954 2304 licuit
1975 2274 2083 2314 plures
2105 2284 2221 2305 uxores
2245 2275 2360 2306 habere
2376 2276 2402 2306 ff.
2427 2276 2513 2316 Ergo

1446 2324 1478 2350 et
1499 2319 1616 2349 habere
1640 2319 1866 2349 concubinam.

1503 2373 1532 2393 2.
1556 2363 1757 2399 PRAETEREA‚
1781 2372 1847 2393 non
1872 2368 1979 2403 potest
2005 2363 2112 2404 aliqua
2135 2363 2230 2393 simul
2254 2373 2322 2394 esse
2345 2364 2459 2394 ancilla
2482 2370 2514 2395 et

321 2417 405 2481 An
422 2416 571 2437 aum-run
595 2416 640 2436 src
664 2416 869 2436 raocnnrrux.
899 2406 1033 2437 Videtur
1056 2406 1147 2446 quod
1177 2406 1328 2437 accedere
1352 2406 1391 2437 ad
1406 2419 1431 2440 ςο
1445 2418 1545 2438 uxor:
1571 2407 1657 2438 unde
1681 2406 1860 2438 secundum
1883 2407 1988 2447 legem
2004 2417 2042 2438 ex
2057 2408 2120 2438 hoc
2144 2408 2215 2447 ipso
2240 2408 2329 2447 quod
2352 2409 2465 2439 ancilla
2479 2409 2513 2439 in

384 2451 600 2482 concubinam
628 2460 696 2481 non
726 2451 765 2480 sit
794 2456 965 2491 peccatum
993 2451 1138 2481 mortale.
1172 2451 1276 2481 Maius
1304 2452 1391 2481 enim

318 2501 489 2536 peccatum
513 2501 560 2526 est
582 2495 789 2526 mendacium
813 2505 912 2536 quam
934 2494 1104 2526 fornicatio
1128 2496 1283 2536 simplex:
1301 2495 1391 2536 quod

318 2545 407 2581 patet
430 2550 468 2570 ex
490 2540 555 2570 hoc
579 2539 669 2580 quod
691 2539 801 2576 Iudas,
823 2541 880 2580 qui
906 2539 1154 2571 fornicationem
1176 2550 1245 2571 non
1267 2541 1392 2571 horruit

320 2594 397 2615 cum
420 2585 562 2615 Thamar
594 2585 811 2621 committere,
835 2584 1236 2621 recusavit'mendacium,
1261 2584 1388 2615 dicens:

322 2629 418 2660 Certe
432 2629 592 2660 mendacii
607 2638 750 2670 arguere
766 2639 826 2659 nos
841 2639 906 2660 non
917 2630 1043 2669 poterit
1056 2630 1083 2659 ἦ
1108 2629 1171 2660 Sed
1186 2629 1391 2660 mendacium
1406 2641 1429 2662 55

319 2683 389 2704 non
412 2679 459 2704 est
481 2683 608 2714 semper
630 2678 800 2714 peccatum
823 2674 967 2704 mortale.
992 2674 1078 2714 Ergo
1094 2683 1202 2714 neque
1221 2673 1390 2704 fornicatio

320 2718 466 2758 simplex.

378 2771 408 2792 2.
431 2762 635 2798 Pau-mam,
659 2768 828 2802 peccatum
856 2762 991 2793 mortale
1018 2768 1122 2793 morte
1151 2763 1258 2803 puniri
1286 2762 1390 2793 debet.

321 2805 386 2838 Sed
400 2806 451 2837 lex
466 2812 557 2837 vetus
573 2816 641 2837 non
656 2807 811 2847 puniebat
827 2807 1037 2837 concubitum
1059 2807 1260 2837 concubinae
1276 2813 1390 2844 morte,

1445 2453 1688 2483 matrimonium
1719 2451 1908 2488 ducebatur,
1936 2452 2035 2482 libera
2065 2451 2255 2482 reddebatur
2269 2453 2296 2482 *.
2330 2452 2392 2483 Sed
2416 2453 2514 2493 aliqui

1446 2497 1629 2528 amicissimi
1644 2497 1716 2527 Deo
1740 2497 1890 2536 leguntur
1912 2496 1953 2526 ad
1975 2506 2047 2526 suas
2070 2497 2238 2527 accessisse
2261 2497 2408 2527 ancillas:
2433 2498 2515 2528 sicut

1445 2541 1607 2572 Abraham
1623 2542 1639 2558 ὓ
1664 2547 1695 2571 31
1718 2541 1813 2571 Iacob
1829 2542 1874 2571 **.
1907 2541 1994 2581 Ergo
2018 2541 2088 2571 illae
2112 2551 2180 2571 non
2204 2547 2292 2571 erant
2320 2551 2445 2572 uxoreS.
2474 2542 2515 2572 Et

1446 2587 1491 2617 sic
1514 2585 1688 2626 aliquando
1711 2585 1801 2616 licuit
1824 2586 2021 2615 concubinas
2044 2586 2171 2616 habere.

1502 2630 1532 2661 3.
1556 2631 1753 2666 PRAETRREA,
1778 2629 1831 2660 illa
1855 2639 1938 2670 quae
1961 2630 1994 2660 in
2018 2630 2260 2660 matrimonium
2287 2629 2423 2666 ducitur,
2447 2640 2514 2660 11011

1445 2680 1553 2716 potest
1576 2675 1664 2710 eiici,
1689 2679 1720 2704 et
1735 2673 1819 2704 filius
1843 2675 1911 2704 eius
1935 2673 2030 2704 debet
2053 2684 2120 2705 esse
2143 2673 2323 2705 hereditatis
2346 2675 2513 2715 particeps.

1446 2719 1510 2751 Sed
1531 2719 1694 2750 Abraham
1717 2719 1810 2749 eiecit
1833 2719 1936 2759 Agar,
1962 2724 1994 2749 et
2011 2718 2096 2749 filius
2119 2719 2187 2749 eius
2210 2728 2278 2749 non
2302 2718 2362 2749 fuit
2384 2719 2475 2750 heres
2487 2720 2513 2749 ⁹.

1446 2765 1532 2804 Ergo
1556 2773 1624 2794 non
1648 2763 1708 2793 fuit
1731 2773 1813 2794 uxor
1835 2763 1991 2794 Abrahae.

1502 2808 1566 2839 San
1589 2818 1730 2844 coNTRA,
1755 2817 1792 2838 ea
1816 2817 1898 2848 quae
1922 2813 1996 2838 sunt
2020 2813 2130 2838 contra
2158 2812 2327 2848 praecepta
2349 2807 2513 2848 Decalogi,

320 2851 382 2882 nisi
405 2852 439 2881 in
463 2851 573 2891 aliquo
597 2860 690 2887 casu,
714 2856 751 2882 ut
772 2856 861 2892 patet
882 2851 1062 2882 Deuteron.
1079 2861 1143 2882 xxu
1158 2852 1185 2881 ³.
1213 2851 1300 2892 Ergo
1323 2861 1391 2882 11011
1405 2861 1432 2881 6ο
1445 2862 1615 2893 nunquam
1644 2852 1814 2883 licuerunt.
1848 2852 1911 2883 Sed
1938 2852 2053 2882 habere
2086 2852 2301 2882 concubinam
2330 2857 2376 2882 est
2403 2857 2514 2882 contra

321 2901 369 2926 est
390 2901 562 2936 peccatum
585 2895 730 2926 mortale.

378 2939 407 2971 3.
431 2940 628 2975 Prummu,
645 2939 824 2970 secundum
842 2939 1035 2980 Gregorium
1047 2940 1074 2976 *,
1090 2945 1223 2980 peccata
1245 2940 1392 2971 mortalia

322 2984 458 3015 carnalia
488 2989 563 3015 sunt
594 2985 728 3015 minoris
757 2984 871 3025 culpae
896 2994 994 3025 quam
1021 2984 1205 3024 spiritualia.
1238 2984 1301 3015 Sed
1323 2994 1392 3015 non

322 3029 428 3059 omnis
451 3029 600 3070 superbia
623 3034 678 3059 aut
701 3029 829 3059 avaritia
857 3034 903 3059 est
930 3034 1101 3069 peccatum
1130 3029 1283 3065 mortale,
1308 3038 1391 3069 quae

1445 2902 1654 2938 praeceptum
1680 2896 1852 2937 Decalogi,
1877 2897 2012 2932 scilicet,
2037 2897 2112 2927 Non
2137 2896 2353 2926 moechaberis
2368 2897 2394 2926 *.
2427 2897 2513 2936 Ergo

1445 2951 1615 2982 nunquam
1638 2940 1699 2971 fuit
1722 2941 1856 2971 licitum.

1503 2996 1532 3016 2.
1556 2986 1753 3021 Paaarssua,
1766 2985 1956 3016 Ambrosius
1973 2985 2058 3021 dicit,
2070 2986 2105 3015 in
2120 2984 2201 3015 libro
2218 2985 2257 3015 de
2267 2985 2468 3015 Patriarchis
2479 2986 2512 3015 *t

1451 3031 1527 3060 Viro
1544 3040 1609 3060 non
1627 3030 1702 3060 licet
1715 3030 1803 3071 quod
1817 3030 1948 3060 mulieri
1963 3039 2028 3060 non
2046 3030 2127 3060 licet.
2153 3029 2215 3060 Sed
2234 3039 2402 3069 nunquam
2425 3029 2515 3059 licuit

320 3078 397 3104 sunt
418 3074 592 3114 spiritualia
614 3079 755 3115 peccata.
779 3073 866 3114 Ergo
889 3083 958 3104 non
981 3074 1087 3104 omnis
1110 3072 1291 3109 fomicatio,
1308 3083 1391 3114 quae
1405 3082 1429 3108 σς
1445 3075 1572 3105 1111111311
1595 3074 1635 3105 ad
1658 3074 1757 3105 aliurn
1785 3075 1891 3105 virum
1921 3073 2089 3110 accedere,
2114 3073 2243 3104 dimisso
2271 3074 2339 3103 viro
2369 3074 2512 3113 proprio.

321 3123 370 3148 est
390 3123 561 3158 peccatum
585 3118 720 3149 carnale.

376 3170 408 3200 4.
435 3162 641 3199 Pmramza,
676 3163 732 3193 ubi
763 3168 811 3193 est
840 3163 944 3192 maius
973 3162 1238 3198 incitamentum,
1270 3162 1314 3192 ibi
1345 3167 1392 3192 est

321 3205 430 3236 minus
451 3212 638 3246 peccatum:
663 3208 740 3247 quia
759 3207 861 3247 magis
880 3212 994 3247 peccat
1010 3207 1066 3247 qui
1080 3207 1199 3237 minori
1215 3207 1391 3237 tentatione

322 3249 461 3280 vincitur
475 3251 503 3281 '-
526 3250 590 3282 Sed
606 3252 869 3292 concupiscentia
891 3252 1030 3282 maxime
1045 3251 1173 3291 instigat
1189 3250 1229 3281 ad
1243 3260 1389 3282 venerea.

1445 3119 1531 3159 Ergo
1555 3128 1616 3149 nec
1639 3119 1708 3149 viro
1731 3128 1877 3159 unquam
1900 3118 1990 3149 licuit
2013 3118 2228 3149 concubinam
2251 3118 2376 3148 habere.

1500 3163 1691 3194 Rnsponnno
1715 3173 1876 3194 mmmmm
1900 3162 1989 3203 quod
2012 3163 2114 3193 Rabbi
2141 3163 2269 3203 Moyses
2293 3161 2369 3192 dicit
2383 3162 2400 3179 ⁴*
2424 3161 2514 3202 quod

1445 3213 1519 3238 ante
1549 3212 1676 3247 tempus
1707 3207 1785 3247 legis
1815 3207 1984 3238 fornicatio
2014 3217 2082 3237 non
2111 3212 2176 3237 erat
2202 3213 2389 3246 peccatum:
2424 3205 2514 3246 quod

1445 3252 1560 3292 probat
1583 3261 1622 3282 ex
1645 3252 1709 3282 hoc
1740 3251 1830 3292 quod
1859 3251 1951 3282 Iudas
1982 3261 2057 3282 cum
2081 3251 2221 3281 Thamar
2251 3250 2426 3281 concubuit
2441 3251 2468 3280 ἦ
2491 3268 2513 3272 -
2541 3254 2551 3263 ·

322 3294 420 3334 Ergo,
437 3304 513 3325 curn
529 3300 617 3326 actus
631 3295 726 3336 gulae
749 3306 817 3327 non
841 3305 968 3336 semper
989 3296 1030 3326 sit
1051 3301 1221 3336 peccatum
1244 3295 1390 3332 mortale,
1404 3309 1432 3330 7⁰
1446 3295 1509 3327 Sed
1531 3296 1589 3326 ista
1611 3296 1692 3326 ratio
1712 3305 1780 3326 non
1797 3296 1892 3336 cogit.
1917 3296 1993 3326 Non
2009 3296 2096 3326 enim
2111 3305 2240 3326 necesse
2257 3300 2303 3326 est
2318 3294 2401 3325 filios
2418 3294 2512 3324 Iacob

322 3347 384 3369 1130
407 3337 577 3370 fornicatio
599 3340 734 3380 simplex
758 3341 816 3371 erit
838 3340 984 3371 mortale.

379 3382 442 3413 Sui>
467 3392 600 3419 comm,
623 3383 703 3414 nihil
726 3384 866 3416 excludit
889 3394 907 3415 a
929 3394 1030 3424 regno
1053 3384 1114 3415 Dei
1137 3384 1197 3415 nisi
1220 3389 1391 3424 peccatum

322 3426 468 3458 mortale.
485 3426 548 3458 Sed
563 3426 772 3459 fornicatores
788 3428 1001 3460 excluduntur
1016 3439 1034 3459 a
1049 3438 1149 3469 regno
1166 3429 1237 3465 Dei,
1253 3434 1290 3459 ut
1305 3433 1392 3468 patet

324 3471 337 3502 1
349 3471 393 3502 ad
406 3471 483 3501 Cor.
495 3481 528 3502 w
539 3472 566 3503 ⁴.
579 3471 665 3512 Ergo
677 3471 847 3504 fornicatio
859 3473 994 3513 simplex
1007 3479 1053 3504 est
1064 3478 1234 3513 peccatum
1246 3473 1389 3503 mortale.

1446 3351 1464 3371 a
1486 3345 1620 3380 peccato
1655 3340 1815 3370 excusari:
1849 3350 1924 3371 cum
1958 3341 2096 3371 accusati
2128 3339 2245 3370 fuerint
2275 3338 2362 3379 apud
2390 3344 2513 3379 patrem

1445 3385 1581 3415 crimine
1604 3384 1745 3425 pessimo
1762 3385 1796 3420 ',
1821 3390 1853 3414 et
1874 3385 1908 3415 in
1933 3385 2049 3425 Ioseph
2076 3394 2190 3415 necem
2216 3384 2267 3414 vel
2293 3382 2512 3414 venditionem

1446 3429 1666 3460 consenserint
1681 3429 1708 3458 *.

1501 3473 1542 3503 Et
1565 3473 1639 3503 ideo
1664 3471 1836 3503 dicendum
1860 3478 1907 3503 est
1930 3473 2036 3513 quod,
2061 3482 2136 3503 cum
2158 3473 2274 3502 habere
2298 3471 2512 3502 concubinam

355 3516 400 3546 '2.
424 3515 627 3552 Prummu,
651 3516 719 3546 sola
741 3522 873 3556 peccata
900 3517 1046 3548 mortalia
1069 3518 1207 3548 crimina
1231 3517 1390 3548 dicuntur.
1405 3530 1429 3552 75
1445 3527 1514 3548 non
1529 3517 1736 3548 matrimonio
1757 3518 1900 3548 iunctam
1916 3518 1956 3548 sit
1971 3523 2082 3548 contra
2105 3517 2209 3557 legem
2231 3522 2362 3547 naturae
2377 3517 2404 3551 *,
2421 3515 2511 3546 nullo

2547 246 2558 257 ‘¹
2572 245 2638 268 Vers.
2655 252 2687 274 13.

2545 373 2555 382 ·
2576 371 2598 392 1⁸
2620 372 2680 398 11⁸⁸,
2696 379 2734 400 qu.

2544 404 2654 424 Lxxxvm,
2665 403 2707 421 art.
2721 405 2742 421 2.

2544 436 2553 440 -
2570 424 2605 446 Cf.
2625 425 2644 446 ΙΙ
2664 425 2741 453 ὄπι,

2544 451 2596 472 dist.
2608 457 2664 478 ιιιι,
2675 458 2741 480 qua,

2543 481 2585 499 art.
2599 485 2623 505 4.

2544 558 2553 567 ·
2573 556 2609 578 Cf.
2629 556 2689 578 Part.
2709 557 2756 585 111,

2544 588 2582 610 qu.
2590 589 2682 610 cxxxix,
2689 583 2754 606 art.6.

2545 993 2556 1003 ⁸
2566 992 2601 1014 Cf.
2618 992 2663 1014 loc.
2679 992 2718 1014 cit.
2732 992 2755 1014 in

2545 1025 2601 1046 arg..
2616 1025 2675 1041 vers.
2692 1025 2725 1047 17.

2581 1705 2616 1727 Cf.
2636 1705 2668 1727 tv
2681 1705 2755 1733 Seru„

2545 1732 2599 1755 dist.
2614 1738 2660 1757 xvu,
2673 1739 2712 1772 qu.
2723 1739 2755 1760 m,

2546 1763 2588 1782 un.
2609 1765 2636 1787 2,
2650 1765 2682 1787 qu
2709 1765 2729 1782 2.

2541 2282 2552 2292 ·
2565 2281 2616 2303 Art.
2631 2287 2651 2303 2.

2541 2464 2551 2472 ·
2564 2461 2631 2482 Deut.
2644 2468 2694 2489 cap.
2704 2468 2752 2490 ιιι,

2541 2494 2599 2510 vers.
2617 2494 2643 2510 ιο
2657 2494 2709 2516 sqq-¹

2544 2546 2553 2554 '
2563 2544 2619 2567 Gen.
2632 2551 2682 2572 cap.
2692 2552 2739 2572 xvi,

2542 2577 2601 2621 ³3¹5:
2611 2578 2673 2621 32:15
2686 2578 2739 2620 35¹⁹·

2543 2627 2564 2635 ··
2591 2625 2648 2647 lbid.
2658 2642 2664 2651 ,
2694 2631 2743 2654 cap.

2541 2658 2624 2678 xxxlv,
2640 2658 2698 2674 vers.
2716 2658 2741 2681 ²3

2542 2684 2593 2706 sqq.

2542 2725 2552 2733 ·
2568 2722 2624 2744 Gen.
2641 2729 2691 2751 cap.
2705 2729 2753 2750 xxi,

2542 2755 2601 2770 vers.
2617 2756 2643 2771 ιο
2658 2756 2708 2778 sqq.

2542 2903 2551 2912 ·
2566 2901 2640 2923 fixod.
2653 2907 2703 2929 cap.
2714 2909 2753 2929 xx,

2542 2934 2599 2950 vera.
2617 2936 2650 2955 ¹4·

2542 2990 2552 2999 ·
2566 2989 2602 3010 De
2610 2989 2739 3016 Abraham,

2542 3015 2580 3036 lib,
2597 3015 2621 3040 1.
2637 3022 2663 3037 ca
2683 3032 2688 3036 .
2705 3023 2739 3042 ιν,

2541 3042 2740 3100 ῗύςῖὸᾞῐεῡίῡῖἶῗὲ

2541 3095 2636 3122 aratur,
2675 3102 2738 3118 caus.

2541 3121 2636 3149 XXXII,
2651 3128 2690 3150 qu.
2709 3128 2739 3144 tv.

2541 3167 2551 3177 ·
2565 3166 2631 3187 Doct.
2643 3166 2752 3194 Perplex-

2541 3192 2580 3214 lib.
2588 3193 2627 3219 111,
2632 3199 2682 3220 cap.
2689 3199 2751 3215 xnx.

2581 3251 2637 3275 Gen.
2660 3259 2711 3280 cap.

2540 3285 2636 3306 xxxvm,
2652 3286 2710 3301 vers.

2542 3312 2549 3327 ¹
2553 3311 2565 3334 3
2580 3312 2631 3333 sqq.

2540 3388 2550 3398 '¹
2572 3387 2638 3414 ibid„
2661 3393 2710 3415 cap.

2540 3420 2624 3462 ³¹13&
2629 3420 2643 3468 ἴ
2645 3420 2711 3461 ⁸551·ss:
2725 3439 2751 3462 ,ε

2539 3472 2591 3494 sqq.

2540 3516 2549 3525 '
2564 3516 2614 3536 Art.
2629 3519 2650 3541 3.
