2918 4088
49 575 63 586 ·
76 574 111 597 Cf.
127 579 192 596 num.
205 579 228 595 x.

51 754 63 764 '
78 752 115 775 Cf.
133 751 189 774 11⁸¹*
207 751 262 779 11⁵⁶,

8 791 10 793 -
67 785 91 801 u.
111 785 140 804 x,
161 782 203 800 nrt.
226 784 262 805 ia,

14 827 15 830 Ἴ
51 784 183 828 acumem.
198 811 262 827 num.

48 831 148 861 *Μ
148 831 262 880 ’Ἥιὲῑ

50 889 112 933 §bd
125 916 190 933 nun.
199 916 248 938 neq.

13 1018 16 1035 ε
49 1013 262 1041 ‘ct-amman.

49 2902 67 2944 ¹7.-
83 2901 120 2926 Cf.
143 2907 207 2925 num.
229 2907 249 2930 1,

939 223 1202 269 QUAESTIO
1231 223 1383 260 LXVIII
1391 250 1401 270 ,

1430 222 1722 260 ARTICULUS
1749 225 1817 261 vn
2411 240 2462 276 99

962 361 1294 395 Commenta-ia
1317 358 1570 392 Cardinalis
1591 360 1792 393 Caietam

353 449 460 470 :rurus
483 445 521 470 ut
549 446 643 471 sonat
676 441 851 472 sumendus
874 447 930 472 est.
952 459 976 464 —
999 441 1034 472 In
1057 449 1207 480 corpore,
1238 440 1350 470 iuncto

295 450 555 524 Tresponsioni
585 484 624 515 ad
647 485 842 522 secundum,
866 486 921 516 ubi
952 485 1080 520 dicitur,
1108 484 1145 514 Si
1174 484 1208 514 in
1238 483 1350 513 adulto

290 527 411 558 deesset
431 528 565 559 intentio
581 529 775 569 suscipiendi
789 533 1034 564 sacramentum,
1059 533 1140 558 esset
1154 527 1352 568 rebaptizan—

290 571 350 602 dus
365 573 392 608 ³,
417 571 551 603 dubium
575 574 713 603 occurrit
734 582 898 613 magnum,
915 582 955 603 an
975 581 1013 602 ex
1027 577 1116 612 parte
1138 571 1287 611 baptizati
1309 571 1352 600 ita

290 616 466 647 necessaria
497 617 536 647 sit
558 617 694 647 intentio
726 616 919 657 suscipiendi
945 620 1179 646 sacramentum
1204 614 1353 654 baptismi

187 659 191 664 ’
243 681 246 683 -
290 665 336 696 ut,
361 660 387 690 si
409 660 462 690 illa
485 660 575 696 desit,
599 661 775 700 baptismus
797 660 904 691 nullus
926 660 975 690 sit.

345 703 386 734 Et
409 709 456 734 est
478 705 558 735 ratio
583 703 671 734 dubii
693 705 826 734 varietas
849 704 1054 744 opinionum.
1089 702 1230 740 Quidam
1255 702 1351 738 enim,

291 747 331 778 de
354 757 495 788 quorum
517 757 654 778 numero
678 753 724 778 est
746 747 917 778 Durandus
932 748 959 782 ’,
982 747 1016 776 in
1039 747 1083 777 IV
1101 746 1198 782 Sent.‚
1223 746 1293 776 dist.
1309 755 1351 782 ιν,

291 800 346 831 qu.
362 802 415 828 vn,
439 797 549 822 tenent
571 791 797 827 universaliter,
817 791 880 821 hoc
904 795 951 821 est
972 795 1038 820 tam
1060 791 1094 820 in
1117 790 1231 820 adultis
1255 799 1352 830 quam

290 836 323 865 in
346 836 495 876 parvulis,
518 835 638 875 requiri
660 843 854 865 consensum
877 843 915 864 ex
937 839 1026 874 parte
1049 835 1197 874 baptizati
1213 835 1240 864 *.

345 879 409 910 Alii
430 889 518 916 vero,
543 878 584 909 de
606 887 747 918 quorum
769 887 906 908 numero
930 883 977 908 est
999 878 1123 908 Auctor
1145 878 1179 908 in
1195 878 1238 908 IV
1253 877 1351 913 Sent„
1378 860 1383 912 i

290 922 360 953 dist.
376 933 418 959 vr,
439 924 498 963 qu.
519 933 540 958 1,
564 927 620 952 art.
645 931 675 958 2,
700 931 754 962 qu.
777 922 806 958 3,
837 927 948 952 tenent
977 922 1115 952 totaliter
1145 922 1350 962 oppositum:

289 966 410 997 scilicet
439 965 528 1007 quod
555 975 616 996 nec
645 966 679 996 in
700 966 839 1006 parvulis
867 975 927 996 nec
955 966 988 996 in
1012 965 1138 1002 adulto,
1168 975 1225 1006 per
1248 975 1281 996 se
1304 966 1352 996 lo-

289 1009 431 1049 quendo,
455 1011 589 1050 exigitur
610 1010 759 1040 voluntas
778 1010 907 1050 propria
922 1010 949 1040 “.
985 1010 1067 1040 Dico
1091 1015 1209 1046 autem,
1230 1020 1294 1050 per
1319 1019 1353 1040 se

289 1053 469 1094 loquendo:
500 1054 576 1094 quia
598 1054 631 1083 in
654 1053 767 1084 adultis
798 1054 932 1094 exigitur
960 1054 1108 1084 voluntas
1137 1055 1267 1094 propria
1296 1063 1354 1095 per

289 1093 445 1134 accidens,
468 1098 533 1128 hoc
556 1102 613 1133 est,
629 1103 666 1128 ut
683 1107 852 1128 removens
875 1098 1059 1138 prohibens,
1082 1103 1161 1138 puta
1183 1103 1352 1138 peccatum

288 1141 340 1172 vel
362 1142 553 1173 contrariam
575 1142 785 1173 voluntatem.
985 1155 989 1160 ⁷

343 1185 484 1224 Quidam
508 1191 626 1222 autem,
650 1185 689 1216 de
713 1195 854 1226 quorum
876 1195 1013 1216 numero
1037 1191 1084 1216 est
1107 1186 1232 1223 Scotus‚
1255 1187 1289 1217 in
1310 1187 1352 1217 IV

288 1229 387 1266 Sent„
411 1229 482 1261 dist.
498 1240 539 1266 ιν,
564 1239 619 1270 qu.
636 1240 677 1266 1v,
701 1229 962 1270 distinguendum
977 1235 1092 1270 putant
1109 1231 1191 1261 inter
1207 1230 1352 1261 adultum

290 1278 321 1304 et
343 1283 499 1314 puerum:
528 1280 671 1305 tenentes
700 1274 790 1314 quod
812 1275 846 1304 in
868 1274 977 1304 adulto
1001 1275 1171 1314 requiritur
1193 1275 1351 1311 voluntas,

233 1332 240 1339 ·
288 1318 323 1348 in
345 1318 479 1358 parvulo
503 1324 610 1352 autem
633 1328 700 1348 non
716 1320 743 1349 ’ἦ

344 1362 386 1392 Et
408 1363 563 1402 quoniam
587 1363 731 1403 quaestio
756 1368 802 1393 est
830 1362 981 1398 difficilis,
1006 1362 1181 1393 videndum
1204 1358 1352 1403 est'quid

289 1406 413 1436 roboris
436 1407 573 1437 habeant
595 1408 733 1437 rationes
757 1407 968 1447 opinionum;
993 1412 1024 1436 et
1047 1406 1162 1437 deinde
1182 1408 1351 1438 rationabi-

256 1463 262 1470 ·
289 1449 351 1480 lior
373 1449 499 1481 dicendi
522 1451 638 1482 modus
661 1451 825 1490 eligendus
849 1455 895 1480 est
910 1451 937 1480 ἦ

345 1493 382 1524 11.
406 1494 511 1525 Prima
539 1495 634 1535 igitur
663 1495 776 1534 opinio
795 1496 830 1531 *,
853 1500 966 1525 tenens
993 1494 1211 1525 universaliter
1233 1496 1351 1536 requiri

290 1547 484 1568 consensum
507 1548 546 1568 ex
568 1544 657 1579 parte
679 1539 838 1578 baptizati,
863 1538 1024 1574 fundatur,
1044 1540 1160 1578 primo,
1178 1549 1274 1579 super
1289 1540 1351 1570 ritu

266 1582 268 1584 ’
289 1581 451 1615 Ecclesiae
473 1583 610 1623 petentis
633 1592 651 1612 a
674 1581 875 1622 baptizando,
905 1582 956 1612 Vis
979 1582 1165 1623 baptizari?

344 1624 510 1662 Secundo,
540 1635 636 1666 super
658 1626 722 1656 hoc
745 1625 835 1666 quod
857 1626 1010 1666 baptizari
1034 1632 1080 1656 est
1106 1627 1211 1667 passio
1235 1627 1351 1657 volun-

288 1669 376 1700 taiu-

255 1722 262 1730 ·
294 1716 313 1751 ζ.
319 1729 334 1750 ς
342 1712 466 1750 Tertio,
482 1713 628 1754 procedit
643 1702 814 1745 Durandus
829 1715 847 1730 ⁸*
862 1714 916 1744 sic.
941 1713 1110 1754 Quidquid
1125 1720 1172 1745 est
1187 1714 1226 1745 de
1242 1724 1352 1745 neces-

289 1757 380 1788 sitate
401 1758 590 1788 sacramenti
611 1758 646 1788 in
668 1768 746 1794 uno,
771 1763 818 1788 est
841 1757 881 1788 de
903 1759 1090 1789 necessitate
1113 1759 1301 1789 sacramenti
1319 1759 1352 1789 in

231 1835 234 1842 ,
254 1829 260 1835 ,
289 1801 456 1843 omnibus:
486 1802 521 1832 in
544 1802 699 1833 similibus
723 1801 855 1842 quidem
878 1802 1033 1838 similiter,
1059 1808 1090 1832 et
1113 1803 1147 1833 in
1169 1803 1352 1843 proportio-

182 1843 194 1864 3
205 1859 227 1879 's
240 1860 244 1872 τ
288 1842 414 1876 flatibus
429 1846 719 1887 proportionaliter.
737 1845 800 1877 Sed
810 1846 958 1877 voluntas
973 1846 1147 1887 recipiendi
1158 1848 1353 1887 baptismum

289 1888 340 1920 ἐπ’
361 1887 403 1920 de
424 1890 610 1921 necessitate
640 1889 827 1920 sacramenti
856 1890 890 1920 in
919 1890 1042 1920 adultis.
1077 1891 1163 1931 Ergo
1188 1897 1234 1921 est
1257 1892 1353 1921 etiam

289 1933 539 1973 &necessitate
561 1934 749 1964 sacramenti
771 1935 806 1964 in
827 1934 977 1974 parvulis.
1001 1934 1286 1974 Proportionaliter
1307 1941 1354 1965 ta-

289 1986 382 2013 mem
412 1978 476 2009 hoc
506 1983 570 2014 est,
593 1978 759 2008 voluntate
791 1978 1027 2018 interpretativa
1053 1979 1162 2019 quoad
1184 1980 1352 2019 parvulos,

290 2021 374 2060 sicut
393 2022 524 2063 propria
552 2021 662 2062 quoad
684 2021 820 2053 adultos.
842 2040 866 2044 —
887 2022 1042 2053 Probatur
1065 2023 1180 2053 minor.
1216 2023 1354 2054 Adultus

289 2063 385 2096 simili
406 2064 507 2097 modo
531 2065 625 2097 debet
647 2075 681 2096 se
703 2066 819 2096 habere
842 2065 881 2096 ad
904 2065 1012 2102 fidem,
1030 2071 1061 2097 et
1084 2066 1123 2097 ad
1135 2067 1220 2108 fidei
1242 2077 1353 2098 sacra-

289 2113 440 2140 mentum.
468 2109 531 2140 Sed
553 2109 685 2141 credere
707 2119 772 2140 non
790 2114 899 2150 potest
921 2110 984 2140 nisi
1007 2111 1118 2141 volens
1133 2112 1159 2141 *.
1184 2111 1270 2151 Ergo
1293 2121 1353 2142 nec

289 2153 441 2193 bapfizari
463 2159 570 2194 potest
584 2154 645 2184 nisi
659 2154 780 2184 volens.
793 2172 816 2176 -
831 2154 872 2184 Et
887 2154 1094 2185 confirmatur
1108 2156 1125 2171 ⁴*
1149 2164 1186 2185 ex
1202 2154 1352 2186 mandato

241 2202 260 2213 ·'
290 2197 424 2228 Domini
438 2198 466 2234 *‚
488 2197 611 2228 Docete
633 2207 743 2228 omnes
760 2203 882 2239 gentes,
906 2198 1102 2239 baptizantes
1118 2208 1182 2235 eos,
1203 2205 1274 2235 etc„
1298 2200 1353 2230 ubi

242 2257 250 2266 ·
289 2241 509 2282 Hieronymus
524 2243 541 2259 ⁴*
564 2241 653 2272 dicit:
677 2242 753 2272 Non
771 2247 880 2282 potest
893 2242 1013 2282 suscipi
1027 2248 1274 2279 sacramentum,
1291 2243 1354 2274 nisi

290 2285 401 2317 anima
413 2285 499 2327 fidei
520 2286 696 2326 susceperit
717 2287 893 2317 veritatem.

293 2365 296 2369 ,
334 2328 484 2366 Affertur,
509 2335 634 2370 quart0,
658 2330 738 2360 ratio
763 2339 801 2360 ex
823 2330 925 2360 littera
947 2330 1042 2361 huius
1058 2331 1190 2367 articuli,
1214 2331 1352 2362 scilicet:

290 2367 429 2448 ἔειπε
450 2374 657 2404 inchoantem
679 2383 798 2404 novam
813 2374 911 2404 vitam
926 2374 1008 2404 velle
1034 2372 1130 2411 illam,
1155 2385 1191 2405 ac
1206 2385 1264 2415 per
1278 2376 1352 2412 hoc,

380 2417 585 2458 principium,
610 2417 700 2458 quod
723 2423 770 2448 est
793 2418 959 2458 baptisma.

301 2487 304 2489 .
327 2483 329 2486 .
349 2460 402 2492 111.
426 2461 603 2502 Oppositae
626 2467 735 2492 autem
757 2462 930 2502 opinionis,
952 2462 1071 2493 scilicet
1094 2462 1183 2502 quod
1206 2473 1273 2493 non
1296 2473 1354 2504 per

244 2523 251 2534 ⁷
291 2515 326 2541 se
346 2506 518 2546 requiritur
539 2506 622 2536 velle
645 2515 683 2536 ex
705 2511 794 2546 parte
817 2506 966 2546 baptizati
981 2507 1014 2542 *,
1039 2506 1283 2538 fundamentum
1307 2514 1354 2539 est

244 2550 250 2556 “
291 2548 382 2590 quod
404 2554 472 2580 tota
494 2549 633 2580 efficacia
651 2551 839 2580 sacramenti
856 2551 1005 2590 baptismi
1028 2556 1074 2581 est
1098 2561 1136 2581 ex
1150 2557 1239 2592 parte
1254 2552 1353 2592 ipsius

291 2594 494 2629 sacramenti,
527 2603 588 2624 nec
610 2594 742 2634 requirit
772 2604 810 2625 ex
832 2600 921 2635 parte
944 2595 1092 2635 patientis
1114 2596 1175 2625 nisi
1199 2597 1353 2636 capacita-

290 2643 356 2669 tem
380 2637 500 2678 absque
524 2638 753 2668 contrarietate.
787 2638 1008 2679 Probaturque
1038 2639 1102 2669 hoc
1133 2649 1171 2670 ex
1195 2649 1235 2670 eo
1264 2640 1354 2680 quod

291 2681 331 2712 de
353 2681 438 2712 facto
461 2680 606 2712 videmus
628 2682 798 2722 parvulum
821 2691 953 2713 ornnem
976 2683 1172 2723 baptizatum
1194 2693 1262 2714 non
1285 2693 1353 2715 esse

289 2725 561 2766 rebaptizandum.
586 2725 627 2755 Et
648 2726 723 2756 hinc
746 2727 882 2756 sumitur
904 2727 1000 2757 ratio:
1026 2727 1193 2767 Quidquid
1215 2738 1284 2758 non
1307 2734 1354 2759 est

289 2769 331 2800 de
352 2770 539 2800 necessitate
561 2770 749 2800 sacramenti
771 2770 805 2800 in
827 2780 912 2806 uno,
945 2780 1013 2801 non
1037 2777 1083 2802 est
1105 2771 1146 2802 de
1167 2773 1354 2803 necessitate

289 2814 478 2845 sacramenti
501 2814 535 2844 in
557 2813 696 2853 reliquis.
733 2813 796 2844 Sed
819 2823 994 2845 consensus
1016 2825 1085 2845 non
1109 2821 1156 2846 est
1181 2815 1222 2846 de
1243 2826 1353 2847 neces-

289 2857 380 2888 sitate
403 2858 590 2888 sacramenti
614 2858 647 2887 in
669 2857 818 2898 parvulis.
843 2858 929 2898 Ergo
952 2868 1013 2889 nec
1035 2859 1069 2889 in
1093 2859 1216 2890 adultis.

345 2900 397 2932 IV.
422 2901 547 2932 Tertiae
564 2907 671 2932 autem
695 2902 856 2941 opinionis
872 2903 888 2919 ⁴*
904 2903 983 2932 ratio
1007 2907 1054 2933 est
1077 2903 1162 2943 quia,
1179 2904 1204 2934 si
1227 2904 1353 2935 adultus

289 2950 374 2976 caret
405 2955 580 2981 consensu,
605 2945 729 2976 videtur
759 2945 848 2986 quod
878 2951 1072 2977 contemnat.
1108 2946 1245 2987 Oportet
1267 2949 1353 2978 enim

290 2989 436 3020 adultum
467 2990 607 3030 aliquam
643 2990 759 3020 habere
792 2989 999 3020 devotionem
1029 2990 1068 3020 ad
1100 2997 1352 3029 sacramentum,

290 3039 345 3065 aut
367 3039 574 3065 contemnere
596 3035 717 3074 ipsum,
742 3034 852 3064 saltem
875 3035 1119 3075 interpretative.

344 3078 387 3110 Et
407 3083 444 3109 ut
470 3079 509 3108 ab
533 3078 593 3108 hac
615 3078 728 3108 ultima
751 3079 958 3118 incipiamus,
988 3080 1155 3119 responsio
1184 3089 1242 3110 seu
1271 3080 1352 3110 ratio

290 3121 349 3152 ista
370 3121 452 3163 fugit
475 3123 713 3163 quaestionem:
739 3123 829 3162 quasi
848 3122 1045 3163 impossibile
1061 3123 1100 3153 sit
1115 3124 1249 3154 inveniri
1265 3123 1353 3155 adul-

289 3171 360 3196 tum
381 3171 534 3197 neutrum
557 3172 704 3207 respectu
727 3167 885 3207 baptismi,
910 3166 966 3197 sed
989 3172 1152 3207 oporteret
1173 3168 1207 3198 in
1223 3167 1353 3198 alteram

289 3214 412 3250 partem
435 3207 603 3246 declinare,
627 3211 691 3241 hoc
715 3216 771 3247 est,
792 3210 874 3241 velle
890 3216 944 3241 aut
958 3210 1046 3241 nolle
1062 3211 1222 3252 baptizari.
1246 3211 1353 3250 Quae-

290 3255 351 3285 stio
374 3259 483 3285 autem
506 3259 552 3285 est
575 3254 615 3285 de
637 3255 768 3285 veritate
791 3254 1028 3291 conditionalis,
1052 3265 1120 3285 non
1147 3256 1289 3286 curando
1313 3256 1353 3287 de

289 3298 497 3338 possibilitate
521 3298 745 3330 antecedentis.
769 3299 909 3330 Vertitur
925 3300 1011 3330 enim
1026 3300 1060 3330 in
1079 3300 1311 3339 quaestionem,
1327 3302 1353 3332 si

291 3341 416 3373 adultus
439 3347 551 3373 neuter
574 3343 751 3374 secundum
774 3343 972 3374 voluntatem
996 3342 1035 3374 ad
1058 3344 1268 3384 baptismum,
1299 3345 1353 3375 ba-

289 3386 460 3426 ptizaretur
483 3386 654 3423 dormiens,
679 3397 719 3418 an
735 3393 816 3418 esset
838 3393 950 3428 postea
966 3387 1190 3428 baptizandus:
1215 3389 1278 3419 hoc
1295 3394 1351 3426 est,

290 3439 330 3460 an
343 3430 515 3471 susciperet
527 3431 740 3462 characterem
750 3431 802 3462 vel
817 3441 894 3462 non.
920 3431 983 3462 Cui
999 3432 1188 3472 quaestioni,
1205 3437 1240 3462 ut
1255 3438 1351 3473 patet,

290 3483 358 3505 non
381 3474 491 3506 satisfit
519 3484 576 3515 per
598 3476 680 3506 hanc
703 3476 892 3516 opinionem
920 3475 1132 3507 declinantem
1155 3476 1195 3507 ad
1218 3476 1351 3507 alterum

291 3523 478 3550 extremum.

1462 441 1502 471 V.
1525 441 1649 472 Primae
1671 447 1779 472 autem
1796 443 1958 482 opinionis
1981 443 2224 477 fundamentum
2244 450 2400 488 primum,
2426 451 2465 482 de

1408 485 1470 515 ritu
1486 485 1646 515 Ecclesiae
1663 486 1689 521 ἢ
1705 495 1774 516 non
1798 487 1892 526 cogit.
1917 486 2080 524 Quoniam
2097 489 2211 520 eodem
2227 491 2386 524 Ecclesiae
2405 496 2466 525 ritu

1409 528 1527 568 petitur
1542 530 1637 559 etiam
1654 539 1671 559 a
1686 529 1878 569 baptizando
1896 531 1921 560 si
1938 531 2035 562 credit
2051 533 2083 562 in
2099 533 2205 563 Deum
2223 535 2347 566 Patrem
2363 539 2466 569 omni-

1408 578 1585 612 potentem,
1606 578 1682 603 etc.:
1715 579 1746 603 et
1768 579 1875 604 tamen
1899 581 2022 605 constat
2044 586 2111 606 non
2135 578 2215 617 exigi
2239 579 2278 609 ad
2299 583 2466 612 necessita—

1408 622 1474 646 tem
1498 618 1684 647 sacramenti
1707 616 1814 654 fidem,
1832 618 1897 648 sive
1917 627 2007 649 suam
2030 621 2094 650 sive
2110 621 2233 660 patrini,
2258 632 2295 653 ex
2311 630 2398 664 parte
2413 626 2467 656 ba-

1431 661 1527 690 tizati.

1408 669 1429 700 p
1464 703 1650 734 Secundum
1674 714 1806 745 quoque
1830 705 2075 737 fundamentum
2099 709 2177 747 petit
2199 711 2401 751 principium.

1464 748 1610 778 Tertium
1633 758 1709 779 vero
1734 750 1920 789 ambiguum
1944 752 2083 787 assumit,
2107 752 2226 784 scilicet
2248 754 2280 784 in
2296 754 2403 786 adulto
2419 766 2467 787 re-

1409 792 1491 831 quiri
1515 801 1572 831 per
1595 801 1627 822 se
1650 793 1813 832 propriam
1836 794 2044 825 voluntatem.
2068 795 2142 826 Hoc
2162 802 2208 826 est
2231 799 2315 828 enim
2339 799 2378 829 de
2400 810 2466 840 quo

1409 841 1455 866 est
1472 837 1627 875 quaestio.
1652 854 1674 858 —-
1696 837 1737 866 Et
1761 836 1800 867 ad
1823 838 2047 877 probationem
2071 839 2131 870 dici
2148 839 2238 871 facile
2254 848 2359 881 potest
2382 845 2467 874 sirni-

1408 879 1576 910 litudinem
1598 889 1667 910 non
1689 886 1814 916 tenere,
1838 881 1958 911 scilicet
1981 882 2070 922 quod
2093 883 2218 914 adultus
2242 885 2284 915 ita
2307 896 2339 916 se
2356 887 2467 918 debeat

1408 924 1524 953 habere
1547 923 1587 954 ad
1613 929 1850 955 sacramentum
1869 925 1954 966 fidei
1989 927 2070 956 sicut
2093 937 2125 957 se
2148 927 2243 958 habet
2269 929 2307 959 ad
2331 931 2467 962 credere.

1409 967 1573 1005 Quoniam
1597 967 1724 998 credere
1746 969 1888 999 consistit
1910 969 2076 1000 manifeste
2092 971 2125 1001 in
2142 973 2266 1003 actione
2281 974 2467 1012 voluntaria,

1409 1017 1642 1042 sacramentum
1672 1017 1778 1043 autern
1802 1012 1877 1043 fidei
1899 1013 2066 1044 manifeste
2096 1016 2239 1046 consistit
2268 1017 2301 1047 in
2323 1019 2388 1058 pati
2412 1029 2468 1050 seu

1408 1056 1586 1095 suscipere:
1612 1061 1643 1086 et
1664 1062 1833 1097 propterea
1855 1067 1922 1087 non
1947 1063 1993 1088 est
2016 1059 2127 1089 simile.

1463 1099 1644 1130 Auctoritas
1672 1106 1779 1131 autem
1803 1101 1994 1142 Hieronymi
2024 1112 2092 1132 non
2117 1109 2163 1133 est
2186 1104 2225 1135 ad
2248 1107 2466 1145 propositum:

1409 1144 1485 1184 quia
1507 1143 1547 1174 de
1569 1143 1633 1175 fide
1656 1145 1808 1185 loquitur,
1835 1146 1979 1185 quaestio
2004 1152 2112 1177 autem
2136 1153 2182 1178 est
2205 1148 2244 1178 de
2267 1149 2357 1180 velle.

1463 1188 1517 1218 VI.
1542 1188 1707 1219 Secundae
1742 1188 1873 1219 demum
1903 1191 2065 1230 opinionis
2094 1192 2173 1221 ratio
2198 1193 2214 1208 ³*
2246 1193 2332 1223 reiici
2364 1199 2469 1233 potest

1409 1231 1525 1262 eodem
1541 1232 1651 1269 modo,
1669 1233 1788 1263 scilicet
1804 1233 1893 1273 quod
1908 1235 2039 1264 assumit
2054 1235 2266 1274 probandum.
2290 1237 2363 1267 Hoc
2383 1239 2468 1269 enim

1409 1282 1456 1306 est
1479 1276 1568 1316 quod
1590 1277 1721 1307 vertitur
1745 1278 1778 1307 in
1801 1277 1946 1314 dubium,
1970 1288 2011 1308 an
2034 1279 2156 1318 patiens
2179 1280 2212 1310 in
2229 1281 2386 1320 baptismo
2403 1284 2467 1313 exi-

1408 1326 1460 1360 gat
1489 1320 1571 1350 velle
1600 1326 1637 1351 ut
1666 1322 1875 1351 necessariam
1908 1321 2151 1362 dispositionem
2183 1323 2222 1354 ad
2252 1326 2469 1365 receptionem

1408 1365 1614 1395 sacramenti:
1638 1365 1701 1395 hoc
1725 1365 1811 1395 enirn
1836 1371 1882 1395 est
1899 1371 2005 1396 toturn
2021 1367 2054 1396 in
2071 1376 2137 1407 quo
2154 1369 2297 1398 consistit
2313 1371 2466 1409 quaestio.

1463 1407 1562 1446 Quod
1585 1414 1692 1439 autem
1716 1408 1854 1446 additur,
1879 1410 1968 1449 quod
1991 1411 2098 1441 nullus
2121 1421 2201 1451 puer
2224 1413 2399 1452 baptizatus
2423 1420 2469 1444 est

1407 1452 1663 1492 rebaptizandus,
1687 1453 1762 1483 licet
1784 1459 1917 1493 negetur
1940 1464 1958 1484 a
1980 1456 2161 1486 tenentibus
2183 1457 2319 1496 primam
2343 1459 2469 1497 opinio-

1390 1496 1493 1531 nem,
1517 1505 1666 1537 magnam
1689 1503 1796 1527 tamen
1820 1498 1998 1528 secundum
2021 1500 2178 1530 rationem
2201 1501 2266 1530 vim
2290 1502 2404 1532 habere
2423 1503 2467 1532 vi-

1408 1542 1499 1572 detur
1515 1540 1541 1572 ἦ

1462 1585 1530 1616 VII.
1554 1585 1613 1615 His
1638 1585 1786 1621 excursis,
1806 1585 1978 1616 dicendum
1994 1587 2073 1617 mihi
2088 1587 2222 1624 videtur,
2240 1598 2314 1619 cum
2331 1590 2469 1620 secunda

1408 1630 1578 1669 opinione,
1604 1629 1709 1669 quod,
1734 1638 1791 1669 per
1814 1639 1846 1659 se
1870 1629 2055 1669 loquendo,
2084 1641 2151 1661 non
2179 1633 2312 1672 exigitur
2335 1634 2468 1664 intentio

1408 1683 1464 1704 seu
1487 1673 1635 1703 voluntas
1659 1682 1697 1703 ex
1712 1678 1800 1713 parte
1817 1673 1997 1713 baptizandi
2013 1674 2052 1705 de
2067 1676 2253 1706 necessitate
2272 1679 2467 1714 sacramenti,

1407 1717 1463 1748 sed
1485 1716 1601 1747 sufficit
1622 1718 1656 1747 in
1679 1718 1750 1757 ipso
1773 1726 1841 1747 non
1863 1718 1997 1748 inveniri
2014 1719 2133 1749 obicem
2149 1721 2324 1752 voluntatis
2339 1727 2468 1752 contra-

1409 1762 1488 1792 riae.
1512 1761 1734 1801 Probaturque
1757 1762 1820 1791 hoc
1836 1761 2013 1801 dupliciter.
2037 1763 2155 1799 Primo,
2172 1766 2358 1796 auctoritate
2373 1766 2469 1796 Inno-

1409 1806 1504 1836 centii
1520 1805 1571 1841 111,
1588 1805 1693 1840 Extra,
1711 1805 1751 1835 de
1765 1805 1931 1845 Baptismo
1948 1811 1979 1836 et
2001 1807 2069 1838 eius
2087 1808 2212 1848 effectu,
2229 1809 2262 1839 in
2278 1819 2347 1850 cap.
2360 1811 2467 1841 Maio-

1409 1859 1460 1880 res
1483 1859 1598 1880 causas
1613 1850 1640 1879 *.
1665 1849 1711 1879 Ibi
1735 1849 1831 1885 enim,
1848 1855 1937 1880 mota
1955 1852 2142 1890 quaestione
2166 1851 2204 1882 de
2225 1854 2468 1894 suscipientibus

1409 1894 1631 1929 characterem,
1656 1899 1688 1923 et
1707 1893 1803 1924 relata
1819 1894 1972 1933 opinione
1989 1895 2191 1935 quorundam
2204 1897 2379 1928 dicentium
2395 1899 2468 1928 cha-

1407 1943 1561 1968 racterem
1583 1938 1723 1977 imprimi
1747 1938 1842 1967 etiam
1866 1938 1989 1974 invitis,
2013 1939 2147 1970 refutata
2179 1940 2293 1972 deinde
2315 1942 2374 1972 hac
2398 1943 2468 1982 opi-

1407 1982 1505 2012 nione
1522 1981 1630 2021 quoad
1645 1981 1783 2012 totaliter
1798 1982 1924 2017 invitos,
1941 1983 2104 2014 concludit
2119 1984 2197 2015 haec
2209 1986 2303 2015 verba
2318 1987 2351 2016 in
2364 1986 2465 2017 calce:

1412 2027 1501 2056 Tunc
1524 2035 1604 2066 ergo
1628 2025 1846 2056 characterem
1867 2028 2112 2058 sacramentalis
2136 2029 2290 2069 imprimit
2311 2031 2466 2070 operatio,

1407 2080 1479 2100 cum
1504 2070 1622 2100 obicem
1639 2069 1813 2099 voluntatis
1829 2071 2015 2101 contrariae
2030 2081 2095 2102 non
2112 2072 2233 2103 invenit
2248 2073 2467 2105 obsistentem:

1407 2114 1463 2144 ubi
1485 2112 1652 2143 manifeste
1674 2118 1760 2153 patet
1775 2113 1895 2143 intenta
1912 2115 2077 2145 conclusio
2099 2115 2304 2148 determinata
2323 2115 2360 2148 a‘b
2376 2118 2466 2158 Apo-

1407 2157 1518 2188 stolica
1541 2156 1632 2187 Sede.

1462 2200 1612 2232 Secundo
1642 2201 1795 2240 probatur
1822 2201 1943 2231 utendo
1969 2202 2034 2232 iam
2057 2203 2140 2233 dicta
2155 2205 2172 2220 ⁴*
2195 2205 2335 2235 ratione:
2367 2205 2466 2243 Quod

1406 2255 1474 2276 non
1498 2251 1545 2275 est
1567 2244 1607 2275 de
1629 2246 1815 2275 necessitate
1838 2247 2024 2276 sacramenti
2046 2247 2080 2277 in
2095 2257 2162 2278 uno
2178 2249 2349 2288 recipiente
2364 2250 2466 2290 bapti-

1408 2299 1524 2325 smum,
1543 2298 1611 2318 non
1628 2294 1674 2319 est
1697 2289 1736 2319 de
1755 2290 1940 2319 necessitate
1956 2293 2151 2327 sacramenti,
2168 2301 2225 2332 per
2239 2302 2273 2323 se
2287 2293 2463 2333 loquendo,

1406 2334 1440 2363 in
1464 2342 1673 2373 quocumque
1696 2333 1869 2373 recipiente
1891 2334 2094 2374 baptismum.
2119 2336 2182 2366 Sed
2204 2337 2237 2366 in
2255 2337 2393 2377 parvulis
2408 2348 2465 2368 vo-

1407 2377 1528 2413 luntas,
1554 2378 1648 2407 etiam
1671 2378 1921 2417 interpretativa,
1944 2387 2012 2408 non
2036 2379 2169 2419 exigitur
2195 2386 2230 2410 ut
2252 2382 2380 2421 propria
2403 2382 2465 2412 dis-

1407 2421 1525 2461 positio
1549 2420 1589 2450 ad
1611 2420 1831 2460 recipiendum
1854 2422 2057 2461 baptismum.
2086 2423 2171 2463 Ergo
2194 2425 2228 2454 in
2251 2425 2340 2455 nullo
2364 2426 2465 2465 bapti-

1407 2464 1510 2495 zando
1534 2465 1713 2504 requiritur,
1736 2474 1793 2505 per
1815 2474 1849 2495 se
1872 2465 2048 2505 loquendo,
2065 2477 2239 2498 consensus
2257 2468 2297 2498 ad
2311 2470 2465 2509 recipien-

1408 2509 1486 2539 dum
1509 2509 1674 2548 baptisma.
1697 2527 1720 2531 -
1749 2509 1790 2539 Et
1812 2510 1964 2549 probatur
1986 2511 2101 2541 minor.
2137 2512 2221 2549 Quia
2244 2513 2391 2543 voluntas
2410 2523 2465 2553 pa-

1406 2558 1534 2583 rentum
1556 2562 1624 2583 non
1641 2558 1687 2583 est
1710 2552 1875 2593 dispositio
1892 2553 2007 2593 aliqua,
2031 2555 2087 2585 sed
2110 2556 2178 2586 sola
2196 2557 2464 2596 appropinquatio

1407 2597 1554 2637 patientis
1577 2596 1617 2626 ad
1640 2606 1745 2637 agens,
1768 2602 1846 2637 puta
1861 2598 2041 2628 ministrum
2057 2599 2274 2630 conferentem
2290 2610 2466 2631 sacramen-

1407 2647 1486 2671 tum.
1523 2640 1657 2671 Constat
1680 2641 1766 2671 enim
1791 2642 2065 2681 approximantem
2088 2644 2249 2683 passivum
2272 2645 2375 2675 activo
2398 2655 2465 2675 non

1408 2695 1475 2716 esse
1498 2686 1773 2715 necessarium'ex
1789 2691 1877 2725 pane
1892 2686 2055 2725 patientis:
2079 2692 2148 2718 tum
2170 2689 2323 2728 quoniam
2339 2689 2466 2720 aliunde

1407 2734 1514 2770 potest
1535 2729 1687 2769 suppleri,
1703 2735 1781 2769 puta
1800 2739 1837 2759 ex
1853 2731 2128 2769 approximatione
2144 2733 2263 2772 agentis
2279 2732 2318 2762 ad
2333 2734 2465 2772 patiens,

1407 2774 1458 2804 vel
1482 2783 1520 2803 ex
1542 2779 1728 2803 removente
1745 2774 1961 2810 obstaculum3
1985 2780 2055 2805 tum
2079 2777 2232 2815 quoniam
2256 2777 2466 2807 extrinsecum

1407 2818 1470 2848 hoc
1494 2822 1550 2847 est.
1583 2817 1673 2847 Patet
1694 2827 1770 2847 vero
1794 2818 1991 2849 voluntatem
2014 2820 2152 2858 parentis
2181 2820 2387 2851 solummodo
2410 2831 2466 2861 ap-

1406 2861 1586 2902 proximare
1608 2862 1770 2901 passivum
1794 2862 1908 2898 activo,
1932 2862 2096 2893 offerendo
2120 2863 2272 2894 infantem
2296 2865 2464 2904 baptismo,

1408 2915 1446 2936 ex
1470 2915 1509 2936 eo
1534 2905 1640 2945 quod,
1669 2906 1694 2935 si
1722 2905 1856 2936 Iudaeus
1886 2905 2001 2936 faceret
2024 2906 2126 2937 filiurn
2150 2908 2316 2948 baptizari,
2339 2918 2407 2938 non
2430 2914 2466 2939 ut

1406 2950 1579 2979 nutriretur
1591 2949 1797 2986 Christianus,
1815 2949 1870 2980 sed
1881 2951 2018 2980 totaliter
2032 2951 2236 2982 nutriendum
2252 2953 2285 2982 in
2302 2952 2464 2988 Iudaeum,

1407 2994 1450 3024 ob
1473 2993 1641 3033 solamque
1665 2994 1807 3033 corporis
1830 2995 1994 3024 sanitatem
2017 2994 2171 3025 infantem
2194 2995 2288 3026 vellet
2304 2996 2464 3035 baptizari,

1408 3043 1439 3067 et
1460 3038 1524 3067 hoc
1547 3038 1654 3077 ipsum
1676 3037 1803 3074 diceret,
1828 3047 1864 3068 ac
1888 3038 2094 3078 compelleret
2115 3040 2294 3070 ministrum
2310 3039 2348 3070 ad
2364 3040 2464 3080 bapti-

1407 3081 1563 3118 zandum,
1590 3081 1640 3112 vel
1668 3082 1803 3122 ipsemet
1831 3082 2020 3122 baptizaret,
2044 3083 2077 3112 in
2100 3084 2229 3114 veritate
2258 3083 2361 3113 infans
2384 3090 2465 3114 esset

1407 3125 1600 3166 baptizatus:
1625 3130 1656 3155 et
1674 3131 1781 3156 tamen
1797 3131 1874 3156 tunc
1888 3132 2018 3166 paterna
2032 3127 2179 3157 voluntas
2194 3137 2254 3158 nec
2274 3137 2311 3158 ex
2328 3128 2464 3164 caritate,

1406 3179 1467 3200 nec
1491 3178 1529 3199 ex
1552 3179 1619 3209 spe,
1643 3179 1703 3200 nec
1727 3180 1764 3200 ex
1788 3169 1860 3206 fide,
1888 3179 1947 3200 nec
1975 3180 2013 3200 ex
2036 3170 2197 3201 Ecclesiae
2219 3171 2393 3207 voluntate,
2420 3172 2464 3202 ibi

1408 3219 1649 3253 cooperaretur,
1681 3214 1834 3254 quoniam
1863 3214 2020 3250 Ecclesia,
2045 3215 2070 3244 si
2094 3216 2201 3251 sciret,
2230 3216 2385 3245 resisteret
2410 3216 2464 3246 tali

1407 3257 1572 3288 oblationi.
1595 3258 1683 3288 Nihil
1706 3267 1782 3298 ergo
1805 3257 1879 3288 facit
1903 3258 2021 3288 oblatio
2039 3259 2131 3298 pueri
2154 3259 2213 3289 nisi
2237 3259 2326 3299 quod
2348 3269 2464 3299 appro-

1406 3302 1504 3332 ximat
1526 3311 1656 3342 passum
1679 3302 1793 3342 agenti,
1817 3302 2028 3342 iniuriamque
2051 3308 2199 3342 paternae
2222 3303 2305 3333 tollit
2327 3304 2464 3333 auctori-

1405 3346 1493 3382 tatis,
1518 3355 1601 3386 quae
1630 3346 1675 3376 illi
1698 3347 1887 3386 irrogaretur
1919 3347 1943 3376 si
1966 3345 2069 3376 infans
2092 3352 2179 3387 patre
2202 3347 2301 3377 invito
2326 3347 2463 3386 baptiza-

1406 3395 1500 3420 retur.

1461 3433 1583 3465 Sufficit
1607 3444 1682 3474 ergo
1706 3435 1738 3464 in
1763 3433 1952 3473 baptizando
1976 3443 2043 3464 non
2059 3434 2192 3464 inveniri
2211 3434 2329 3465 obicem
2348 3435 2462 3464 volun-

1406 3477 1480 3508 tatis
1503 3473 1704 3513 contrariae,
1737 3478 1776 3508 ad
1799 3479 1861 3508 hoc
1884 3484 1920 3508 ut
1943 3478 2153 3508 characterem
2177 3478 2325 3518 suscipiat
2347 3487 2384 3508 ex
2407 3478 2461 3508 ba-

1404 3522 1533 3562 ptismo.

2493 498 2504 508 ·
2516 496 2586 519 Num.
2602 503 2628 519 n.

2495 1198 2505 1208 ·
2519 1197 2588 1220 Num.
2604 1203 2638 1220 ni.

2495 1856 2505 1866 ·
2512 1854 2618 1887 Maiores
2626 1854 2707 1877 Eccle-

2494 1887 2546 1903 stae
2559 1887 2652 1903 causas.

2492 2209 2503 2219 ‘
2518 2207 2587 2229 Num.
2603 2213 2635 2229 ιιι.
