2878 4088
143 463 154 473 ·
168 461 235 483 Vers.
251 467 286 488 50.

146 903 155 912 ·
166 901 202 924 Cf.
217 901 316 923 Aristot.
329 901 357 923 de

145 928 235 950 Par-tib.
246 928 357 955 Animal,

145 955 184 977 lib.
201 955 240 982 111,
256 961 307 982 cap.
323 961 343 976 v.

146 1035 155 1044 ·
171 1033 206 1055 Cf.
221 1037 262 1055 nrt.
281 1040 299 1055 t.

146 1168 155 1177 ·
178 1166 214 1187 De
235 1165 317 1193 spirit.
335 1167 359 1186 et

145 1192 231 1219 Anim„
239 1198 289 1219 cap.
301 1198 339 1213 xv,
347 1201 357 1206 -

146 1219 207 1241 Inter
223 1218 285 1246 Opp.
295 1219 357 1246 Aug.

146 1346 155 1356 ·
168 1344 216 1372 Qu.
228 1350 305 1371 Lxxw,
315 1348 356 1366 art.

149 1379 167 1393 ι.

147 1611 157 1620 “
171 1609 222 1630 An.
239 1616 258 1635 ι,
273 1614 294 1630 2.

155 3377 165 3387 ¹
181 3374 217 3397 Cf.
238 3375 298 3398 Part.
319 3374 365 3401 111,

154 3407 270 3450 23¹¹,uv’
284 3405 326 3423 ιη.
341 3407 367 3430 3,

156 3455 190 3476 Ἐ
209 3455 246 3476 in.
257 3453 327 3481 CCV,
338 3455 366 3476 ιΙ.

155 3482 192 3529 ἓ..
200 3480 368 3534 maffia-253

156 3540 208 3561 cap.
223 3539 268 3556 xci.

157 3562 167 3572 ·
176 3561 224 3582 Loc
240 3560 279 3582 cit.
287 3560 310 3582 in
319 3566 366 3587 arg.

388 199 457 234 182
907 222 909 224 -
1015 195 1279 243 QUAESTIO
1309 195 1465 240 LXXX,
1486 192 1779 230 ARTICULUS
1807 192 1865 237 III,
1886 192 1935 228 lV

1558 272 1608 301 AD
1633 280 1795 301 SECUNDUM
1818 279 1979 300 DICENDUM
2002 268 2109 309 quod,
2134 270 2216 299 sicut
2239 269 2383 299 membra
2405 269 2572 299 servientia

1503 316 1701 355 generationi
1725 320 1817 345 erunt
1841 320 1914 354 post
1938 314 2204 344 resurrectionem
2227 313 2267 343 ad
2285 314 2497 353 integritatem
2513 313 2572 343 hu-

1503 370 1616 390 manae
1640 365 1780 395 naturae,
1797 369 1864 389 non
1885 358 1924 389 ad
1947 359 2169 398 operationem
2193 367 2275 397 quae
2299 367 2386 388 nunc
2410 363 2573 388 exercetur

448 419 468 438 1)
492 419 626 439 TERTIUM
654 419 700 439 sxc
727 419 931 439 PRocanrrtm.
962 408 1096 439 Videtur
1120 407 1208 448 quod
1236 408 1387 437 humores
1415 407 1449 436 in
1504 414 1561 445 per
1583 405 1727 434 membra
1751 403 1822 440 i11a;
1855 404 1898 433 ita
1922 409 1952 433 et
1975 403 2127 433 humores
2156 408 2249 432 erunt
2270 403 2305 432 in
2328 411 2481 442 corpore,
2505 411 2572 432 non

385 421 584 493 Acorpore
604 463 672 484 non
693 459 866 493 resurgent.
892 453 976 491 Quia
998 453 1009 483 Ι
1029 453 1104 483 Cor.
1122 453 1190 482 xv*
1206 452 1336 482 dicitur:
1361 451 1448 481 Caro
1473 463 1481 482 ς
1505 449 1544 479 ad
1567 449 1830 479 restaurationem
1855 447 2020 488 deperditi,
2037 446 2093 477 sed
2116 446 2156 477 ad
2179 447 2391 486 integritatem
2413 447 2573 476 humanae

383 503 414 528 et
435 498 572 539 sanguis
596 508 733 539 regnum
756 498 819 528 Dei
843 508 907 528 non
927 497 1146 538 possidebunt.
1171 496 1234 527 Sed
1257 496 1384 535 sanguis
1404 500 1450 525 est
1504 499 1635 524 naturae
1659 492 1881 533 reparandam,
1907 498 1938 522 et
1961 491 2000 522 ad
2023 492 2146 522 virtutis
2169 491 2320 521 naturalis
2343 491 2573 520 ostensionem.

383 542 589 582 principalior
612 543 739 573 humor.
769 543 854 583 Ergo
878 552 945 573 non
968 548 1110 582 resurget
1132 542 1166 571 in
1189 541 1297 576 beatis,
1323 540 1379 579 qui
1402 548 1450 569 re·
1559 539 1610 568 AD
1635 547 1769 568 marrim
1792 547 1952 567 pronubum
1975 536 2075 577 quod,
2092 536 2174 566 sicut
2197 536 2356 566 elementa
2378 540 2453 565 sunt
2474 535 2508 564 in
2523 535 2574 564 via

383 596 484 627 gnum
508 587 569 617 Dei
592 586 813 627 possidebunt.
838 587 878 617 Et
901 587 1004 617 multo
1028 587 1135 616 minus
1159 586 1192 615 in
1216 585 1293 615 aliiS.
1504 583 1718 622 generationis
1734 588 1881 622 respectu
1898 590 2072 621 corporum
2087 581 2273 615 mixtorum,
2287 580 2363 619 quia
2374 584 2449 610 sunt
2461 588 2574 609 eorum

441 641 470 662 2.
495 631 692 668 Prummu,
716 632 869 662 humores
892 637 966 661 sunt
990 630 1029 661 ad
1052 630 1314 660 restaurationem
1339 628 1450 668 deper-
1505 628 1649 663 materia,
1674 637 1742 657 non
1772 632 1880 657 autern
1902 626 1945 656 ita
1969 625 2058 666 quod
2089 634 2215 665 semper
2238 625 2301 654 sint
2323 625 2357 654 in
2379 623 2574 654 transeundo

384 675 450 706 diti.
475 675 538 706 Sed
561 682 635 716 post
658 676 921 706 restaurationem
951 675 1039 705 nulla
1066 674 1243 715 deperditio
1267 673 1331 704 fiet.
1366 673 1450 712 Ergo
1467 684 1492 698 ιο
1505 673 1538 702 in
1555 681 1691 712 corpore
1707 672 1818 707 mixto,
1835 672 1879 701 ita
1895 671 1989 701 etiam
2007 680 2040 700 se
2055 670 2174 700 habent
2196 669 2349 699 humores
2365 668 2405 698 ad
2419 668 2573 698 membra.

385 730 502 760 corpus
525 730 593 750 non
617 726 758 760 resurget
782 730 857 751 cum
880 720 1080 750 humon'bus.
1506 717 1547 747 Et
1565 722 1697 757 propter
1711 717 1785 752 hoc,
1802 717 1884 746 sicut
1908 716 2065 746 elementa
2081 715 2114 744 in
2130 714 2272 754 partibus
2295 713 2435 743 universi
2457 713 2576 749 habent

439 764 469 795 3.
494 765 690 801 Parmensi,
707 764 787 795 illud
803 764 893 804 quod
909 770 955 794 est
970 765 1021 794 via
1036 763 1250 804 generationis
1266 763 1299 793 in
1316 771 1452 802 corpore
1506 760 1625 791 formas
1649 760 1886 796 determinatas,
1910 760 2032 790 ratione
2058 768 2194 799 quarum
2218 763 2292 788 sunt
2315 757 2354 788 de
2377 756 2576 798 perfectione

384 809 538 845 humano,
563 809 710 839 nondum
735 815 781 839 est
804 810 842 839 ab
867 810 972 839 anima
994 808 1140 838 rationali
1167 807 1356 848 perfectum.
1390 806 1452 837 Sed
1506 806 1655 841 universi,
1680 806 1762 836 sicut
1786 811 1816 835 et
1839 814 1976 845 corpora
1998 805 2113 840 mixta;
2142 804 2184 833 ita
2208 803 2303 833 etiam
2326 802 2479 832 humores
2502 807 2576 832 sunt

384 854 537 884 humores
568 853 672 883 adhuc
702 859 776 883 sunt
802 854 835 883 in
863 853 913 883 via
943 853 1174 893 generationis:
1210 853 1284 891 quia
1316 856 1390 881 sunt
1419 851 1451 881 in
1507 850 1547 881 de
1562 849 1760 890 perfectione
1783 850 1927 890 corporis
1943 849 2075 880 humani
2092 849 2174 878 sicut
2190 853 2221 878 et
2236 847 2315 878 aliae
2330 852 2445 887 partes,
2462 855 2576 886 quam—

384 898 528 938 potentia
553 907 626 928 caro
651 903 682 927 et
705 907 742 927 os
758 898 784 927 ’ἢ
813 897 898 937 Ergo
923 896 1070 927 nondum
1093 902 1168 927 sunt
1191 895 1323 936 perfecti
1348 896 1453 925 anima
1468 905 1491 925 ις
1507 895 1554 925 vis
1569 905 1637 925 non
1653 895 1839 935 perveniant
1855 893 1894 925 ad
1909 899 2011 924 totam
2029 892 2273 934 perfectionem,
2298 892 2380 922 sicut
2403 891 2482 921 aliae
2505 900 2576 930 par-

384 942 540 972 rationali.
576 941 639 972 Sed
667 951 785 981 corpus
815 942 994 971 humanum
1022 951 1090 971 non
1118 941 1214 971 habet
1244 940 1390 970 ordinem
1414 939 1453 970 ad
1507 945 1571 975 tes;
1595 949 1656 969 nec
1673 939 1831 970 elementa
1853 939 1970 969 habent
1986 939 2028 969 ita
2044 937 2200 978 perfectas
2224 936 2342 967 formas
2365 936 2448 966 sicut
2468 935 2575 966 mixta.

384 986 651 1016 resurrectionem
681 986 742 1015 nisi
772 985 951 1015 secundum
979 985 1068 1025 quod
1099 990 1145 1014 est
1172 985 1278 1014 anima
1308 983 1454 1014 rationali
1508 983 1597 1014 Sicut
1620 989 1729 1014 autem
1759 989 1864 1023 partes
1894 992 2008 1013 omnes
2038 982 2178 1013 universi
2201 991 2219 1011 a
2242 981 2313 1011 Deo
2344 979 2577 1020 perfectionem

384 1029 563 1070 perfectum
579 1030 605 1059 ⁴⁹.
630 1029 716 1069 Ergo
740 1030 891 1059 humores
915 1030 948 1059 in
972 1038 1012 1059 eo
1036 1038 1104 1059 non
1127 1033 1301 1068 resurgent.
1508 1033 1751 1067 consequuntur
1766 1037 1834 1058 non
1851 1028 2035 1067 aequaliter,
2051 1027 2107 1058 sed
2126 1026 2305 1057 secundum
2329 1034 2425 1055 suum
2440 1023 2576 1055 modum

440 1074 501 1104 Snn
519 1083 652 1109 CONTRA,
671 1073 760 1113 quod
777 1078 824 1103 est
840 1073 879 1103 de
896 1073 1126 1103 constitutione
1149 1073 1293 1112 corporis
1308 1072 1452 1104 humani.
1507 1071 1786 1111 unumquodque3
1820 1072 1863 1101 ita
1895 1073 1991 1102 etiam
2024 1072 2176 1102 humores
2209 1071 2318 1110 aliquo
2352 1069 2453 1100 modo
2482 1068 2577 1110 perfi-

385 1123 527 1158 resurget
542 1118 574 1148 in
592 1127 641 1148 e0.
667 1117 730 1148 Sed
745 1118 898 1148 humores
917 1122 992 1147 sunt
1014 1116 1218 1147 huiusmodi:
1244 1122 1280 1146 ut
1294 1121 1382 1156 patet
1397 1125 1454 1155 per
1468 1124 1494 1138 ²0
1508 1116 1637 1146 ciuntur
1652 1116 1690 1146 ab
1707 1116 1813 1146 anima
1836 1116 1992 1151 rationali,
2016 1125 2084 1146 non
2107 1121 2215 1146 tamen
2238 1114 2355 1145 eodem
2378 1113 2479 1145 modo
2495 1114 2578 1144 sicut

384 1163 613 1202 Augusfinum,
631 1163 687 1202 qui
707 1161 783 1192 dicit
798 1163 815 1178 ³*
840 1161 929 1201 quod
950 1171 1068 1202 corpus
1091 1166 1218 1191 constat
1240 1170 1282 1191 ex
1304 1160 1454 1190 membris
1507 1165 1612 1200 partes
1635 1159 1851 1200 perfectiores.

385 1207 596 1248 officialibus,
622 1206 780 1247 officialia
803 1216 845 1237 ex
868 1206 1106 1241 consimilibus,
1132 1205 1315 1236 consimilia
1334 1214 1376 1235 ex
1394 1204 1453 1234 hu-

384 1252 537 1282 moribus.
562 1251 647 1291 Ergo
671 1251 824 1281 humores
847 1255 1011 1291 resurgent
1034 1251 1067 1281 in
1091 1259 1237 1290 corpore.

442 1305 471 1326 2.
495 1296 697 1332 Pani-anm,
721 1295 910 1326 resurrectio
938 1300 1046 1325 nostra
1070 1295 1128 1326 erit
1151 1294 1327 1325 conformis
1350 1303 1453 1324 resur·
1508 1297 1548 1317 DE
1571 1297 1723 1318 vamum
1746 1293 1896 1318 HUMAN'AE
1919 1298 2078 1324 NATURAE,
2102 1297 2364 1318 RESURRECTURUM
2387 1297 2433 1318 sn·
2456 1297 2488 1318 IN
2510 1297 2579 1318 1Pso

385 1341 519 1371 rectioni
543 1339 661 1370 Christi
676 1341 703 1370 ἦ
728 1339 791 1371 Sed
813 1340 847 1370 in
864 1339 992 1370 Christo
1016 1339 1184 1370 resurrexit
1207 1339 1352 1378 sanguis:
1378 1338 1453 1368 alias
1468 1346 1491 1366 ²5
1665 1338 1804 1386 ⁹⁸2'quu·
1819 1344 1880 1364 ουκ,
1896 1337 2097 1386 ⁸“1'¹³-lisi⁵ii’¹¹'¹
2113 1338 2236 1386 discxfx,
2268 1344 2332 1386 ”mih
2347 1341 2388 1360 att-
2402 1345 2425 1364 «³

384 1394 472 1415 nunc
496 1385 607 1415 vinum
631 1394 698 1414 non
722 1385 1054 1415 transubstantiaretur
1071 1384 1104 1414 in
1124 1384 1312 1423 sanguinem
1337 1383 1404 1413 eius
1420 1383 1453 1412 in
1643 1365 1694 1392 Quo
1723 1381 1728 1386 '
1777 1381 1782 1391 ¹
1798 1371 1838 1392 ‘³¹¹'
1853 1370 1887 1389 ‘¹¹'
1902 1371 1926 1386 Τ
1937 1380 1944 1387 '
1961 1372 1983 1391 ''
2063 1381 2069 1391 ’
2084 1370 2123 1392 ‘³²¹'
2139 1370 2177 1391 '¹¹‘
2208 1371 2222 1386 ”
2267 1370 2282 1386 ⁰
2320 1381 2339 1392 ''
2354 1371 2404 1392 αφ’
2420 1370 2444 1386 '⁸'

385 1434 584 1460 sacramento
607 1429 732 1459 Altaris.
758 1429 843 1469 Ergo
868 1429 947 1459 etin
968 1429 1062 1459 nobis
1085 1433 1227 1468 resurget
1250 1428 1388 1468 sanguis.
1413 1427 1454 1457 Et
1508 1435 1593 1497 Ar>
1623 1435 1771 1455 QUARTUM
1794 1434 1840 1455 sle
1869 1434 2074 1455 Paocamrmt.
2109 1423 2243 1454 Videtur
2266 1423 2356 1464 quod
2378 1433 2446 1455 non
2473 1430 2579 1456 totum

386 1473 498 1504 eadem
521 1474 644 1504 ratione
668 1474 720 1503 alii
744 1474 907 1504 humores.
1573 1469 1664 1510 quod
1683 1469 1743 1500 fuit
1762 1470 1794 1500 in
1815 1478 1951 1509 corpore
1971 1468 2011 1499 de
2032 1469 2163 1499 veritate
2186 1469 2347 1500 humanae
2369 1474 2511 1506 naturae,
2531 1479 2580 1501 re—

439 1519 629 1548 Rssspommo
658 1528 818 1548 DICENDUM
846 1517 936 1558 quod
963 1516 1122 1558 quidquid
1149 1518 1287 1558 pertinet
1310 1516 1350 1547 ad
1371 1516 1453 1547 inte-
1508 1519 1615 1554 surget
1630 1515 1663 1545 in
1679 1515 1760 1554 ipso.
1786 1514 1871 1552 Quia
1895 1513 1985 1544 cibus
2009 1514 2206 1544 convertitur
2224 1514 2259 1544 in
2278 1514 2444 1544 veritatem
2466 1515 2580 1545 huma-

385 1563 530 1603 gritatem
558 1563 718 1593 humanae
746 1568 892 1599 naturae,
916 1563 950 1593 in
973 1567 1157 1602 resurgente
1185 1562 1248 1592 hoc
1276 1566 1383 1591 totum
1405 1570 1454 1591 re·
1469 1568 1495 1588 ⁸⁰
1508 1568 1568 1589 nae
1591 1565 1732 1589 naturae.
1757 1558 1820 1590 Sed
1844 1557 2017 1598 aliquando
2041 1568 2151 1588 carnes
2175 1558 2267 1589 bovis
2289 1564 2461 1589 sumuntur
2484 1560 2518 1589 in
2536 1560 2580 1590 ci-

385 1613 502 1647 surget,
519 1607 642 1638 ratione
665 1607 826 1647 praedicta
841 1608 868 1637 *.
892 1606 986 1638 Unde
1010 1612 1138 1647 oportet
1162 1606 1252 1647 quod
1274 1606 1327 1636 illa
1348 1606 1454 1636 humi·
1508 1604 1597 1634 bum.
1623 1603 1656 1634 Si
1680 1613 1756 1644 ergo
1780 1609 1922 1643 resurget
1945 1602 2104 1643 quidquid
2127 1603 2187 1633 fuit
2211 1603 2253 1642 de·
2266 1603 2397 1634 veritate
2419 1604 2581 1635 humanae

386 1651 466 1682 ditas
494 1652 638 1692 corporis
670 1658 811 1692 resurgat
837 1653 871 1682 in
900 1652 1033 1682 homine
1065 1661 1147 1692 quae
1175 1650 1215 1682 ad
1242 1650 1454 1691 integritatem
1508 1654 1650 1684 naturae,
1667 1654 1809 1688 resurget
1829 1649 1925 1678 etiam
1943 1657 2016 1678 caro
2033 1647 2135 1678 bovis.
2159 1647 2259 1686 Quod
2276 1653 2323 1678 est
2338 1649 2579 1680 inconveniens.

387 1697 455 1727 eius
478 1697 645 1736 pertineat.
1566 1703 1595 1723 2.
1618 1693 1816 1728 Pmmnnm,
1839 1698 1928 1723 costa
1951 1692 2041 1722 Adae
2064 1691 2125 1722 fuit
2140 1692 2180 1723 de
2195 1693 2327 1723 veritate
2349 1693 2510 1724 humanae
2524 1703 2581 1724 na-

442 1741 499 1771 Est
514 1746 622 1771 autem
644 1741 678 1771 in
697 1741 830 1771 homine
846 1740 960 1781 triplex
975 1740 1157 1771 humiditas.
1182 1739 1350 1777 Quaedam
1368 1740 1454 1769 enim
1508 1743 1597 1768 turae
1620 1738 1653 1768 in
1677 1738 1768 1778 ipso,
1792 1737 1875 1767 sicut
1898 1743 1929 1767 et
1952 1742 2040 1767 costa
2071 1742 2179 1767 nostra
2206 1738 2239 1767 in
2263 1738 2366 1768 nobis.
2399 1737 2463 1769 Sed
2493 1743 2582 1769 costa

387 1785 559 1815 humiditas
577 1792 624 1816 est
646 1786 679 1815 in
703 1784 884 1816 recedendo
909 1795 927 1815 a
945 1784 1143 1825 perfectione
1159 1784 1254 1814 huius
1277 1783 1452 1814 individui:
1470 1794 1492 1814 υς
1508 1781 1598 1812 Adae
1621 1791 1689 1812 non
1712 1787 1854 1822 resurget
1877 1782 1910 1811 in
1934 1790 1992 1816 e0,
2016 1781 2072 1812 sed
2095 1782 2128 1812 in
2152 1782 2262 1812 Heva:
2295 1782 2370 1812 alias
2397 1782 2490 1813 Heva
2511 1792 2580 1814 non

387 1830 437 1860 vel
462 1830 537 1870 quia
554 1831 648 1860 estin
669 1830 720 1860 via
743 1830 969 1870 corruptionis,
987 1835 1018 1859 et
1034 1839 1051 1859 a
1066 1835 1179 1859 natura
1202 1829 1356 1864 abiicitur‚
1373 1829 1455 1858 sicut
1508 1832 1695 1867 resurgeret,
1720 1836 1803 1867 quae
1827 1825 1866 1856 de
1890 1831 1979 1856 costa
2001 1826 2055 1856 illa
2077 1825 2213 1856 formata
2232 1831 2279 1856 est
2294 1827 2320 1856 *.
2345 1827 2431 1867 Ergo
2447 1836 2515 1857 non
2531 1837 2580 1858 re-

387 1875 496 1910 urina,
520 1873 619 1904 sudor
643 1879 674 1904 et
697 1874 799 1905 sanies
829 1879 860 1904 et
889 1873 1095 1910 huiusmodi;
1120 1874 1171 1903 vel
1201 1873 1277 1913 quia
1301 1883 1319 1903 a
1341 1878 1454 1903 natura
1509 1877 1617 1911 surget
1638 1872 1671 1901 in
1695 1871 1828 1901 homine
1853 1870 2011 1911 quidquid
2030 1869 2090 1901 fuit
2105 1871 2138 1901 in
2155 1880 2195 1901 eo
2211 1870 2251 1901 de
2266 1871 2397 1902 veritate
2420 1872 2581 1903 humanae

388 1918 552 1949 ordinatur
571 1918 611 1949 ad
627 1919 904 1949 conservationem
920 1919 1038 1958 speciei
1054 1919 1087 1948 in
1110 1918 1172 1948 alio
1193 1917 1371 1953 individuo,
1388 1918 1454 1947 sive
1508 1921 1650 1946 naturae.

404 298 503 328 ART.
524 297 575 327 III.
600 307 704 327 urium
727 307 871 328 Humoans
890 307 921 327 m
942 307 1084 328 CORPORE
1107 306 1335 327 rursurtnacrum
1359 305 1425 325 srm-

712 348 770 370 Part.
788 348 827 375 111,
843 354 882 376 qu.
897 354 942 375 mr,
958 352 999 370 art.
1014 354 1038 376 3,
1055 348 1082 369 ad
1098 354 1118 369 2.

1611 1243 1711 1273 ART.
1736 1243 1789 1274 IV.
1813 1253 1918 1274 urium
1941 1253 2047 1274 Torum
2071 1252 2158 1274 ouon
2182 1253 2253 1278 rurr
2276 1253 2308 1273 IN
2332 1252 2474 1273 CORPORE

387 1972 444 2003 per
460 1968 567 1993 actum
590 1963 799 2003 generativam,
817 1963 898 1993 sicut
921 1972 1042 1998 semen,
1059 1963 1125 1992 sive
1148 1971 1205 2002 per
1228 1967 1336 1992 actum
1354 1962 1455 1992 nutri-
1566 1961 1595 1991 3.
1620 1959 1821 1995 Palmum,
1845 1969 1913 1990 non
1941 1965 2048 1999 potest
2076 1968 2144 1989 esse
2171 1959 2262 1999 quod
2284 1960 2371 1990 idem
2394 1961 2427 1990 in
2451 1960 2581 1992 diversis

387 2008 479 2043 tivae,
497 2008 579 2037 sicut
594 2007 652 2037 lac.
684 2007 725 2037 Et
739 2007 827 2037 nulla
851 2007 962 2037 talium
978 2006 1206 2037 humiditatum
1228 2011 1388 2046 resurget:
1414 2015 1454 2036 eo
1469 2015 1496 2035 ιο
1509 2005 1695 2035 hominibus
1718 2009 1869 2044 resurgat.
1895 2003 1957 2034 Sed
1981 2008 2087 2044 potest
2111 2013 2179 2034 esse
2204 2004 2294 2044 quod
2317 2005 2439 2045 aliquid
2461 2004 2522 2036 fuit
2541 2005 2581 2037 de

388 2051 478 2092 quod
500 2061 568 2082 non
592 2057 638 2082 est
662 2051 701 2082 de
724 2051 922 2091 perfectione
946 2051 1103 2081 individui
1125 2051 1327 2090 resurgentis.
1509 2049 1640 2079 veritate
1663 2049 1823 2079 humanae
1846 2053 1978 2078 naturae
2000 2049 2034 2078 in
2058 2047 2188 2078 diversis
2215 2049 2417 2080 hominibus:
2449 2050 2532 2081 sicut
2554 2051 2580 2081 si

441 2096 588 2127 Secunda
612 2095 783 2126 humiditas
807 2102 853 2126 est
877 2105 960 2135 quae
983 2095 1131 2126 nondum
1154 2095 1300 2135 pervenit
1323 2094 1362 2125 ad
1382 2094 1455 2125 ulti-
1510 2093 1624 2133 aliquis
1655 2093 1802 2124 carnibus
1832 2092 1981 2123 humanis
2010 2098 2172 2129 vescatur,
2197 2102 2280 2133 quae
2311 2094 2345 2124 in
2373 2094 2581 2126 substantiam

386 2150 473 2171 mam
489 2140 721 2180 perfectionem
741 2149 839 2180 quam
854 2145 967 2170 natura
990 2145 1141 2180 operatur
1156 2140 1189 2170 in
1205 2138 1383 2175 individuo,
1400 2138 1456 2169 sed
1511 2138 1579 2168 eius
1597 2142 1766 2168 transeant.
1791 2137 1877 2177 Ergo
1901 2147 1969 2167 non
1992 2142 2134 2178 resurget
2156 2137 2190 2167 in
2213 2137 2323 2179 aliquo
2348 2138 2507 2179 quidquid
2522 2137 2582 2170 fuit

388 2190 434 2215 est
457 2185 496 2215 ad
519 2185 606 2215 illam
630 2184 774 2215 ordinata
798 2195 815 2215 a
834 2190 956 2218 natura.
980 2184 1021 2215 Et
1044 2185 1123 2215 haec
1147 2190 1194 2214 est
1217 2183 1346 2224 duplex.
1371 2183 1457 2221 Quia
1511 2182 1551 2213 de
1574 2183 1704 2213 veritate
1727 2182 1887 2212 humanae
1909 2187 2041 2212 naturae
2064 2182 2096 2212 in
2121 2182 2202 2222 ipso.

387 2229 546 2270 quaedam
570 2235 616 2260 est
640 2239 723 2269 quae
746 2229 842 2260 habet
869 2229 1009 2269 aliquam
1037 2228 1175 2259 formam
1203 2228 1455 2264 determinatam,
1471 2237 1494 2257 45
1566 2236 1597 2266 4.
1634 2226 1667 2258 Sr
1699 2236 1834 2257 DICATUR
1868 2226 1958 2267 quod
1991 2235 2059 2257 non
2095 2225 2254 2266 quidquid
2288 2232 2335 2257 est
2368 2227 2402 2258 in
2434 2228 2582 2259 carnibus

386 2274 565 2305 secundum
596 2283 694 2314 quam
725 2274 908 2305 continetur
937 2274 1019 2304 inter
1045 2278 1150 2314 partes
1179 2273 1341 2313 corporis:
1375 2273 1457 2303 sicut
1511 2273 1662 2302 comestis
1685 2277 1732 2302 est
1755 2271 1795 2302 de
1818 2272 1948 2302 veritate
1978 2271 2138 2302 humanae
2165 2277 2313 2308 naturae,
2338 2277 2369 2302 et
2395 2272 2438 2302 ita
2461 2272 2582 2313 aliquid

387 2319 514 2358 sanguis
543 2324 574 2349 et
602 2319 654 2349 alii
685 2324 747 2349 tres
779 2319 949 2354 humores,
975 2327 1058 2358 quos
1090 2323 1202 2348 natura
1235 2317 1393 2348 ordinavit
1418 2317 1457 2348 ad
1511 2326 1626 2347 eorum
1654 2321 1761 2356 potest
1788 2325 1951 2356 resurgere
1978 2316 2011 2346 in
2034 2316 2140 2356 primo
2165 2321 2196 2346 et
2219 2315 2340 2356 aliquid
2362 2317 2396 2347 in
2419 2317 2580 2348 secundo:

386 2364 530 2394 membra
554 2373 635 2403 quae
653 2373 690 2393 ex
707 2363 751 2393 eis
767 2368 967 2403 generantur,
985 2362 1041 2393 sed
1063 2368 1171 2393 tamen
1194 2363 1312 2392 habent
1335 2362 1457 2402 aliquas
1512 2366 1632 2391 contra.
1657 2361 1706 2391 De
1730 2361 1859 2391 veritate
1882 2361 2043 2391 humanae
2065 2366 2197 2391 naturae
2219 2361 2358 2391 maxime
2373 2360 2498 2392 videtur
2513 2371 2582 2393 esse

387 2407 505 2438 formas
529 2406 762 2444 determinatas,
779 2408 862 2438 sicut
878 2413 910 2438 et
925 2407 1004 2437 aliae
1027 2413 1131 2447 partes
1155 2407 1309 2447 corporis.
1326 2406 1367 2437 Et
1382 2406 1456 2437 ideo
1510 2405 1590 2436 illud
1614 2405 1704 2446 quod
1727 2415 1748 2435 a
1769 2405 1953 2445 parentibus
1980 2405 2122 2435 trahitur.
2147 2404 2221 2441 Sed,
2241 2406 2267 2435 si
2290 2405 2404 2446 aliquis
2434 2415 2502 2437 non
2526 2416 2581 2437 co·

387 2457 551 2492 resurgent
575 2462 650 2482 curn
674 2452 741 2482 aliis
764 2452 906 2492 partibus
930 2452 1083 2492 corporis.
1473 2467 1498 2487 50
1510 2450 1643 2480 medens
1658 2450 1719 2480 nisi
1739 2459 1849 2480 carnes
1871 2450 2027 2480 humanas
2053 2448 2155 2480 filium
2179 2455 2320 2490 generet,
2344 2455 2473 2491 oportet
2492 2450 2582 2491 quod

442 2496 611 2534 Quaedam
634 2506 710 2527 vero
734 2496 906 2527 humiditas
922 2502 969 2527 est
984 2497 1017 2526 in
1033 2497 1083 2526 via
1097 2495 1282 2526 transeundi
1298 2494 1337 2526 de
1354 2494 1457 2526 forma
1511 2494 1590 2525 illud
1614 2494 1704 2535 quod
1726 2493 1811 2524 filius
1835 2504 1852 2524 a
1875 2500 2006 2534 parente
2029 2494 2133 2530 trahit,
2158 2494 2254 2524 fuerit
2276 2494 2315 2525 de
2340 2495 2487 2526 carnibus
2503 2495 2581 2526 alio-

387 2541 421 2571 in
442 2540 590 2577 formam,
607 2541 727 2571 scilicet
750 2540 790 2571 de
814 2540 917 2571 forma
940 2541 1085 2571 humoris
1101 2541 1133 2570 in
1150 2539 1287 2571 formam
1310 2540 1456 2570 membri.
1511 2549 1583 2570 rum
1607 2539 1789 2575 hominum,
1814 2548 1893 2579 quas
1916 2544 2006 2579 pater
2028 2548 2106 2569 suus
2130 2538 2287 2570 comedit:
2312 2539 2387 2579 quia
2410 2549 2516 2570 semen
2536 2545 2584 2571 est

388 2585 430 2615 Et
451 2585 520 2615 talis
544 2585 715 2615 humiditas
738 2595 806 2615 non
825 2590 976 2625 resurget.
1002 2584 1086 2623 Quia
1103 2590 1176 2625 post
1192 2585 1458 2615 resurrectionem
1511 2584 1551 2615 de
1573 2584 1739 2625 superfluo
1763 2583 1918 2619 alimenti,
1938 2589 1974 2614 ut
1997 2583 2213 2624 Philosophus
2236 2584 2361 2624 probat,
2380 2584 2413 2614 in
2437 2584 2518 2615 libro
2541 2585 2582 2615 de

389 2635 492 2669 partes
517 2630 660 2669 corporis
683 2629 826 2670 singulae
841 2630 875 2659 in
891 2630 956 2660 suis
980 2628 1091 2660 formis
1114 2629 1322 2665 stabilientur,
1342 2634 1378 2659 ut
1392 2639 1458 2659 una
1511 2628 1714 2659 Animalibus
1729 2629 1756 2658 “.
1789 2628 1875 2668 Ergo
1905 2627 1985 2659 illud
2015 2627 2105 2668 quod
2129 2634 2176 2658 est
2199 2628 2239 2659 de
2262 2629 2392 2659 veritate
2422 2629 2583 2660 humanae

388 2675 422 2704 in
438 2674 532 2704 aliam
548 2683 616 2704 non
632 2679 778 2704 transeat.
803 2674 844 2704 Et
866 2673 940 2704 ideo
960 2683 1027 2704 non
1044 2679 1186 2714 resurget
1210 2674 1262 2704 illa
1285 2673 1457 2704 humiditas
1473 2690 1495 2710 ςς
1511 2679 1642 2703 naturae
1665 2673 1699 2703 in
1722 2682 1824 2713 puero
1847 2673 1920 2709 isto,
1937 2672 1997 2703 fuit
2020 2673 2116 2703 etiam
2139 2672 2179 2703 de
2198 2673 2328 2703 veritate
2352 2673 2512 2704 humanae
2526 2683 2583 2704 na-

390 2728 471 2758 quae
496 2724 543 2748 est
565 2719 598 2748 in
621 2719 692 2758 ipso
717 2723 790 2748 actu
814 2718 998 2749 transeundi
1023 2717 1062 2749 de
1086 2717 1188 2748 forma
1212 2719 1246 2748 in
1270 2717 1417 2748 formam.
1435 2737 1458 2740 —
1511 2723 1600 2748 turae
1616 2718 1650 2748 in
1666 2717 1733 2748 aliis
1756 2717 1952 2753 hominibus,
1977 2726 2118 2757 quorum
2142 2726 2252 2748 carnes
2275 2723 2364 2758 pater
2386 2717 2537 2749 comedit.

389 2763 478 2793 Haec
502 2768 610 2793 autem
633 2762 805 2793 humiditas
828 2768 934 2803 potest
957 2763 990 2793 in
1014 2762 1136 2803 duplici
1159 2768 1242 2793 statu
1266 2763 1378 2803 accipi.
1395 2762 1455 2793 Vel
1569 2763 1598 2792 5.
1623 2761 1657 2793 S1
1679 2771 1814 2792 mentm
1835 2761 1925 2803 quod
1940 2761 2019 2792 illud
2035 2761 2125 2802 quod
2141 2767 2206 2792 erat
2222 2761 2262 2792 de
2277 2762 2408 2792 veritate
2422 2763 2583 2793 humanae

389 2807 568 2838 secundum
592 2807 682 2847 quod
710 2813 756 2837 est
783 2808 817 2838 in
845 2807 1004 2848 principio
1033 2808 1324 2838 transmutationis:
1359 2812 1390 2837 et
1413 2807 1458 2837 sic
1511 2812 1643 2837 naturae
1666 2807 1700 2837 in
1724 2806 1871 2837 carnibus
1894 2807 2066 2837 hominum
2090 2811 2310 2837 comestorum
2332 2815 2400 2837 non
2423 2807 2534 2838 transit
2547 2807 2582 2837 in

389 2857 522 2882 vocatur
541 2861 606 2887 ros,
623 2851 677 2881 illa
697 2852 818 2882 scilicet
841 2851 1013 2882 humiditas
1037 2861 1120 2892 quae
1137 2857 1183 2882 est
1198 2852 1231 2882 in
1248 2851 1458 2882 foraminibus
1512 2861 1639 2887 semen,
1664 2850 1720 2881 sed
1747 2850 1827 2881 illud
1855 2850 1945 2891 quod
1973 2856 2038 2881 erat
2061 2851 2105 2881 ibi
2128 2850 2167 2881 de
2191 2851 2321 2881 veritate
2345 2851 2504 2881 humanae
2526 2860 2582 2881 na·-

389 2905 557 2936 parvarum
581 2906 745 2926 venarum.
770 2896 829 2927 Vel
853 2895 1032 2927 secundum
1056 2895 1146 2937 quod
1170 2902 1216 2927 est
1235 2897 1267 2927 in
1287 2906 1458 2936 progressu
1472 2906 1499 2926 ⁶0
1512 2902 1602 2926 turae
1625 2905 1693 2926 non
1717 2896 1870 2926 existens:
1899 2900 2020 2926 contra.
2044 2895 2186 2926 Ponatur
2209 2895 2300 2935 quod
2322 2894 2436 2935 aliquis
2459 2895 2582 2925 cibetur

389 2941 661 2971 transmutationis
694 2946 736 2974 et,
755 2941 867 2981 incipit
899 2941 963 2971 iam
995 2940 1151 2971 dealbari:
1186 2946 1217 2971 et
1249 2941 1294 2971 sic
1326 2946 1459 2971 vocatur
1513 2941 1620 2971 solum
1644 2940 1792 2981 embryis,
1813 2940 1847 2970 in
1871 2940 1988 2980 quibus
2011 2939 2091 2970 nihil
2114 2939 2239 2970 videtur
2262 2948 2330 2970 esse
2354 2939 2444 2979 quod
2458 2948 2526 2970 non
2542 2939 2582 2970 sit

390 2985 557 3015 cambium.
582 2985 618 3015 In
641 2991 756 3015 neutro
781 2990 888 3015 autem
912 2990 995 3016 statu
1018 2991 1169 3026 resurget.
1514 2985 1553 3016 de
1576 2985 1706 3015 veritate
1729 2985 1889 3015 humanae
1912 2989 2054 3020 naturae,
2078 2984 2153 3025 quia
2176 2989 2282 3014 totum
2305 2983 2395 3024 quod
2418 2988 2465 3014 est
2487 2983 2520 3014 in
2537 2984 2582 3014 eis

446 3029 593 3060 Tertium
619 3039 721 3069 genus
750 3030 945 3060 humiditatis
974 3035 1021 3060 est
1049 3030 1138 3070 quod
1164 3031 1228 3060 iam
1252 3031 1398 3070 pervenit
1420 3029 1460 3060 ad
1514 3039 1532 3060 a
1553 3029 1738 3070 parentibus
1761 3029 1904 3059 trahitur.
1928 3028 1961 3060 Si
1978 3038 2054 3068 ergo
2077 3027 2278 3069 superfluitas
2301 3028 2363 3058 cibi
2386 3028 2583 3058 convertitur

391 3074 536 3104 ultimam
566 3073 798 3114 perfectionem
830 3083 928 3115 quam
957 3079 1070 3105 natura
1098 3074 1234 3105 intendit
1262 3075 1295 3105 in
1324 3083 1459 3115 corpore
1513 3075 1547 3104 in
1571 3083 1695 3110 semen,
1720 3078 1849 3114 oportet
1877 3072 1967 3114 quod
1995 3072 2074 3103 illud
2102 3071 2192 3113 quod
2220 3071 2280 3102 fuit
2306 3071 2346 3102 de
2367 3072 2499 3102 veritate
2522 3072 2581 3103 hu-

391 3117 564 3148 individui:
590 3127 673 3158 quae
697 3119 760 3148 iam
785 3124 831 3148 est
855 3118 998 3149 dealbata
1022 3124 1052 3149 et
1071 3119 1275 3159 incorporata
1297 3119 1458 3150 membris.
1473 3127 1498 3154 ες
1513 3127 1628 3149 manae
1651 3123 1783 3148 naturae
1805 3118 1838 3148 in
1860 3117 2008 3158 embryis,
2028 3125 2111 3158 quae
2134 3116 2230 3147 etiam
2253 3115 2293 3146 ad
2316 3117 2582 3147 resurrectionem

392 3162 432 3192 Et
455 3162 534 3192 haec
559 3168 689 3193 vocatur
711 3163 835 3204 gluten.
860 3163 910 3199 Et,
936 3172 1011 3193 cum
1035 3163 1074 3194 sit
1097 3162 1137 3194 de
1160 3164 1334 3194 substantia
1357 3173 1459 3194 mem·
1514 3163 1674 3203 pertinent
1705 3167 1879 3203 postquam
1911 3163 2051 3192 animam
2081 3160 2270 3191 rationalem
2297 3166 2519 3200 perceperunt,
2543 3161 2583 3192 sit

392 3207 533 3242 brorum,
558 3212 709 3247 resurget,
733 3208 815 3238 sicut
838 3207 897 3237 alia
920 3208 1064 3238 membra
1087 3213 1291 3257 resurgunt·
1515 3208 1610 3238 etiam
1634 3207 1674 3237 de
1696 3207 1826 3237 veritate
1854 3206 2014 3237 humanae
2041 3210 2172 3235 naturae
2196 3204 2229 3234 in
2251 3213 2354 3244 puero
2383 3206 2439 3245 qui
2467 3214 2505 3236 ex
2527 3205 2582 3236 tali

445 3251 495 3280 Ao
523 3261 641 3281 PRIMUM
672 3261 755 3282 anco
788 3261 948 3282 mer-‚rmum
981 3251 1071 3292 quod
1103 3261 1182 3282 caro
1211 3257 1242 3283 et
1266 3252 1403 3294 sanguis
1426 3253 1459 3282 in
1514 3253 1636 3282 semine
1659 3256 1837 3291 generatur.
1861 3251 1903 3281 Et
1925 3250 1980 3286 sic,
1997 3258 2073 3280 cum
2095 3258 2164 3279 non
2186 3249 2288 3288 possit
2311 3248 2396 3280 idem
2419 3259 2583 3290 resurgere

393 3295 496 3325 verbis
519 3295 579 3325 illis
602 3296 752 3335 Apostoli
769 3305 837 3326 non
854 3297 1055 3336 accipiuntur
1078 3305 1137 3336 pro
1161 3297 1335 3327 substantia
1359 3297 1460 3327 carnis
1514 3297 1547 3326 in
1571 3295 1710 3332 duobus,
1726 3304 1794 3326 non
1816 3294 1934 3336 poterit
1948 3295 1980 3324 in
1998 3293 2143 3334 quolibet
2161 3302 2324 3333 resurgere
2349 3293 2507 3334 quidquid
2522 3293 2583 3326 fuit

395 3344 425 3368 et
448 3340 623 3379 sanguinis,
648 3339 704 3370 sed
730 3349 790 3380 pro
819 3340 970 3380 operibus
994 3341 1095 3371 carnis
1120 3346 1151 3371 et
1174 3341 1352 3381 sanguinis,
1377 3350 1460 3382 quae
1474 3353 1501 3374 ⁷0
1514 3340 1555 3371 de
1577 3340 1708 3371 veritate
1731 3340 1890 3370 humanae
1913 3343 2044 3368 naturae
2067 3337 2100 3367 in
2123 3337 2205 3377 ipso.

394 3388 468 3413 sunt
491 3393 589 3423 opera
611 3385 734 3424 peccati
749 3385 776 3419 *,
799 3385 850 3414 vel
878 3394 977 3424 opera
1000 3385 1144 3415 animalis
1167 3385 1259 3415 vitae.
1276 3402 1297 3408 -
1321 3385 1391 3421 Vel,
1412 3394 1460 3416 se—
1569 3383 1632 3415 Sar>
1656 3393 1789 3419 comm,
1807 3381 1965 3422 quidquid
1980 3381 2041 3412 fuit
2056 3381 2095 3412 de
2111 3382 2242 3412 veritate
2264 3382 2424 3413 humanae
2439 3388 2581 3419 naturae,

395 3426 538 3457 cundum
566 3427 655 3468 quod
683 3427 759 3458 dicit
785 3428 1000 3468 Augustinus,
1025 3429 1058 3459 in
1081 3429 1226 3469 Epistola
1249 3429 1293 3460 ad
1317 3429 1460 3459 Consen-
1514 3428 1575 3458 fuit
1597 3427 1776 3468 perfectum
1799 3427 1904 3457 anima
1927 3426 2082 3456 rationali.
2111 3425 2174 3456 Sed
2198 3436 2236 3456 ex
2259 3427 2322 3457 hoc
2346 3427 2441 3457 habet
2464 3436 2582 3467 corpus

394 3471 473 3500 tium
486 3472 512 3506 ’ἢ
529 3481 608 3501 caro
624 3477 655 3502 et
669 3472 806 3513 sanguis
829 3473 982 3512 accipitur
1005 3473 1048 3503 ibi
1069 3482 1127 3512 pro
1151 3474 1357 3514 corruptione
1377 3482 1461 3513 quae
1514 3472 1693 3502 humanum
1717 3471 1863 3502 ordinem
1887 3470 1926 3501 ad
1949 3471 2225 3507 resurrectionem,
2243 3472 2318 3512 quia
2334 3470 2394 3502 fuit
2413 3471 2518 3502 anima
2534 3481 2581 3502 ra-

394 3524 481 3545 nunc
505 3515 688 3546 dominatur
710 3517 742 3546 in
768 3525 861 3546 carne
885 3522 916 3546 et
940 3517 1103 3556 sanguine.
1138 3517 1231 3548 Unde
1259 3522 1290 3547 et
1316 3517 1461 3547 subditur
1514 3516 1626 3546 tionali
1637 3514 1815 3555 perfectum
1826 3516 1852 3544 ’ἢ
1869 3515 1955 3554 Ergo
1972 3514 2130 3555 quidquid
2146 3514 2206 3546 fuit
2222 3515 2262 3546 de
2276 3516 2407 3546 veritate
2422 3516 2582 3546 humanae

394 3559 427 3589 in
451 3559 554 3589 verbis
577 3560 726 3600 Apostoli
743 3561 777 3589 ⁴‘:
804 3569 904 3600 neque
927 3561 1094 3600 corruptio
1119 3561 1404 3601 incorruptionem.
1474 3572 1499 3592 -ις
1515 3565 1656 3595 naturae,
1680 3565 1821 3599 resurget
1844 3559 1876 3589 in
1900 3569 2112 3599 unoquoque.

2609 1835 2619 1846 ·
2634 1833 2693 1857 Gen.
2708 1840 2760 1863 cap.
2777 1840 2811 1861 n,

2608 1867 2668 1884 ven.
2683 1866 2718 1883 22.

2609 2637 2620 2648 ‘
2627 2635 2663 2658 De
2667 2634 2770 2658 m.
2777 2634 2826 2658 Ge»

2609 2663 2698 2711 :ev-mat„
2701 2661 2744 2685 nb.
2749 2661 2823 2691 1,eap.

2609 3520 2619 3528 ·
2625 3517 2660 3539 cf.
2667 3519 2709 3540 art.
2719 3524 2740 3543 ις
2751 3520 2786 3539 ιη
2800 3522 2824 3546 3,

2608 3549 2656 3572 arg.
2670 3549 2690 3572 3.

2874 386 2878 421 .-.-
2871 196 2878 376 man-*ffl—
2872 135 2878 180 a...
2876 118 2878 122 .
2875 71 2878 100 .„.
2877 30 2878 33 „

2870 698 2878 860 -——..-.-.
2870 600 2878 680 „-a..„..„
2876 574 2878 577 .
2875 508 2878 538 ..-
