2918 4088
944 223 1208 269 QUAESTIO
1237 225 1481 271 LXXXVIII,
1520 226 1810 264 ARTICULUS
1839 229 1853 264 I

2407 233 2476 270 321

743 442 1156 521 QUAESTIO
1195 442 2057 513 ocTerSIMAocTAvA

450 563 533 604 DE
566 563 798 604 REDITU
831 562 1251 604 PECCATORUM
1283 562 1438 603 POST
1470 562 1930 603 POENITENTIAM
1964 564 2342 607 DIMISSORUM

1098 679 1132 704 IN
1162 678 1335 709 QUATUOR
1361 678 1563 704 ARTICULOS
1591 679 1703 704 DIVISA

390 786 496 811 EINDE
529 773 855 811 considerandum
884 781 940 811 est
967 774 1015 810 de
1048 773 1172 810 reditu
1200 781 1372 822 peccato-

65 850 67 859 ι
90 863 122 888 ct
164 839 181 856 α
308 783 479 867 Drum
506 835 595 876 post
613 833 630 848 ²
658 826 935 876 poenitentiam
963 826 1214 863 dimissorum
1232 826 1263 862 *.

75 906 76 909 ¹
98 870 279 914 ·‹i¹.⁰'¹'¹¹'¹’
306 880 355 918 Et
381 879 482 917 circa
508 880 586 917 hoc
613 887 853 928 quaeruntur
880 887 1059 928 quatuor.

358 932 511 970 Primo:
547 940 680 970 utrum
716 940 873 981 peccata
908 944 978 981 per
1010 931 1286 981 poenitentiam
1316 932 1372 970 di-

411 985 528 1022 missa
560 985 718 1022 redeant
745 984 966 1034 simpliciter
992 997 1063 1034 per
1090 997 1257 1034 sequens
1284 997 1372 1034 pec-

412 1046 555 1076 catum.

281 1327 507 1372 -..qast-st

338 1399 339 1402 ’
375 1415 399 1445 v»:
426 1420 493 1462 μς(
516 1412 539 1437 D
561 1412 698 1438 PmMUM
726 1412 778 1437 stc
807 1412 1045 1437 PROCEDITUR.
1074 1399 1238 1437 Videtur
1264 1399 1373 1450 quod

419 1442 489 1510 .ῗῇ
516 1461 674 1504 peccata
710 1452 867 1491 dimissa
908 1454 1066 1491 redeant
1101 1465 1172 1503 per
1206 1465 1374 1502 sequens

333 1498 340 1508 ⁸
517 1514 732 1557 peccatum.
767 1502 876 1544 'Dicit
903 1506 1008 1544 enim
1040 1506 1294 1556 Augustinus,
1332 1506 1373 1543 in

371 1590 373 1592 >
408 1560 413 1568 '
456 1569 461 1581 ’
494 1579 507 1590 κ
518 1559 616 1598 libro
644 1561 659 1598 Ι
687 1560 732 1597 de
758 1562 952 1610 Baptismo
971 1560 1010 1598 *ε
1049 1560 1189 1598 Redire
1222 1560 1373 1597 dimissa

328 1618 456 1652 eccata
483 1615 549 1653 ubi
569 1614 744 1661 fraterna
763 1612 778 1643 β
805 1615 942 1651 caritas
961 1626 1036 1651 non
1057 1619 1119 1660 est,
1143 1615 1374 1664 apertissime

296 1625 489 1708 {mainus
516 1667 554 1704 in
582 1667 794 1717 Evangelio
821 1667 926 1704 docet
953 1668 991 1704 in
1020 1667 1084 1704 illo
1110 1679 1220 1705 servo
1248 1680 1272 1704 a
1301 1679 1373 1717 quo

303 1718 493 1757 dimissum
512 1719 672 1757 debitum
700 1720 872 1758 dominus
895 1721 998 1770 petiit
1025 1732 1069 1757 eo
1089 1721 1189 1770 quod
1206 1720 1267 1758 ille
1285 1732 1373 1758 con-

302 1783 411 1822 seruo
436 1784 504 1810 suo
541 1773 702 1811 debitum
731 1773 843 1811 nollet
869 1773 1060 1811 dimittere.
1105 1773 1182 1811 Sed
1209 1774 1375 1811 fraterna

303 1822 439 1874 caritas
467 1825 610 1864 tollitur
642 1838 712 1876 per
740 1826 940 1876 quodlibet
965 1834 1170 1877 peccatum
1198 1828 1373 1864 mortale.

305 1877 408 1928 Ergo
440 1891 511 1928 per
545 1878 745 1929 quodlibet
776 1892 943 1930 sequens
974 1881 1136 1917 mortale
1171 1888 1375 1930 peccatum

99 1979 108 1986 ..
305 1932 468 1986 redeunt
494 1940 651 1982 peccata
677 1932 784 1983 prius
811 1945 882 1984 per
899 1933 1176 1983 poenitentiam
1204 1933 1373 1971 dimissa.

90 1996 210 2020 cru-⁸4-
310 2028 313 2030 ,
361 1996 397 2025 2.
422 1985 665 2033 PRAETEREA,
694 1998 812 2036 super
838 1986 932 2025 illud
959 1988 1056 2024 Luc.
1077 1999 1112 2024 XI
1130 1986 1161 2034 ³¹⁶,
1195 1987 1377 2024 Revertar

90 2043 279 2093 &w
305 2037 527 2091 inrdomum
555 2051 680 2077 meam
717 2040 816 2077 unde
842 2041 961 2086 exivi,
998 2039 1088 2076 dicit
1114 2039 1222 2076 Beda
1240 2039 1278 2077 *ε
1314 2042 1349 2078 T
1346 2042 1374 2077 i-

95 2100 108 2129 ’.
180 2096 281 2147 ῑύξε
306 2090 462 2130 mendas
489 2098 541 2129 est
568 2092 629 2130 ille
655 2093 868 2138 versiculus,
896 2105 970 2130 non
995 2097 1010 2120 Υ
1039 2093 1302 2142 exponendus:
1330 2106 1377 2130 ne

86 2149 125 2199 [s
149 2139 183 2187 ‘''t
272 2139 279 2146 “
305 2144 416 2195 culpa
445 2157 557 2194 quam
585 2146 623 2182 in
653 2147 758 2183 nohis
792 2147 994 2183 extinctam
1026 2146 1280 2192 credebamus,
1304 2158 1377 2195 per

98 2199 114 2213 '²‘
305 2199 491 2237 incuriam
512 2210 580 2235 nos
605 2204 780 2237 vacantes
798 2200 996 2249 opprimat.
1026 2198 1113 2235 Hoc
1138 2206 1268 2236 autem
1294 2211 1375 2236 non

305 2258 404 2288 esset
431 2250 504 2288 nisi
532 2250 682 2288 rediret.
721 2252 824 2299 Ergo
852 2252 966 2301 culpa
1002 2263 1072 2300 per
1098 2251 1376 2301 poenitentiam

306 2302 466 2344 dimissa
492 2303 600 2342 redit.

362 2355 397 2397 3.
418 2357 651 2411 ΡΚΑΕΤΕΚΕΑ,
672 2358 811 2395 Ezech.
831 2370 914 2395 xvm
932 2357 952 2379 ’¹‘
980 2357 1174 2396 Dominus
1201 2357 1307 2396 dicit:
1338 2360 1379 2395 Si

306 2412 480 2455 averterit
514 2414 554 2450 se
589 2412 702 2448 iustus
738 2423 762 2448 a
796 2412 930 2448 iustitia
965 2423 1044 2448 sua·
1070 2417 1103 2448 et
1133 2412 1272 2459 fecerit
1308 2412 1376 2448 ini-

307 2462 502 2518 quitatem,
535 2476 663 2502 omnes
690 2465 846 2502 iustitiae
872 2465 950 2501 eius
985 2476 1078 2513 quas
1093 2464 1263 2512 fecerat,
1301 2477 1375 2502 non

90 2519 101 2555 ⁷.
165 2520 181 2547 ὓ
308 2516 604 2557 recordabuntur
630 2517 790 2569 amplius
813 2515 838 2554 ὃ.
870 2517 948 2555 Sed
974 2516 1072 2554 inter
1099 2516 1190 2554 alias
1219 2517 1377 2554 iustitias

102 2570 108 2574 ’
308 2581 406 2619 quas
428 2569 526 2616 fecit,
549 2569 666 2607 etiam
692 2570 926 2619 praecedens
953 2570 1188 2620 poenitentia
1215 2582 1377 2607 concur-

309 2622 356 2660 rit
374 2627 404 2659 ἐ
434 2634 526 2660 cum
554 2635 671 2672 supra
692 2622 713 2645 ’¹‘
740 2623 888 2660 dictum
916 2622 962 2660 sit
988 2622 1266 2673 poenitentiam
1294 2635 1376 2660 esse

307 2683 459 2726 partem
477 2675 652 2713 iustitiae.
689 2676 804 2724 Ergo,
823 2684 1032 2726 postquam
1059 2676 1261 2726 poenitens
1289 2689 1376 2726 pec-

308 2735 384 2775 cat,
421 2740 503 2766 non
537 2727 750 2778 imputatur
783 2728 818 2766 ei
850 2729 1086 2778 praecedens
1119 2729 1375 2779 poenitentia,

308 2793 379 2832 per
414 2794 535 2831 quam
572 2789 802 2819 consecutus
829 2789 885 2819 est
921 2782 1077 2819 veniam
1113 2790 1374 2832 peccatorum.

308 2835 489 2877 Redeunt
517 2846 608 2884 ergo
636 2834 699 2872 illa
726 2842 894 2884 peccata.

361 2900 399 2936 4.
433 2888 676 2933 paxamates,
709 2895 865 2937 peccata
891 2888 1093 2937 praeterita
1119 2900 1190 2938 per
1215 2889 1376 2938 gratiam

139 2958 143 2962 <
176 2950 190 2968 ³
203 2950 256 2974 Ἢ·
308 2948 506 2989 teguntur:
537 2948 579 2978 ut
605 2948 709 2990 patet
726 2953 797 2990 per
814 2942 1058 2990 Apostolum,
1077 2942 1190 2979 Rom.
1211 2954 1246 2979 1v
1263 2941 1295 2988 ²¹³,
1320 2942 1377 2979 in-

104 2998 283 3026 amun...
309 2988 518 3032 ducentem
545 2994 639 3031 illud
659 2993 800 3031 Psalmi
819 2994 850 3040 ²¹⁸,
879 2995 989 3031 Beati
1014 3007 1173 3043 quorum
1202 2997 1378 3032 remissae

307 3053 393 3085 sunt
419 3049 625 3096 iniquitates
652 3053 686 3084 et
714 3060 872 3096 quorum
893 3053 986 3084 tecta
1003 3053 1087 3084 sunt
1099 3053 1268 3097 peccata.
1299 3048 1376 3085 Sed

309 3112 380 3150 per
392 3107 596 3150 peccatum
610 3101 771 3137 mortale
786 3112 952 3149 sequens
966 3099 1084 3148 gratia
1097 3099 1251 3137 tollitur.
1273 3101 1375 3148 Ergo

309 3161 466 3205 peccata
493 3165 593 3205 quae
620 3153 770 3191 fuerant
797 3153 904 3202 prius
927 3152 1148 3199 commissa,
1176 3161 1377 3190 remanent

310 3205 468 3244 detecta.
498 3207 547 3243 Et
574 3205 624 3243 ita
651 3206 804 3244 videtur
831 3206 939 3256 quod
967 3206 1134 3244 redeant.

169 2628 181 2646 1

92 2660 106 2691 ’.Ι
143 2659 230 2681 mxv,
239 2657 282 2676 1η

365 3327 394 3360 α)
408 3332 482 3362 post.
498 3343 518 3349 -
531 3336 583 3362 per
601 3329 642 3355 ΡΙ.
834 3340 837 3341 ’

366 3363 392 3398 β)
405 3365 544 3399 fraterna.
557 3379 577 3384 -
596 3365 629 3396 Ρς
648 3368 714 3391 ενῆα
732 3364 812 3399 (idest
829 3372 945 3398 superna
964 3364 994 3399 )1,
1009 3371 1117 3391 ‘summa
1136 3365 1228 3396 ceteri;
1247 3364 1282 3389 ita
1300 3364 1376 3389 etiam

313 3401 394 3427 altero
413 3401 482 3427 loco.

364 3434 392 3469 γ)
412 3443 504 3461 non.-
523 3442 571 3462 nec
587 3435 637 3469 pE,
656 3443 704 3462 nec
723 3443 775 3462 non
801 3437 888 3463 ceteri.
907 3451 926 3455 —
945 3436 1081 3469 opprimat
1099 3436 1173 3463 tertia
1198 3441 1300 3468 praeter
1319 3435 1376 3468 pG;

312 3472 482 3504 comprimat.

365 3506 392 3540 ὃ)
409 3507 564 3539 amplum.—
581 3507 649 3532 Ante
667 3514 720 3532 non
739 3512 841 3540 ponunt
859 3508 912 3539 ΑΒ,
930 3515 984 3533 om.
1005 3507 1044 3532 ΡΙ.

366 3541 390 3577 ε)
400 3542 554 3578 (ουσαν-νίς.
566 3556 587 3562 -
603 3542 757 3570 continetur
775 3543 795 3568 F
814 3548 840 3569 et
857 3543 942 3569 tertia.

454 3596 564 3621 Smuun
582 3595 685 3621 Tuum..
705 3596 736 3620 D.
755 3596 871 3622 ’raone
889 3596 922 3621 Τ.
941 3596 981 3621 ΙΧ.

1481 774 1681 811 Secundo:
1712 782 1844 811 utrum
1872 774 2002 823 aliquo
2022 776 2142 812 modo
2170 788 2239 824 per
2258 776 2489 824 ingratitudi-

1533 839 1625 863 nem
1654 827 1812 864 redeant
1831 827 2031 876 specialius
2061 829 2276 866 secundum
2298 831 2489 878 quaedam

1533 887 1700 928 peccata.

1480 932 1633 970 Tertio:
1664 941 1796 970 utrum
1825 934 1982 971 redeant
2011 934 2049 970 in
2078 934 2228 984 aequali
2256 943 2374 972 reatu.

1481 986 1652 1032 Quarto:
1683 994 1815 1023 utrum
1834 986 1896 1024 illa
1915 987 2145 1036 ingratitudo
2173 1000 2243 1037 per
2268 1001 2386 1038 quam
2407 990 2490 1026 red-

1535 1047 1638 1085 eunt,
1669 1039 1714 1076 sit
1742 1039 1904 1089 speciale
1932 1049 2146 1090 peccatum.

1123 1148 1443 1190 ARTICULUS
1474 1148 1680 1190 PRIMUS

694 1241 852 1274 UTRUM
875 1241 1084 1273 PECCATA
1107 1241 1280 1273 DIMISSA
1302 1242 1512 1273 REDEANT
1536 1243 1619 1273 PER
1643 1243 1840 1281 SEQUENS
1862 1243 2105 1276 PECCATUM

518 1322 578 1341 fs
914 1321 948 1346 tv
968 1321 1052 1351 Sent„
1072 1321 1131 1346 dist.
1149 1328 1210 1350 xxu,
1229 1328 1275 1353 qu.
1294 1327 1312 1351 1,
1331 1326 1380 1346 art.
1401 1327 1430 1352 ις
1451 1321 1482 1346 In
1502 1321 1612 1350 Matth„
1631 1329 1687 1355 cap.
1705 1329 1776 1352 xv111,
1795 1322 1821 1347 in
1839 1321 1883 1348 fin.

1480 1401 1554 1438 SED
1570 1413 1715 1438 CONTRA
1729 1413 1796 1438 EST
1815 1402 1923 1451 quod
1942 1403 2151 1451 Apostolus
2170 1403 2270 1450 dicit,
2289 1405 2400 1441 Rom.
2416 1405 2489 1442 xt*:
2518 1410 2529 1420 '
2544 1408 2611 1430 Vm·
2625 1414 2661 1437 ²9·

1410 1455 1514 1491 -Sine
1541 1456 1770 1502 poenitentia
1805 1461 1889 1492 sunt
1923 1456 2022 1493 dona
2049 1457 2124 1492 Dei
2156 1462 2189 1492 et
2216 1459 2370 1494 vocatio.
2415 1458 2492 1496 Sed

1425 1515 1583 1556 peccata
1600 1507 1829 1557 poenitentis
1857 1516 1946 1545 sunt
1965 1508 2123 1546 remissa
2150 1521 2220 1558 per
2238 1510 2388 1547 donum
2406 1511 2490 1547 Dei.

1426 1561 1529 1609 Ergo
1567 1573 1637 1610 per
1673 1569 1876 1610 peccatum
1913 1574 2080 1610 sequens
2121 1574 2202 1599 non
2239 1563 2401 1600 redeunt
2436 1563 2492 1600 di-

1426 1613 1543 1651 missa
1571 1622 1742 1663 peccata,
1773 1614 1883 1663 quasi
1911 1615 2018 1652 Deus
2047 1615 2094 1652 de
2122 1616 2228 1652 dono
2257 1615 2492 1653 remissionis

1426 1667 1632 1716 poeniteat.

1483 1732 1517 1757 2.
1548 1721 1790 1767 PRAETEREA,
1820 1720 2058 1769 Augustinus
2086 1721 2190 1767 dicit,
2227 1721 2267 1758 in
2295 1722 2391 1759 libro
2419 1724 2492 1760 Re-

1425 1775 1668 1823 sponsionum
1695 1775 1874 1823 Prosperi
1889 1773 1928 1810 ³⁶:
1965 1775 2039 1817 Qui
2066 1775 2200 1812 recedit
2227 1787 2251 1811 a
2283 1776 2428 1812 Christo
2461 1782 2494 1813 et

1427 1827 1609 1865 alienatus
1636 1840 1660 1864 a
1678 1830 1805 1877 gratia
1821 1826 1943 1875 finit*
1971 1829 2069 1865 hanc
2096 1830 2221 1874 vitam,
2243 1828 2331 1877 quid
2357 1830 2429 1865 nisi
2455 1831 2492 1866 in

1422 1881 1671 1930 perditionem
1698 1880 1828 1918 vadit?
1855 1881 1928 1918 Sed
1954 1893 2028 1917 non
2058 1883 2095 1917 in
2115 1882 2155 1918 id
2180 1881 2279 1930 quod
2304 1881 2493 1919 dimissum

1428 1939 1479 1970 est
1506 1934 1645 1979 recidit,
1675 1946 1743 1970 nec
1767 1946 1839 1983 pro
1867 1934 2049 1983 originali
2066 1940 2220 1982 peccato
2243 1935 2491 1972 damnabitur.

1482 1988 1707 2024 RESPONDEO
1727 1999 1909 2024 DICENDUM
1928 1987 2047 2036 quod,
2064 1987 2159 2024 sicut
2179 2000 2295 2037 supra
2307 1987 2328 2009 '¹‘
2347 1987 2492 2025 dictum

1429 2047 1495 2085 est,
1525 2039 1564 2076 in
1591 2047 1750 2088 peccato
1773 2040 1926 2077 mortali
1945 2048 2034 2077 sunt
2052 2041 2155 2077 duo:
2184 2040 2324 2078 scilicet
2342 2041 2492 2078 aversio

1429 2105 1451 2129 a
1478 2093 1576 2138 Deo,
1607 2100 1643 2129 et
1670 2092 1872 2130 conversio
1900 2093 1950 2130 ad
1978 2093 2129 2130 bonum
2157 2101 2339 2131 creatum.
2369 2094 2492 2141 Quid-

1429 2145 1524 2194 quid
1552 2153 1683 2182 autem
1716 2153 1771 2182 est
1798 2145 2008 2183 aversionis
2029 2152 2047 2173 η
2075 2146 2115 2182 in
2142 2154 2299 2195 peccato
2328 2147 2491 2194 mortali,

1429 2199 1647 2236 secundum
1671 2211 1710 2236 se
1738 2198 2035 2245 consideratum,
2065 2206 2120 2235 est
2139 2211 2348 2237 commune
2368 2200 2492 2237 omni-

1429 2252 1502 2289 bus
1529 2251 1693 2301 peccatis
1712 2251 1952 2288 mortalibus:
1983 2251 2075 2300 quia
2101 2264 2172 2301 per
2189 2252 2387 2301 quodlibet
2405 2265 2492 2302 pec-

1430 2314 1560 2343 catum
1588 2306 1748 2342 mortale
1777 2305 1898 2341 homo
1928 2304 2109 2342 avertitur
2136 2317 2159 2342 a
2186 2306 2282 2342 Deo.
2315 2306 2427 2343 Unde
2456 2313 2493 2343 et

1428 2371 1499 2408 per
1517 2370 1760 2406 consequens
1780 2359 1943 2404 macula,
1960 2370 2059 2407 quae
2080 2365 2135 2395 est
2153 2370 2223 2407 per
2236 2358 2492 2407 privationem

1428 2411 1581 2459 gratiae.
1597 2418 1633 2448 et
1648 2418 1774 2448 reatus
1793 2423 1943 2459 poenae
1963 2418 2151 2457 aeternae,
2166 2411 2391 2448 communia
2405 2419 2494 2448 sunt

1431 2464 1614 2502 omnibus
1642 2463 1804 2513 peccatis
1832 2463 2069 2501 mortalibus.
2099 2465 2147 2501 Et
2174 2464 2390 2501 secundum
2418 2466 2494 2502 hoc

1430 2517 1648 2565 intelligitur
1674 2517 1713 2554 id
1741 2516 1848 2566 quod
1876 2516 2014 2554 dicitur
2040 2518 2111 2554 Iac.
2133 2529 2154 2554 11
2172 2517 2210 2553 ³⁶:
2246 2519 2320 2560 Qui
2341 2517 2494 2566 offendit

1430 2573 1468 2608 in
1497 2583 1593 2617 uno,
1619 2571 1748 2618 factus
1776 2575 1827 2606 est
1861 2571 2028 2607 omnium
2056 2582 2151 2607 reus.
2196 2570 2273 2608 Sed
2310 2582 2356 2607 ex
2387 2578 2494 2619 parte

1430 2623 1715 2670 conversionis,
1750 2630 1906 2672 peccata
1934 2622 2109 2660 mortalia
2137 2630 2226 2659 sunt
2254 2622 2424 2669 diversa,
2459 2631 2494 2660 et

1430 2677 1627 2714 interdurn
1655 2675 1855 2713 contraria.

1483 2730 1596 2768 Unde
1625 2729 1872 2767 manifestum
1901 2736 1956 2766 est
1990 2729 2097 2778 quod
2126 2741 2173 2766 ex
2200 2737 2306 2778 parte
2334 2742 2494 2766 conver-

1430 2783 1549 2821 sionis
1577 2790 1779 2832 peccatum
1803 2783 1964 2819 mortale
1984 2794 2149 2831 sequens
2169 2794 2248 2819 non
2267 2782 2353 2819 facit
2372 2783 2493 2819 redire

1429 2843 1586 2886 peccata
1613 2835 1789 2873 mortalia
1815 2835 1922 2884 prius
1950 2835 2102 2873 abolita.
2145 2835 2327 2884 Alioquin
2359 2848 2493 2884 seque-

1429 2897 1534 2926 retur
1571 2889 1679 2938 quod
1716 2889 1837 2925 homo
1878 2900 1948 2938 per
1983 2896 2185 2938 peccatum
2225 2888 2494 2938 prodigalitatis

1430 2943 1678 2979 reduceretur
1713 2941 1752 2978 in
1781 2941 1957 2978 habitum
1984 2943 2046 2978 vel
2079 2940 2370 2991 dispositionem
2405 2954 2492 2978 ava-

1430 2994 1535 3032 ritiae
1554 2994 1660 3043 prius
1679 2994 1860 3031 abolitae:
1882 3002 1918 3031 et
1937 2994 1991 3031 sic
2009 2995 2244 3032 contrarium
2263 3002 2360 3030 esset
2378 3006 2493 3031 causa

1430 3047 1489 3085 sui
1517 3047 1715 3094 contrarii,
1749 3047 1857 3096 quod
1885 3055 1940 3084 est
1967 3047 2213 3097 impossibile.
2243 3070 2268 3073 —
2298 3047 2372 3084 Sed
2402 3059 2492 3084 con⁶

1430 3100 1636 3137 siderando
1665 3100 1705 3136 in
1731 3100 1896 3149 peccatis
1924 3100 2150 3137 mortalibus
2178 3100 2215 3137 id
2237 3100 2344 3149 quod
2364 3108 2419 3136 est
2446 3112 2492 3137 ex

1429 3161 1536 3203 parte
1563 3153 1775 3190 aversionis
1803 3153 1987 3200 absolute,
2016 3165 2086 3203 per
2112 3161 2313 3203 peccatum
2332 3154 2492 3190 mortale

1430 3218 1597 3256 sequens
1611 3204 1624 3227 ⁰
1653 3206 1775 3243 homo
1794 3206 1968 3256 privatur
1984 3206 2102 3254 gratia
2122 3214 2157 3244 et
2175 3205 2218 3243 fit
2236 3218 2324 3242 reus
2342 3217 2492 3255 poenae

1482 3327 1509 3362 ζ)
1520 3329 1595 3361 finit.
1607 3342 1627 3347 --
1639 3329 1673 3358 P;
1687 3328 1761 3354 vivit.
1772 3342 1792 3347 -
1803 3328 1869 3361 quid
1881 3328 1933 3353 nisi
1945 3328 1991 3359 1²1;
2005 3328 2078 3361 quod
2088 3328 2178 3361 EpGH
2193 3333 2217 3353 et
2230 3329 2253 3358 b,
2266 3328 2332 3360 quid
2345 3328 2372 3359 F,
2386 3329 2491 3360 quidem

1430 3364 1517 3390 ceteri.
1528 3378 1547 3383 -
1558 3364 1635 3389 vadit
1647 3364 1753 3393 PFIsG;
1772 3364 1844 3389 venit
1857 3364 1880 3394 b.
1893 3363 1959 3389 vivit
1971 3364 2057 3389 ceteri.
2066 3378 2086 3383 -
2096 3371 2147 3395 pro
2161 3363 2291 3396 originali
2303 3364 2321 3388 Ρ
2328 3370 2335 3393 ;
2355 3364 2492 3396 originali.

1482 3398 1510 3433 η)
1528 3399 1686 3426 aversionis.
1697 3413 1717 3418 —
1734 3406 1772 3424 ex
1786 3402 1868 3432 parte
1885 3399 2034 3425 aversionis
2052 3399 2134 3424 tertia.

1482 3433 1507 3469 θ)
1525 3443 1579 3468 per
1594 3438 1732 3467 peccatum
1753 3436 1866 3461 mortale
1883 3442 2002 3467 sequens.
2019 3449 2039 3452 —
2052 3438 2191 3467 peccatum
2211 3432 2277 3466 (per
2296 3436 2433 3466 peccatum
2453 3435 2492 3459 sG

1431 3475 1456 3495 et
1474 3469 1612 3505 editiones)
1632 3471 1745 3496 mortale
1762 3477 1872 3503 sequens
1890 3470 1993 3495 reducit
2007 3469 2089 3503 (redit
2102 3469 2139 3494 sG
2153 3474 2178 3493 et
2191 3468 2327 3503 editiones)
2341 3469 2408 3494 illud
2421 3470 2493 3502 quod

1424 3506 1521 3539 fuerat
1533 3506 1559 3531 in
1569 3506 1708 3538 prioribus
1722 3506 1840 3538 peccatis
1851 3508 1915 3530 ante
1928 3505 2107 3530 dimissionem
2122 3505 2277 3536 inquantum
2292 3512 2346 3536 per
2353 3508 2490 3536 peccatum

1431 3542 1544 3567 mortale
1562 3548 1673 3574 sequens
1691 3541 1772 3566 tertia.

2316 3601 2345 3625 4¹

2520 1782 2530 1791 '¹
2553 1780 2589 1801 Ad
2614 1780 2699 1802 obiect.
2721 1786 2733 1802 2

2521 1807 2631 1834 (intel-Op

2634 1813 2656 1834 p·
2664 1808 2732 1838 Apa.)

2665 1839 2688 1854 ul
2699 1839 2734 1854 Te-

2521 1845 2531 1849 -
2539 1833 2575 1855 Cf.
2584 1839 2634 1855 can.
2643 1833 2663 1860 Q

2520 1860 2589 1887 cedit,
2596 1859 2626 1881 de
2634 1859 2731 1887 Poenit„

2521 1886 2575 1908 dist.
2589 1887 2629 1908 IV.

2616 1914 2631 1943 ζ

2519 1993 2530 2002 ·
2537 1991 2584 2019 Qu.
2591 1997 2683 2018 mxxvi,
2690 1995 2732 2013 art.

2519 2025 2548 2045 4;
2571 2018 2594 2039 1²²
2612 2018 2670 2043 11⁸⁶,
2691 2024 2730 2046 qu.

2519 2050 2620 2072 mxxvii,
2638 2048 2680 2066 art.
2695 2052 2718 2071 4.

2615 2156 2631 2179 ⁷1

2520 2521 2530 2531 ·
2545 2520 2611 2542 Vers.
2628 2527 2663 2543 ιο.
2725 2516 2727 2518 ’
