2918 4088
87 918 180 949 svm.
197 925 232 949 2⁶.

43 1237 234 1262 '‘umut-

996 189 1364 247 QUAESTIONES
1392 188 1462 226 DE
1492 187 1858 227 CONFESSIONE

393 264 446 295 Ad
468 265 643 296 secundam
665 276 742 298 vero
766 267 882 298 dicitur
905 267 1004 308 quod,
1029 269 1104 308 quia
1128 277 1226 298 omne
1244 267 1400 298 iudicium

335 309 461 340 homini
485 311 694 342 commissum
712 311 897 352 intelligitur
913 312 952 343 de
972 313 1124 352 cognitis;
1150 317 1181 342 et
1197 311 1342 342 diversus'
1354 316 1401 341 est

335 353 498 384 institutus
521 364 540 384 a
562 355 634 385 Deo
657 355 774 386 modus
798 356 1016 396 cognoscendi
1042 357 1075 386 in
1098 361 1238 395 utroque
1260 355 1398 386 iudicio:

334 396 410 427 ideo
434 407 472 428 ex
495 398 682 430 huiusmodi
705 400 847 430 instituta
870 400 1048 431 diversitate
1071 399 1161 430 modi
1183 398 1400 439 cognoscendi

334 443 483 482 provenit
506 442 667 474 diversitas
689 445 767 481 ista,
798 444 918 475 scilicet
940 443 1030 484 quod
1052 444 1208 474 iudicium
1230 443 1400 483 poeniten-

334 485 408 516 tiale
433 486 573 517 extendit
588 497 622 518 se
645 487 685 518 ad
701 489 836 519 omnino
853 488 980 519 occulta
994 493 1135 528 peccata,
1152 487 1307 518 iudicium
1322 496 1399 517 vero

334 529 560 561 iurisdictionis
583 541 683 572 purae
711 532 852 563 extendit
874 542 908 562 se
938 532 978 562 ad
1001 537 1130 562 externa
1156 537 1290 562 tantum.
1323 530 1398 561 Ideo

333 583 402 604 non
418 580 465 604 est
479 575 622 606 miranda
638 575 801 616 disparitas
816 577 983 616 utriusque
994 576 1160 616 potestatis
1178 576 1211 605 in
1223 574 1365 605 homine.
1377 592 1398 598 -

334 617 435 656 Quod
458 620 543 649 enim
567 619 723 650 iudicium
747 629 845 651 omne
869 621 1079 650 commissum
1094 619 1220 650 homini
1236 629 1254 649 a
1270 619 1398 649 Christo

333 662 526 703 intelligatur
549 673 624 694 cum
647 664 833 704 cognitione
856 673 980 700 causae,
1003 664 1195 703 probatione
1217 671 1286 693 non
1309 668 1396 703 eget:

333 716 409 737 cum
431 716 499 738 non
516 708 556 737 sit
578 707 760 748 delegatum
774 717 894 748 purum
909 707 1132 743 ministerium,
1155 706 1212 737 sed
1228 708 1399 737 commissa

333 751 372 781 sit
395 752 567 782 auctoritas
593 751 755 789 iudicandi
785 751 977 782 remittendo
999 751 1051 781 vel
1081 750 1249 781 retinendo
1262 774 1270 787 ,
1293 751 1398 781 absol-

332 794 438 825 vendo
462 795 514 826 vel
535 795 675 835 ligando.
698 813 722 818 —
745 795 845 833 Quod
867 796 963 826 etiam
985 795 1126 826 diversus
1141 794 1260 825 modus
1276 804 1398 834 cogno-

332 838 441 869 scendi
463 839 504 869 sit
526 840 698 879 utrobique
721 850 740 870 a
763 839 891 870 Christo
910 840 1083 875 institutus,
1107 844 1203 879 patet.
1227 839 1311 869 Nam
1326 848 1398 869 mo-

331 881 391 913 dus
414 882 632 923 cognoscendi
654 884 688 914 in
703 888 860 923 potestate
875 883 1102 914 iurisdictionis
1122 889 1168 914 est
1183 883 1325 923 cognitio
1341 893 1398 923 per

329 931 440 957 testes:
465 932 502 957 ut
523 933 611 967 patet
634 927 746 958 Matth.
763 937 839 957 xvm
853 928 880 957 ἦ
905 927 1024 958 Modus
1047 933 1156 958 autem
1179 927 1398 967 cognoscendi

329 970 364 1001 in
386 970 506 1001 iudicio
535 972 701 1011 potestatis
729 971 850 1002 ordinis
880 977 927 1002 est
955 977 1134 1012 spontanea
1164 971 1324 1002 confessio
1349 981 1397 1002 se—

330 1019 425 1051 creta,
450 1019 528 1046 etc.:
555 1021 592 1046 ut
606 1015 806 1046 universalis
835 1015 980 1046 Ecclesia
1006 1021 1147 1046 testatur.
1170 1034 1194 1038 -
1216 1016 1316 1054 Quod
1343 1016 1397 1047 de-

328 1067 422 1089 mum
444 1068 483 1089 ex
505 1059 565 1090 hac
589 1059 767 1090 diversitate
789 1059 880 1090 modi
903 1060 1121 1100 cognoscendi
1147 1061 1315 1100 proveniat
1337 1060 1397 1090 dif—

329 1101 463 1134 ferentia
484 1102 568 1134 dicta
590 1104 674 1134 inter
694 1105 859 1134 materiam
883 1109 915 1135 et
936 1105 1112 1140 materiam,
1137 1114 1175 1135 ex
1191 1114 1286 1145 supra
1306 1104 1396 1135 dictis

329 1146 414 1178 clare
428 1153 525 1188 patet.
550 1147 716 1186 Quoniam
731 1158 770 1179 ex
789 1149 852 1179 hoc
868 1148 959 1188 quod
973 1154 1143 1189 peccatum
1159 1154 1337 1189 spontanea
1351 1150 1397 1180 rei

329 1190 534 1222 confessione
557 1192 776 1223 accusandum
796 1198 843 1223 est
861 1194 994 1223 materia
1015 1193 1126 1223 iudicii
1148 1193 1396 1233 poenitentialis,

329 1235 523 1266 conclusum
545 1241 592 1267 est
607 1237 624 1254 ”
647 1237 707 1267 sub
730 1237 790 1268 hac
812 1238 944 1268 materia
974 1237 1205 1277 comprehendi
1227 1243 1396 1277 peccatum

329 1278 434 1310 cordis
455 1285 756 1321 quantumcumque
780 1281 1044 1312 occultissimum.
1068 1281 1110 1311 Et
1124 1291 1182 1321 per
1197 1282 1395 1321 oppositum,

329 1324 727 1365 quia1-solffl-peccatum
750 1324 946 1356 testificabile
969 1331 1017 1356 est
1039 1326 1170 1356 materia
1185 1325 1295 1356 iudicii
1311 1331 1395 1356 exte—

303 1364 528 1404 ffionffideo
551 1374 684 1409 peccata
698 1370 732 1400 in
747 1369 931 1400 soloacorde
946 1370 1109 1400 manentia
1132 1375 1279 1410 exempta
1294 1379 1396 1400 rema-

57 1870 148 1919 '⁷‘OE
161 1894 272 1913 nnn-u.

53 2015 264 2047 '‘'OEnmz

48 2714 51 2770 j
81 2730 271 2755 ·ot.mm.21.

62 3098 63 3103 κ
81 3082 95 3121 ⁸,
115 3081 153 3107 α’.
165 3089 233 3108 unm.
247 3089 299 3107 vni.

328 1417 407 1443 nent
429 1422 448 1443 a
469 1414 600 1444 materia
618 1413 848 1444 ecclesiasticae
862 1413 1099 1444 iurisdictionis.

2439 191 2513 240 349

1509 266 1596 298 Cum
1619 276 1695 307 ergo
1726 268 1874 298 obiicitur
1904 270 2163 310 unumquodque
2191 272 2288 312 recipi
2311 273 2343 302 in
2368 272 2430 303 alio
2457 282 2515 312 per

1453 310 1589 341 modum
1604 311 1800 351 recipientis:
1826 312 2017 343 admittatur.
2042 314 2083 343 Et
2098 324 2172 344 cum
2189 315 2331 351 infertur,
2354 317 2448 358 Ergo
2465 318 2513 347 iu-

1451 355 1571 385 dicium
1593 355 1768 385 secundum
1792 361 1985 395 potestatem
2009 357 2133 388 ordinis
2163 360 2366 390 commissum
2391 361 2515 391 homini

1451 398 1658 439 modificatur
1679 400 1854 430 secundum
1881 401 2097 431 conditionem
2124 402 2284 433 hominis:
2317 404 2512 441 conceditur,

1451 442 1626 474 formaliter
1655 443 1843 483 loquendo;
1875 445 2030 483 quoniam
2060 445 2186 476 nullum
2217 452 2323 477 actum
2354 450 2515 479 commisit

1452 487 1596 518 Christus
1619 488 1764 518 ministro
1781 489 1968 518 sacramenti
1984 490 2199 528 poenitentiae
2215 492 2271 529 qui
2286 500 2354 521 non
2370 501 2514 523 exercea-

1451 536 1503 561 tur
1532 532 1571 561 ab
1595 531 1712 562 eodem
1744 531 1923 562 secundum
1954 532 2175 563 conditionem
2198 534 2353 570 hominis;
2385 545 2459 566 nam
2483 542 2514 567 et

1451 575 1560 606 audire
1583 581 1724 615 peccata,
1749 581 1780 606 et
1803 576 1980 606 discernere
2003 577 2084 607 inter
2108 587 2160 613 ea,
2186 584 2217 608 et
2239 579 2431 618 interrogare
2456 581 2514 610 cir-

1451 620 1656 650 cumstantias
1678 620 1802 659 peccati
1825 626 1856 650 et
1871 621 2058 659 peccatoris,
2076 626 2107 651 et
2122 622 2256 652 retinere
2271 631 2329 652 seu
2344 624 2512 659 remittere,

1451 662 1526 693 facit
1547 664 1692 694 humano
1712 673 1814 699 more,
1831 663 1953 694 utendo
1970 664 2075 695 divina
2091 671 2258 705 potestate.
2283 666 2323 696 Et
2338 666 2422 702 ideo,
2440 677 2514 698 cum

1450 707 1582 739 ulterius
1597 708 1741 744 infertur,
1764 708 1858 749 Ergo
1875 718 1940 739 non
1956 718 1991 738 se
2005 709 2150 740 extendit
2163 709 2207 739 ad
2222 711 2358 745 occulta,
2382 717 2515 751 negatur

1450 750 1567 781 illatio:
1596 753 1752 792 quoniam
1780 752 1908 782 aliunde
1931 754 2080 792 provenit
2103 753 2193 793 quod
2215 753 2371 784 iudicium
2394 755 2457 785 hoc
2481 765 2513 785 se

1450 795 1599 826 extendat
1614 795 1655 826 ad
1670 796 1808 826 occulta.
1821 797 1972 827 Provenit
1988 798 2074 827 enim
2092 807 2129 827 ex
2145 798 2245 828 modo
2262 799 2430 829 accusandi
2447 808 2513 839 quo

1450 848 1522 869 reus
1537 845 1664 870 tenetur
1675 849 1708 870 se
1721 850 1878 877 accusare,
1892 841 2012 871 scilicet
2026 848 2203 881 spontanea
2219 842 2430 879 confessione,
2442 849 2512 873 etc.:

1451 889 1482 913 et
1495 883 1560 914 hoc
1577 885 1652 924 quia
1665 884 1810 915 Christus
1826 885 1871 915 sic
1886 885 2031 916 instituit.
2045 885 2251 926 Cognoscere
2267 892 2374 917 autem
2390 892 2421 917 et
2432 887 2514 918 iudi-

1450 937 1521 958 care
1537 927 1578 958 de
1593 929 1817 959 occultissimis
1839 935 2017 969 spontanea
2040 930 2243 961 confessione
2267 932 2430 967 accusatis,
2445 941 2514 962 non

1451 972 1574 1002 excedit
1607 972 1743 1003 modum
1778 973 1973 1004 conditionis
2007 974 2166 1005 humanae
2204 976 2323 1005 utentis
2355 981 2513 1015 potestate

1450 1016 1567 1047 divina.

1508 1061 1602 1092 Unde
1626 1060 1666 1091 ad
1689 1061 1967 1093 confirmationem
1991 1072 2029 1093 ex
2052 1063 2147 1093 simili
2161 1064 2285 1094 ratione
2307 1064 2341 1094 in
2356 1069 2512 1104 potestate

1448 1105 1685 1141 iurisdictionis,
1699 1105 1867 1146 dupliciter
1883 1106 1944 1137 dici
1961 1112 2076 1147 potest,
2089 1113 2125 1137 ut
2136 1113 2223 1147 patet
2235 1117 2273 1138 ex
2285 1107 2376 1138 dictis
2385 1109 2412 1143 *‚
2424 1108 2513 1148 quod

1449 1159 1517 1179 non
1533 1155 1581 1180 est
1595 1150 1705 1180 similis
1721 1150 1800 1180 ratio
1817 1149 1857 1180 de
1872 1151 2038 1191 utriusque
2054 1153 2219 1191 potestatis
2237 1152 2369 1182 iudicio.
2392 1152 2510 1189 Primo,

1450 1194 1526 1233 quia
1547 1193 1664 1224 modus
1688 1194 1906 1234 cognoscendi
1929 1196 1962 1225 in
1985 1201 2124 1235 utroque
2139 1195 2259 1226 iudicio
2283 1202 2330 1226 est
2353 1206 2391 1226 ex
2407 1196 2512 1227 divina

1448 1237 1648 1269 institutione
1671 1238 1823 1268 diversus.
1845 1257 1869 1261 -
1892 1238 2041 1270 Secundo
2054 1263 2061 1275 ‚
2087 1241 2162 1280 quia
2184 1241 2252 1280 ipse
2275 1240 2435 1271 Dominus
2459 1250 2511 1271 ex-

1448 1283 1561 1321 pressit
1584 1281 1796 1313 diversimode
1822 1283 1989 1323 utriusque
2011 1285 2193 1314 materiam:
2225 1284 2303 1315 dum
2325 1285 2421 1315 unius
2443 1294 2511 1315 ma-

1449 1326 1562 1356 teriam
1585 1326 1662 1357 dixit
1685 1332 1831 1366 peccata‚
1862 1328 1983 1367 absque
2013 1327 2203 1359 limitatione
2232 1329 2352 1368 aliqua;
2385 1329 2512 1359 alterius

1448 1379 1525 1400 vero
1549 1369 1627 1400 dixit
1644 1376 1813 1411 peccatum
1830 1370 1863 1401 in
1879 1371 1991 1407 alium,
2006 1371 2173 1402 limitando
2197 1379 2366 1412 peccatum
2382 1372 2422 1403 ad
2437 1382 2512 1413 pec-

1449 1419 1558 1444 catum
1581 1415 1615 1445 in
1638 1414 1748 1445 alium.

1116 1567 1451 1617 QUAESITUM
1480 1568 1726 1611 TERTIUM

939 1661 1097 1693 UTRUM
1122 1661 1359 1692 OPORTEAT
1383 1661 1618 1693 CONFITERI
1643 1663 1686 1693 IN
1710 1663 1902 1695 SPECIALI

786 1704 998 1736 SINGULAS
1021 1705 1194 1738 SPECIES
1217 1706 1275 1736 ET
1298 1706 1521 1738 NUMERUM
1545 1706 1730 1739 CERTUM
1751 1708 2054 1740 PECCATORUM

392 1810 466 1832 raca
497 1801 663 1832 materiam
693 1809 801 1832 rursus
828 1801 1056 1838 confessionis,
1089 1803 1252 1842 quaeritur
1283 1803 1394 1833 tertio:

329 1811 510 1876 CUtrum
538 1850 688 1886 oporteat
714 1845 862 1876 confiteri
884 1847 918 1876 in
947 1846 1078 1886 speciali
1104 1847 1243 1887 singulas
1273 1847 1396 1887 species

326 1894 359 1921 et
373 1898 548 1921 numerum
563 1894 687 1921 certum
702 1895 922 1930 peccatorum.
945 1890 987 1921 Et
1002 1896 1049 1921 est
1063 1892 1144 1921 ratio
1161 1890 1251 1921 dubii
1266 1892 1293 1927 ἡ
1313 1900 1395 1931 quo-

324 1934 414 1965 niam
435 1943 509 1974 pars
531 1933 718 1965 affirmativa
741 1935 907 1965 communi
931 1935 1119 1966 auctoritate
1148 1935 1320 1966 doctorum
1343 1935 1396 1966 fir-

325 1983 412 2013 mata
432 1978 568 2009 videtur.

381 2022 424 2054 Et
445 2022 570 2054 ratione
592 2023 822 2063 comprobatur
837 2023 864 2053 *.
888 2022 977 2054 Tum
999 2024 1075 2063 quia
1090 2023 1327 2054 circumstantia
1341 2034 1395 2054 va-

325 2067 410 2098 rians
432 2067 574 2108 speciem
597 2068 721 2108 peccati
743 2067 886 2098 mortalis
918 2073 965 2098 est
990 2068 1170 2098 necessario
1201 2067 1394 2099 confitenda.

316 2111 413 2152 ‚Ergo
436 2121 454 2142 a
477 2110 601 2142 fortiori
625 2111 786 2151 quaelibet
809 2112 931 2151 species
953 2112 1096 2142 mortalis
1118 2113 1243 2152 peccati
1272 2118 1319 2142 est
1342 2122 1394 2152 ex-

314 2155 503 2197 [primenda.
526 2173 550 2178 -
572 2155 614 2186 Et
636 2155 780 2186 similiter
802 2165 957 2186 numerus
980 2161 1199 2196 peccatorum,
1227 2166 1303 2187 cum
1325 2166 1394 2188 non

325 2199 366 2231 sit
388 2200 626 2231 circumstantia
640 2200 774 2240 peccati,
799 2199 855 2230 sed
869 2200 1095 2240 multiplicatio
1113 2200 1266 2237 eiusdem,
1283 2210 1394 2231 neces-

325 2244 409 2276 sario
425 2249 472 2275 est
487 2243 724 2284 exprimendus,
746 2249 845 2284 prout
860 2245 1036 2275 memoriae
1052 2245 1208 2275 occurrit:
1234 2254 1310 2275 cum
1325 2254 1392 2276 non

323 2289 427 2328 magis
449 2293 595 2319 teneatur
617 2288 787 2328 poenitens
810 2298 959 2319 accusare
974 2298 1009 2319 se
1031 2288 1071 2319 de
1087 2288 1215 2319 decimo
1239 2298 1338 2329 quam
1353 2289 1394 2320 de

324 2331 626 2364 vicesimosecundo
649 2338 795 2373 peccam,
818 2333 870 2363 vel
893 2342 911 2363 e
935 2342 1102 2364 converso.

378 2377 421 2408 Et
437 2376 655 2409 confirmatur.
667 2376 754 2414 Quia
769 2378 874 2407 sinon
891 2386 1004 2408 omnes
1020 2378 1142 2418 species
1158 2382 1190 2408 et
1205 2378 1314 2408 omnia
1329 2378 1393 2408 sin-

324 2420 447 2462 gularia
468 2420 597 2461 op'ortet
619 2421 806 2461 exprimere,
823 2431 1026 2461 consequens
1049 2427 1096 2452 est
1115 2421 1206 2462 quod
1220 2427 1276 2452 aut
1289 2422 1392 2452 nullas

325 2465 449 2506 species
470 2465 625 2505 nullaque
648 2465 828 2506 singularia,
852 2470 907 2496 aut
930 2465 1085 2506 quasdam
1103 2467 1226 2506 species
1247 2471 1278 2497 et
1295 2476 1392 2506 quae-

326 2508 400 2541 dam
423 2509 594 2549 singularia
616 2509 671 2545 sic,
696 2515 727 2540 et
750 2509 904 2550 quasdam
927 2520 964 2540 ac
987 2510 1145 2550 quaedam
1159 2520 1238 2546 non,
1262 2520 1391 2541 necesse

327 2558 374 2584 est
397 2553 556 2593 explicari.
580 2553 631 2590 Et,
649 2563 724 2584 cum
743 2563 812 2584 non
826 2554 928 2594 possit
951 2554 1098 2585 affirmari
1119 2555 1271 2595 primum,
1295 2564 1392 2595 opor-

325 2602 371 2628 tet
394 2597 526 2628 reddere
549 2598 706 2628 rationem
731 2607 828 2638 quare
845 2598 1004 2638 quaedam
1020 2599 1065 2629 sic
1089 2604 1120 2629 et
1138 2598 1296 2639 quaedam
1312 2609 1390 2630 non.

381 2641 470 2672 Tum
482 2642 558 2682 quia
572 2642 743 2682 poenitens
758 2647 885 2673 tenetur
901 2643 1058 2683 explicare
1073 2643 1184 2674 omnia
1199 2652 1281 2683 quae
1294 2652 1391 2683 opor-

325 2691 371 2717 tet
394 2687 548 2726 cognosci
575 2696 593 2716 a
616 2686 799 2718 confessore
829 2686 869 2717 ad
891 2687 954 2717 hoc
983 2692 1020 2717 ut
1049 2687 1151 2727 possit
1179 2697 1239 2718 suo
1263 2688 1390 2719 arbitrio

326 2729 504 2770 adaequare
515 2739 656 2770 poenam
672 2730 786 2770 culpae
797 2731 828 2761 ἐ
843 2731 998 2771 quoniam
1013 2730 1199 2762 confitendo
1214 2731 1294 2762 nihil
1305 2731 1392 2762 aliud

324 2774 401 2805 facit
423 2775 592 2814 poenitens
616 2784 715 2814 quarn
738 2774 828 2815 quod
851 2775 1007 2806 submittit
1029 2785 1062 2806 se
1085 2775 1242 2806 sacerdoti
1263 2775 1297 2806 in
1320 2785 1391 2815 per-

324 2828 406 2850 sona
417 2818 536 2849 Christi
551 2818 591 2849 ad
602 2818 915 2859 recompensandum
927 2818 1107 2850 secundum
1118 2819 1203 2851 illius
1216 2819 1390 2850 arbitrium.

324 2862 390 2895 Sed
411 2862 578 2894 confessor
600 2872 668 2893 non
690 2869 800 2903 posset
823 2863 964 2894 arbitrari
987 2862 1027 2893 de
1049 2863 1240 2904 aequalitate
1265 2858 1410 2894 recem-²

325 2908 523 2948 pensationis
545 2907 606 2937 nisi
629 2913 838 2947 cognosceret
859 2907 1071 2939 diversitatem
1087 2907 1291 2944 offensarum,
1308 2917 1390 2948 quae

325 2951 360 2982 in
382 2950 562 2982 diversitate
577 2950 726 2991 specifica
742 2952 900 2988 consistit;
925 2957 957 2982 et
975 2961 1148 2982 numerum
1171 2957 1389 2992 peccatorum,

326 2996 483 3036 quoniam
504 3005 714 3036 recompensa
737 2995 919 3036 adaequans
942 3002 1074 3026 centum
1094 2995 1231 3027 offensas
1253 3005 1321 3027 non
1336 2996 1390 3027 ad-

326 3046 442 3080 aequat
464 3040 562 3076 mille,
587 3045 618 3070 et
641 3040 686 3070 sic
709 3039 749 3070 de
773 3040 850 3070 aliis.
874 3040 970 3080 Ergo.

381 3084 419 3115 11.
441 3084 504 3115 Pro
520 3089 609 3124 parte
625 3090 733 3115 autem
748 3085 894 3124 negativa
909 3085 925 3101 ³
946 3083 1070 3115 videtur
1085 3094 1154 3115 esse
1169 3094 1246 3115 usus
1261 3085 1389 3115 maioris

325 3127 408 3160 forte
430 3129 527 3169 partis
551 3127 773 3159 confessorum
797 3138 833 3159 ac
851 3129 1098 3169 poenitentium,
1122 3138 1190 3159 non
1209 3129 1389 3161 curantium

325 3171 366 3204 de
388 3172 576 3204 huiusmodi
599 3173 707 3203 subtili
729 3172 937 3203 discussione.

381 3216 423 3248 Et
445 3216 652 3248 confirmatur
674 3217 807 3248 ratione.
841 3217 927 3255 Quia
952 3216 1137 3248 huiusmodi
1164 3216 1318 3248 discussio
1342 3222 1390 3248 est

325 3260 471 3298 molesta,
493 3261 624 3298 inutilis,
649 3266 745 3302 atque
767 3261 908 3292 melioris
932 3262 1010 3292 boni
1033 3261 1227 3302 impeditiva.
1255 3262 1296 3292 Et
1318 3271 1389 3292 mo-

325 3305 416 3336 lestia
438 3304 570 3346 quidem
589 3306 662 3337 satis
677 3311 765 3346 patet
780 3306 926 3346 expertis.
949 3324 973 3328 —
995 3305 1095 3343 Quod
1109 3315 1186 3336 vero
1203 3307 1242 3336 sit
1257 3306 1386 3342 inutilis,

325 3358 365 3380 ex
389 3358 428 3380 eo
451 3355 539 3390 patet
562 3349 652 3390 quod
673 3355 739 3380 tam
762 3359 838 3381 cum
860 3350 1047 3381 huiusmodi
1066 3350 1273 3387 discussione,
1290 3359 1388 3390 quam

326 3393 395 3424 sine
417 3402 472 3430 ea,
495 3394 734 3435 poenitentibus
763 3394 949 3435 providetur
972 3394 1088 3425 eodem
1110 3394 1220 3425 modo.
1243 3412 1267 3417 -
1289 3394 1389 3432 Quod

326 3442 435 3468 autem
466 3438 507 3468 sit
534 3438 720 3478 impeditiva
749 3439 878 3469 maioris
905 3439 1000 3475 boni,
1027 3444 1158 3469 testatur
1185 3439 1388 3479 experientia.

325 3481 492 3520 Quoniam
515 3487 546 3513 et
565 3482 764 3514 confessores
780 3483 863 3514 circa
878 3483 1062 3514 huiusmodi
1078 3483 1310 3514 discussionem
1326 3483 1388 3514 sol-

1447 1803 1526 1834 liciti
1540 1803 1760 1844 impediuntur
1776 1814 1794 1834 a
1808 1804 1986 1835 multorum
2002 1804 2226 1836 confitentium
2242 1806 2412 1843 audientia,
2434 1807 2512 1838 dum

1448 1847 1530 1878 forte
1553 1853 1659 1878 totum
1682 1853 1810 1888 tempus
1833 1855 2030 1879 consumunt
2053 1850 2135 1880 circa
2150 1860 2263 1880 unum.
2287 1851 2329 1881 Et
2343 1852 2511 1891 poeniten-

1447 1897 1494 1922 tes
1517 1893 1624 1923 minus
1648 1892 1763 1923 devote
1788 1892 1982 1924 confitentur
2007 1894 2160 1937 implicati
2183 1894 2369 1926 huiusmodi
2392 1895 2511 1926 discus-

1447 1936 1602 1967 sionibus.

1503 1980 1554 2011 111.
1578 1980 1630 2011 Ad
1645 1981 1741 2011 huius
1761 1982 1958 2021 quaestionis
1981 1981 2183 2019 evidentiam,
2208 1982 2374 2014 sciendum
2390 1990 2437 2014 est
2452 1984 2510 2015 du-

1447 2024 1521 2064 plex
1544 2034 1612 2056 esse
1635 2025 1807 2056 iudicium:
1833 2026 1997 2066 quoddam
2014 2032 2061 2056 est
2084 2027 2175 2058 cuius
2198 2033 2287 2058 actus
2311 2033 2358 2058 est
2378 2034 2510 2069 propter

1447 2070 1589 2108 seipsum
1612 2070 1769 2106 intentus;
1797 2070 1962 2110 quoddam
1984 2080 2060 2101 vero
2084 2072 2175 2102 cuius
2198 2077 2287 2102 actus
2310 2077 2358 2102 est
2379 2078 2511 2112 propter

1447 2112 1544 2143 aliud.
1579 2112 1631 2143 Ad
1653 2114 1795 2153 primum
1817 2113 1989 2150 iudicium,
2017 2115 2094 2154 quia
2115 2121 2237 2155 spectat
2262 2115 2366 2147 facere
2388 2117 2509 2148 iustum

1447 2157 1603 2193 absolute,
1627 2158 1764 2197 pertinet
1787 2167 1921 2198 quoque
1944 2168 2139 2198 cognoscere
2163 2159 2287 2199 singula
2308 2166 2449 2200 peccata,
2473 2167 2510 2192 ut

1446 2201 1571 2241 singula
1593 2202 1694 2241 possit
1717 2201 1894 2242 adaequare
1917 2202 2093 2243 puniendo.
2128 2203 2180 2234 Ad
2203 2204 2337 2235 alterum
2359 2214 2436 2235 vero
2459 2206 2508 2235 iu-

1447 2245 1577 2281 dicium,
1602 2246 1678 2285 quia
1700 2255 1768 2277 non
1790 2246 1892 2277 tendit
1914 2247 1954 2278 ad
1972 2247 2175 2287 punitionem
2199 2247 2377 2279 secundum
2392 2259 2436 2285 se,
2452 2249 2508 2279 sed

1446 2290 1480 2320 in
1503 2289 1615 2320 ordine
1639 2289 1679 2320 ad
1701 2290 1800 2321 alium
1823 2290 1932 2327 finem,
1956 2297 2034 2331 puta
2056 2292 2180 2322 bonum
2203 2301 2394 2329 commune;
2425 2294 2508 2324 sicut

1446 2333 1562 2364 sufficit
1584 2335 1699 2374 punire
1721 2339 1819 2374 prout
1835 2334 1962 2375 expedit
1979 2336 2025 2366 illi
2040 2335 2107 2372 fini,
2123 2337 2166 2366 ita
2181 2336 2297 2367 sufficit
2312 2346 2506 2376 cognoscere

1447 2384 1604 2418 quantum
1627 2388 1710 2418 opus
1734 2384 1781 2409 est
1803 2379 1843 2409 ad
1865 2379 1957 2410 illum
1979 2379 2088 2411 finem.
2114 2380 2197 2411 Inter
2211 2382 2384 2420 praesentis
2400 2387 2507 2412 autem

1445 2423 1528 2452 vitae
1551 2428 1680 2462 tempus
1704 2428 1736 2453 et
1759 2422 1884 2455 futurae
1910 2424 1972 2454 hoc
1995 2425 2141 2460 interest,
2172 2430 2329 2464 quantum
2359 2425 2399 2455 ad
2425 2426 2507 2456 iudi-

1446 2467 1549 2502 cium,
1578 2466 1669 2507 quod
1697 2467 1824 2498 nullum
1854 2469 2028 2507 praesentis
2051 2469 2133 2499 vitae
2160 2469 2315 2500 iudicium
2344 2469 2445 2500 tendit
2467 2470 2508 2501 ad

1444 2511 1651 2551 punitionem
1673 2511 1852 2542 secundum
1875 2521 1919 2548 se,
1943 2512 1999 2543 sed
2021 2517 2057 2543 ut
2078 2512 2320 2544 medicinalem:
2354 2523 2393 2544 eo
2418 2514 2507 2554 quod

1444 2556 1618 2595 praesentis
1641 2556 1723 2586 vitae
1746 2561 1873 2596 tempus
1896 2566 1964 2586 non
1987 2562 2035 2587 est
2056 2562 2184 2597 tempus
2199 2558 2386 2597 punitionis,
2403 2558 2459 2589 sed
2473 2559 2506 2589 in

1445 2608 1512 2639 quo
1535 2609 1661 2639 poenae
1688 2605 1762 2630 sunt
1787 2600 1982 2637 medicinae,
2010 2601 2061 2631 vel
2086 2601 2186 2641 ipsius
2217 2602 2274 2641 qui
2300 2602 2432 2642 punitur
2455 2603 2505 2633 vel

1445 2643 1592 2674 aliorum.
1607 2643 1775 2683 ⁴Iudicium
1798 2650 1906 2675 autem
1922 2644 2046 2675 futurae
2061 2645 2143 2675 vitae
2167 2651 2213 2676 est
2231 2645 2264 2676 id
2287 2646 2376 2686 quod
2391 2646 2431 2677 ad
2446 2656 2506 2686 pu-

1443 2688 1602 2718 nitionem
1617 2687 1795 2719 secundum
1807 2689 1944 2728 seipsam
1958 2688 2083 2720 tendet:
2101 2690 2256 2729 quoniam
2271 2690 2311 2720 ad
2326 2690 2505 2731 adaequan-

1445 2731 1524 2762 dum
1549 2742 1691 2772 poenam
1723 2733 1837 2772 culpae
1869 2733 2048 2769 ordinatur,
2080 2743 2146 2764 non
2178 2733 2218 2764 acl
2248 2734 2371 2764 bonum
2402 2736 2506 2774 puniti

1443 2785 1504 2806 nec
1527 2776 1568 2807 ad
1590 2777 1747 2807 cautelam
1765 2777 1912 2813 aliorum,
1936 2777 1992 2807 sed
2014 2783 2051 2807 ut
2073 2787 2145 2808 reus
2167 2779 2303 2817 patiatur
2326 2778 2416 2818 quod
2438 2788 2504 2809 me-

1443 2825 1540 2851 retur.

1499 2864 1552 2894 IV.
1576 2864 1645 2895 Nec
1666 2870 1759 2904 putet
1781 2865 1895 2904 aliquis
1918 2864 2074 2896 iudicium
2093 2865 2182 2905 quod
2197 2866 2231 2896 in
2246 2865 2318 2896 foro
2334 2867 2503 2906 poeniten—

1443 2908 1508 2938 tiali
1538 2914 1718 2945 exercetur,
1749 2908 1849 2939 locari
1877 2909 1991 2940 debere
2023 2910 2082 2940 sub
2111 2909 2232 2940 iudicio
2263 2910 2368 2949 primo
2391 2910 2502 2946 modo,

1442 2958 1613 2992 propterea
1643 2953 1718 2993 quia
1747 2952 1903 2983 iudicium
1932 2949 1996 2984 hoc
2029 2959 2075 2984 est
2101 2954 2201 2993 magis
2231 2953 2375 2984 divinum
2405 2964 2502 2994 quam

1443 2996 1632 3033 humanum,
1657 3002 1688 3027 et
1711 2996 1877 3028 confessor
1898 2998 1932 3027 in
1954 3002 2078 3028 tantum
2101 3007 2272 3038 personam
2294 2998 2355 3028 Dei
2377 2998 2411 3029 in
2430 3004 2503 3029 actu

1442 3040 1498 3071 illo
1522 3046 1609 3072 tenet
1631 3046 1668 3071 ut
1682 3041 1803 3071 nesciat
1817 3041 1886 3081 ipse
1905 3041 1995 3081 quod
2010 3042 2068 3072 scit
2084 3047 2119 3072 ut
2134 3042 2231 3072 Deus.
2256 3042 2347 3072 Falsa
2362 3048 2410 3073 est
2423 3043 2502 3073 ima-

1442 3085 1562 3124 ginatio
1578 3085 1646 3115 ista.
1669 3085 1757 3116 Tum
1772 3085 1847 3125 quia
1862 3085 2018 3116 iudicium
2032 3086 2260 3125 poenitentiale
2275 3086 2316 3116 ad
2330 3088 2502 3126 praesentis

1442 3129 1525 3160 vitae
1548 3135 1676 3169 tempus
1699 3134 1835 3169 spectat:
1869 3139 1906 3160 ac
1928 3139 1986 3169 per
2008 3130 2086 3166 hoc,
2109 3140 2178 3160 non
2207 3135 2254 3160 est
2277 3136 2462 3170 exemptum
2485 3141 2503 3162 a

1443 3174 1705 3204 communissima
1721 3173 1843 3204 ratione
1858 3173 1969 3204 iudicii
1990 3175 2163 3214 praesentis
2178 3175 2270 3204 vitae.
2285 3192 2309 3197 —
2324 3175 2411 3205 Tum
2427 3175 2502 3215 quia

1442 3217 1584 3248 Salvator
1599 3223 1707 3248 noster
1722 3218 1786 3248 hoc
1801 3223 1973 3254 attestatur,
1989 3217 2108 3254 dicens,
2126 3218 2213 3249 loan.
2229 3229 2264 3248 m
2275 3219 2305 3248 ἐ
2325 3219 2400 3249 Non
2417 3219 2501 3250 enim

1442 3262 1528 3292 misit
1549 3262 1639 3292 Deus
1660 3262 1781 3292 Filium
1802 3271 1896 3292 suum
1919 3262 1952 3292 in
1969 3262 2123 3293 mundum
2146 3268 2182 3293 ut
2197 3262 2316 3293 iudicet
2329 3263 2503 3294 mundum:

1441 3306 1497 3337 sed
1521 3311 1556 3337 ut
1577 3306 1722 3337 salvetur
1751 3306 1889 3337 mundus
1913 3316 1976 3346 per
1998 3307 2110 3347 ipsum.
2142 3307 2228 3337 Hinc
2258 3308 2344 3338 enim
2374 3313 2503 3347 apparet

1443 3350 1532 3391 quod
1556 3349 1700 3380 Christus
1723 3360 1791 3380 non
1806 3351 1894 3381 venit
1917 3351 1949 3381 in
1966 3351 2070 3391 primo
2086 3350 2225 3382 adventu
2240 3351 2280 3382 ad
2294 3351 2501 3382 iudicandum

1442 3394 1601 3425 mundum
1624 3404 1681 3434 per
1703 3395 1864 3425 ministros
1887 3404 1973 3431 suos,
1997 3396 2061 3426 hoc
2077 3401 2132 3431 est,
2157 3395 2196 3426 ad
2211 3395 2365 3426 iudicium
2389 3405 2501 3426 secun-

1443 3438 1521 3469 dum
1537 3449 1570 3469 se
1594 3438 1822 3470 exercendum:
1847 3439 1903 3469 sed
1921 3439 1960 3470 ad
1977 3439 2173 3475 salvandum,
2190 3440 2253 3470 hoc
2272 3446 2328 3476 est,
2345 3446 2501 3480 quantum

1443 3483 1482 3514 ad
1505 3484 1720 3523 poenitentiae
1736 3489 1968 3514 sacramentum
1984 3489 2114 3524 spectat,
2138 3483 2178 3514 ad
2193 3484 2347 3514 iudicium
2367 3485 2500 3515 salutare

2540 1110 2549 1119 ·
2569 1108 2594 1129 In
2615 1109 2660 1130 hoc
2679 1116 2750 1137 num.,

2540 1139 2562 1156 et
2577 1141 2640 1157 num.
2655 1142 2689 1158 ιιι,

2529 3221 2539 3231 ·
2556 3220 2621 3242 vers.
2639 3226 2670 3247 ιγ.
