2878 4088
159 404 169 413 ¹
186 401 250 423 Vers.
267 407 300 429 19.

159 537 169 546 ”
187 534 250 556 Vers.
268 540 299 561 ¹5.

161 760 170 769 ·
182 757 238 780 Gen.
249 764 298 785 cap.
311 764 372 782 χχιιι,

163 791 222 806 vers.
251 785 276 806 16
306 791 372 812 sqq.;

162 817 211 839 cap.
228 818 296 833 xxxv.
314 817 372 832 vers.

160 844 280 892 331¹iq1‘ibg.
291 870 340 892 cap.
352 870 372 889 v,

162 898 219 913 vers.
238 899 244 912 ι
264 907 270 912 .

163 921 171 928 ·
188 918 223 939 Cf.
263 924 300 939 en.
322 923 371 944 cap.

162 951 206 970 xvi,
216 951 274 966 vers.
283 951 307 972 3:
323 950 373 971 cap.

162 977 219 995 xxv.
238 977 295 993 vers.
316 971 341 995 ὅς
364 970 372 990 1

162 998 217 1025 Reg.
230 1004 279 1025 cap.
290 1004 304 1021 ι,
314 1002 371 1017 vers.

160 1030 184 1049 ²:
216 1025 234 1045 ll
266 1023 371 1050 Paralup.

162 1057 211 1078 cap.
219 1057 280 1077 xxiv,
289 1055 343 1071 vers.
353 1055 371 1076 3.

163 1080 170 1087 ¹
187 1079 236 1099 An.
247 1076 350 1105 praeced.

161 1247 169 1255 ·
186 1244 235 1266 Lib.
249 1243 263 1267 Ι,
275 1249 325 1270 cap.
338 1248 369 1267 ιιι,

161 1278 183 1293 “·
202 1278 231 1318 ⁴2}
325 1275 369 1317 a:

160 1304 213 1346 lne'etf
228 1314 261 1350 ιιι,
276 1312 308 1344 ¹1]

162 1507 171 1516 '¹
192 1505 226 1526 Cf.
250 1510 268 1526 ιι.
290 1503 321 1525 Ra
339 1510 361 1525 m

160 1532 245 1553 Summ.
266 1531 304 1552 lib.
323 1510 355 1552 ill

161 1557 368 1591 tit.xx1x,deLaps.

160 1587 184 1606 et
197 1585 315 1612 Dispens,
331 1587 339 1610 s
350 1589 368 1605 2.

161 1642 169 1651 ”
186 1639 223 1661 Cf.
239 1645 284 1666 arg.
301 1645 320 1661 2.

161 2180 169 2188 ·
184 2179 234 2200 Art.
251 2178 354 2206 praeced.

161 2353 172 2364 ·
187 2351 256 2374 Num.
271 2359 294 2379 4.

164 2660 373 2689 'Cap.Gaudemus.

165 2885 176 2895 ·
189 2883 214 2905 1n
230 2889 333 2911 corpore.

403 191 474 238 134

399 279 465 309 quo
497 279 581 300 unus
611 270 756 310 pluribus
786 270 939 299 uxoribus
970 269 1193 308 coniungitur,
1226 273 1300 297 sunt
1331 265 1463 295 meliora

399 323 497 353 quarn
520 314 618 353 prolis
641 314 875 354 multiplicatio.
904 314 989 353 Ergo
1013 314 1130 343 intuitu
1154 312 1248 342 huius
1272 309 1463 348 multiplica-

399 358 494 388 tionis
519 358 712 398 dispensatio
737 358 897 398 praedicta
919 357 987 388 fieri
1011 367 1077 387 non
1102 356 1270 386 debuisset.

454 402 516 433 San
541 412 674 439 CONTRA,
701 403 808 433 Galat.
826 413 860 432 111
875 403 892 419 ⁴*
916 402 1030 432 dicitur
1046 400 1135 440 quod
1152 401 1205 429 lex
1220 402 1356 438 propter
1365 403 1463 435 prae-

399 447 598 477 varicatores
615 447 726 487 posita
750 452 804 482 est,
830 452 865 477 ut
888 447 1007 476 scilicet
1030 454 1085 475 eos
1108 444 1299 490 prohiberet.
1329 439 1395 488 Sed·
1414 438 1463 468 lex

399 496 490 520 vetus
514 490 588 521 facit
611 492 810 521 mentionem
835 491 874 521 de
897 490 1073 530 pluralitate
1101 495 1239 517 uxorum
1266 493 1333 513 sine
1358 483 1464 531 aliqua

399 536 467 565 eius
490 536 721 575 prohibitione,
747 541 782 565 ut
809 541 895 575 patet
923 535 1098 563 Deuteron.
1119 531 1220 560 xx1*:
1253 528 1288 558 Si
1317 527 1466 557 habuerzt

399 579 494 609 homo
519 579 600 610 duas
624 589 760 615 uxores,
786 585 844 609 etc.
876 578 960 617 Ergo
985 574 1130 605 habendo
1156 573 1233 603 duas
1257 581 1372 602 uxores
1396 580 1464 600 non

401 629 488 654 erant
510 625 785 663 praevaricatores.
811 624 850 653 Et
873 623 915 651 ita
939 625 1003 650 erat
1026 619 1158 648 licitum.

457 677 486 698 2.
510 669 712 703 PRAETEREA,
741 669 803 697 hoc
833 666 917 696 idem
948 663 1071 693 videtur
1102 661 1250 701 exemplo
1282 670 1320 690 ex
1348 661 1464 691 sanctis

399 712 553 749 Patribus,
578 713 634 752 qui
657 712 762 752 plures
786 711 934 750 leguntur
961 707 1107 737 habuisse
1135 715 1267 741 uxores,
1293 715 1368 735 cum
1393 705 1463 735 Deo

401 762 505 786 essent
534 756 760 796 acceptissimi:
792 755 872 784 sicut
901 752 994 782 Iacob
1011 752 1027 767 ὅ*
1051 756 1082 781 et
1112 749 1216 780 David
1238 751 1272 766 *⁰*
1304 755 1334 780 et
1357 750 1464 790 plures

401 801 451 830 alii
468 802 494 830 ’ἢ
519 801 603 840 Ergo
628 798 800 839 aliquando
824 797 883 827 fuit
906 797 1038 826 licitum.

454 845 643 874 Rasrormao
667 852 825 873 DICENDUM
849 840 947 880 quod,
964 841 1046 869 sicut
1069 849 1107 869 ex
1131 838 1222 869 dictis
1238 840 1255 855 ⁴*
1278 844 1375 879 patet,
1392 838 1464 878 plu-

401 889 502 918 ralitas
518 898 654 918 uxorum
672 887 784 917 dicitur
799 895 865 915 esse
882 890 992 914 contra
1008 884 1112 923 legem
1128 889 1270 919 naturae,
1282 893 1350 913 non
1363 893 1464 923 quan-

400 938 468 962 tum
492 932 531 962 ad
554 932 655 971 prima
678 935 845 971 praecepta
870 929 954 964 eius,
979 927 1035 958 sed
1059 933 1217 968 quantum
1242 927 1282 958 ad
1305 928 1463 964 secunda,

400 986 482 1016 quae
513 977 603 1015 quasi
631 975 853 1005 conclusiones
882 983 899 1002 a
922 973 1032 1012 primis
1063 973 1240 1012 praeceptis
1273 972 1462 1002 derivantur.

400 1020 460 1050 Sed
478 1021 551 1059 quia
567 1025 655 1049 actus
671 1020 829 1048 humanos
845 1018 955 1047 variari
980 1022 1108 1056 oportet
1131 1016 1311 1046 secundum
1327 1016 1464 1046 diversas

399 1063 598 1094 conditiones
621 1072 830 1103 personarum
855 1067 886 1092 et
909 1067 1093 1101 temporum
1119 1066 1150 1091 et
1173 1061 1306 1091 aliarum
1328 1061 1464 1091 circum-

398 1108 598 1143 stantiarum,
631 1107 703 1137 ideo
735 1106 959 1136 conclusiones
990 1105 1169 1146 praedictae
1199 1115 1215 1135 a
1246 1106 1357 1145 primis
1387 1105 1465 1145 legis

397 1158 527 1182 naturae
556 1151 732 1192 praeceptis
762 1160 829 1180 non
860 1150 1040 1190 procedunt
1071 1155 1107 1180 ut
1134 1159 1261 1190 semper
1291 1149 1465 1180 efficaciam

397 1197 558 1232 habentes,
574 1195 630 1226 sed
653 1196 685 1225 in
701 1195 815 1225 maiori
838 1200 945 1234 parte:
970 1194 1039 1224 talis
1064 1200 1110 1224 est
1134 1195 1221 1224 enim
1245 1199 1312 1224 tota
1334 1195 1466 1224 materia

397 1241 535 1276 moralis,
560 1248 595 1270 ut
618 1245 704 1280 patet
727 1249 783 1279 per
806 1239 1051 1279 Philosophum,
1069 1240 1102 1269 in
1125 1239 1206 1269 libro
1230 1238 1420 1269 Ethicorum
1437 1240 1464 1269 ὓ.

397 1285 437 1315 Et
460 1284 544 1321 ideo,
570 1285 624 1315 ubi
648 1293 762 1314 eorum
786 1283 926 1314 efficacia
950 1283 1067 1319 deficit,
1088 1284 1173 1313 licite
1197 1293 1234 1314 ea
1258 1284 1466 1324 praetermitti

397 1335 541 1369 possunt.
574 1328 636 1359 Sed
659 1330 734 1368 quia
757 1338 824 1358 non
849 1333 895 1358 est
919 1327 1011 1358 facile
1039 1327 1249 1358 determinare
1278 1328 1466 1359 huiusmodi

397 1374 569 1409 varietates,
583 1373 656 1403 ideo
673 1373 718 1403 illi
735 1382 772 1403 ex
789 1373 879 1403 cuius
896 1373 1084 1403 auctoritate
1100 1373 1150 1403 lex
1167 1372 1342 1403 efficaciam
1358 1373 1464 1410 habet,

396 1424 571 1448 reservatur
593 1422 629 1448 ut
651 1418 812 1448 licentiam
837 1418 986 1457 praebeat
1009 1417 1113 1457 legem
1137 1417 1410 1457 praetermittendi
1432 1418 1466 1448 in

396 1463 456 1493 illis
473 1463 596 1492 casibus
613 1462 652 1492 ad
668 1471 751 1502 quos
774 1462 851 1502 legis
876 1461 1016 1492 efficacia
1032 1472 1065 1492 se
1082 1471 1149 1492 non
1173 1461 1343 1492 extendere
1360 1461 1464 1493 debet.

364 1519 369 1552 j
397 1507 437 1537 Et
459 1507 528 1537 talis
551 1507 678 1537 licentia
701 1506 896 1546 dispensatio
921 1506 1037 1536 dicitur
1052 1507 1078 1536 ⁹.

451 1551 517 1581 Lex
541 1557 648 1582 autem
672 1551 711 1581 de
734 1551 855 1581 unitate
884 1552 992 1581 uxoris
1019 1561 1088 1581 non
1112 1556 1159 1581 est
1182 1551 1385 1585 humanitus,
1410 1551 1466 1582 sed

397 1595 546 1626 divinitus
569 1596 728 1626 instituta:
753 1605 814 1625 nec
837 1605 982 1635 unquam
1010 1596 1106 1625 verbo
1131 1600 1186 1625 aut
1209 1595 1319 1625 litteris
1342 1595 1465 1632 tradita,

396 1640 451 1671 sed
475 1640 563 1670 cordi
591 1641 743 1680 impressa
759 1641 785 1676 ⁹²,
802 1640 884 1670 sicut
908 1645 939 1670 et
957 1640 1017 1670 alia
1037 1649 1120 1680 quae
1144 1639 1183 1670 ad
1206 1640 1311 1680 legem
1335 1646 1466 1671 naturae

397 1685 672 1725 qualitercumque
704 1685 874 1724 pertinent.
910 1685 950 1714 Et
980 1684 1054 1715 ideo
1085 1685 1118 1714 in
1150 1685 1214 1714 hoc
1245 1695 1262 1715 a
1290 1685 1361 1715 solo
1394 1685 1465 1715 Deo

398 1730 590 1769 dispensatio
615 1729 682 1759 fieri
706 1730 812 1768 potuit
835 1739 892 1769 per
912 1727 1156 1769 inspirationem
1179 1730 1347 1760 internam.
1372 1730 1466 1768 Quae

398 1773 528 1814 quidem
544 1773 758 1814 principaliter
773 1774 888 1804 sanctis
902 1774 1046 1804 Patribus
1064 1773 1145 1804 facta
1162 1779 1218 1809 est,
1232 1779 1263 1804 et
1279 1784 1336 1815 per
1352 1784 1465 1805 eorum

398 1819 581 1858 exemplum
598 1818 636 1849 ad
653 1818 730 1848 alios
750 1817 887 1848 derivata
904 1824 960 1855 est,
978 1828 1017 1849 eo
1034 1824 1181 1859 tempore
1205 1829 1272 1859 quo
1297 1820 1466 1859 oportebat

397 1863 594 1903 praedictum
610 1868 739 1893 naturae
758 1869 966 1903 praeceptum
990 1864 1198 1903 praetermitti
1214 1869 1250 1894 ut
1265 1865 1368 1894 maior
1384 1870 1466 1894 esset

397 1908 619 1947 multiplicatio
635 1908 734 1948 prolis
750 1907 789 1938 ad
805 1908 929 1938 cultum
942 1908 1002 1938 Dei
1019 1907 1214 1939 educandae.
1228 1908 1362 1949 Semper
1378 1910 1465 1939 enim

397 1952 602 1992 principalior
618 1952 688 1982 finis
705 1953 804 1992 magis
828 1952 1045 1983 observandus
1062 1958 1108 1983 est
1125 1962 1223 1993 quam
1247 1953 1464 1984 secundarius.

397 1997 500 2032 Unde,
525 2006 599 2027 cum
624 1998 747 2027 bonum
771 1997 869 2037 prolis
893 1997 932 2027 sit
955 1998 1138 2037 principalis
1162 1998 1358 2028 matrimonii
1382 1997 1464 2036 finis,

397 2042 452 2071 ubi
476 2041 573 2081 prolis
596 2042 820 2081 multiplicatio
843 2043 1021 2072 necessaria
1045 2047 1124 2077 erat,
1150 2041 1260 2072 debuit
1283 2043 1402 2083 negligi
1426 2042 1466 2073 ad

397 2091 523 2126 tempus
547 2086 814 2126 impedimentum
839 2086 928 2126 quod
951 2092 1061 2126 posset
1080 2087 1112 2117 in
1130 2086 1324 2117 secundariis
1348 2086 1466 2118 finibus

398 2131 534 2166 evenire,
551 2130 590 2160 ad
606 2131 695 2171 quod
713 2130 947 2161 removendum
971 2137 1179 2171 praeceptum
1204 2132 1378 2172 prohibens
1394 2132 1466 2172 plu-

398 2175 551 2205 ralitatem
574 2185 712 2205 uxorum
737 2175 910 2211 ordinatur,
934 2181 970 2206 ut
995 2185 1032 2206 ex
1057 2175 1148 2206 dictis
1165 2177 1182 2193 ⁴*
1205 2182 1301 2216 patet.

452 2220 502 2249 Αι)
526 2230 642 2249 ramim
665 2229 747 2250 aaoo
773 2230 931 2250 monimum
955 2220 1045 2260 quod
1060 2221 1109 2251 ius
1125 2221 1268 2251 naturale
1292 2230 1420 2262 semper
1435 2227 1467 2251 et

398 2264 528 2304 ubique,
547 2270 703 2304 quantum
728 2270 774 2295 est
794 2264 833 2295 de
849 2274 893 2301 se,
910 2265 1005 2295 habet
1029 2265 1165 2295 eandem
1189 2266 1378 2306 potentiam.
1403 2265 1467 2296 Sed

398 2318 454 2349 per
477 2308 633 2345 accidens,
653 2314 784 2349 propter
807 2309 939 2349 aliquod
963 2309 1243 2350 impedimentum,
1269 2310 1465 2351 quandoque

399 2359 430 2383 et
445 2353 559 2383 alicubi
576 2359 682 2393 potest
697 2354 807 2383 variari
820 2365 826 2384 :
851 2354 934 2384 sicut
949 2353 1069 2384 ibidem
1085 2355 1102 2371 ⁴*
1125 2355 1342 2395 Philosophus
1359 2365 1466 2385 exem-

398 2398 488 2438 plum
512 2399 604 2437 ponit
632 2398 671 2428 de
700 2398 766 2428 aliis
794 2399 888 2428 rebus
918 2399 1125 2430 naturalibus.
1161 2399 1295 2440 Semper
1325 2400 1412 2430 enim
1435 2406 1467 2430 et

399 2443 518 2482 ubique
543 2442 669 2472 dextera
693 2448 739 2473 est
762 2443 875 2474 melior
900 2453 997 2483 quam
1025 2444 1148 2474 sinistra
1171 2444 1350 2475 secundum
1374 2450 1467 2475 natu—

399 2496 482 2516 ram:
496 2486 551 2516 sed
566 2496 623 2526 per
640 2487 771 2527 aliquod
787 2488 934 2518 accidens
951 2488 1108 2528 contingit
1124 2488 1264 2528 aliquem
1281 2499 1349 2519 esse
1366 2490 1466 2520 ambi-

400 2530 554 2567 dextrum,
573 2532 647 2571 quia
662 2538 773 2562 natura
787 2538 895 2563 nostra
911 2533 1068 2563 variabilis
1085 2538 1140 2564 est.
1155 2533 1196 2563 Et
1204 2533 1355 2565 „similiter
1370 2535 1466 2564 etiam

400 2581 447 2605 est
469 2575 508 2605 de
532 2576 665 2606 naturali
689 2576 783 2612 iusto,
808 2583 843 2607 ut
866 2577 985 2607 ibidem
1009 2577 1226 2618 Philosophus
1250 2577 1335 2608 dicit.

454 2620 505 2649 An
529 2630 690 2650 secunaum
713 2631 871 2651 memnon
896 2621 986 2662 quod
1013 2622 1046 2652 in
1075 2622 1225 2653 decretali
1249 2622 1402 2663 quadam,
1428 2622 1467 2653 de

399 2664 558 2694 Divortiis
580 2665 606 2700 ’ᾗ
624 2664 738 2695 dicitur
772 2666 861 2706 quod
896 2676 1062 2707 nunquam
1097 2667 1190 2697 licuit
1223 2667 1323 2698 alicui
1351 2667 1467 2708 plures

399 2708 516 2739 habere
547 2719 667 2740 uxores
696 2710 765 2740 sine
795 2710 1032 2751 dispensatione
1059 2721 1124 2751 per
1153 2711 1296 2742 divinam
1328 2712 1467 2752 inspira-

401 2753 518 2783 tionem
541 2754 659 2784 habita.
692 2754 760 2784 Nec
784 2760 890 2785 tamen
918 2756 988 2786 talis
1016 2755 1211 2796 dispensatio
1240 2756 1332 2787 datur
1355 2762 1467 2787 contra

400 2798 537 2828 rationes
554 2807 632 2838 quas
649 2798 736 2828 Deus
759 2805 889 2829 naturae
912 2800 1054 2837 inseruit,
1072 2800 1127 2831 sed
1147 2806 1272 2841 praeter
1295 2810 1365 2832 eas:
1391 2802 1467 2842 quia

400 2842 537 2872 rationes
560 2842 631 2873 illae
654 2853 721 2873 non
745 2849 818 2873 sunt
843 2843 1004 2875 ordinatae
1029 2845 1068 2875 ad
1092 2855 1234 2886 semper,
1259 2845 1315 2876 sed
1338 2846 1371 2876 in
1395 2846 1466 2886 plu-

400 2887 485 2916 ribus
510 2896 593 2923 esse,
618 2893 653 2917 ut
676 2887 798 2918 dictum
825 2894 872 2918 est
887 2889 922 2924 *;
954 2890 1036 2920 sicut
1066 2890 1162 2920 etiam
1185 2899 1254 2920 non
1282 2895 1329 2920 est
1357 2896 1467 2921 contra

401 2936 546 2960 naturam
562 2931 692 2971 quando
709 2932 815 2972 aliqua
830 2933 978 2963 accidunt
994 2934 1027 2964 in
1043 2935 1137 2965 rebus
1162 2935 1357 2965 naturalibus
1372 2936 1466 2965 mira-

402 2975 521 3011 culose,
545 2981 668 3015 praeter
691 2986 728 3006 ea
752 2986 833 3016 quae
858 2983 893 3007 ut
916 2977 1100 3018 frequenter
1123 2979 1227 3009 solent
1251 2980 1387 3010 evenire.

456 3020 506 3048 An
529 3029 663 3050 marium
686 3031 844 3051 mmmmm
875 3021 965 3061 quod
992 3023 1094 3062 qualis
1118 3029 1165 3053 est
1188 3024 1254 3059 lex,
1279 3023 1349 3054 talis
1373 3023 1467 3054 debet

403 3071 469 3092 esse
494 3062 685 3103 dispensatio
710 3065 796 3104 legiS.
828 3065 868 3095 Et
892 3067 967 3105 quia
990 3067 1040 3097 lex
1063 3073 1194 3098 naturae
1210 3078 1278 3098 non
1295 3074 1342 3098 est
1357 3068 1466 3098 litteris

403 3107 516 3147 scripta
539 3107 594 3138 sed
617 3114 663 3138 est
686 3109 836 3139 cordibus
858 3110 1022 3150 impressa,
1039 3118 1170 3152 propter
1193 3113 1257 3143 hoc
1280 3122 1348 3142 non
1369 3122 1467 3153 opor—

402 3151 463 3180 tuit
487 3150 754 3191 dispensationem
779 3163 891 3184 eorum
916 3164 998 3194 quae
1022 3155 1062 3186 ad
1085 3156 1189 3196 legem
1216 3162 1348 3187 naturae
1371 3158 1467 3197 perti·-

404 3200 479 3224 nent
495 3195 564 3235 lege
580 3197 694 3236 scripta
711 3197 785 3233 dari,
803 3198 858 3228 sed
877 3208 934 3238 per
948 3199 1106 3230 internam
1129 3201 1371 3241 inspirationem
1387 3201 1466 3232 fieri.

461 3238 511 3268 An
543 3250 689 3270 unaarum
721 3251 879 3271 monimum
913 3243 1017 3282 quod,
1051 3245 1198 3275 veniente
1230 3245 1375 3281 Christo,
1408 3245 1468 3276 fuit

404 3287 531 3322 tempus
554 3284 759 3323 plenitudinis
786 3287 902 3325 gratiae
926 3287 1053 3323 Christi,
1077 3298 1134 3328 per
1158 3299 1255 3329 quam
1279 3290 1384 3320 cultus
1407 3290 1467 3320 Dei

1487 448 1494 467 5

1480 670 1505 684 1⁰

1480 892 1508 912 ις·

1479 1113 1506 1127 20

1481 1335 1504 1355 ος

1482 1557 1508 1577 30

1482 1783 1504 1804 35

1479 2006 1507 2027 ⁴⁰

1481 2228 1504 2249 45

1482 2456 1507 2477 50

1481 2679 1504 2700 55

1481 2898 1508 2918 60

1481 3120 1505 3146 ⁶5

1096 188 1358 236 QUAESTIO
1389 186 1505 232 LXV,
1526 182 1819 220 ARTICULUS
1848 182 1892 217 III

1518 261 1697 292 secundum
1714 260 1804 301 quod
1819 260 1926 300 proles
1943 265 2127 300 expectatur
2143 259 2183 290 ad
2199 260 2323 290 cultum
2335 260 2396 291 Dei
2412 260 2587 297 educanda,

1517 306 1648 346 ponitur
1663 305 1859 335 matrimonii
1875 305 2010 334 bonurn.
2023 303 2117 334 Fides
2134 309 2242 334 autem
2258 304 2297 334 ad
2312 305 2419 335 Deum
2435 305 2589 336 servanda

1518 355 1564 379 est
1588 350 1696 389 potior
1719 358 1817 388 quam
1840 348 1919 378 fides
1943 349 2046 384 uxori,
2072 358 2155 388 quae
2178 350 2310 388 ponitur
2333 350 2458 380 bonum
2481 351 2588 380 matri-

1517 394 1636 429 monii;
1654 399 1685 423 et
1701 403 1799 433 quam
1816 392 2016 433 significatio,
2034 402 2117 433 quae
2133 394 2271 433 pertinet
2286 393 2326 423 ad
2342 400 2587 430 sacramentum,

1519 439 1594 477 quia
1618 437 1807 478 significatio
1832 437 1872 467 ad
1894 436 1970 467 fidei
1994 438 2214 477 cognitionem
2242 437 2415 469 ordinatur.
2450 439 2491 469 Et
2513 438 2588 469 ideo

1517 491 1586 512 non
1617 488 1663 512 est
1693 482 1924 512 inconveniens
1956 482 1981 511 si
2011 487 2143 522 propter
2178 483 2302 512 bonum
2336 483 2435 523 prolis
2468 482 2589 523 aliquid

1519 526 1693 556 detrahitur
1716 527 1784 556 aliis
1808 526 1936 556 duobus
1960 527 2063 556 bonis.

1573 571 1642 601 Nec
1665 577 1773 601 tamen
1798 572 1933 601 omnino
1957 571 2124 601 tolluntur.
2153 570 2238 609 Quia
2262 576 2293 601 et
2316 571 2395 602 fides
2418 576 2527 602 manet
2550 571 2590 602 ad

1517 616 1641 655 plures:
1668 621 1699 646 et
1715 621 1949 646 sacramentum
1966 615 2075 655 aliquo
2099 615 2211 645 mode.
2236 615 2331 654 Quia,
2352 617 2498 656 quamvis
2521 625 2590 646 non

1518 659 1714 700 significatur
1749 661 1936 690 coniunctio
1968 659 2086 690 Christi
2119 659 2159 690 ad
2182 660 2358 691 Ecclesiam
2396 661 2590 701 inquantum

1519 710 1566 735 est
1589 715 1662 741 una,
1689 704 1884 745 significatur
1906 710 2014 735 tamen
2039 705 2200 735 distinctio
2223 704 2381 745 graduum
2398 706 2431 735 in
2447 705 2590 735 Ecclesia

1518 759 1576 790 per
1598 750 1811 790 pluralitatem
1836 759 1985 785 uxorum,
2008 759 2091 789 quae
2116 749 2247 789 quidem
2271 759 2339 779 non
2363 750 2470 780 solum
2494 755 2541 780 est
2555 750 2590 780 in

1518 794 1661 824 Ecclesia
1684 795 1849 829 militante,
1866 794 1922 824 sed
1942 795 2037 824 etiarn
2060 795 2287 835 triumphante.
2313 794 2354 824 Et
2369 794 2443 825 ideo
2459 794 2590 825 illorum

1518 839 1722 869 matrimonia
1738 839 1848 879 aliquo
1864 838 1964 869 modo
1982 838 2202 879 significabant
2218 839 2483 869 coniunctionem
2497 838 2589 869 Chri-

1518 884 1558 913 sti
1573 883 1613 913 ad
1625 883 1812 919 Ecclesiam,
1824 893 1893 913 non
1905 883 2012 914 solum
2028 884 2228 920 militantem,
2241 889 2278 914 ut
2290 883 2422 924 quidam
2435 884 2452 900 '‘
2468 883 2589 920 dicunt,

1518 927 1575 958 sed
1591 928 1686 958 etiam
1701 928 1964 968 triumphantem,
1981 929 2013 958 in
2030 938 2094 968 qua
2110 934 2184 958 sunt
2200 928 2347 959 diversae
2362 929 2548 959 mansiones
2561 929 2589 959 '.

1681 1010 1782 1041 ART.
1806 1011 1858 1041 ΙΙΙ.
1882 1022 1988 1042 urium
2010 1022 2132 1042 HABERE
2156 1021 2356 1042 CONCUBINAM
2381 1021 2426 1042 srr

1847 1065 1971 1086 CONTRA
1994 1066 2098 1086 mmm
2120 1066 2263 1086 ita-ruma

1689 1106 1756 1133 Infra,
1772 1112 1811 1134 qu.
1826 1112 1896 1131 rxvn,
1912 1111 1954 1128 art.
1971 1112 1991 1133 2,
2006 1106 2034 1128 ad
2050 1112 2074 1132 2;
2090 1107 2123 1128 11⁸
2139 1107 2192 1131 11⁵⁶,
2208 1113 2247 1135 qu.
2263 1112 2323 1133 cuv,
2339 1110 2380 1129 art.
2396 1113 2421 1134 23

1700 1133 1730 1154 111
1746 1133 1816 1155 Cant.
1831 1132 1907 1160 Geni„
1923 1139 1974 1160 cap.
1990 1139 2066 1159 cxxu3
2081 1133 2118 1154 De
2132 1133 2206 1160 Malo,
2222 1140 2261 1161 qu.
2277 1140 2315 1161 xv,
2330 1137 2372 1156 art.
2389 1141 2406 1156 ι.

1586 1203 1606 1223 ι>
1630 1203 1765 1223 ram-nm
1788 1203 1834 1223 ⁵1c
1857 1203 2063 1223 Pnocam‘run.
2093 1193 2228 1224 Videtur
2251 1195 2342 1235 quod
2364 1196 2482 1227 habere
2512 1206 2591 1227 con—

1521 1205 1737 1268 Acubinam
1766 1247 1835 1267 non
1861 1238 1901 1268 sit
1931 1243 2043 1268 contra
2071 1237 2176 1277 legem
2203 1244 2345 1270 naturae.
2379 1240 2474 1280 Legis
2505 1241 2592 1271 enim

1520 1283 1723 1313 caeremonia
1746 1291 1815 1312 non
1833 1282 1913 1312 *sunt
1931 1282 1971 1315 de
1987 1283 2058 1322 lege
2080 1288 2222 1313 naturae.
2248 1283 2312 1314 Sed
2330 1283 2500 1315 fornicatio
2516 1294 2592 1326 pro-

1519 1327 1661 1363 hibetur,
1685 1328 1754 1357 Act.
1779 1337 1820 1357 xv
1835 1328 1870 1363 *,
1894 1327 1976 1357 inter
2006 1327 2067 1357 alia
2097 1329 2299 1358 caeremonia
2328 1329 2407 1369 legis
2438 1339 2522 1370 quae
2552 1330 2593 1361 ad

1520 1377 1649 1412 tempus
1665 1371 1867 1402 credentibus
1884 1381 1921 1402 ex
1937 1372 2085 1412 gentibus
2104 1371 2363 1412 imponebantur.
2391 1373 2477 1415 Ergo
2493 1373 2592 1405 forni-

1521 1417 1604 1446 catio
1629 1416 1774 1456 simplex,
1799 1425 1882 1456 quae
1907 1422 1954 1446 est
1977 1425 2123 1447 accessus
2147 1416 2186 1447 ad
2210 1418 2437 1455 concubinam,
2456 1428 2525 1450 non
2545 1424 2593 1450 est

1521 1466 1632 1491 contra
1655 1460 1760 1501 legem
1783 1466 1925 1491 naturae.

1578 1515 1607 1535 2.
1632 1505 1829 1541 Praemium,
1845 1506 1898 1541 ius,
1918 1506 2094 1546 positivum
2118 1515 2136 1536 a
2158 1506 2294 1537 naturali
2316 1507 2385 1538 iure
2408 1507 2592 1548 profectum

1521 1555 1577 1586 est,
1594 1555 1631 1580 ut
1646 1550 1773 1580 Tullius
1797 1549 1873 1580 dicit
1889 1551 1915 1580 “·.
1941 1550 2004 1581 Sed
2027 1549 2205 1580 secundum
2229 1552 2279 1581 ius
2301 1552 2477 1592 positivum
2493 1551 2592 1584 forni-

1521 1595 1604 1624 can'o
1633 1595 1768 1635 simplex
1791 1604 1859 1625 non
1882 1595 2089 1635 prohibetur:
2121 1595 2233 1629 immo¹
2253 1596 2363 1636 potius
2390 1596 2424 1627 in
2450 1606 2592 1638 poenam

1520 1638 1700 1669 secundum
1724 1639 1870 1679 antiquas
1894 1640 1980 1680 leges
2007 1639 2158 1670 mulieres
2187 1640 2394 1680 lupanaribus
2421 1641 2592 1674 tradendae

1520 1683 1819 1714 condemnabantur
1828 1685 1854 1714 “.
1867 1684 1954 1724 Ergo
1969 1684 2085 1715 habere
2101 1685 2318 1716 concubinam
2333 1695 2402 1716 non
2419 1691 2466 1717 est
2481 1692 2593 1718 contra

1519 1729 1624 1769 legem
1648 1735 1789 1759 naturae.

1577 1773 1606 1803 3.
1623 1773 1820 1809 Paaaraaaa,
1832 1774 1984 1804 naturalis
2000 1773 2050 1804 lex
2066 1783 2134 1804 non
2149 1774 2299 1814 prohibet
2315 1776 2394 1815 quin
2410 1775 2490 1806 illud
2502 1775 2593 1816 quod

1520 1817 1613 1848 datur
1636 1818 1830 1858 simpliciter,
1846 1819 1949 1858 possit
1971 1818 2037 1848 dari
2059 1818 2099 1849 ad
2114 1824 2243 1859 tempus
2259 1825 2291 1850 et
2306 1819 2484 1851 secundum
2502 1820 2591 1861 quid.

1520 1862 1583 1893 Sed
1599 1872 1664 1893 una
1679 1863 1795 1893 mulier
1810 1863 1914 1893 soluta
1930 1868 2036 1903 potest
2053 1862 2126 1894 dare
2138 1863 2207 1893 viro
2224 1864 2332 1894 soluto
2347 1865 2381 1895 in
2396 1871 2592 1906 perpetuum

1519 1907 1569 1938 sui
1593 1908 1736 1947 corporis
1760 1913 1962 1947 potestatem,
1986 1913 2022 1938 ut
2045 1917 2083 1938 ea
2105 1913 2213 1949 utatur
2235 1908 2321 1939 licite
2345 1919 2421 1940 cum
2442 1910 2591 1941 voluerit.

1519 1952 1606 1992 Ergo
1622 1961 1690 1982 non
1707 1957 1753 1982 est
1769 1957 1880 1982 contra
1903 1951 2008 1992 legem
2026 1957 2158 1983 naturae
2174 1953 2200 1982 si
2216 1952 2338 1984 dederit
2354 1954 2383 1984 ei
2399 1959 2592 1994 potestatem

1519 1997 1569 2026 sui
1593 1997 1738 2037 corporis
1761 1996 1801 2026 ad
1824 1996 1947 2026 horam.

1575 2049 1606 2080 4.
1631 2041 1828 2077 Prummu,
1846 2041 2047 2081 quicumque
2070 2051 2103 2072 re
2127 2051 2184 2072 sua
2207 2042 2307 2072 utitur
2322 2048 2358 2072 ut
2373 2043 2452 2079 vult,
2468 2044 2592 2074 nemini

1520 2084 1596 2116 facit
1607 2086 1756 2116 iniuriam
1766 2086 1793 2115 “.
1811 2085 1874 2116 Sed
1886 2086 1999 2116 ancilla
2012 2092 2059 2117 est
2073 2096 2122 2116 res
2134 2086 2259 2117 domini
2269 2087 2313 2117 ’ἢ
2335 2087 2432 2127 Ergo,
2445 2087 2471 2118 si
2487 2087 2592 2119 domi-

1519 2139 1581 2160 nus
1598 2139 1635 2161 ea
1650 2132 1749 2161 utitur
1772 2130 1812 2160 ad
1834 2130 1972 2167 libitum,
1988 2131 2069 2161 nulli
2085 2130 2159 2161 facit
2177 2131 2336 2162 iniuriam.
2361 2132 2402 2162 Et
2417 2133 2460 2162 ita
2475 2133 2592 2164 habere

1521 2176 1737 2206 concubinam
1761 2185 1829 2205 non
1853 2181 1899 2205 est
1923 2181 2034 2206 contra
2057 2176 2162 2216 legem
2185 2181 2326 2207 naturae.

1578 2220 1607 2250 5.
1632 2220 1836 2256 Pluinnam,
1861 2219 1996 2260 quilibet
2026 2226 2133 2261 potest
2164 2221 2252 2251 alteri
2279 2220 2354 2251 dare
2382 2221 2473 2261 quod
2495 2231 2592 2253 suum

1521 2269 1578 2295 est.
1603 2264 1666 2295 Sed
1689 2274 1770 2295 uxor
1798 2265 1893 2295 habet
1921 2270 2113 2305 potestatem
2136 2266 2170 2295 in
2194 2274 2330 2305 corpore
2353 2266 2422 2301 viri,
2446 2271 2483 2297 ut
2505 2272 2595 2307 patet

1521 2309 1534 2339 1
1560 2309 1637 2339 Cor.
1655 2319 1698 2339 vn
1714 2310 1740 2339 *.
1766 2309 1862 2349 Ergo,
1887 2309 1913 2339 si
1937 2319 2019 2340 uxor
2041 2310 2126 2346 velit,
2143 2310 2190 2340 vir
2212 2310 2331 2350 poterit
2354 2310 2442 2341 alteri
2465 2311 2593 2343 mulieri

1521 2354 1676 2394 coniungi
1699 2354 1767 2384 sine
1792 2359 1937 2394 peccato.

1577 2398 1639 2429 San
1664 2408 1798 2435 comm,
1815 2398 1995 2429 secundum
2019 2408 2133 2429 omnes
2157 2399 2243 2439 leges
2264 2397 2321 2429 filii
2338 2400 2393 2439 qui
2415 2399 2454 2430 de
2471 2409 2592 2431 concu-

1521 2443 1595 2473 bina
1619 2448 1810 2479 nascuntur,
1835 2448 1910 2473 sunt
1932 2443 2157 2483 vituperabiles
2173 2444 2199 2474 *ἦ
2234 2443 2298 2474 Sed
2324 2444 2388 2474 hoc
2416 2453 2484 2474 non
2511 2449 2594 2476 esset

1520 2488 1581 2518 nisi
1605 2488 1798 2518 concubitus
1822 2497 1860 2518 ex
1885 2497 1951 2528 quo
1980 2488 2128 2518 oriuntur
2158 2493 2240 2518 esset
2269 2488 2454 2519 naturaliter
2479 2490 2592 2530 turpis.

1521 2532 1607 2573 Ergo
1630 2532 1747 2563 habere
1772 2533 1988 2563 concubinam
2011 2538 2059 2563 est
2081 2538 2193 2563 contra
2216 2533 2320 2573 legem
2344 2540 2486 2564 naturae.

1578 2587 1607 2607 2.
1632 2577 1829 2613 pannum,
1846 2577 2088 2607 matrimonium
2105 2583 2152 2608 est
2167 2577 2310 2608 naturale
2322 2578 2349 2608 ff.
2367 2577 2430 2608 Sed
2445 2578 2509 2608 hoc
2525 2586 2594 2609 non

1521 2627 1604 2652 esset
1626 2621 1652 2651 si
1676 2622 1743 2652 sine
1767 2621 1965 2662 praeiudicio
1993 2622 2071 2662 legis
2098 2627 2230 2653 naturae
2256 2622 2358 2653 homo
2382 2627 2492 2662 posset
2515 2631 2594 2653 con-

1521 2666 1611 2706 iungi
1634 2666 1760 2696 mulieri
1790 2671 1915 2706 praeter
1944 2667 2196 2697 matrimonium.
2231 2666 2317 2707 Ergo
2348 2672 2459 2697 contra
2488 2667 2594 2707 legem

1521 2716 1652 2742 naturae
1677 2716 1723 2741 est
1747 2711 1962 2741 concubinam
1987 2711 2114 2741 habere.

1576 2756 1767 2786 Raspounno
1791 2765 1951 2786 mcanmm
1975 2755 2065 2796 quod
2088 2755 2141 2786 illa
2164 2756 2249 2786 actio
2266 2756 2382 2786 dicitur
2397 2765 2466 2787 esse
2482 2761 2594 2787 contra

1520 2801 1626 2841 legem
1649 2805 1780 2830 naturae
1805 2809 1888 2840 quae
1911 2809 1979 2831 non
2003 2805 2050 2830 est
2073 2801 2270 2831 conveniens
2298 2799 2355 2831 fini
2379 2799 2502 2837 debito,
2526 2801 2593 2831 sive

1521 2845 1597 2886 quia
1621 2854 1688 2874 non
1712 2843 1877 2875 ordinatur
1899 2845 1932 2875 in
1956 2845 2063 2884 ipsum
2091 2854 2149 2884 per
2172 2845 2333 2875 actionem
2364 2845 2502 2885 agentis,
2526 2845 2593 2876 sive

1522 2890 1597 2930 quia
1621 2889 1660 2919 de
1676 2898 1710 2919 se
1727 2895 1773 2919 est
1788 2890 2078 2929 improportionata
2101 2889 2146 2920 illi
2170 2889 2236 2920 fini.
2261 2889 2349 2920 Finis
2369 2895 2477 2920 autem
2493 2898 2592 2930 quem

1521 2940 1633 2965 natura
1649 2943 1687 2964 ex
1704 2934 1880 2964 concubitu
1903 2933 2049 2970 intendit,
2067 2939 2113 2964 est
2129 2934 2236 2974 proles
2251 2933 2450 2974 procreanda
2466 2939 2497 2964 et
2514 2933 2592 2964 edu-

1521 2978 1640 3010 canda:
1667 2983 1698 3008 et
1714 2983 1749 3008 ut
1764 2978 1827 3008 hoc
1844 2978 1973 3008 bonum·
1989 2984 2203 3018 quaereretur,
2220 2978 2330 3018 posuit
2345 2977 2591 3009 delectationem

1520 3024 1554 3054 in
1566 3023 1665 3059 coitu,
1678 3028 1714 3053 ut
1726 3022 1984 3053 Constantinus*
2000 3022 2085 3053 dicit.
2103 3022 2312 3063 Quicumque
2325 3031 2401 3062 ergo
2414 3023 2591 3054 concubitu
2619 3022 2629 3052 .·

1520 3069 1621 3099 utitur
1647 3072 1779 3107 propter
1801 3067 2048 3097 delectationem
2078 3076 2160 3107 quae
2183 3068 2216 3097 in
2240 3068 2311 3108 ipso
2335 3072 2395 3103 est,
2419 3076 2487 3097 non
2510 3066 2592 3098 refe-

1521 3111 1623 3143 rendo
1646 3112 1679 3142 in
1703 3111 1803 3142 finem
1827 3121 1844 3141 a
1867 3117 1979 3142 natura
2002 3112 2172 3147 intentum,
2198 3116 2309 3142 contra
2332 3117 2478 3142 naturam
2501 3111 2590 3143 facit:

1522 3162 1554 3188 et
1576 3156 1720 3186 similiter
1750 3156 1846 3186 etiam
1876 3156 1937 3186 nisi
1968 3156 2007 3186 sit
2037 3156 2108 3186 talis
2137 3156 2329 3186 concubitus
2358 3156 2415 3196 qui
2438 3155 2478 3186 ad
2500 3156 2592 3187 illum

1521 3201 1621 3232 finem
1645 3201 1874 3231 convenienter
1897 3200 2035 3231 ordinari
2058 3200 2169 3240 possit.
2195 3199 2236 3230 Et
2251 3200 2326 3240 quia
2345 3209 2394 3230 res
2411 3210 2428 3230 a
2443 3199 2509 3231 fine
2524 3201 2593 3241 ple-

1521 3254 1660 3286 rumque
1676 3245 1886 3275 nominantur
1898 3250 2053 3285 tanquam
2070 3245 2109 3274 ab
2119 3244 2252 3284 ¹0ptim0
2261 3245 2288 3280 *‚
2306 3245 2388 3275 sicut
2404 3245 2592 3277 coniunctio

1522 3290 1723 3321 matrimonii
1738 3299 1756 3319 a
1772 3289 1870 3330 prolis
1886 3289 1974 3319 bono
1990 3297 2113 3319 nomen
2129 3289 2252 3329 accepit
2264 3289 2290 3325 *,
2308 3288 2398 3329 quod
2413 3299 2471 3330 per
2485 3290 2593 3320 matri—

404 3326 438 3355 in
462 3335 574 3357 omnes
602 3334 711 3368 gentes
738 3330 890 3369 spirituali
921 3333 1151 3372 propagatione
1180 3333 1313 3364 diffusus
1338 3340 1394 3365 est.
1428 3335 1469 3365 Et
1482 3347 1509 3368 70
1522 3335 1671 3365 monium
1705 3333 1921 3374 principaliter
1953 3333 2134 3373 quaeritur;
2167 3333 2210 3363 ita
2243 3334 2442 3364 concubinae
2470 3343 2591 3365 nomen

405 3369 478 3400 ideo
502 3380 569 3401 non
592 3378 638 3402 est
661 3372 773 3403 eadem
802 3375 881 3403 ratio
913 3374 1155 3414 dispensationis
1186 3387 1269 3417 quae
1300 3384 1366 3408 erat
1395 3384 1468 3409 ante

408 3412 523 3444 Christi
546 3415 728 3452 adventum,
745 3417 874 3456 quando
899 3419 1002 3449 cultus
1019 3420 1079 3450 Dei
1098 3422 1212 3452 carnali
1238 3423 1468 3464 propagatione

407 3457 675 3497 multiplicabatur
698 3465 729 3490 et
752 3461 1005 3493 conservabatur.

1522 3379 1608 3409 illam
1626 3378 1891 3409 coniunctionem
1907 3377 2055 3418 exprimit
2071 3386 2135 3418 qua
2151 3377 2239 3408 solus
2256 3378 2448 3409 concubitus
2461 3383 2593 3419 propter

1523 3424 1664 3463 seipsum
1688 3422 1860 3462 quaeritur.

1579 3467 1620 3497 Et
1635 3467 1661 3497 si
1677 3467 1772 3497 etiam
1797 3465 1910 3506 aliquis
1935 3465 2132 3506 quandoque
2151 3475 2188 3496 ex
2204 3466 2258 3497 tali
2275 3467 2450 3497 concubitu
2465 3467 2592 3508 prolem

462 3501 512 3551 Ap
538 3512 676 3532 oumrxm
705 3513 865 3534 mesanum
895 3506 983 3544 quod
1014 3508 1119 3546 proles
1150 3509 1238 3549 quod
1269 3515 1315 3540 est
1345 3511 1469 3541 bonum
1524 3516 1671 3551 quaerat,
1695 3519 1763 3541 non
1786 3515 1894 3540 tamen
1919 3516 1966 3541 est
1989 3511 2184 3541 conveniens
2209 3510 2248 3541 ad
2271 3511 2370 3551 prolis
2392 3511 2533 3547 bonum,
2557 3512 2591 3542 in

406 3547 619 3582 matrimonii,
653 3547 786 3577 includit
818 3547 915 3578 fidem
944 3549 983 3579 ad
1015 3551 1120 3582 Deum
1152 3554 1358 3584 servandam:
1395 3556 1470 3594 quia
1483 3567 1507 3588 75
1524 3565 1591 3596 quo
1615 3565 1683 3586 non
1711 3555 1818 3585 solum
1846 3554 2031 3595 intelligitur
2058 3555 2158 3595 ipsius
2186 3556 2380 3595 procreatio,
2407 3564 2465 3596 per
2493 3564 2591 3596 quam

2618 834 2628 844 ·
2643 833 2667 854 Β.
2685 833 2775 865 Alpem
2797 832 2831 855 w

2616 859 2690 908 Sentg
2697 860 2832 888 dist-xxxin,

2617 890 2703 963 {32⁶5
2718 919 2768 942 ap.
2783 919 2833 941 m,

2618 1329 2630 1339 ·
2643 1326 2712 1350 Vm.
2725 1332 2764 1356 ⁸9.

2619 1555 2833 1579 ‘Delmatiae-

2617 1585 2666 1632 31ιὲ-
2681 1583 2722 1606 lib.
2736 1583 2765 1610 11,
2780 1589 2833 1612 cap.

2619 1691 2631 1701 ⁰
2644 1689 2680 1712 Cf.
2693 1688 2770 1712 Tacit.
2784 1689 2835 1712 An-

2618 1716 2668 1739 nal.
2682 1715 2712 1744 V,
2726 1722 2749 1745 9.

2873 1593 2878 1613 ,..
2873 1522 2878 1584 ...ι-
2871 1422 2878 1515 eur»-..-

2619 2089 2630 2100 ·
2637 2087 2734 2117 cnmg.
2741 2087 2768 2114 L,
2775 2093 2836 2114 xvn,
2875 2072 2878 2127 j

2619 2114 2650 2137 de
2663 2114 2758 2137 oben.
2772 2114 2835 2143 Reg.

2617 2141 2777 2170 IurisAntiq„
2786 2147 2833 2169 reg.
2873 2143 2878 2147 ’

2619 2174 2834 2217 ff'Cf-AristotJ’o-
2874 2216 2878 2225 ,

2619 2221 2655 2243 m.
2666 2221 2705 2244 lib.
2716 2222 2733 2247 Ι,
2745 2227 2796 2248 cup.
2807 2227 2834 2248 n,

2619 2254 2643 2271 n.
2650 2256 2674 2275 4,
2680 2248 2703 2276 ⁶,
2709 2253 2730 2277 7.
2739 2260 2748 2265 -
2756 2247 2833 2271 8.ΊἸι.
2876 2245 2878 2266 ἶ

2620 2275 2671 2297 lect.
2687 2281 2712 2297 ιι.

2620 2312 2630 2322 ·
2645 2310 2712 2333 vm.
2726 2317 2750 2336 4.

2621 2443 2718 2467 ‘efluunt
2721 2444 2838 2467 moeridi-

2619 2471 2658 2499 cti,
2667 2470 2833 2499 enimuxll,

2619 2504 2659 2526 qu.
2675 2504 2705 2521 iv.

2620 2585 2630 2595 ⁸
2653 2582 2749 2612 unqu.
2777 2578 2878 2614 κιι,ξ

2619 2613 2662 2632 m.
2677 2617 2699 2634 ί.

2620 3252 2631 3262 ·
2644 3250 2680 3274 cr.
2694 3232 2792 3282 Ari-2162.
2802 3235 2835 3274 a}

2619 3277 2778 3336 afflasti:
2794 3278 2831 3333 ,ἷξε

2621 3331 2702 3386 ἳοῖἳε.
2718 3331 2771 3380 Τιὲἷ·
2783 3337 2832 3386 ι’ῗιί

2619 3390 2646 3406 cn
2664 3399 2670 3407 .
2686 3390 2734 3411 vm.
2749 3390 2773 3407 ιι.
2788 3390 2810 3406 a.

2621 3413 2630 3422 ·
2656 3411 2871 3440 ’.ηψπ-ιν,-

2619 3440 2697 3461 Ιηιξι
2784 3471 2786 3473 ,
