2918 4088
81 531 146 559 ‘Qu.
151 537 219 558 mv,
227 534 293 558 arm,

81 557 215 606 geminent.
229 563 293 579 num.

80 835 153 864 ’.Ωιι
167 841 237 864 mv,
249 840 292 858 art.

21 851 24 854 ⁴
79 869 104 891 ⁴⁸
119 862 148 885 *Δ
161 868 184 892 3·

80 971 91 982 ·
103 969 137 992 IV
150 970 225 997 Sext„
238 969 292 992 diet.

25 998 28 1016 ἴ
79 1002 121 1024 ιιι,
135 1002 176 1025 qu.
190 1002 221 1018 nv.

53 1120 140 1166 '’t'z
159 1147 278 1165 uum-vn.

969 190 1231 236 QUAESTIO
1260 188 1451 235 LXXVII,
1480 189 1772 227 ARTICULUS
1800 191 1849 227 VI

320 276 412 307 quae,
437 266 614 297 secundum
638 267 787 297 Auctoris
811 267 998 304 doctrinam,
1019 274 1154 308 possunt
1169 278 1225 308 per
1241 268 1380 298 divinam

321 311 588 351 omnipotentiam
603 310 681 341 fieri.
699 311 836 351 Oportet
851 312 1008 352 siquidem
1024 322 1203 343 memorem
1218 321 1286 342 esse
1302 321 1380 341 con-

320 354 495 385 suetudinis
510 355 670 385 Auctoris.
691 355 867 386 Consuevit
882 356 1040 396 siquidem
1055 357 1089 387 in
1105 356 1249 396 quolibet
1263 364 1380 395 genere

319 398 412 439 loqui
435 403 466 428 et
487 398 628 428 iudicare
652 404 682 429 et
705 409 841 430 asserere
864 400 1042 431 secundum
1058 399 1203 430 ordinem
1226 399 1310 430 illius
1325 408 1380 438 ge-

319 442 413 472 neris.
437 441 478 472 Et
499 448 679 482 propterea,
699 452 774 473 cum
789 449 939 474 tractetur
953 445 1005 474 hic
1021 443 1061 474 de
1076 443 1288 478 sacramentis,
1305 451 1379 482 pos-

320 486 410 516 sibile
432 486 483 516 vel
505 487 703 526 impossibile
726 493 834 518 censet
857 493 888 518 et
910 489 1018 518 asserit
1041 487 1218 518 secundum
1235 486 1380 517 ordinem

320 530 600 566 sacramentalem,
631 536 667 561 ut
690 532 784 562 etiam
810 532 956 572 superius
971 533 988 549 *²
1012 531 1158 562 diximus.
1195 529 1380 561 Secundum

321 582 420 614 quem
435 573 582 604 ordinem
598 574 713 605 dicitur
729 575 818 615 quod
834 575 1042 606 annihilatum
1057 585 1125 606 non
1140 579 1247 614 potest
1261 573 1362 604 redire
1371 584 1379 610 ;

321 622 353 648 et
375 617 518 648 similiter
548 617 637 658 quod
660 628 777 659 corpus
801 618 918 650 Christi
947 629 1015 650 non
1041 624 1148 659 potest
1174 618 1317 648 converti
1347 617 1380 647 in

320 662 528 692 substantiam
551 663 642 702 panis
665 667 696 693 et
718 663 794 693 vini.
829 662 904 693 Non
927 663 968 693 sis
991 672 1066 703 ergo
1090 662 1244 692 sollicitus
1274 667 1310 691 ut
1332 670 1381 691 re-

321 705 479 745 spondeas
503 705 726 736 obiicientibus
748 707 883 737 Auctori
906 706 995 746 quod
1018 705 1213 737 contradicat
1227 705 1302 740 sibi;
1327 710 1382 735 aut

321 749 411 789 quod
433 750 594 780 abbreviet
609 749 749 780 divinam
765 750 1044 790 omnipotentiam,
1060 755 1214 789 tanquam
1230 747 1381 779 deficien-

320 799 386 823 tem
415 793 448 823 in
475 794 619 833 potentia
650 794 835 824 conversiva
865 795 1008 834 corporis
1042 793 1159 824 Christi
1188 794 1222 823 in
1252 801 1380 832 panem.

320 837 441 868 Docuit
471 837 558 867 enim
583 837 707 867 Auctor
736 838 882 877 superius
897 839 914 854 ⁴*
940 847 1035 878 posse
1058 837 1165 867 Deum
1196 841 1381 866 convertere

321 880 552 921 quodcumque
575 890 632 910 ens
656 886 798 911 creatum
820 882 854 912 in
878 881 1110 921 quodcumque
1126 879 1212 910 aliud
1228 884 1380 915 creatum,

319 929 451 965 propter
473 924 739 954 communionem
762 925 796 954 in
819 925 948 955 entitate
972 930 1084 960 creata,
1102 929 1161 954 etc.

373 967 412 998 V.
438 967 531 998 Circa
553 967 713 1007 praedicta
736 973 879 1008 superest
902 968 1007 999 adhuc
1030 967 1183 1004 dubium,
1209 978 1226 997 a
1249 967 1348 998 Scoto
1364 968 1381 984 *

317 1016 497 1047 tractatum,
522 1012 604 1042 circa
626 1011 869 1042 rarefactionem
891 1013 1071 1052 specierum
1087 1012 1379 1042 sacramentalium:

318 1065 359 1086 an
381 1056 502 1086 scilicet
530 1064 616 1085 nova
637 1055 692 1086 illa
714 1057 892 1096 quantitas,
923 1065 981 1087 seu
1005 1056 1188 1096 quantitatis
1214 1055 1380 1095 particula,

318 1109 402 1140 quae
424 1109 482 1140 per
495 1098 737 1130 rarefactionem
752 1099 798 1136 fit,
822 1101 861 1130 sit
875 1100 1058 1131 naturaliter
1073 1110 1092 1130 a
1106 1100 1241 1130 naturali
1256 1105 1379 1139 agente.

318 1143 461 1184 Apparet
476 1144 563 1174 enim
574 1143 638 1173 hoc
650 1144 847 1184 impossibile
860 1144 976 1175 *.Tum
989 1154 1027 1174 ex
1038 1149 1127 1184 parte
1140 1144 1283 1174 actionis.
1296 1143 1382 1181 Quia

317 1187 407 1218 nulla
429 1188 512 1218 actio
535 1187 685 1218 naturalis
708 1188 829 1228 agentis
852 1193 899 1219 est
914 1189 981 1219 sine
1005 1189 1160 1219 subiecto.
1183 1187 1381 1218 Huiusmodi

318 1235 426 1262 autem
449 1231 543 1266 actim
568 1240 632 1271 qua
654 1231 691 1262 fit
711 1241 797 1262 nova
821 1233 994 1272 quantitas,
1019 1237 1066 1263 est
1088 1232 1156 1262 sine
1179 1232 1335 1262 subiecto.

371 1275 460 1306 Tum
483 1285 522 1306 ex
544 1281 633 1316 parte
655 1276 702 1306 rei
724 1281 822 1307 actae.
854 1276 940 1314 Quia
968 1277 1096 1307 nullum
1119 1285 1215 1316 agens
1237 1276 1380 1307 naturale

316 1319 467 1360 producit
488 1319 626 1353 formam
649 1320 718 1351 sine
741 1321 886 1351 subiecto
909 1321 1056 1352 omnino.
1079 1320 1248 1358 Quantitas
1272 1326 1380 1352 autem

316 1363 371 1394 illa
393 1364 529 1394 omnino
553 1369 638 1394 caret
659 1365 815 1395 subiecto.

373 1407 460 1438 Tum
480 1417 519 1438 ex
541 1413 629 1448 parte
646 1408 775 1439 ordinis.
800 1409 885 1447 Quia
908 1414 976 1439 tota
998 1410 1105 1440 raritas
1121 1414 1168 1440 est
1182 1418 1240 1449 per
1262 1419 1296 1440 se
1318 1414 1380 1440 ter-

316 1452 424 1482 minus
446 1452 530 1482 illius
553 1452 756 1489 alterationis,
779 1453 899 1483 habens
922 1463 981 1494 pro
1005 1453 1137 1493 proprio
1162 1453 1306 1484 subiecto
1330 1459 1380 1483 to-

316 1500 383 1526 tam
398 1495 618 1537 quantitatem,
641 1496 724 1526 sicut
739 1506 810 1536 pars
825 1502 958 1537 partem.
983 1497 1068 1537 Ergo
1085 1502 1152 1527 tota
1167 1497 1274 1527 raritas
1289 1495 1393 1538 prae-'

267 1579 269 1582 v
315 1540 471 1580 supponit
492 1544 595 1570 totam
618 1541 837 1580 quantitatem.
862 1541 948 1581 Ergo
972 1542 1026 1572 illa
1041 1542 1200 1581 quantitas
1222 1546 1270 1571 est
1291 1542 1380 1581 prius

35 2414 37 2419 '
77 2418 201 2442 'Ariston
212 2418 291 2442 Meta·

35 2466 38 2469 .
74 2445 146 2475 plays.
169 2445 211 2468 lib.
230 2444 291 2473 vn,

75 2461 291 2526 affixae

4 3110 6 3140 ῗ
19 3129 22 3132 ·
36 3114 39 3115 ’
78 3121 290 3147 'vid-&nme

33 3163 40 3166 ⁴-
78 3148 213 3178 ctist-bon
220 3153 290 3173 nrt-¹.

77 3276 90 3288 ·
100 3274 188 3304 Lib-V,
198 3281 248 3304 etp.
259 3281 291 3297 iv.
338 3252 358 3289 ῙᾸ

315 1583 499 1615 naturaliter
521 1584 624 1614 maior
653 1593 751 1624 quam
777 1585 836 1615 ista
858 1586 966 1615 raritas
998 1586 1037 1616 sit
1058 1585 1199 1616 inducta.
1234 1585 1310 1616 Non
1334 1591 1381 1616 est

316 1636 393 1668 ergo
416 1628 576 1667 quantitas
598 1627 652 1658 illa
674 1628 713 1658 ab
737 1634 850 1668 agente
873 1629 1018 1659 naturali.

371 1671 458 1702 Tum
483 1681 520 1702 ex
543 1677 631 1711 parte
654 1673 775 1712 agentis
803 1673 963 1703 naturalis.
998 1673 1084 1711 Quia
1114 1683 1210 1713 agens
1237 1674 1380 1704 naturale

315 1715 499 1747 naturaliter
520 1715 653 1756 requirit
674 1716 798 1756 patiens
824 1722 861 1747 ut
884 1726 1092 1748 con-causam
1114 1718 1310 1748 materialem
1331 1727 1381 1748 re-

316 1759 475 1800 ceptivam
496 1757 619 1790 formae
640 1768 699 1790 seu
722 1765 810 1790 actus
834 1761 890 1801 qui
911 1760 958 1792 fit.
989 1761 1065 1792 Non
1089 1767 1135 1792 est
1158 1771 1234 1802 ergo
1258 1762 1380 1802 absque

315 1804 471 1834 miraculo
494 1813 582 1834 novo
607 1803 696 1844 quod
719 1813 815 1844 agens
833 1805 976 1836 naturale
999 1811 1070 1846 agat
1084 1806 1152 1836 sine
1168 1807 1308 1841 materia,
1325 1811 1380 1836 aut

316 1857 392 1878 cum
414 1848 640 1878 vice-materia.

370 1891 412 1922 Et
427 1891 592 1922 concludit
607 1891 722 1922 Scotus
739 1898 888 1932 oportere
905 1893 1010 1924 dicere
1033 1894 1084 1924 vel
1108 1893 1198 1934 quod
1221 1896 1380 1934 quantitas

315 1936 375 1966 ista
404 1945 472 1966 non
495 1936 534 1966 sit
565 1936 603 1966 ab
627 1941 740 1976 agente
764 1942 887 1967 creato:
915 1938 967 1968 vel
994 1937 1084 1978 quod
1114 1947 1210 1978 agens
1237 1945 1380 1969 creatum

315 1980 418 2020 possit
441 1989 533 2020 agere
565 1980 633 2010 sine
656 1989 750 2020 passo
781 1981 814 2011 in
838 1981 927 2021 quod
950 1987 1030 2022 agat.
1066 1982 1107 2012 Et
1134 1983 1289 2022 quoniam
1316 1984 1379 2013 hoc

315 2023 495 2054 secundum
517 2023 642 2054 videtur
665 2023 825 2055 destruere
848 2024 1056 2056 fundamenta
1077 2026 1302 2066 philosophiae
1323 2037 1380 2057 na-

316 2067 426 2098 turalis
440 2068 468 2103 ³²,
490 2068 525 2098 in
547 2068 690 2107 primum
713 2067 860 2099 declinat.

370 2111 425 2142 Vl.
449 2111 530 2141 Mihi
552 2117 676 2148 autem,
700 2113 851 2143 Auctoris
873 2114 1004 2153 vestigia
1027 2114 1176 2150 sectanti,
1204 2120 1379 2155 utrumque

283 2137 290 2196 ζ
316 2154 408 2186 facile
431 2155 615 2186 evitandum
639 2162 779 2197 apparet,
803 2156 944 2187 tenendo
964 2157 1054 2197 quod
1069 2158 1255 2189 huiusmodi
1271 2165 1379 2189 exten-

316 2199 365 2229 sio
389 2200 572 2239 quantitatis
603 2200 647 2230 sic
670 2200 709 2230 ab
733 2205 846 2240 agente
871 2202 1008 2232 naturali
1038 2201 1074 2232 fit
1104 2202 1380 2242 quemadmodum

316 2241 406 2274 fieret
429 2244 454 2273 si
478 2253 631 2274 conversa
654 2244 827 2274 substantia
850 2246 1002 2276 subesset.
1027 2246 1091 2276 Ubi
1114 2247 1204 2282 scito,
1222 2256 1259 2277 ex
1274 2247 1380 2287 philo-

316 2287 429 2339 sophia
451 2287 668 2327 Peripatetica,
692 2287 782 2328 quod
801 2298 868 2319 non
885 2298 982 2319 omne
1006 2289 1096 2329 quod
1119 2290 1315 2331 quandoque
1335 2297 1381 2322 est

316 2336 349 2362 et
371 2327 567 2373 quandoque
590 2341 659 2363 non
682 2338 738 2368 est,
762 2333 858 2363 habet
873 2343 969 2363 suum
983 2334 1152 2374 proprium
1168 2334 1246 2365 fieri.
1274 2335 1380 2371 Quae-

412 2375 500 2406 enim
521 2381 599 2406 sunt
619 2381 651 2406 et
673 2385 737 2406 non
760 2381 837 2407 sunt
865 2377 983 2417 absque
1005 2387 1043 2408 eo
1067 2377 1154 2418 quod
1182 2385 1381 2420 generentur

316 2423 349 2449 et
361 2416 652 2470 oorrumWr‘,
666 2421 822 2460 quoniam
837 2427 1080 2461 consequuntur
1095 2423 1334 2462 generationem
1350 2429 1382 2454 et

315 2463 559 2514 corruptionem
581 2464 728 2495 aliorum.
763 2465 804 2496 Et
833 2464 874 2495 de
904 2474 1019 2496 eorum
1050 2475 1187 2498 numero
1219 2473 1267 2497 est
1295 2477 1381 2498 nova

317 2507 500 2547 quantitatis
529 2517 601 2548 pars
631 2517 714 2548 quae
744 2518 802 2549 per
828 2509 1072 2541 rarefactionem
1098 2510 1144 2541 fit.
1180 2510 1267 2542 Cum
1293 2513 1381 2543 enim

315 2550 430 2582 vinum
451 2549 566 2588 rarefit‚
589 2551 777 2584 rarefaciens
797 2559 929 2593 generat
951 2555 1128 2591 raritatem;
1154 2560 1194 2591 et,
1218 2556 1306 2586 nulla
1321 2556 1382 2587 alia

317 2595 444 2626 actione
466 2595 712 2633 interveniente,
739 2597 846 2628 raritas
868 2598 922 2628 illa
945 2597 1004 2628 fert
1027 2608 1138 2629 secum
1162 2600 1382 2631 extensionem

318 2639 518 2679 quantitatis:
550 2645 582 2670 et
603 2649 672 2670 non
692 2645 769 2671 sunt
789 2641 835 2671 ibi
861 2641 943 2672 duae
966 2643 1125 2679 actiones,
1157 2652 1294 2684 quarum
1316 2654 1383 2675 una

316 2683 475 2723 producat
496 2684 666 2720 raritatem,
683 2690 715 2715 et
730 2685 826 2715 altera
842 2685 989 2717 extendat
1005 2688 1225 2727 quantitatem.
1249 2688 1291 2719 Et
1306 2697 1382 2729 pro-

316 2733 426 2768 pterea
449 2729 608 2768 quantitas
629 2737 715 2759 nova
738 2734 785 2760 est
800 2729 920 2770 absque
935 2731 999 2761 hoc
1015 2730 1105 2771 quod
1119 2731 1185 2768 fiat,
1201 2732 1382 2764 secundum

2413 206 2482 232 201

1433 276 1540 297 veram
1563 268 1812 307 philosophiam.
1837 268 1878 298 Et
1901 270 1995 299 simili
2018 270 2116 300 modo
2141 273 2261 310 species
2284 273 2349 302 vini
2372 273 2405 302 in
2425 273 2490 302 Eu-

1434 311 1579 341 charistia
1601 312 1626 341 si
1650 322 1668 341 a
1691 312 1759 342 sole
1782 313 1832 342 vel
1855 313 1928 352 igne
1952 313 2106 349 rarefiant,
2132 315 2315 345 extendetur
2334 318 2490 355 quantitas

1435 355 1639 385 consecutive
1663 365 1680 385 a
1703 355 1916 386 rarefaciente.

1486 399 1554 429 VII.
1570 398 1622 429 Ad
1636 400 1772 439 primam
1788 405 1895 429 autem
1912 400 2126 430 obiectionem
2142 402 2175 431 in
2191 403 2375 442 oppositum
2388 405 2414 439 *‚
2427 405 2490 434 iarn

1433 448 1541 482 patere
1564 448 1670 482 potest
1693 444 1876 483 responsio:
1902 443 1990 482 quod
2013 444 2100 473 nulla
2117 450 2162 474 est
2179 455 2260 484 opus
2276 447 2400 477 actione
2424 449 2490 477 sine

1434 487 1588 517 subiecto.
1613 487 1777 524 Quoniam
1793 487 1860 517 sola
1874 486 2037 517 rarefactio
2055 487 2184 518 sufficit:
2205 489 2368 520 rarefactio
2385 496 2490 521 autern

1435 536 1481 561 est
1503 531 1677 561 subiective
1699 531 1733 561 in
1757 531 1942 571 quantitate,
1966 531 2000 560 in
2024 540 2087 570 qua
2111 537 2156 561 est
2179 533 2295 562 raritas.

1487 574 1540 605 Ad
1562 574 1736 605 secundam
1756 584 1832 605 vero
1857 584 1895 605 ex
1911 574 2024 604 eadem
2039 574 2143 605 radice
2166 576 2376 615 respondetur
2392 577 2490 616 quod,

1434 619 1508 649 licet
1531 618 1634 649 forma
1657 628 1740 659 quae
1763 618 1800 648 fit
1822 619 1860 648 ab
1885 624 1997 658 agente
2020 619 2171 655 naturali,
2196 619 2250 649 fiat
2271 621 2305 649 in
2331 621 2491 657 subiecto;

1434 662 1524 702 quod
1546 668 1653 692 tamen
1677 663 1885 702 consequitur
1908 671 1946 692 ex
1961 662 2086 692 actione
2104 664 2223 702 agentis
2239 664 2397 700 naturalis,
2415 674 2492 695 eun—

1434 706 1508 736 dem
1531 711 1637 746 potest
1659 706 1795 736 modum
1812 705 1936 736 essendi
1951 706 2066 736 habere
2091 715 2188 746 quem
2204 707 2298 737 habet
2314 709 2492 738 subiectum

1433 751 1467 780 in
1491 750 1580 790 quod
1603 750 1664 780 tale
1688 760 1783 790 agens
1806 750 1879 790 agit.
1907 750 1949 780 Et
1970 755 2156 789 propterea,
2181 751 2206 780 si
2230 751 2387 790 quantitas
2411 761 2493 791 quae

1433 793 1640 824 rarefactione
1664 793 1858 830 extenditur,
1887 798 1934 824 est
1956 794 1989 823 in
2012 794 2175 830 subiecto,
2199 804 2284 824 nova
2307 796 2400 825 etiam
2423 805 2493 835 par-

1433 837 1529 867 ticula
1553 838 1610 867 erit
1633 839 1667 868 in
1689 838 1851 874 subiect0;
1880 843 1911 867 et
1934 837 2086 873 similiter,
2110 838 2136 867 si
2160 839 2317 877 quantitas
2342 848 2423 878 quae
2446 850 2493 870 ra-

1433 880 1607 911 refactione
1631 881 1826 917 extenditur,
1857 891 1924 911 non
1948 887 1994 911 est
2020 882 2054 911 in
2077 882 2239 917 subiecto,
2263 882 2319 912 sed
2342 888 2388 912 est
2410 884 2494 914 vice-

1434 925 1632 961 subiectum‚
1664 925 1818 965 particula
1849 934 1981 965 quoque
2010 935 2094 956 nova
2118 926 2175 955 erit
2202 926 2268 956 sine
2292 927 2436 957 subiecto
2464 934 2494 958 et

1434 970 1717 1005 vice-subiectum;
1753 970 1908 1009 quoniam
1932 970 2090 1009 quantitas
2114 975 2160 999 est
2182 970 2305 1009 patiens
2328 971 2361 1000 in
2384 971 2494 1002 huius-

1433 1012 1523 1043 modi
1547 1013 1741 1043 alteratione.
1765 1031 1788 1035 —
1810 1013 1879 1043 Nec
1908 1013 2064 1053 intelligas
2094 1014 2282 1053 particulam
2312 1016 2494 1054 quantitatis

1433 1067 1552 1088 novam
1576 1067 1643 1088 esse
1666 1058 1734 1087 sine
1758 1057 1901 1087 subiecto
1926 1067 1964 1087 ex
1986 1067 2073 1087 novo
2097 1058 2269 1094 miraculo,
2297 1058 2348 1088 vel
2371 1068 2409 1088 ex
2431 1060 2494 1090 hoc

1435 1101 1524 1142 quod
1540 1102 1745 1132 continuatur
1760 1101 1928 1141 quantitati
1943 1102 2180 1141 praeexistenti:
2201 1101 2256 1132 sed
2272 1112 2309 1132 ex
2326 1103 2388 1133 hoc
2406 1104 2494 1143 quod
2535 1097 2539 1101 ⁴

1435 1145 1580 1176 educitur
1603 1145 1643 1176 de
1665 1146 1809 1186 potentia
1828 1145 2035 1175 dimensionis
2051 1146 2296 1182 vice-materiae,
2320 1148 2388 1186 ipsa
2410 1148 2494 1178 vice-

1433 1190 1564 1220 materia
1586 1195 1804 1230 permanente.
1828 1189 1877 1219 Ex
1899 1190 1931 1219 vi
1954 1189 2112 1229 siquidem
2131 1190 2225 1230 primi
2243 1191 2396 1227 miraculi,
2413 1192 2495 1222 sicut

1434 1233 1544 1265 datum
1568 1239 1614 1264 est
1637 1234 1805 1274 quantitati
1827 1243 1895 1263 non
1919 1233 2025 1264 solum
2048 1235 2203 1265 sustinere
2221 1236 2398 1274 praesentia
2413 1236 2494 1266 acci-

1434 1277 1550 1314 dentia,
1575 1277 1631 1308 sed
1649 1278 1745 1308 etiam
1761 1278 1870 1308 omnia
1885 1277 2049 1318 possibilia
2065 1278 2158 1308 educi
2174 1279 2213 1309 de
2229 1279 2401 1309 substantia
2417 1289 2494 1310 con-

1433 1332 1522 1353 versa
1552 1323 1621 1362 ipsa
1649 1327 1816 1358 manente;
1851 1322 1894 1352 ita
1918 1321 2027 1352 datum
2052 1331 2120 1352 esse
2143 1328 2271 1363 oportet
2296 1328 2331 1353 ut
2354 1329 2494 1363 separata

1435 1367 1545 1397 existat
1561 1371 1861 1407 quantumcumque
1877 1371 2005 1396 extensa
2021 1371 2139 1406 quanta
2154 1366 2278 1397 afficere
2293 1373 2401 1406 posset
2417 1377 2494 1398 con-

1433 1420 1558 1441 versam
1580 1411 1789 1441 substantiam
1812 1411 1838 1440 si
1861 1410 2013 1440 subesset.
2048 1409 2158 1446 Unde,
2180 1412 2206 1440 si
2229 1412 2351 1451 species
2373 1412 2439 1442 vini
2461 1413 2494 1442 in

1433 1460 1559 1486 tanturn
1585 1453 1744 1484 rarefieret
1771 1459 1807 1484 ut
1830 1455 1896 1484 vini
1922 1454 2095 1485 substantia
2126 1460 2245 1486 tantam
2276 1456 2494 1486 extensionem

1433 1509 1501 1530 non
1524 1498 1678 1535 sufferret,
1703 1498 1859 1529 desineret
1882 1504 2130 1535 sacramentum,
2156 1505 2186 1529 et
2213 1509 2297 1529 nova
2323 1500 2495 1530 substantia

1433 1548 1646 1583 generaretur.

1488 1587 1541 1618 Ad
1568 1588 1694 1618 tertiam
1724 1587 1838 1618 dicitur
1866 1586 1955 1627 quod
1978 1586 2059 1617 ordo
2086 1594 2217 1618 naturae
2245 1593 2291 1617 est
2318 1588 2494 1628 multiplex,

1433 1632 1522 1662 iuxta
1543 1631 1711 1672 multiplex
1728 1641 1895 1662 causarum
1910 1641 2022 1671 genus·
2046 1631 2088 1662 Et
2109 1637 2288 1672 propterea,
2305 1631 2379 1662 licet
2394 1641 2494 1672 quan-

1433 1677 1515 1712 titas,
1539 1676 1605 1706 sive
1625 1685 1710 1706 nova
1725 1676 1791 1705 sive
1808 1676 1948 1715 antiqua,
1972 1676 2011 1705 sit
2026 1675 2204 1706 secundum
2221 1675 2366 1706 ordinem
2383 1685 2494 1707 causae

1433 1720 1604 1750 materialis
1626 1721 1714 1760 prior
1729 1719 1864 1755 raritate,
1888 1725 1924 1749 ut
1941 1720 2097 1760 recipiens
2113 1721 2200 1760 prius
2217 1719 2331 1750 dicitur
2346 1726 2494 1760 recept03

1434 1764 1612 1795 secundum
1635 1769 1743 1794 tamen
1766 1762 1913 1794 ordinem
1930 1773 2043 1794 causae
2066 1769 2131 1794 tam
2146 1763 2248 1798 finalis
2265 1773 2362 1804 quam
2378 1763 2496 1795 forma—

1433 1809 1471 1838 lis
1502 1818 1601 1849 quam
1631 1808 1768 1848 agentis,
1799 1808 1907 1838 raritas
1938 1813 1984 1838 est
2006 1809 2109 1848 prior:
2141 1809 2228 1848 prius
2252 1809 2338 1838 enim
2360 1808 2496 1838 intendit

1432 1852 1620 1883 rarefaciens
1642 1852 1802 1882 raritatem
1825 1861 1922 1891 quam
1941 1853 2160 1882 extensionem
2176 1853 2457 1882 concomitantem.
2472 1871 2496 1875 —

1433 1897 1502 1927 Nec
1525 1902 1572 1927 est
1594 1906 1706 1926 verum
1729 1896 1914 1936 simpliciter
1929 1901 1960 1926 et
1975 1896 2119 1926 absolute
2143 1895 2231 1936 quod
2247 1895 2421 1932 rarefactio,
2438 1906 2494 1926 seu

1433 1942 1541 1970 raritas
1558 1950 1640 1980 quae
1657 1939 1702 1976 fit,
1715 1945 1953 1980 praesupponat
1967 1941 2123 1970 maiorem
2140 1941 2362 1980 quantitatem:
2383 1949 2495 1980 quam-

1433 1985 1480 2014 vis
1503 1985 1567 2015 hoc
1591 1985 1630 2014 sit
1653 1994 1764 2014 verum
1787 1983 1966 2014 secundum
1989 1983 2081 2024 quid,
2105 1984 2168 2014 hoc
2192 1989 2239 2014 est
2262 1994 2336 2014 cum
2359 1985 2418 2014 ista
2441 1984 2495 2015 ad—

1434 2028 1565 2063 ditione,
1589 2028 1763 2058 secundum
1787 2028 1933 2058 ordinem
1956 2037 2073 2058 causae
2096 2028 2283 2058 materialis.
2306 2028 2400 2064 Nam,
2420 2029 2494 2058 sim—

1433 2073 1558 2112 pliciter
1581 2078 1612 2102 et
1627 2072 1772 2102 absolute
1791 2071 1968 2111 loquendo,
1985 2073 2127 2102 extensio
2144 2072 2327 2112 quantitatis
2342 2082 2495 2112 praesup-

1433 2117 1527 2156 ponit
1548 2116 1805 2152 rarefactionem,
1830 2117 1911 2146 sicut
1935 2125 2135 2155 consequens
2158 2115 2191 2146 id
2214 2113 2253 2146 ad
2277 2116 2366 2155 quod
2388 2117 2494 2156 sequi-

1433 2166 1494 2190 tur.
1518 2160 1559 2190 Et
1581 2170 1689 2191 rursus
1712 2160 1898 2200 simpliciter
1921 2165 1952 2190 et
1975 2160 2118 2190 absolute
2143 2159 2315 2190 dicendum
2335 2165 2382 2190 est
2405 2160 2494 2199 quod

1433 2205 1541 2234 raritas
1567 2214 1650 2244 quae
1677 2203 1729 2240 fit,
1761 2213 1836 2234 cum
1858 2203 1910 2239 fit,
1942 2203 2002 2234 fert
2027 2213 2137 2234 secum
2163 2205 2361 2244 receptivum
2387 2214 2492 2239 suum,

1434 2249 1554 2279 scilicet
1577 2249 1732 2279 maiorem
1756 2248 1974 2288 quantitatem.
2009 2248 2050 2278 Et
2073 2248 2135 2278 hoc
2165 2248 2230 2277 sive
2253 2247 2416 2278 rarefactio
2440 2247 2494 2278 fiat

1434 2293 1467 2322 in
1490 2302 1577 2323 mera
1600 2293 1784 2328 substantia,
1808 2293 1874 2322 sive
1897 2293 1931 2321 in
1953 2292 2221 2322 vice-substantia.

1489 2336 1541 2367 Ad
1568 2342 1714 2376 quartam
1741 2335 1854 2366 dicitur
1884 2335 2000 2366 falsum
2023 2345 2091 2366 esse
2123 2335 2211 2375 quod
2235 2345 2317 2376 opus
2341 2336 2380 2366 sit
2405 2345 2493 2366 novo

1433 2380 1589 2411 miraculo
1614 2379 1654 2410 ad
1676 2381 1740 2411 hoc
1764 2379 1853 2420 quod
1876 2389 1972 2419 agens
1994 2380 2137 2410 naturale
2163 2380 2344 2410 naturaliter
2368 2385 2438 2419 agat
2460 2380 2494 2410 in

1433 2425 1700 2455 vice-subiectum
1722 2433 1779 2454 seu
1802 2424 1976 2454 materiam.
2009 2423 2098 2454 Nihil
2121 2424 2207 2453 enim
2229 2423 2323 2454 refert
2346 2432 2384 2453 ex
2406 2429 2494 2463 parte

1434 2469 1555 2509 agentis
1579 2478 1621 2499 an
1642 2469 1743 2499 subsit
1764 2466 1877 2498 verum
1900 2468 2098 2503 subiectum,
2127 2473 2181 2497 aut
2204 2466 2324 2506 aliquid
2346 2468 2494 2507 aequiva-

1433 2513 1517 2543 lens:
1537 2513 1692 2553 quoniam
1708 2511 1748 2543 de
1764 2512 2054 2552 aequipollentibus
2070 2510 2183 2542 eadem
2198 2516 2245 2542 est
2259 2512 2350 2547 ratio,
2363 2516 2394 2541 et
2409 2510 2495 2542 idem

1435 2562 1481 2587 est
1503 2557 1670 2588 iudicium.
1704 2557 1746 2587 Et
1771 2561 1957 2597 propterea,
1989 2565 2065 2586 cum
2091 2555 2206 2586 dicitur
2232 2565 2327 2595 agens
2353 2555 2495 2586 naturale

1433 2601 1616 2632 naturaliter
1639 2601 1798 2641 requirere
1814 2600 1979 2630 materiam
1998 2604 2271 2635 con-causantem,
2288 2599 2495 2640 subintelligi-

1433 2650 1495 2681 tur,
1520 2645 1570 2676 νει
1592 2644 1716 2686 aliquid
1731 2644 1972 2685 aequipollens:
1995 2644 2158 2684 quoniam,
2175 2649 2211 2673 ut
2227 2643 2348 2674 dictum
2365 2649 2420 2679 est,
2439 2653 2496 2684 par

1434 2694 1481 2719 est
1503 2689 1584 2719 ratio
1608 2694 1640 2719 et
1661 2688 1817 2719 iu'dicium
1841 2687 1880 2718 de
1904 2688 2204 2728 aequipollentibus.

1489 2733 1530 2764 Et
1551 2734 1632 2763 haec
1655 2732 1694 2764 de
1717 2738 1784 2763 tota
1807 2733 1867 2763 hac
1890 2733 2078 2772 quaestione
2102 2731 2184 2762 dicta
2208 2731 2374 2763 sufficiant.

1126 2867 1447 2911 ARTICULUS
1474 2868 1692 2912 SEXTUS

819 2957 976 2990 UTRUM
1000 2958 1172 2991 SPECIES
1194 2959 1574 2994 SACRAMENTALES
1595 2962 1775 2994 Possmr
1797 2962 1991 2994 NU‘rmRE

678 3037 713 3062 lV
730 3037 814 3067 Sent„
833 3038 892 3063 dist.
909 3045 954 3069 ιιι,
972 3046 1017 3072 qu.
1035 3046 1054 3071 ι,
1071 3044 1121 3065 art.
1139 3047 1164 3071 a,
1183 3039 1283 3073 qu⁸r5;
1301 3040 1337 3066 IV
1358 3042 1434 3068 Cont.
1455 3043 1542 3072 Gent„
1560 3049 1616 3074 cap.
1632 3050 1704 3073 nvn
1725 3042 1734 3067 Ι
1751 3042 1789 3068 ad
1809 3032 1879 3071 car..
1899 3049 1955 3075 cap.
1973 3050 2006 3072 xi,
2026 3042 2084 3067 lect.
2101 3049 2135 3067 ιν.

439 3138 506 3169 μς(
529 3128 551 3153 ι)
570 3128 712 3154 samm
731 3129 782 3154 Sic
802 3117 1071 3155 PROCEDI'I'UR*.
1091 3117 1253 3156 Videtur
1271 3119 1378 3169 quod

351 3156 500 3228 J',†ss'{.³{''4
529 3168 718 3229 species·
703 3171 994 3207 sacramentales
1026 3182 1106 3208 non
1133 3171 1280 3220 possint
1306 3184 1378 3210 nu-

413 3250 455 3297 ἶ,
451 3289 469 3304 v
500 3275 576 3312 de
593 3277 844 3313 sacramentis
861 3275 898 3313 *ε
928 3277 1020 3314 Νοη
1039 3277 1104 3314 iste
1115 3278 1229 3327 panis
1247 3284 1298 3315 est
1317 3280 1381 3328 qui

317 3325 417 3364 vadit
442 3326 482 3363 in
509 3339 661 3377 corpus:
686 3329 752 3365 sed
771 3330 884 3378 panis
901 3330 998 3367 vitae
1015 3335 1200 3377 aeternae,
1221 3332 1284 3380 qui
1301 3333 1378 3369 ani-

318 3390 404 3416 mae
431 3385 579 3417 nostrae
603 3383 843 3419 substantiam
861 3382 985 3430 fulcit.
1020 3382 1098 3420 Sed
1126 3395 1244 3420 omne
1271 3384 1379 3433 quod

318 3431 446 3477 nutrit,
474 3432 579 3470 vadit
606 3433 646 3470 in
673 3446 825 3484 corpus.
856 3435 958 3483 Ergo
985 3435 1097 3484 panis
1115 3435 1184 3473 iste
1211 3448 1292 3474 non
1311 3449 1378 3474 nu-

317 3483 389 3521 trit.
419 3485 468 3521 Et
494 3485 629 3523 eadem
659 3486 753 3524 ratio
782 3494 838 3524 est
865 3487 913 3524 de
941 3487 1047 3525 vino.

458 3554 569 3580 Smnum
586 3555 689 3581 Τιιιιοῐ..
703 3556 735 3582 D.
747 3556 864 3582 Taoun:
882 3557 916 3583 Τ.
934 3558 977 3583 ῙΧ.

1486 3131 1521 3158 2.
1551 3121 1792 3167 PRAETEREA,
1821 3120 1917 3158 sicut
1944 3120 2081 3158 dicitur
2107 3120 2146 3158 in
2173 3121 2271 3159 libro
2299 3122 2345 3158 de
2374 3122 2492 3159 Gene-

1432 3179 1501 3211 rat.
1521 3173 1552 3222 ²⁸,
1582 3187 1631 3211 ex
1649 3174 1783 3211 eisdem
1807 3175 1993 3211 nutrimur
2019 3186 2069 3211 ex
2087 3176 2215 3224 quibus
2231 3187 2368 3211 sumus.
2398 3175 2491 3225 Spe-

1432 3225 1508 3263 cies
1536 3234 1666 3264 autem
1689 3228 1979 3264 sacramentales
1998 3234 2087 3264 sunt
2105 3226 2323 3275 accidentia,
2344 3239 2390 3264 ex
2409 3227 2491 3278 qui-

1431 3279 1505 3316 bus
1533 3281 1655 3317 homo
1683 3292 1764 3316 non
1791 3287 1958 3317 constat:
1992 3292 2073 3317 non
2101 3279 2205 3318 enim
2233 3280 2409 3318 accidens
2437 3288 2492 3317 est

1431 3344 1520 3382 pars
1549 3333 1792 3370 substantiae.
1823 3333 1924 3381 Ergo
1952 3332 2104 3370 videtur
2131 3333 2238 3382 quod
2266 3333 2410 3383 species
2434 3345 2490 3370 sa-

1432 3387 1681 3423 cramentales
1708 3385 1850 3422 nutrire
1879 3397 1959 3422 non
1986 3394 2158 3435 possunt.

1489 3438 1523 3475 3.
1540 3440 1771 3482 ΡιὶΑΕτΕιιΕΑ,
1784 3438 2043 3488 Philosophus
2057 3438 2178 3486 dicit,
2169 3451 2208 3475 m
2218 3440 2247 3476 II
2258 3438 2488 3485 deAnima*‚
2517 3445 2600 3493 ’8Εῆ

1432 3491 1541 3541 quod
1559 3492 1774 3529 alimentum
1795 3493 1907 3528 nutrit
1921 3497 2036 3541 prout
2053 3497 2104 3528 est
2123 3492 2304 3540 quaedam
2326 3493 2489 3528 substan-

2317 3569 2328 3585 2
2333 3560 2348 3585 ὁ

2518 404 2527 413 ·
2542 402 2612 424 Νιιιιι.
2626 409 2649 424 v.

2519 3182 2586 3205 ·Lib.
2592 3183 2621 3209 11,
2628 3188 2678 3214 cap.
2684 3188 2730 3210 vm,

2519 3215 2543 3230 n.
2548 3216 2571 3235 4.
2578 3221 2588 3226 -
2595 3209 2729 3231 comm-m.

2519 3235 2651 3258 Commeat.
2659 3235 2730 3258 ι’Πι.

2519 3263 2572 3284 lect.
2586 3267 2637 3284 vm.

2605 3450 2700 3472 1V,·³fll
2716 3455 2727 3460 ·

2616 3471 2668 3493 lect.
2683 3450 2714 3492 1³1.
