2918 4088
183 1783 193 1793 ·
210 1782 246 1803 De
261 1781 382 1809 Baptismo

183 1810 244 1830 cont.
265 1807 382 1829 Donatist.

183 1835 223 1856 lib.
238 1835 261 1862 1,
276 1841 326 1862 cap.
341 1840 382 1855 ιιι.

183 2051 194 2061 ·
202 2050 248 2077 Qu.
255 2053 366 2077 va1‚art.
374 2055 397 2077 9.

191 2830 201 2840 '¹
216 2829 251 2851 Cf.
267 2835 330 2851 num.
345 2834 368 2850 ιι.

192 2870 203 2880 '¹
218 2869 252 2890 Cf.
267 2875 329 2890 num.
345 2874 379 2889 ιιι.

192 2897 213 2906 ··
229 2895 263 2916 Cf.
281 2901 343 2916 num.
359 2901 390 2916 tv.

191 2923 202 2933 ·
216 2921 251 2943 Cf.
271 2921 340 2948 ibid.‚
357 2921 391 2942 De

191 2948 280 2975 quinto.

197 3268 207 3277 '
215 3266 251 3288 Cf.
260 3272 323 3287 num.
333 3271 407 3293 praec.

197 3357 208 3367 ·
218 3355 275 3382 Cap.
287 3354 332 3382 Qui
345 3360 409 3375 vero.

198 3444 209 3455 ·
228 3443 278 3465 Art.
302 3449 341 3469 ιο,
363 3448 410 3470 arg.

198 3469 247 3491 Sed
260 3471 321 3491 cont.

432 191 503 226 114

1104 180 1367 227 QUAESTIO
1396 182 1536 229 LXIX,
1567 180 1859 218 ARTICULUS
1888 181 1923 217 X

1219 317 1535 358 ARTICULUS
1566 315 1809 358 DECIMUS

647 406 821 444 UTRUM,
845 407 1052 439 FICTIONE
1076 408 1352 445 RECEDENTE,
1376 409 1617 440 BAPTlSMus
1641 409 1759 439 SUUM
1783 408 2021 439 EFFECTUM
2054 407 2382 446 CONSEQUATUR

655 486 689 510 IV
709 486 792 516 sent„
811 486 868 512 dist.
887 494 904 516 ι,
924 495 968 520 qu.
987 495 1014 516 ιι,
1035 493 1080 512 art.
1099 495 1124 518 4,
1145 487 1194 519 qu·
1216 494 1238 517 ι,
1257 488 1288 511 ad
1310 487 1339 517 3;
1359 487 1417 513 dist.
1436 495 1470 517 iv,
1489 496 1533 520 qu.
1553 495 1590 517 ιιι,
1609 493 1655 513 art.
1677 495 1699 517 2.
1719 487 1768 520 qu⁸
1789 487 1818 518 3;
1838 488 1896 513 dist.
1915 495 1955 517 ιν,
1974 495 2018 519 qu.
2037 494 2054 518 1,
2075 492 2121 511 art.
2141 486 2164 518 3,
2184 487 2233 519 qu·
2255 486 2277 516 3,
2297 488 2328 512 ad
2349 495 2372 512 2.

539 594 581 614 l
632 579 655 603 n
670 578 830 603 DECIMUM
852 578 904 603 sm
928 578 1164 604 Pnocssorrua.
1186 566 1347 603 Videtur
1366 567 1484 615 quod,

472 617 497 679 j
547 611 603 667 '3'
633 619 788 656 fictione
816 619 1026 666 recedente,
1048 619 1261 668 baptismus
1290 631 1407 656 suum
1436 620 1485 656 ef-

439 672 477 731 1³*
497 688 561 720 *⁷3
579 670 775 713 r'fectum
810 684 889 709 non
925 680 1193 721 consequatur.
1235 673 1346 721 Opus
1382 672 1486 709 enim

478 700 846 771 ζ-Χῐῐιοι-ῖιιιιῐῐι,
877 726 983 774 quod
1012 733 1067 761 est
1095 725 1175 761 sine
1204 725 1375 772 caritate,
1406 737 1485 762 non

422 786 546 827 potest
573 790 749 827 unquam
777 778 974 815 vivificari.
1006 778 1082 815 Sed
1111 778 1170 814 ille
1199 777 1266 826 qui
1294 777 1406 814 fictus
1425 790 1485 815 ac-

422 830 521 868 cedit
554 832 602 867 ad
631 830 885 880 baptismum,
922 831 1053 880 recipit
1088 838 1368 867 sacramentum
1405 831 1485 867 sine

422 884 585 921 caritate.
602 885 703 932 Ergo
719 896 922 932 nunquam
936 891 1059 933 potest
1074 883 1260 920 vivificari
1275 884 1350 920 hoc
1365 884 1485 920 modo

422 945 464 973 ut
491 937 650 984 gratiam
678 937 857 973 conferat.

478 1001 512 1025 2.
543 991 774 1036 PRAETEREA,
803 988 906 1025 fictio
935 989 1087 1026 videtur
1107 1001 1187 1025 esse
1206 989 1339 1026 fortior
1367 1001 1486 1038 quam

423 1042 652 1091 baptismus:
683 1054 773 1078 cum
793 1041 976 1090 impediat
996 1042 1077 1078 eius
1097 1042 1289 1078 effectum.
1317 1042 1393 1079 Sed
1412 1043 1486 1078 for-

423 1094 497 1131 tius
525 1107 605 1131 non
633 1094 775 1131 tollitur
802 1107 824 1131 a
852 1094 1037 1131 debiliori.
1081 1095 1183 1143 Ergo
1211 1102 1414 1143 peccatum
1442 1094 1487 1131 fi-

422 1147 556 1183 ctionis
591 1159 672 1184 non
704 1154 827 1195 potest
860 1146 939 1183 tolli
971 1159 1041 1195 per
1067 1147 1303 1196 baptismum
1331 1147 1486 1184 fictione

422 1199 663 1248 impeditum.
708 1201 756 1236 Et
784 1199 837 1236 sic
869 1199 1083 1248 baptismus
1120 1212 1200 1236 non
1229 1207 1488 1248 consequetur

422 1264 539 1289 suum
567 1253 760 1299 effectum,
790 1252 857 1301 qui
877 1259 931 1288 est
950 1251 1124 1289 remissio
1155 1252 1334 1289 omnium
1352 1264 1486 1301 pecca-

422 1313 563 1342 torum.
992 1318 994 1320 ’

478 1358 511 1394 3.
542 1358 986 1406 PRAETEREA,‘contingit
1014 1358 1121 1407 quod
1150 1357 1286 1407 aliquis
1314 1358 1401 1395 ficte
1426 1370 1486 1394 ac·

423 1411 521 1447 cedit
549 1411 597 1447 ad
625 1411 880 1460 baptismum,
919 1419 955 1448 et
982 1419 1069 1460 post
1097 1411 1333 1460 baptismum
1366 1413 1487 1448 multa

421 1472 577 1513 peccata
595 1464 808 1500 committit.
840 1465 952 1511 Quae
971 1472 1100 1501 tamen
1129 1476 1199 1513 per
1214 1469 1230 1485 ‘²
1250 1464 1487 1513 baptismum

423 1529 503 1553 non
521 1518 717 1553 tollentur:
748 1517 840 1566 quia
859 1517 1072 1566 baptismus
1091 1517 1185 1554 tollit
1204 1525 1360 1566 peccata
1378 1529 1487 1566 prae-

421 1569 549 1617 terita,
579 1582 659 1607 non
695 1570 833 1607 futura.
878 1571 979 1618 Ergo
1018 1570 1232 1619 baptismus
1269 1570 1351 1607 talis
1388 1582 1487 1607 nun-

423 1635 543 1671 quam
570 1631 829 1672 consequetur
863 1636 980 1660 suum
1016 1623 1216 1670 effectum,
1247 1623 1314 1672 qui
1349 1631 1405 1660 est
1433 1636 1487 1660 re-

423 1675 554 1712 missio
584 1675 762 1712 omnium
789 1684 1049 1725 peccatorum.

477 1729 551 1766 SED
571 1741 715 1766 CONTRA
734 1741 800 1766 EST
819 1730 926 1778 quod
955 1729 1190 1777 Augustinus
1210 1729 1310 1775 dicit,
1331 1729 1370 1766 in
1389 1729 1486 1766 libro

423 1782 468 1819 de
503 1784 695 1831 Baptismo
714 1782 750 1819 *z
785 1785 891 1820 Tunc
925 1783 1050 1820 valere
1087 1784 1212 1832 incipit
1251 1783 1302 1820 ad
1332 1783 1487 1819 salutem

423 1837 635 1884 baptismus,
655 1848 740 1872 cum
761 1835 824 1872 illa
840 1837 949 1884 fictio
969 1837 1097 1873 veraci
1113 1836 1344 1883 confessione
1371 1848 1488 1872 reces—

423 1890 521 1934 serit,
552 1901 656 1937 quae,
686 1889 798 1925 corde
826 1890 862 1925 in
892 1889 1033 1926 malitia
1060 1889 1119 1926 vel
1144 1889 1342 1938 sacrilegio
1365 1901 1490 1938 perse-

414 1947 599 1991 perante,
637 1947 879 1991 peccatorum
921 1942 1146 1979 ablutionem
1176 1940 1190 1971 β
1233 1954 1316 1983 ηοη
1349 1943 1491 1979 sinebat

414 1996 518 2043 fieri.

479 2049 702 2084 RESPONDEO
737 2059 919 2085 DICENDUM
956 2048 1081 2096 quod,
1117 2047 1213 2084 sicut
1246 2060 1363 2096 supra
1380 2047 1400 2068 '¹‘
1436 2047 1491 2084 di-

425 2108 531 2137 ctum
560 2108 626 2145 est,
656 2100 870 2149 baptismus
898 2107 953 2137 est
981 2100 1175 2149 quaedam
1203 2099 1405 2149 spiritualis
1434 2112 1492 2136 re-

425 2152 629 2201 generatio.
674 2153 775 2189 Cum
804 2161 934 2190 autem
963 2153 1106 2202 aliquid
1134 2160 1347 2201 generatur,
1377 2152 1493 2190 simul

427 2219 518 2243 cum
545 2206 670 2242 forma
698 2205 829 2255 recipit
857 2206 1038 2243 effectum
1066 2206 1224 2252 formae,
1255 2206 1327 2243 nisi
1355 2206 1401 2243 sit
1428 2205 1492 2243 ali-

427 2259 521 2308 quid
549 2258 784 2308 impediens;
814 2271 893 2308 quo
923 2267 1086 2304 remoto,
1114 2259 1238 2296 forma
1266 2259 1320 2296 rei
1339 2271 1492 2307 genera-

426 2320 486 2349 tae
525 2311 674 2361 perficit
715 2325 831 2349 suum
871 2313 1073 2350 effectum:
1117 2311 1214 2349 sicut
1251 2312 1365 2349 simul
1402 2324 1494 2350 cum

480 2434 507 2470 α)
521 2443 583 2468 per.
601 2450 621 2454 -
638 2435 697 2466 P1c3
714 2439 784 2467 post.
806 2436 856 2460 Pro
876 2436 1011 2464 tenentur,
1031 2436 1164 2460 tolluntur
1184 2436 1222 2461 ΡΙ.

480 2469 506 2502 β)
525 2471 696 2496 ablutionem.
714 2485 733 2489 —
750 2471 833 2500 Alias,
853 2471 1023 2496 abolitionem
1044 2479 1134 2503 margo
1154 2472 1183 2495 Ρ.

478 2506 505 2540 γ)
521 2507 723 2538 poenitentiam.
740 2521 760 2525 -
778 2507 975 2539 subsequentem
995 2507 1064 2531 addit
1082 2508 1164 2531 tertia.
1176 2521 1195 2525 -
1213 2514 1316 2532 omnem
1337 2515 1390 2532 om.
1409 2507 1491 2532 tertia.

480 2539 505 2576 δ)
525 2543 670 2567 hesternus.
687 2556 707 2560 —
725 2542 791 2571 Pac;
817 2545 936 2567 ester-nus
960 2543 1006 2571 Εὐ,
1029 2543 1152 2567 exterius
1176 2542 1292 2567 ABCDH
1313 2543 1353 2567 vel
1378 2543 1492 2567 strictius

425 2578 617 2611 interpretando
636 2578 745 2602 exerius
763 2577 814 2609 BC,
833 2581 958 2603 extrema
976 2578 1005 2609 F,
1025 2581 1154 2603 externus
1173 2578 1205 2607 G.
1225 2578 1342 2603 exermis
1362 2578 1380 2603 1.

1541 579 1682 616 corpus
1709 579 1824 615 grave
1851 574 2070 614 generatur,
2099 574 2280 603 movetur
2306 567 2502 616 deorsum,
2531 569 2604 606 nisi

1542 620 1588 656 sit
1616 620 1759 669 aliquid
1787 620 2017 669 prohibens;
2048 632 2127 669 quo
2148 627 2310 666 remoto,
2331 620 2456 657 statim
2475 621 2605 671 incipit

1541 673 1691 709 moveri
1719 673 1914 710 deorsum.
1945 673 1992 710 Et
2017 672 2186 710 similiter
2205 673 2364 722 quando
2384 673 2520 722 aliquis
2539 675 2604 711 ba-

1541 725 1723 774 ptizatur,
1753 725 1887 775 accipit
1915 727 2195 772 characterem,
2225 725 2334 775 quasi
2362 726 2539 773 formam,
2569 735 2606 764 et

1541 778 1790 828 consequitur
1823 778 2025 828 proprium
2063 779 2265 824 effectum,
2301 778 2369 828 qui
2397 787 2452 816 est
2488 779 2605 828 gratia

1542 832 1737 868 remittens
1757 830 1889 868 om'nia
1907 840 2073 880 peccata.
2103 831 2314 881 Impeditur
2333 839 2464 869 autem
2483 845 2605 882 quan-

1522 885 1671 933 rdoque
1699 897 1769 934 per
1795 884 2004 921 fictionem.
2034 885 2146 922 Unde
2175 892 2325 934 oportet
2344 885 2463 934 quod,
2484 898 2530 923 ea
2549 898 2605 922 re-

1542 945 1648 974 mota
1675 949 1744 986 per
1771 937 2058 986 poenitentiam,
2087 937 2301 987 baptismus
2328 938 2452 975 statim
2472 951 2605 976 conse-

1542 989 1683 1039 quatur
1711 1003 1827 1027 suum
1856 990 2049 1027 effectum.

1595 1044 1652 1079 AD
1681 1055 1815 1080 PR1MUM
1849 1055 1947 1080 ERGO
1975 1055 2157 1081 DICENDUM
2186 1044 2294 1092 quod
2322 1052 2606 1082 sacramentum

1542 1095 1722 1144 baptismi
1750 1103 1805 1132 est
1833 1108 1932 1144 opus
1960 1095 2045 1141 Dei,
2075 1104 2112 1132 et
2139 1108 2219 1133 non
2238 1096 2419 1133 hominis.
2449 1098 2498 1134 Et
2516 1097 2604 1134 ideo

1541 1159 1622 1184 non
1650 1156 1705 1184 est
1732 1155 1933 1185 mortuum
1961 1148 2000 1184 in
2027 1148 2129 1196 ficto,
2159 1148 2225 1198 qui
2254 1148 2334 1186 sine
2363 1149 2514 1187 caritate
2542 1150 2605 1188 ba-

1542 1207 1714 1249 ptizatur.

1594 1254 1652 1289 An
1680 1265 1869 1290 SECUNDUM
1893 1265 2075 1290 DICENDUM
2103 1254 2212 1302 quod
2238 1253 2342 1290 fictio
2370 1266 2452 1290 non
2480 1267 2606 1292 remo-

1541 1312 1653 1342 vetur
1684 1317 1754 1354 per
1781 1305 2035 1354 baptismum,
2075 1306 2143 1342 sed
2176 1318 2246 1355 per
2278 1306 2554 1355 poenitentiam
2573 1313 2605 1345 Y:

1542 1370 1619 1407 qua
1647 1366 1807 1403 remota,
1835 1357 2049 1407 baptismus
2077 1359 2198 1396 aufert
2216 1371 2378 1396 omnem
2397 1361 2549 1409 culpam
2572 1368 2609 1397 et

1542 1419 1692 1448 reatum
1721 1410 1899 1447 omnium
1923 1419 2173 1460 peccatorum
2200 1412 2513 1461 praecedentium
2541 1413 2607 1451 ba-

1541 1463 1739 1513 ptismum,
1769 1471 1806 1500 et
1833 1464 1946 1501 etiam
1976 1464 2091 1501 simul
2117 1464 2356 1502 existentium
2379 1477 2470 1502 cum
2489 1466 2608 1516 bapti·

1542 1529 1639 1554 smo.
1682 1517 1794 1554 Unde
1823 1516 2059 1565 Augustinus
2087 1517 2187 1563 dicit,
2216 1518 2255 1554 in
2284 1518 2380 1555 libro
2408 1519 2454 1555 de
2479 1521 2608 1569 Bapti-

1540 1582 1620 1607 smo
1639 1570 1674 1606 *ε
1706 1571 1867 1608 Solvitur
1893 1571 2083 1607 hesternus
2096 1569 2109 1592 ὃ
2129 1570 2216 1617 dies,
2237 1577 2270 1608 et
2289 1571 2466 1621 quidquid
2481 1584 2608 1622 super-

1543 1629 1593 1660 est
1619 1623 1784 1669 solvitur,
1814 1629 1847 1660 et
1875 1625 1954 1673 ipsa
1982 1624 2077 1660 hora
2104 1630 2405 1674 momentumque
2431 1631 2518 1662 ante
2543 1627 2608 1663 ba-

1537 1678 1714 1726 ptismum
1734 1682 1767 1713 et
1782 1681 1793 1697 ²
1813 1679 1850 1713 in
1870 1678 2061 1725 baptismo.
2089 1678 2274 1725 Deinceps
2291 1683 2413 1714 autem
2433 1680 2608 1716 continuo

1543 1741 1628 1766 reus
1642 1742 1719 1766 esse
1737 1731 1872 1779 incipit.
1894 1729 1943 1766 Et
1958 1728 1969 1753 ζ
1989 1728 2042 1766 sic
2056 1729 2104 1766 ad
2121 1730 2303 1767 effectum
2317 1730 2498 1779 baptismi
2516 1743 2608 1768 con-

1543 1782 1788 1831 sequendum
1822 1782 2015 1819 concurrit
2051 1782 2264 1831 baptismus
2293 1790 2329 1820 et
2355 1783 2607 1832 poenitentia:

1544 1835 1612 1872 sed
1640 1834 1854 1884 baptismus
1882 1835 1978 1872 sicut
2005 1847 2121 1872 causa
2149 1847 2218 1884 per
2245 1849 2285 1873 se
2314 1848 2449 1884 agens;
2478 1836 2610 1886 poeni·

1543 1887 1659 1925 tentia
1687 1888 1783 1924 sicut
1810 1900 1927 1925 causa
1962 1900 2032 1938 per
2059 1888 2251 1936 accidens,
2280 1888 2377 1925 idest
2404 1901 2610 1927 removens

1544 1941 1767 1990 prohibens.

1597 1995 1654 2030 An
1682 2005 1842 2031 TERTIUM
1874 2005 2056 2031 monimum
2094 1994 2202 2042 quod
2237 1994 2395 2031 effectus
2431 1994 2618 2044 baptismi

1544 2058 1625 2083 non
1653 2054 1709 2084 est
1735 2047 1866 2083 tollere
1894 2053 2050 2095 peccata
2071 2047 2210 2093 fiitura,
2231 2047 2298 2084 sed
2317 2047 2532 2096 praesentia
2548 2049 2612 2086 vel

1545 2099 1756 2149 praeterita.
1786 2100 1835 2136 Et
1854 2098 1953 2146 ideo,
1975 2100 2175 2137 recedente
2194 2099 2360 2147 fictione,
2380 2109 2536 2150 peccata
2553 2113 2612 2138 se·-

1545 2152 1703 2202 quentia
1732 2151 1976 2190 remittuntur
2003 2153 2185 2201 quidem,
2222 2153 2290 2190 sed
2316 2165 2386 2203 per
2412 2154 2611 2203 poeniten-

1545 2206 1651 2253 tiam,
1680 2217 1761 2242 non
1789 2217 1859 2254 per
1885 2205 2134 2255 baptismum.
2164 2206 2276 2244 Unde
2303 2218 2385 2244 non
2413 2207 2612 2244 remittun—
2644 2225 2648 2228 ·

1546 2267 1609 2296 tur
1635 2266 1827 2308 quantum
1859 2259 1908 2296 ad
1935 2266 2061 2296 totum
2089 2266 2258 2307 reatum,
2295 2259 2391 2297 sicut
2411 2266 2428 2287 η
2456 2267 2614 2309 peccata

1546 2311 1812 2361 praecedentia
1840 2311 2087 2361 baptismum.

1600 2436 1622 2469 ε)
1641 2439 1705 2461 ante
1723 2436 1882 2468 baptismum
1902 2439 1937 2461 et.
1955 2449 1974 2454 —
1997 2435 2017 2460 F
2037 2440 2062 2461 et
2079 2435 2168 2466 tertia;
2187 2439 2250 2461 ante
2269 2436 2428 2469 baptismum
2455 2438 2495 2463 ed.
2514 2445 2545 2468 a,
2564 2446 2614 2463 au-

1547 2475 1599 2497 tem
1624 2472 1783 2503 baptismum
1803 2471 1889 2496 ceteri.

1599 2506 1625 2540 ζ)
1645 2514 1700 2532 esse
1718 2507 1819 2539 incipit.
1839 2507 1883 2531 Et.
1901 2520 1920 2524 -
1938 2506 1999 2531 EFa
2018 2512 2043 2531 et
2061 2507 2149 2536 tertia;
2169 2510 2208 2532 est
2227 2507 2320 2539 incipit
2338 2508 2428 2533 etiam.

1598 2541 1627 2577 η)
1645 2543 1722 2568 sicut.
1739 2556 1759 2562 -
1776 2542 1837 2567 EFa
1856 2547 1881 2567 et
1898 2542 1984 2572 tertia;
2003 2542 2050 2567 sed
2067 2542 2144 2568 sicut.

1101 2657 1438 2690 Commentario.
1460 2656 1712 2689 Cardinalis
1735 2655 1936 2689 Caietani

459 2749 479 2768 N
504 2737 636 2768 articulo
661 2746 751 2767 nono
776 2742 807 2767 et
831 2736 958 2767 decimo
982 2737 1084 2767 multa
1108 2736 1243 2767 dicenda
1265 2742 1349 2773 sunt,
1374 2736 1494 2776 specia-

433 2750 530 2813 Iliter
552 2791 611 2822 pro
636 2781 781 2811 doctrina
805 2780 931 2812 decimi.
967 2781 1008 2811 Et
1031 2782 1156 2821 primo,
1181 2780 1221 2811 de
1244 2790 1339 2811 sensu
1363 2780 1495 2811 conclu-

430 2827 545 2863 sionis;
576 2825 729 2861 secundo,
754 2825 793 2855 de
819 2826 1007 2856 necessitate
1024 2826 1057 2861 *;
1088 2826 1199 2861 tertio,
1224 2824 1263 2855 de
1286 2824 1386 2855 modo
1411 2824 1497 2866 apud

1548 2736 1699 2771 salutem,
1723 2735 1892 2766 recedente
1915 2735 2065 2766 fictione:
2097 2736 2171 2767 licet
2199 2735 2315 2768 Glossa
2342 2737 2479 2774 ibidem,
2503 2744 2617 2772 contra,

1548 2785 1681 2816 textum,
1706 2779 1789 2810 dicat
1813 2781 2000 2820 oppositum
2015 2781 2042 2811 *.

1605 2824 1753 2855 Secunda
1777 2830 1823 2854 est
1845 2825 1925 2854 ratio
1949 2834 1988 2854 ex
2010 2830 2144 2865 peccato
2165 2825 2311 2865 originali
2326 2831 2463 2866 sumpta.
2488 2826 2573 2864 Quia
2588 2826 2615 2857 si

430 2872 605 2901 Auctorem
620 2871 655 2906 *3
673 2875 799 2909 quarto,
821 2869 860 2899 de
883 2870 1005 2900 ratione
1027 2869 1112 2900 illius
1135 2868 1226 2899 modi
1241 2870 1292 2905 m‘;
1318 2874 1349 2899 et
1364 2869 1496 2899 demum
1550 2874 1719 2908 peccatum
1743 2868 1895 2908 originale
1919 2878 1979 2899 nec
2002 2875 2149 2909 tempore
2172 2869 2338 2909 baptismi,
2368 2879 2475 2910 neque
2501 2875 2615 2910 postea

433 2915 669 2954 comparabitur
691 2914 759 2944 aliis
787 2913 892 2944 modis
908 2914 934 2943 θ.

487 2960 603 2989 Sensus
626 2959 659 2988 in
682 2959 793 2998 primis
819 2958 1036 2988 conclusionis
1060 2963 1116 2994 est,
1140 2967 1208 2988 non
1232 2956 1271 2988 de
1291 2963 1418 2992 eventu,
1442 2956 1498 2987 sed

434 3003 472 3033 de
496 3002 611 3033 effectu
634 3003 796 3042 baptismi,
821 3002 989 3033 recedente
1013 3001 1153 3032 fictione.
1178 3001 1278 3039 Quod
1293 3001 1367 3032 ideo
1383 3006 1497 3032 notan-

434 3047 511 3077 dum
535 3053 590 3083 est,
615 3047 770 3086 quoniam
786 3056 853 3077 non
870 3051 1019 3076 tractatur
1034 3046 1086 3076 hic
1103 3056 1152 3082 an,
1169 3045 1337 3076 recedente
1357 3045 1498 3082 fictione,

433 3091 608 3130 baptizatus
624 3090 681 3120 fiat
687 3091 784 3131 filius
799 3091 915 3132 Regni,
934 3096 1149 3131 consequatur
1165 3090 1402 3120 remissionem:
1427 3090 1499 3120 nul-

434 3135 483 3164 lus
507 3135 591 3164 enirn
616 3134 742 3165 dubitat
766 3135 805 3165 de
828 3136 891 3165 hoc
916 3140 1042 3165 eventu.
1068 3134 1130 3165 Sed
1153 3140 1302 3164 tractatur
1325 3144 1365 3164 an
1388 3135 1422 3164 in
1445 3134 1500 3164 tali

436 3188 510 3208 casu
524 3188 560 3208 ex
572 3180 603 3208 vi
615 3179 766 3217 baptismi
782 3185 997 3219 consequatur
1008 3180 1184 3220 baptizatus
1196 3179 1427 3214 remissionem,
1439 3184 1498 3208 etc.

437 3223 477 3252 Et
503 3223 554 3252 hic
579 3228 625 3252 est
648 3233 758 3253 sensus
783 3224 1009 3254 conclusionis.

492 3266 528 3296 11.
553 3266 728 3296 Necessitas
745 3273 851 3297 autem
868 3268 936 3298 talis
956 3268 1136 3298 assertionis
1148 3269 1164 3284 ⁴*
1181 3272 1227 3297 est
1244 3267 1371 3307 duplex.
1396 3267 1500 3296 Prima

438 3315 484 3340 est
507 3311 675 3340 auctoritas
694 3311 874 3350 Augustini,
891 3313 925 3342 in
948 3312 1029 3342 libro
1054 3312 1093 3342 de
1113 3312 1300 3352 Baptismo;
1323 3311 1420 3341 relata
1436 3316 1467 3341 et
1482 3321 1500 3341 a

438 3354 588 3394 Magistro
602 3354 845 3391 Sententiarum,
858 3356 891 3385 in
907 3366 937 3385 1v
954 3355 1157 3386 distinctione
1170 3356 1282 3394 Quarti
1294 3357 1325 3391 ’ς
1344 3361 1374 3385 et
1390 3365 1408 3384 a
1421 3354 1499 3385 Gra-

438 3398 536 3433 tiano,
549 3398 588 3428 de
602 3398 763 3433 Consecr„
778 3398 847 3429 dist.
865 3400 916 3435 IV,
935 3409 1003 3439 cap.
1025 3401 1114 3430 Tunc
1130 3401 1248 3430 valere.
1261 3400 1302 3430 Et
1317 3400 1451 3429 habetur
1465 3400 1499 3429 in

438 3442 497 3472 hac
513 3442 628 3472 littera:
650 3443 739 3472 Tunc
755 3443 862 3472 valere
879 3443 989 3483 incipit
1004 3444 1046 3473 ad
1062 3445 1198 3474 salutem
1213 3444 1396 3484 baptismus,
1410 3449 1470 3474 etc.
1483 3444 1499 3460 ⁸*

439 3486 502 3516 Ubi
526 3495 670 3526 expresse
695 3487 891 3525 Augustinus
911 3487 986 3517 dicit
1010 3488 1203 3527 baptismum
1219 3489 1326 3528 ipsum
1341 3488 1444 3518 valere
1460 3487 1500 3517 ad

1550 2913 1665 2943 virtute
1689 2913 1838 2952 baptismi
1860 2913 2045 2949 remittitur,
2070 2913 2214 2953 sequitur
2236 2913 2326 2953 quod
2348 2923 2516 2954 nunquam
2539 2923 2614 2954 pec-

1552 2962 1659 2987 catum
1683 2957 1835 2997 originale
1858 2957 1934 2987 huic
1949 2957 2074 2987 homini
2092 2958 2260 2988 remissum
2275 2957 2379 2988 fuerit.
2403 2958 2444 2988 Et
2461 2959 2615 2998 probatur

1552 3001 1700 3041 sequela:
1735 3002 1810 3041 quia
1837 3011 1905 3031 non
1929 3001 2014 3032 aliud
2041 3011 2058 3031 a
2082 3000 2209 3032 Christo
2233 3001 2413 3032 institutum
2444 3007 2491 3032 est
2512 3012 2614 3033 reme-

1553 3045 1642 3076 dium
1666 3045 1705 3075 ad
1728 3046 1950 3076 remissionem
1972 3046 2096 3086 peccati
2111 3045 2271 3085 originalis
2286 3046 2347 3076 nisi
2362 3046 2548 3086 baptismus.
2572 3047 2616 3078 Ut

1553 3099 1628 3130 ergo
1653 3089 1733 3120 nulli
1756 3090 1934 3130 baptizato,
1955 3090 2011 3130 qui
2033 3094 2111 3120 tunc
2133 3089 2184 3119 vel
2207 3095 2320 3129 postea
2345 3091 2427 3120 inter
2439 3091 2535 3132 filios
2557 3090 2615 3122 ad-

1554 3134 1693 3174 optionis
1717 3139 1780 3170 est,
1812 3134 2007 3174 baptismalis
2036 3134 2134 3173 gratia
2161 3133 2250 3170 desit,
2283 3133 2395 3164 docuit
2416 3135 2615 3175 Augustinus

1553 3178 1758 3218 baptismum,
1783 3177 1952 3208 recedente
1975 3177 2115 3214 fictione,
2139 3178 2242 3208 valere
2266 3178 2306 3208 ad
2329 3178 2474 3209 salutem.

1608 3222 1716 3259 Quam
1740 3221 1918 3252 doctrinam
1941 3221 2090 3252 doctores
2112 3222 2305 3262 posteriores
2329 3222 2409 3253 adeo
2430 3228 2504 3253 sunt
2519 3232 2615 3254 vene-

1553 3267 1610 3296 rati
1634 3271 1665 3296 et
1681 3266 1842 3306 complexi
1864 3271 1900 3296 ut
1914 3275 1983 3296 non
1997 3266 2178 3296 horruerint
2193 3266 2308 3297 multas
2324 3266 2398 3297 inde
2414 3276 2615 3307 consequen·

1553 3315 1599 3340 tes
1623 3309 1838 3340 difficultates:
1875 3315 1906 3341 et
1932 3309 2007 3340 inde
2037 3309 2192 3340 fateamur
2222 3311 2418 3351 baptizatum
2444 3310 2518 3342 ficte
2547 3320 2616 3341 non

1554 3360 1702 3395 oportere
1727 3354 1881 3390 confiteri,
1906 3353 2073 3384 recedente
2090 3354 2230 3391 fictione,
2256 3354 2295 3385 de
2310 3355 2449 3395 peccatis
2465 3355 2615 3385 commis-

1553 3399 1594 3428 sis
1618 3404 1690 3428 ante
1714 3399 1918 3438 baptismum.
1949 3399 2120 3438 Augustini
2144 3408 2220 3439 ergo
2247 3404 2312 3429 tam
2335 3405 2482 3439 suscepta
2505 3404 2616 3430 aucto-

1552 3443 1625 3473 ritas
1648 3443 1824 3473 necessitat.

1609 3487 1661 3517 III.
1686 3486 1803 3517 Modus
1827 3496 1893 3526 quo
1918 3487 1981 3517 hoc
2005 3486 2073 3517 fieri
2096 3487 2219 3518 Auctor
2242 3492 2328 3517 tenet
2351 3487 2385 3517 in
2399 3487 2459 3518 hac
2474 3487 2577 3518 littera
2588 3487 2614 3524 “,
2643 3489 2654 3500 ·
2668 3487 2704 3510 ct.
2718 3492 2783 3510 ”⁰¹¹¹-
2798 3493 2816 3509 ¹-

2635 1579 2646 1591 ·
2655 1577 2713 1601 Loc.
2721 1577 2760 1600 cit.
2771 1582 2849 1606 supra.

2641 2779 2652 2791 ·
2661 2777 2774 2811 mum.
2781 2785 2804 2806 v,
2814 2778 2855 2801 fin.
