2918 4088
480 203 549 239 150

464 282 692 329 fermentato
729 287 762 317 et
795 282 935 330 scypho
963 281 1087 330 ligneo
1123 281 1319 316 missarum
1353 277 1531 314 solemnia

332 331 345 356 ὃ
474 334 663 370 celebrare
683 335 932 383 praesumpsit
951 331 974 369 δ.

528 387 751 423 RESPONDEO
771 398 951 423 mcENDUM
967 386 1072 434 quod
1092 385 1190 421 circa
1203 381 1402 420 materiam
1417 380 1532 417 huius

476 438 702 475 sacramenti
730 439 809 475 duo
834 446 995 487 possunt
1014 436 1259 474 considerari:
1281 434 1419 471 scilicet
1438 432 1532 481 quid

476 491 522 528 sit
535 491 804 538 necessarium,
821 499 856 527 et
875 490 968 539 quid
988 489 1231 526 conveniens.
1262 485 1532 523 Necessarium

476 543 635 594 quidem
672 551 726 580 est
758 552 799 580 ut
834 543 879 579 sit
912 542 1020 592 panis
1054 541 1233 586 triticeus,
1264 539 1359 575 sicut
1386 538 1532 575 dictum

234 603 247 614 ⁹
261 602 309 623 AN·
328 602 433 629 »meced-
477 604 532 634 est
545 596 580 633 *z
606 596 686 633 sine
706 608 784 644 quo
804 607 884 632 non
902 593 1099 644 perficitur
1117 599 1410 629 sacramentum.
1439 591 1532 627 Non

477 656 532 686 est
555 656 684 686 autem
704 649 751 685 de
770 647 989 684 necessitate
1009 644 1234 683 sacramenti
1256 644 1363 693 quod
1383 643 1428 680 sit
1447 656 1532 692 azy-

333 714 344 731 ε
475 714 564 738 mus
592 702 653 737 vel
679 700 943 737 fermentatus:
980 698 1070 747 quia
1103 698 1142 734 in
1169 704 1334 745 utroque
1354 701 1365 717 ⁵
1394 695 1533 742 confici

475 760 610 804 potest.

530 805 774 843 Conveniens
803 812 931 841 autem
960 810 1014 839 est
1045 810 1087 840 ut
1114 802 1381 851 unusquisque
1410 809 1534 838 servet

474 859 590 896 ritum
618 870 708 895 suae
736 857 926 894 Ecclesiae
955 855 993 892 in
1013 854 1265 892 celebratione
1294 854 1531 892 sacramenti.

476 913 600 961 Super
619 912 695 948 hoc
713 917 842 947 autem
866 916 954 946 sunt
973 909 1144 946 diversae
1164 907 1423 945 Ecclesiamm
1442 907 1543 944 con-⁷

475 963 704 1001 suetudines.
733 962 832 999 Dicit
859 961 963 998 enim
990 962 1124 998 beatus
1153 960 1372 1009 Gregorius,
1401 960 1441 997 in
1459 961 1533 997 Re-

236 1026 445 1048 ·Cf-Tract-eont-
472 1019 588 1066 gistro
607 1016 646 1053 *z
675 1018 851 1053 Romana
871 1014 882 1039 t
909 1015 1076 1052 Ecclesia
1095 1013 1204 1063 offert
1222 1026 1382 1063 azymos
1394 1025 1535 1063 panes.-

235 1052 319 1074 Error.
324 1052 445 1078 Graecor„

236 1079 447 1105 dist-¹¹¹(auct-anv
467 1075 668 1119 propterea
705 1068 803 1118 quod
835 1069 1019 1105 Dominus
1052 1069 1133 1104 sine
1166 1067 1242 1104 ulla
1270 1068 1534 1104 commixtione

234 1106 446 1158 ’ἕζῗριέἓιῖῗῖἰῖἦόἶ
471 1124 626 1171 suscepit
652 1133 816 1158 carnem.
851 1121 923 1158 Sed
949 1126 1092 1157 ceterae
1110 1125 1128 1147 η
1156 1120 1345 1157 Ecclesiae
1372 1119 1534 1168 offerunt

233 1157 404 1239 ἷῗῗιῖᾱ-Ριὲἆγῗ
428 1163 444 1178 ¹¹
460 1175 752 1222 fermentatum:
766 1186 839 1224 pro
859 1186 902 1211 eo
922 1173 1020 1222 quod
1045 1174 1206 1210 Verbum
1225 1174 1347 1210 Patris
1365 1173 1531 1209 indutum

330 1255 344 1277 η
472 1233 521 1264 est
553 1239 685 1274 carne,
720 1229 811 1264 sicut
845 1233 878 1263 et
899 1227 1132 1274 fermentum
1163 1228 1336 1263 miscetur
1367 1226 1530 1272 farinae.

471 1280 594 1326 Unde,
611 1279 705 1317 sicut
723 1287 856 1329 peccat
874 1279 1051 1316 sacerdos
1069 1278 1109 1315 in
1128 1278 1285 1316 ecclesia
1303 1278 1532 1316 Latinorum

472 1333 666 1370 celebrans
693 1333 741 1369 de
770 1344 869 1381 pane
897 1333 1139 1378 fermentato,
1169 1331 1219 1368 ita
1246 1337 1420 1381 peccaret
1447 1343 1532 1380 pre-

472 1386 599 1435 sbyter
629 1398 787 1435 graecus
815 1386 855 1422 in
883 1385 1040 1423 ecclesia
1069 1385 1308 1422 Graecorum
1337 1384 1532 1422 celebrans

472 1439 519 1475 de
548 1452 685 1488 azymo
713 1450 825 1488 pane,
846 1439 956 1488 quasi
979 1445 1200 1488 pervertens
1228 1437 1420 1475 Ecclesiae
1440 1450 1532 1475 suae

471 1491 599 1529 ritum.

525 1545 573 1581 Et
599 1552 730 1581 tamen
765 1545 1006 1582 consuetudo
1043 1544 1091 1580 de
1126 1555 1226 1593 pane
1262 1556 1399 1594 azymo
1437 1545 1533 1580 cele-

471 1597 608 1634 brandi
636 1597 894 1634 rationabilior
922 1606 987 1634 est.
1018 1597 1148 1634 Primo
1177 1596 1349 1646 quidem,
1377 1604 1535 1646 propter

473 1649 746 1687 institutionem
777 1650 937 1697 Christi,
967 1650 1034 1699 qui
1062 1651 1138 1687 hoc
1166 1657 1450 1687 sacramentum
1477 1650 1533 1687 in-

474 1703 589 1740 stituit
615 1705 743 1753 prima
775 1703 833 1740 die
864 1716 1103 1754 azymorum,
1129 1711 1171 1740 ut
1203 1703 1366 1740 habetur
1396 1703 1531 1740 Matth.

473 1768 556 1793 xxvt
573 1756 604 1803 ²⁸,
626 1764 662 1793 et
689 1757 807 1793 Marc.
828 1769 886 1794 xw
909 1756 963 1804 **,
993 1764 1029 1793 et
1056 1758 1151 1794 Luc.
1172 1756 1336 1801 XX11***‚
1367 1768 1444 1805 qua
1472 1755 1533 1793 die

474 1809 568 1846 nihil
601 1810 871 1847 fermentatum
909 1810 947 1847 in
976 1809 1157 1846 domibus
1185 1809 1417 1846 Iudaeorum
1450 1821 1532 1846 esse

235 1900 245 1910 ,
259 1898 280 1920 v
332 1864 345 1889 θ
474 1862 647 1910 debebat,
663 1870 705 1900 ut
724 1863 887 1900 habetur
905 1863 1026 1900 Exod.
1047 1875 1092 1899 ΧΠ
1107 1861 1119 1884 ⁰
1134 1862 1164 1899 ²⁸.
1184 1884 1210 1889 —
1230 1862 1421 1906 Secundo,
1442 1862 1533 1911 quia

282 1905 325 1920 ‘¹⁸'
342 1904 418 1927 '⁵’¹⁹'
473 1914 582 1963 panis
611 1923 666 1952 est
692 1916 846 1965 proprie
874 1923 1157 1953 sacramentum
1186 1915 1356 1964 corporis
1382 1915 1531 1962 Christi,

234 1973 445 2021 gfff-stumxvm,
474 1968 582 2016 quod
616 1968 696 2005 sine
731 1969 976 2018 corruptione
1012 1975 1243 2018 conceptum
1271 1976 1326 2005 est
1344 1968 1382 2015 ²¹²,
1411 1968 1532 2016 magis

234 2027 244 2037 ·
260 2015 445 2053 Qu.'1.uv1,art.
474 2032 593 2069 quam
621 2021 824 2059 divinitatis
851 2022 981 2071 ipsius,
1002 2029 1044 2058 ut
1067 2021 1162 2058 infra
1176 2021 1195 2043 '¹‘
1219 2021 1372 2070 patebit.
1394 2043 1419 2047 —
1437 2022 1532 2058 Ter-

471 2073 536 2120 tio,
558 2074 648 2122 quia
674 2075 750 2111 hoc
777 2075 897 2122 magis
923 2074 1105 2123 competit
1125 2073 1326 2110 sinceritati
1344 2074 1530 2121 fidelium,

237 2059 255 2078 ς,
270 2053 298 2074 ad
314 2059 332 2074 ι.

472 2138 571 2175 quae
590 2126 794 2176 requiritur
828 2127 875 2164 ad
904 2139 1021 2164 usum
1049 2127 1164 2164 huius
1192 2127 1438 2164 sacramenti:
1476 2139 1532 2164 se-

234 1763 244 1774 ·
258 1762 317 1784 Vers
342 1768 374 1790 ¹7.

234 1790 255 1800 ¹·
270 1788 336 1811 Vers.
353 1794 386 1811 12.

234 1816 266 1827 ”¹
282 1815 347 1837 Vers.
363 1821 383 1842 7.

525 2249 550 2284 ὃ)
565 2251 756 2282 praesumpsit.
774 2265 793 2269 —-
812 2250 933 2280 PEGHc3
950 2251 1170 2283 praesumpserit.
1189 2252 1229 2275 An
1243 2251 1491 2283 praesumpserat?

524 2287 546 2319 ε)
566 2289 686 2318 utroque.
702 2301 723 2304 —
740 2293 895 2319 unoquoque
914 2286 1048 2312 editiones.

523 2322 549 2354 ζ)
568 2322 700 2347 Romana.
717 2336 736 2341 —
754 2322 763 2346 I
783 2327 808 2346 et
827 2322 966 2353 editiones;
985 2328 1045 2355 post
1065 2322 1184 2347 Ecclesia
1203 2322 1276 2354 ponit
1293 2322 1322 2352 F,
1343 2330 1396 2347 om.
1416 2323 1502 2348 ceteri.
1515 2336 1534 2340 —

468 2361 615 2389 propterea
633 2357 652 2381 F
673 2363 698 2382 et
716 2357 804 2389 tertia;
818 2361 941 2389 propter.

525 2392 552 2427 η)
570 2396 682 2419 ceterae.
699 2407 718 2412 —
736 2393 789 2423 sG;
807 2399 922 2426 graecae
939 2392 1015 2424 DEF,
1034 2395 1123 2418 certae
1142 2393 1227 2418 ceteri.

1125 200 1386 248 QUAESTIO
1415 198 1589 244 LXXIV,
1623 195 1915 233 ARTICULUS
1943 196 1993 231 IV

1584 274 1759 310 cundum
1792 273 1885 310 illud
1913 274 1926 310 1
1962 274 2049 310 Cor.
2075 286 2099 309 v
2128 273 2166 310 *ε
2202 275 2348 312 Pascha
2383 281 2548 313 nostrum
2582 278 2648 313 im·
2674 283 2840 311 ’ναι-κε·

1584 327 1741 363 molatus
1773 331 1824 362 est
1855 327 2040 363 Christus:
2067 328 2189 376 itaque
2216 328 2408 376 epulemur
2441 330 2478 365 in
2508 331 2650 377 azymis

1582 380 1799 416 sinceritatis
1826 384 1859 415 et
1886 381 2057 416 veritatis.

1638 432 1764 469 Habet
1791 439 1922 469 tamen
1949 432 2045 469 haec
2064 433 2305 470 consuetudo
2326 433 2564 472 Graecorum
2584 434 2648 472 ali-

1585 497 1702 534 quam
1725 484 1932 521 rationem:
1955 493 1990 522 et
2009 492 2166 534 propter
2184 484 2512 535 significationem,
2528 500 2648 537 quam

1584 537 1701 586 tangit
1738 537 1964 585 Gregorius;
2005 546 2041 574 et
2078 537 2118 574 in
2155 538 2444 576 detestationem
2481 540 2648 577 haeresis

1584 591 1886 638 Nazaraeorum,
1916 590 1983 640 qui
2011 590 2143 639 legalia
2162 591 2372 639 Evangelio
2390 592 2602 630 miscebant
2614 588 2646 630 ’ἦ

1638 645 1696 680 Αι)
1725 656 1860 682 PRIMUM
1888 656 1986 681 ERGO
2014 655 2195 681 DICENDUM
2233 644 2358 693 quod,
2393 644 2489 682 sicut
2514 645 2650 694 legitur

1584 696 1707 734 Exod.
1727 709 1774 733 xn
1792 696 1822 744 ²¹²,
1843 696 2064 735 solemnitas
2082 696 2271 745 paschalis
2294 696 2497 746 incipiebat
2516 710 2539 735 a
2557 704 2564 719 ‘
2584 711 2649 736 ve-

1585 749 1705 799 speris
1733 749 2064 798 quartaedecimae
2092 751 2217 786 lunae.
2260 750 2309 787 Et
2335 757 2427 787 tunc
2462 750 2647 799 Christus,

1585 810 1672 852 post
1691 802 1997 840 immolationem
2016 802 2103 851 agni
2121 802 2320 851 paschalis,
2341 803 2418 840 hoc
2436 815 2649 841 sacramen-

1584 864 1670 893 tum
1684 855 1851 893 instituit.
1881 856 1992 893 Unde
2012 855 2075 892 hic
2088 854 2169 892 dies
2189 868 2211 892 a
2224 857 2366 893 Ioanne
2387 855 2523 893 dicitur
2541 869 2649 906 prae-

1586 909 1721 946 cedere
1750 916 1976 958 sequentem
2003 908 2106 945 diem
2127 909 2309 955 Paschae,
2335 916 2371 946 et
2389 921 2412 946 a
2430 908 2550 947 tribus
2569 909 2649 948 aliis

2674 594 2686 606 ·
2701 594 2763 622 Aug.
2780 592 2810 623 eie
2823 593 2889 616 Hae-

2673 626 2730 648 ret„
2745 626 2769 643 n.
2783 625 2820 643 xx.-

2675 697 2686 708 ·
2699 696 2767 719 Vero.
2781 702 2803 724 7,
2819 697 2853 719 ¹8.

1586 961 1836 1009 Evangelistis
1855 961 1991 999 dicitur
2008 963 2133 1011 prima
2147 961 2223 998 dies
2236 974 2474 1011 azymorum,
2490 963 2648 1012 quando

1584 1016 1856 1053 fermentatum
1889 1015 1928 1051 in
1956 1013 2139 1051 domibus
2166 1015 2400 1052 Iudaeorum
2434 1027 2515 1053 non
2543 1015 2649 1053 inve-

1585 1068 1779 1114 niebatur,
1809 1075 1851 1104 ut
1879 1067 2025 1104 dictum
2053 1074 2108 1103 est
2126 1066 2156 1102 ³¹².
2205 1068 2254 1104 Et
2289 1068 2336 1105 de
2365 1069 2441 1105 hoc
2474 1081 2591 1118 supra
2609 1068 2649 1091 *²¹⁸

1585 1128 1762 1158 notatum
1790 1129 1845 1157 est
1871 1120 2023 1170 plenius
2055 1119 2094 1156 in
2122 1126 2281 1158 tractatu
2308 1121 2536 1159 Dominicae
2563 1134 2648 1172 pas-

1585 1186 1714 1211 Slonls.

1638 1228 1695 1264 AD
1733 1238 1922 1264 SECUNDUM
1958 1237 2140 1263 DICENDUM
2177 1226 2284 1275 quod
2321 1226 2567 1264 conficientes
2602 1240 2650 1265 ex

1585 1292 1723 1329 azymo
1752 1291 1832 1316 non
1859 1278 2063 1315 intendunt
2090 1279 2353 1316 caeremonias
2372 1279 2463 1327 legis
2484 1292 2648 1327 servare,

1585 1332 1653 1369 sed
1681 1332 1922 1369 conformare
1950 1343 1990 1367 se
2019 1330 2243 1368 institutioni
2262 1338 2278 1354 ’t
2301 1331 2450 1369 Christi.
2485 1333 2534 1369 Et
2560 1332 2649 1370 ideo
2773 1338 2789 1356 ²⁸

1584 1397 1665 1422 non
1693 1385 1895 1422 iudaizant.
1939 1383 2122 1433 Alioquin
2151 1392 2187 1421 et
2214 1385 2447 1422 celebrantes
2482 1385 2521 1422 in
2549 1397 2649 1436 pane

1583 1439 1810 1475 fermentato
1839 1436 2092 1474 iudaizarent:
2131 1437 2223 1486 quia
2257 1437 2388 1475 Iudaei
2422 1450 2542 1488 panes
2573 1437 2649 1488 pri-

1584 1491 1781 1528 mitiarum
1808 1491 2054 1528 fermentatos
2083 1490 2306 1528 offerebant.

1638 1546 1695 1582 AD
1721 1556 1880 1581 TERTIUM
1905 1556 2086 1581 DICENDUM
2115 1544 2223 1593 quod
2248 1544 2482 1582 fermentum
2508 1543 2649 1593 signifi-

1585 1605 1644 1635 cat
1663 1597 1857 1635 caritatem
1875 1604 2032 1646 propter
2057 1596 2226 1646 aliquem
2253 1597 2447 1643 effectum,
2470 1597 2562 1647 quia
2579 1597 2650 1635 sci-

1584 1651 1670 1688 licet
1688 1662 1831 1700 panem
1850 1649 1935 1687 facit
1954 1647 2187 1699 sapidiorem
2202 1657 2238 1686 et
2256 1650 2456 1687 maiorem.
2475 1651 2553 1688 Sed
2566 1662 2650 1688 cor-

1585 1703 1807 1753 ruptionem
1833 1702 2017 1751 significat
2041 1715 2088 1740 ex
2109 1702 2191 1753 ipsa
2214 1703 2360 1740 ratione
2380 1715 2472 1741 suae
2496 1702 2648 1753 speciei.

1639 1758 1697 1794 AD
1727 1768 1898 1799 QUARTUM
1927 1768 2110 1793 DICENDUM
2138 1756 2267 1805 quod,
2297 1756 2388 1806 quia
2415 1757 2650 1794 fermentum

1587 1810 1702 1847 habet
1730 1808 1874 1858 aliquid
1901 1808 2172 1858 corruptionis,
2202 1816 2239 1846 et
2266 1821 2312 1846 ex
2339 1822 2440 1859 pane
2468 1816 2649 1859 corrupto

1587 1875 1666 1900 non
1695 1870 1819 1912 potest
1847 1861 1986 1912 confici
2013 1863 2090 1899 hoc
2110 1870 2405 1910 sacramentum,
2434 1870 2477 1899 ut
2504 1862 2650 1900 dictum

2675 1065 2890 1141 2¹⁰9320281‘m.

2675 1124 2698 1147 9,
2757 1125 2777 1142 ι.

1587 1923 1642 1953 est
1660 1915 1698 1961 *;
1728 1915 1815 1952 ideo
1835 1913 1849 1936 λ
1877 1915 1998 1963 magis
2026 1915 2231 1952 attenditur
2254 1915 2353 1952 circa
2371 1927 2512 1965 panem
2542 1915 2650 1953 diffe-
2677 1914 2833 1968 '‘m-32⁸⁶
2846 1921 2875 1942 ⁴·

1587 1968 1707 2006 rentia
1741 1967 1867 2018 azymi
1902 1975 1938 2004 et
1971 1967 2185 2004 fermentati
2220 1980 2340 2017 quam
2375 1967 2475 2005 circa
2507 1980 2651 2018 aquam

1586 2021 1765 2071 baptismi
1793 2020 2006 2058 differentia
2033 2020 2143 2058 calidi
2172 2028 2208 2058 et
2227 2020 2361 2069 frigidi.
2391 2022 2525 2059 Posset
2546 2020 2652 2059 enim

1585 2082 1689 2112 tanta
1726 2086 1807 2111 esse
1843 2073 2036 2122 corruptio
2065 2073 2239 2111 fermenti
2276 2074 2385 2123 quod
2417 2087 2463 2112 ex
2491 2086 2538 2111 eo
2571 2086 2652 2113 non

1586 2134 1715 2177 posset
1742 2126 1826 2164 fieri
1841 2133 1858 2155 μ
1885 2134 2180 2164 sacramentum.
2778 2130 2797 2157 ἱ*

1639 2249 1664 2284 θ)
1683 2258 1736 2284 qua
1750 2251 1819 2276 die...
1834 2251 1928 2276 Exodi
1939 2249 2004 2276 XII.
2016 2265 2036 2269 -
2047 2251 2069 2275 E
2082 2256 2108 2275 et
2120 2251 2208 2282 tertia;
2227 2259 2280 2277 om.
2295 2251 2334 2277 ef.
2350 2252 2382 2276 ad
2397 2258 2420 2277 1.
2436 2254 2466 2277 ut
2484 2251 2584 2278 dictum
2603 2255 2652 2278 cst.

1641 2286 1660 2320 ι)
1679 2294 1705 2312 a.
1723 2301 1743 2305 -
1759 2289 1786 2312 ἃ·
1805 2287 1828 2315 b.
1848 2286 1879 2311 in·
1895 2287 1945 2316 Pc;
1962 2287 2031 2311 alias
2048 2294 2066 2311 a
2085 2294 2175 2319 margo
2194 2287 2222 2311 Ρ.

1639 2322 1666 2356 κ)
1685 2322 1855 2348 institutioni.
1867 2337 1887 2342 —
1899 2323 1921 2347 D
1934 2327 1960 2347 et
1972 2322 2058 2353 tertia;
2078 2322 2279 2347 instructionem
2298 2322 2368 2355 EpF,
2381 2322 2554 2348 instructioni
2566 2323 2653 2349 ceteri.

1639 2357 1656 2383 λ
1687 2358 1754 2384 ideo.
1772 2373 1792 2378 —
1810 2358 1866 2383 FsE
1886 2363 1911 2383 et
1929 2358 2069 2387 editiones;
2088 2361 2114 2382 et
2133 2357 2202 2382 ideo.

1640 2358 1669 2429 μζ
1681 2394 1754 2427 fieri.
1773 2409 1792 2413 —
1809 2394 1903 2427 confici
1920 2393 1940 2418 F
1960 2398 1986 2418 et
2002 2393 2085 2418 tertia.

1147 2472 1479 2505 Commentario.
1500 2472 1752 2506 Cardinalis
1773 2473 1976 2506 Caietani

464 2584 466 2586 ,
506 2561 526 2581 N
550 2551 682 2582 articulo
707 2557 830 2591 quarto,
855 2551 938 2582 circa
957 2551 1036 2582 illud
1059 2551 1148 2592 quod
1164 2551 1203 2582 de
1218 2552 1403 2593 presbytero
1419 2562 1533 2592 graeco

479 2562 637 2632 Idicitur,
668 2595 786 2626 scilicet
815 2595 904 2635 quod
935 2595 1028 2626 debet
1058 2606 1179 2627 servare
1202 2597 1298 2626 ritum
1321 2606 1472 2636 graecum
1501 2597 1535 2626 in

477 2640 608 2670 ecclesia
631 2649 758 2680 graeca.
782 2639 916 2670 dubium
940 2641 1077 2670 occurrit
1100 2650 1138 2671 ex
1161 2641 1254 2671 Petro
1280 2640 1319 2671 de
1341 2640 1477 2676 Palude,
1501 2641 1535 2670 in

237 2681 349 2730 {ossssjgj
368 2685 410 2703 ⁸¹⁸·
425 2688 449 2708 ⁴2
476 2683 616 2721 Quarto,
645 2683 714 2714 dist.
730 2694 762 2714 xx
777 2684 808 2720 ὓ,
833 2685 1019 2724 oppositum
1047 2684 1259 2715 concludente
1291 2694 1329 2715 ex
1351 2685 1415 2715 hoc
1446 2684 1535 2724 quod

478 2728 595 2758 Graeci
617 2733 692 2758 sunt
713 2727 926 2759 schismatici:
950 2728 1128 2769 nullusque,
1156 2729 1251 2759 etiam
1275 2729 1427 2769 ipsorum,
1446 2729 1536 2759 debet

475 2773 520 2803 eis
543 2772 728 2802 adhaerere.
752 2773 799 2802 Ac
814 2782 878 2812 per
899 2773 968 2808 hoc,
987 2778 1103 2813 potest,
1127 2773 1211 2804 sicut
1233 2773 1265 2803 in
1283 2778 1359 2809 toto,
1383 2773 1430 2804 sic
1452 2778 1483 2804 et
1501 2773 1533 2803 in

469 2821 567 2858 parte
589 2817 629 2847 ab
652 2816 697 2847 eis
720 2816 917 2848 discordare.
952 2817 1028 2848 Non
1051 2826 1126 2858 ergo
1149 2823 1295 2857 peccaret
1317 2827 1385 2848 non
1408 2827 1534 2848 servans

474 2861 571 2891 ritum
595 2870 718 2891 eorum.

530 2904 581 2935 Ad
596 2906 659 2935 hoc
683 2904 797 2935 dicitur
820 2904 909 2945 quod
931 2905 1054 2936 Auctor
1075 2906 1220 2946 loquitur
1243 2906 1282 2937 de
1298 2907 1417 2946 graecis
1433 2907 1534 2937 eccle-

475 2949 527 2979 siis
551 2954 582 2979 et
604 2949 793 2990 presbyteris
817 2949 971 2986 absolute,
997 2955 1027 2980 et
1049 2960 1116 2980 non
1135 2950 1175 2980 de
1189 2950 1303 2981 iisdem
1318 2951 1533 2981 schismaticis.

474 2993 517 3023 Et
531 2998 698 3033 propterea
713 2994 835 3033 optime
851 2993 926 3023 dicit
944 2993 1033 3034 quod
1047 2999 1205 3035 peccaret,
1220 2999 1410 3035 pervertens
1423 2995 1534 3026 Eccle-

474 3037 542 3067 siae
564 3046 643 3067 suae
665 3037 772 3068 ritum.
807 3038 848 3068 Et
870 3038 945 3068 hinc
973 3039 1117 3078 sequitur
1147 3039 1237 3079 quod
1265 3039 1360 3070 etiam
1389 3044 1534 3079 tempore

476 3081 650 3111 schismatis
673 3087 836 3121 peccaret:
869 3082 944 3122 quia
967 3083 1103 3113 schisma
1124 3092 1193 3113 non
1215 3083 1309 3114 solvit
1331 3084 1408 3114 ritus
1431 3089 1534 3114 rectos

478 3124 691 3161 ecclesiarum,
716 3125 816 3166 qualis
840 3131 886 3156 est
908 3126 977 3163 iste,
1001 3127 1057 3167 qui
1079 3136 1147 3157 non
1163 3136 1201 3158 ex
1216 3128 1394 3164 schismate,
1418 3127 1473 3158 sed
1497 3137 1534 3158 ex

1587 2553 1710 2583 ratione
1734 2553 1944 2584 ecclesiastica
1967 2554 2001 2583 in
2025 2554 2069 2584 eis
2093 2559 2148 2589 est,
2173 2559 2209 2587 ut
2233 2553 2416 2594 Gregorius,
2440 2555 2474 2585 in
2489 2554 2591 2586 littera
2608 2555 2653 2587 al-

1587 2596 1679 2633 latus,
1703 2602 1843 2628 testatur.
1868 2597 2038 2635 Quocirca,
2062 2598 2088 2627 si
2106 2598 2270 2638 presbyter
2285 2607 2416 2638 graecus
2440 2603 2471 2629 et
2492 2598 2527 2630 in
2541 2608 2654 2639 graeca

1589 2641 1722 2671 ecclesia
1745 2641 1892 2678 celebrat,
1909 2647 2056 2682 peccaret
2069 2651 2138 2672 non
2156 2641 2312 2673 servando
2328 2643 2425 2673 ritum
2444 2642 2576 2685 graecae
2589 2643 2653 2675 Ec-

1589 2685 1712 2721 clesiae,
1737 2695 1804 2716 non
1828 2696 1845 2715 a
1869 2686 2074 2716 schismaticis
2097 2692 2315 2727 praeceptum,
2340 2686 2397 2717 sed
2417 2687 2507 2718 velut
2529 2688 2568 2718 ab
2590 2687 2652 2719 Ec-

1589 2729 1683 2760 clesia
1706 2735 1859 2760 statutum
1883 2730 1972 2770 quod
1994 2730 2039 2760 ibi
2063 2736 2213 2761 servetur.
2237 2730 2331 2762 Unde
2353 2731 2387 2761 in
2407 2730 2557 2762 Concilio
2576 2730 2651 2763 Flo-

1588 2774 1724 2810 rentino,
1738 2774 1796 2804 sub
1813 2774 1960 2814 Eugenio
1976 2774 2019 2805 IV
2031 2775 2058 2810 ⁴,
2074 2774 2210 2815 legimus
2225 2775 2287 2806 sic:
2303 2775 2384 2806 Item
2400 2775 2433 2806 in
2449 2784 2570 2816 azrmo
2585 2775 2653 2807 sive
2678 2773 2689 2784 '

1578 2818 1781 2859 fermentato
1798 2827 1888 2859 pane
1911 2818 2035 2849 triticeo
2059 2828 2178 2860 corpus
2198 2819 2318 2850 Christi
2340 2819 2498 2850 veraciter
2520 2818 2653 2861 confici:

1587 2862 1831 2903 sacerdotesque
1860 2863 1892 2893 in
1917 2863 2020 2893 altero
2053 2863 2155 2904 ipsum
2185 2863 2320 2893 Domini
2348 2872 2466 2903 corpus
2495 2863 2653 2905 conficere

1588 2906 1716 2943 debere,
1741 2916 1996 2948 unumquemque
2018 2908 2140 2938 scilicet
2168 2907 2261 2938 iuxta
2282 2916 2362 2938 suae
2381 2907 2562 2944 Ecclesiae,
2585 2907 2652 2939 siue

1588 2951 1794 2982 occidentalis
1816 2951 1884 2982 siue
1907 2952 2084 2987 orientalis,
2109 2951 2380 2982 consuetudinem.

1643 2995 1684 3026 Et
1707 3005 1782 3026 curn
1806 2996 1954 3026 obiicitur
1977 2995 2067 3036 quod
2089 3005 2187 3027 nemo
2210 2995 2305 3026 debet
2327 2995 2372 3026 eis
2395 2995 2573 3032 adhaerere,
2597 3005 2651 3027 ve-

1588 3049 1660 3070 rum
1684 3045 1731 3070 est
1754 3045 1911 3080 quantum
1934 3039 1974 3070 ad
1989 3049 2026 3070 ea
2049 3049 2132 3080 quae
2147 3045 2222 3070 sunt
2236 3039 2422 3070 schismatis.
2445 3039 2487 3070 Et
2509 3039 2652 3072 similiter

1588 3089 1694 3125 potest
1719 3083 1899 3115 discordare
1922 3084 1960 3114 ab
1985 3084 2030 3114 eis
2052 3084 2086 3114 in
2108 3089 2179 3114 toto
2203 3088 2234 3114 et
2260 3084 2294 3114 in
2316 3089 2405 3123 parte
2439 3084 2473 3114 in
2495 3084 2544 3114 his
2567 3093 2651 3124 quae

1589 3133 1663 3158 sunt
1686 3128 1871 3159 schismatis.
