2918 4088
75 654 131 677 ‘Ad
140 653 219 677 Galat.
237 659 289 683 cap.

76 671 243 736 aaz&
257 681 291 736 rt

73 739 135 757 Vm-
152 741 183 757 Η-

65 2982 289 3023 ymarus.

999 205 1263 254 QUAESTIO
1291 204 1430 251 LXVI,
1460 203 1753 242 ARTICULUS
1781 206 1817 242 X

371 297 406 323 2.
436 286 667 333 PRAETEREA,
697 285 746 322 ad
774 285 878 323 idem
906 292 1190 323 sacramentum
1217 295 1297 321 non
1324 281 1378 319 vi-

317 339 428 376 detur
454 338 642 388 pertinere
675 338 916 376 diversarum
947 337 1195 375 materierum
1221 342 1239 358 ²
1270 348 1375 374 usus.

317 392 396 430 Sed
432 392 480 428 ab
508 391 745 441 baptismum
779 391 941 441 pertinet
968 390 1112 428 ablutio
1140 401 1275 438 aquae.
1318 389 1376 425 In-

316 444 590 482 convenienter
616 443 728 492 igitur
755 444 814 481 ille
843 443 910 493 qui
937 443 1149 493 baptizatur
1179 441 1237 478 bis
1265 440 1377 478 inun-

315 497 415 546 gitur
446 499 532 534 oleo
561 504 711 543 sancto,
746 497 919 547 primum
953 496 992 533 in
1026 502 1200 545 pectore,
1237 493 1377 531 deinde

316 549 414 587 inter
440 551 633 599 scapulas,
661 549 782 598 tertio,
812 549 1016 587 chrismate
1043 547 1082 585 in
1110 546 1261 584 vertice.

371 602 406 640 3.
435 604 675 650 PRAETEREA,
705 605 743 640 in
775 604 918 640 Christo
937 603 1022 638 Iesu
1051 613 1126 638 non
1155 606 1206 637 est
1232 611 1376 636 mascu-

315 655 372 693 lus
390 668 509 705 neque
515 656 679 704 femina,
700 657 883 693 barbarus
901 659 936 691 et
953 653 1092 702 Scytha
1109 653 1149 690 *z
1180 660 1216 689 et
1239 652 1377 690 eadem

315 708 462 746 ratione
489 720 561 746 nec
585 708 736 758 aliquae
761 707 855 745 aliae
883 705 1109 744 huiusmodi
1129 704 1374 743 differentiae.

315 762 440 800 Multo
455 761 567 810 igitur
579 760 709 799 minus
728 759 925 798 diversitas
938 758 1102 797 vestium
1124 757 1269 807 aliquid
1288 770 1376 808 ope-

315 822 421 852 ratur
447 814 487 852 in
513 814 592 852 fide
622 812 771 851 Christi.
801 811 1119 850 Inconvenienter
1137 823 1227 860 ergo
1256 810 1376 861 bapti-

315 867 406 905 zatis
433 866 592 904 traditur
619 865 782 904 candida
807 865 934 903 vestis.

367 932 404 968 4.
425 921 657 965 PRAETEREA,
678 919 759 956 sine
778 917 1004 956 huiusmodi
1023 916 1274 955 observantiis
1292 924 1376 966 pot-

313 980 370 1010 est
397 971 610 1022 baptismus
637 971 830 1010 celebrari.
872 972 980 1008 Haec
1007 970 1118 1020 igitur
1149 982 1250 1020 quae
1278 969 1378 1007 dicta

314 1033 414 1074 sunt,
433 1025 616 1063 videntur
633 1037 715 1062 esse
734 1023 948 1074 superflua:
980 1031 1015 1061 et
1033 1024 1084 1061 ita
1102 1022 1376 1061 inconvenien-

312 1085 371 1116 ter
403 1078 452 1116 ab
487 1077 658 1116 Ecclesia
691 1077 859 1116 instituta
893 1089 975 1114 esse
1010 1076 1050 1114 in
1078 1076 1152 1114 ritu
1184 1075 1374 1126 baptismi.

369 1132 444 1170 SED
469 1143 615 1169 CONTRA
638 1142 704 1168 EST
731 1131 840 1181 quod
867 1130 1037 1168 Ecclesia
1065 1129 1205 1178 regitur
1233 1128 1376 1179 Spiritu

313 1185 467 1232 Sancto,
497 1183 565 1234 qui
592 1183 687 1221 nihil
714 1183 975 1222 inordinatum
1003 1190 1195 1233 operatur.

365 1238 592 1275 Respoumso
619 1249 801 1275 monimum
835 1237 943 1286 quod
972 1236 1011 1273 in
1039 1243 1278 1274 sacramento
1310 1234 1376 1272 ba-

312 1289 444 1341 ptismi
471 1290 616 1345 aliquid
643 1290 766 1339 agitur
792 1290 900 1340 quod
919 1297 975 1326 est
1002 1290 1050 1326 de
1074 1288 1294 1326 necessitate
1318 1300 1375 1325 sa-

310 1343 533 1391 ermentiy‘
547 1350 584 1380 et
611 1342 755 1392 aliquid
783 1350 839 1380 est
873 1342 980 1393 quod
1012 1342 1061 1380 ad
1089 1341 1287 1392 quandam
1315 1353 1375 1379 so-

314 1396 550 1435 lemnitatem
587 1395 814 1433 sacramenti
839 1396 1012 1446 pertinet.
1060 1396 1119 1432 De
1156 1393 1375 1432 necessitate

313 1449 475 1500 quidem
503 1448 730 1486 sacramenti
757 1456 813 1486 est
840 1456 876 1486 et
903 1449 1044 1496 forma,
1078 1460 1178 1498 quae
1206 1447 1376 1495 designat

313 1501 565 1553 principalem
593 1513 751 1540 causam
774 1501 1020 1547 sacramenti3
1050 1509 1087 1538 et
1105 1499 1287 1546 minister,
1308 1499 1376 1549 qui

312 1562 372 1592 est
397 1567 514 1592 causa
540 1555 853 1601 instrumenta1is;
893 1562 929 1591 et
955 1566 1050 1591 usus
1076 1553 1278 1600 materiae,
1308 1552 1375 1589 sci-

313 1608 400 1645 licet
426 1607 570 1645 ablutio
598 1607 638 1644 in
657 1619 770 1656 aqua,
799 1619 900 1656 quae
927 1606 1099 1654 designat
1124 1605 1376 1655 principalem

311 1660 540 1699 sacramenti
568 1660 759 1697 effectum.
791 1660 926 1697 Cetera
952 1671 1046 1696 vero
1066 1658 1199 1695 omnia
1217 1670 1317 1707 quae
1336 1657 1376 1694 in

311 1711 388 1751 ritu
414 1712 633 1763 baptizandi
652 1713 831 1750 observat
849 1711 1029 1759 Ecclesia,
1049 1711 1170 1760 magis
1188 1710 1377 1760 pertinent

309 1765 362 1804 ad
390 1765 589 1815 quandam
616 1765 897 1803 solemnitatem
925 1763 1162 1802 sacramenti.

366 1818 480 1866 Quae
507 1818 667 1868 quidem
695 1818 927 1856 adhibentur
954 1824 1193 1855 sacramento
1220 1825 1379 1867 propter

311 1869 394 1909 tria.
423 1871 555 1909 Primo
584 1871 756 1921 quidem,
786 1871 835 1909 ad
859 1870 1100 1908 excitandam
1127 1869 1377 1907 devotionem

311 1923 501 1972 fidelium,
517 1932 554 1961 et
567 1924 822 1962 reverentiam
836 1925 885 1962 ad
900 1931 1195 1962 sacramentum.
1217 1922 1257 1961 Si
1272 1922 1377 1960 enirn

312 1977 534 2028 simpliciter
568 1977 678 2014 fieret
705 1977 849 2015 ablutio
877 1977 917 2014 in
954 1989 1076 2027 aqua,
1106 1977 1252 2026 absque
1281 1977 1377 2014 sole-

312 2029 483 2079 mnitate,
504 2030 552 2068 de
575 2029 674 2068 facili
701 2031 749 2068 ab
770 2030 960 2080 aliquibus
980 2029 1254 2075 aestimaretur,
1267 2028 1377 2080 quasi

312 2083 509 2134 quaedam
536 2083 757 2121 communis
785 2083 941 2121 ablutio.

369 2137 562 2184 Secundo,
583 2136 632 2174 ad
650 2136 826 2174 fidelium
845 2136 1146 2174 instructionem.
1178 2135 1378 2185 Simplices

313 2189 432 2238 enim,
462 2189 530 2240 qui
548 2189 676 2227 litteris
695 2202 776 2227 non
796 2189 1036 2238 erudiuntur,
1057 2196 1207 2238 oportet
1226 2188 1377 2226 erudire

280 2286 283 2288 ,
314 2254 386 2295 per
412 2242 541 2293 aliqua
568 2242 759 2280 sensibilia
783 2242 900 2291 signa,
929 2250 1023 2292 puta
1049 2254 1119 2292 per
1144 2242 1322 2292 picturas,
1343 2249 1379 2279 et

314 2295 444 2346 aliqua
471 2295 709 2333 huiusmodi.
739 2297 788 2333 Et
814 2307 884 2345 per
911 2296 1017 2332 hunc
1045 2295 1211 2332 modum
1238 2306 1309 2344 per
1334 2306 1379 2331 ea

313 2355 416 2400 quae
435 2349 475 2386 in
499 2348 745 2386 sacramentis
771 2357 946 2397 aguntur,
967 2349 1029 2386 vel
1047 2348 1297 2394 instruuntur,
1317 2349 1379 2384 vel

313 2399 564 2441 Sollicitantur
591 2402 640 2439 ad
659 2402 927 2452 quaerendum
946 2401 994 2438 de
1014 2401 1074 2438 his
1102 2413 1202 2451 quae
1221 2412 1292 2450 per
1309 2401 1378 2437 hu-

314 2453 486 2492 iusmodi
519 2454 711 2492 sensibilia
745 2455 851 2504 signa
883 2454 1153 2503 significantur.
1202 2454 1251 2491 Et
1277 2453 1377 2501 ideo,

316 2505 427 2557 quia,
454 2515 605 2557 praeter
638 2508 890 2558 principalem
922 2507 1149 2545 sacramenti
1177 2507 1377 2552 effectum,

315 2567 468 2610 oportet
485 2561 679 2610 quaedam
698 2561 771 2598 alia
789 2561 883 2598 scire
903 2561 1002 2598 circa
1020 2560 1268 2610 baptismum,
1288 2572 1379 2597 con-

315 2612 475 2651 veniens
511 2612 582 2651 fuit
617 2621 660 2650 ut
697 2613 812 2650 etiarn
853 2613 1088 2664 quibusdam
1129 2612 1379 2650 exterioribus

316 2665 431 2714 signis
459 2674 842 2715 repraesentarentur.

369 2718 514 2766 Tertio,
544 2718 635 2768 quia
662 2731 731 2768 per
759 2719 949 2756 orationes
977 2726 1014 2756 et
1039 2718 1324 2756 benedictiones
1343 2725 1380 2755 et

317 2771 390 2809 alia
417 2771 643 2809 huiusmodi
671 2772 873 2809 cohibetur
890 2772 949 2809 vis
970 2771 1171 2809 daemonis
1190 2772 1238 2808 ab
1258 2771 1379 2821 impe-

317 2824 490 2863 dimento
519 2824 802 2862 sacramentalis
831 2825 1000 2862 effectus.

369 2878 427 2915 AD
465 2890 601 2915 PmMUM
636 2890 734 2915 ERGO
770 2890 951 2915 mel-:NDUM
987 2877 1094 2926 quod
1131 2875 1304 2913 Christus
1339 2876 1379 2913 in

317 2930 536 2980 Epiphania
570 2930 781 2980 baptizatus
817 2938 872 2968 est
905 2930 1096 2980 baptismo
1128 2928 1299 2977 Ioannis,
1337 2936 1380 2965 ut

316 2984 468 3034 supra*
496 2983 640 3021 dictum
669 2991 743 3021 est:
783 2996 862 3033 quo
891 2983 1051 3032 quidem
1079 2981 1270 3031 baptismo
1298 2994 1380 3018 non

315 3037 557 3088 baptizantur
583 3036 727 3083 fideles,
758 3037 825 3074 sed
853 3036 980 3086 potius
1008 3035 1199 3085 baptismo
1227 3034 1376 3071 Christi.

370 3179 387 3195 α
418 3171 599 3196 materierum.
617 3185 637 3190 -
654 3170 829 3195 materiarum
850 3169 921 3194 PEF.

370 3205 386 3239 β
417 3206 509 3232 millia.
527 3221 546 3225 -
564 3206 700 3231 hominum
720 3206 816 3230 addunt
835 3206 843 3230 1
863 3211 888 3230 et
906 3204 1039 3229 editiones.

416 3242 535 3275 Spiritus
548 3242 645 3267 Sancti
657 3242 756 3267 donum
770 3241 891 3273 recipiat.
901 3247 977 3273 —per
990 3239 1108 3272 Spiritus
1121 3237 1216 3263 Sancti
1229 3237 1328 3263 donum
1341 3237 1380 3262 PI.

2443 218 2492 254 77

1434 281 1513 328 Qui
1542 281 1701 330 quidem
1729 283 1844 319 habet
1873 283 2083 320 efficaciam
2112 297 2157 321 ex
2186 285 2362 334 passione
2384 284 2492 322 Chri-

1432 334 1488 381 sti,
1518 335 1735 372 secundum
1763 335 1855 372 illud
1882 337 1993 373 Rom.
2014 349 2048 373 vx
2067 336 2097 383 ³¹⁸,
2133 338 2362 387 Quicumque
2380 340 2492 387 bapti-

1433 388 1504 435 {ati
1527 399 1654 424 sumus
1681 389 1718 424 in
1752 389 1894 425 Christo
1923 390 2019 434 Iesu,
2049 391 2086 425 in
2115 396 2233 426 morte
2251 392 2361 439 ipsius
2380 393 2491 440 bapti-

1433 441 1503 488 {ali
1518 452 1667 485 sumus,·
1694 448 1731 477 et
1750 452 1796 477 ex
1817 440 1959 490 Spiritu
1979 442 2131 488 Sancto,
2161 443 2376 479 secundum
2400 443 2492 480 illud

1432 493 1535 530 Ioan.
1557 505 1589 530 111
1612 492 1649 540 ²⁸,
1688 494 1776 530 Nisi
1808 495 1886 543 quis
1921 500 2070 531 renatus
2093 495 2214 543 fuerit
2248 507 2298 532 ex
2328 508 2425 544 aqua
2460 502 2493 532 et

1432 547 1569 595 Spiritu
1584 548 1731 583 Sancto.
1761 547 1809 583 Et
1827 546 1915 583 ideo
1940 547 2121 584 solemnis
2141 547 2353 596 baptismus
2372 548 2493 595 agitur

1432 598 1472 635 in
1492 599 1662 636 Ecclesia
1690 606 1726 636 et
1744 598 1783 636 in
1802 599 1927 647 vigilia
1946 600 2128 647 Paschae,
2149 600 2306 649 quando
2326 600 2368 636 fit
2387 612 2491 637 com-

1432 651 1662 689 memoratio
1690 651 1918 689 Dominicae
1947 654 2175 701 sepulturae,
2197 660 2232 689 et
2251 653 2491 690 resurrectio-

1431 704 1491 741 nis
1518 703 1712 752 eiusdem3
1741 713 1898 755 propter
1920 705 2026 754 quod
2056 713 2093 742 et
2119 705 2312 743 Dominus
2330 714 2416 755 post
2435 718 2491 743 re-

1432 758 1709 795 surrectionem
1735 766 1985 807 praeceptum
2008 758 2056 795 de
2079 758 2270 808 baptismo
2299 758 2492 808 discipulis

1431 810 1546 858 dedit,
1562 818 1606 848 ut
1624 811 1788 848 habetur
1804 811 1939 848 Matth.
1956 812 2021 848 ult.
2037 810 2072 848 ²⁸:
2093 833 2119 838 —
2139 819 2175 848 et
2193 811 2232 848 in
2250 811 2376 859 vigilia
2395 813 2491 848 Pen-

1431 870 1603 912 tecostes,
1624 863 1782 914 quando
1802 863 1933 913 incipit
1960 863 2141 901 celebrari
2160 864 2379 901 solemnitas
2408 863 2491 913 Spi-

1431 915 1524 953 ritus
1553 916 1703 962 Sancti;
1732 917 1837 954 unde
1866 925 1902 954 et
1929 917 2103 967 Apostoli
2130 918 2307 965 leguntur
2327 916 2410 966 ipso
2431 916 2491 953 die

1431 970 1686 1017 Pentecostes,
1715 983 1794 1018 quo
1824 969 2009 1019 Spiritum
2043 970 2228 1008 Sanctum
2260 977 2490 1019 receperant,

1430 1022 1502 1059 tria
1528 1022 1646 1060 millia
1665 1021 1680 1052 β
1707 1022 1917 1072 baptizasse
1935 1022 1965 1060 *.

1485 1076 1542 1113 AD
1561 1088 1751 1114 SECUNDUM
1771 1088 1953 1113 DICENDUM
1977 1075 2084 1125 quod
2111 1088 2205 1113 usus
2233 1087 2357 1125 aquae
2385 1075 2491 1112 adhi-

1431 1127 1543 1166 betur
1570 1128 1610 1166 in
1637 1128 1828 1178 baptismo
1867 1129 1976 1178 quasi
2011 1128 2205 1178 pertinens
2240 1129 2290 1166 ad
2318 1128 2491 1166 substan-

1430 1181 1523 1218 tiam
1559 1181 1804 1219 sacramenti:
1848 1182 1915 1219 sed
1950 1194 2043 1219 usus
2078 1181 2152 1219 olei
2183 1183 2245 1219 vel
2279 1180 2492 1219 chrismatis

1431 1235 1635 1272 adhibetur
1662 1235 1710 1272 ad
1738 1235 1936 1284 quandam
1964 1235 2255 1272 solemnitatem.
2293 1235 2398 1271 Nam
2416 1234 2491 1284 pri-

1430 1299 1508 1334 mo,
1538 1287 1791 1337 baptizandus
1818 1287 2015 1336 inungitur
2042 1289 2128 1325 oleo
2147 1295 2279 1325 sancto
2308 1295 2344 1324 et
2367 1287 2407 1324 in
2425 1299 2491 1337 pe-

1430 1348 1533 1378 ctore
1561 1348 1598 1377 et
1625 1340 1664 1377 in
1693 1339 1867 1390 scapuliS,
1888 1343 1995 1391 quasi
2010 1341 2144 1378 athleta
2162 1342 2245 1387 Dei,
2264 1347 2307 1377 ut
2330 1340 2491 1377 Ambro-

1430 1393 1508 1430 sius
1531 1393 1631 1440 dicit,
1660 1393 1700 1430 in
1718 1393 1815 1430 libro
1835 1394 1880 1430 de
1898 1395 2148 1431 Sacramentis
2165 1393 2200 1430 *ε
2231 1392 2327 1430 sicut
2345 1392 2491 1442 pugiles

1429 1446 1562 1494 inungi
1599 1454 1894 1484 consueverunt.
1916 1468 1940 1474 -
1967 1448 2059 1494 Vel,
2088 1446 2184 1484 sicut
2211 1445 2454 1484 Innocentius
2471 1445 2492 1468 *

1429 1499 1530 1546 dicit,
1557 1498 1597 1536 in
1622 1499 1793 1548 quadam
1820 1499 2007 1536 Decretali
2035 1499 2081 1536 de
2106 1512 2216 1537 sacra
2248 1500 2429 1537 Unctione
2451 1498 2490 1546 ³¹⁸,

1429 1552 1667 1601 baptizandus
1685 1553 1722 1588 in
1737 1558 1889 1602 pectore
1907 1554 2111 1602 inungitur,
2132 1558 2169 1589 ut
2196 1553 2351 1601 Spiritus
2369 1553 2495 1589 Sancti

1430 1604 1570 1641 donum
1589 1606 1742 1654 recipiat
1759 1609 1785 1652 Υ,
1815 1617 1983 1642 errorem
2003 1606 2149 1642 abiiciat
2167 1610 2200 1641 et
2225 1605 2491 1654 ignorantiam,

1430 1662 1464 1694 et
1479 1657 1602 1705 fidem
1630 1663 1770 1694 rectam
1796 1659 1980 1707 suscipiat,
2010 1659 2096 1707 quia
2123 1659 2235 1694 iustus
2267 1669 2316 1694 ex
2330 1657 2415 1705 fide
2441 1658 2493 1695 vi-

1430 1712 1502 1754 vit;
1543 1712 1638 1747 inter
1669 1710 1841 1758 scapulas
1868 1716 1990 1747 autem
2026 1712 2240 1760 inungitur,
2268 1715 2307 1746 ut
2338 1710 2493 1759 Spiritus

1431 1765 1560 1800 Sancti
1594 1764 1759 1813 gratiam
1795 1763 1941 1809 induat,
1977 1769 2090 1800 exuat
2115 1761 2128 1785 δ
2157 1763 2424 1812 negligentiam
2461 1768 2494 1799 et

1430 1822 1633 1866 torporem,
1655 1822 1689 1853 et
1715 1818 1854 1854 bonam
1874 1817 2127 1866 operationem
2147 1821 2336 1860 exerceat;
2363 1821 2401 1851 ut
2422 1827 2495 1865 per

1420 1869 1519 1919 fidei
1551 1875 1827 1906 sacramentum
1861 1870 1905 1906 sit
1938 1870 2118 1906 munditia
2152 1869 2418 1918 cogitationum
2455 1869 2493 1904 in

1426 1928 1590 1973 pectore,
1619 1928 1653 1959 et
1676 1922 1854 1970 fortitudo
1882 1922 2054 1959 laborum
2086 1923 2123 1959 in
2151 1922 2320 1972 scapulis.

1485 1977 1577 2012 Post
1590 1974 1827 2025 baptismum
1841 1987 1946 2022 vero,
1962 1982 2005 2012 ut
2023 1975 2207 2012 Rabanus
2225 1973 2315 2011 dicit
2328 1973 2359 2021 *,
2374 1974 2494 2011 statim

1431 2030 1604 2079 signatur
1621 2030 1659 2066 in
1688 2030 1840 2066 cerebro
1868 2041 1892 2066 a
1913 2029 2135 2077 presbytero
2159 2039 2243 2064 cum
2262 2038 2371 2064 sacro
2398 2027 2494 2063 chri-

1431 2087 1559 2128 smate,
1587 2089 1758 2132 sequente
1783 2081 1894 2118 simul
1921 2087 1955 2118 et
1973 2082 2151 2126 oratione,
2173 2086 2211 2117 ut
2232 2080 2368 2124 Christi
2385 2081 2496 2129 regni

1427 2136 1614 2185 particeps
1637 2137 1724 2183 fiat,
1755 2140 1788 2171 et
1814 2147 1838 2171 α
1863 2135 2006 2171 Christo
2038 2134 2267 2171 Christianus
2287 2133 2404 2182 possit
2430 2144 2493 2170 vo-

1433 2189 1524 2225 cari.
1545 2210 1570 2214 -
1605 2188 1686 2234 Vel,
1708 2186 1805 2224 sicut
1831 2186 2060 2224 Ambrosius
2092 2185 2182 2223 dicit
2198 2185 2231 2232 *,
2250 2192 2493 2233 unguentum

1434 2253 1550 2290 super
1577 2248 1691 2290 caput
1719 2240 1948 2286 effunditur,
1986 2239 2077 2289 quia
2103 2240 2275 2289 sapientis
2301 2250 2427 2275 sensus
2454 2239 2491 2274 in

1433 2295 1551 2343 capite
1569 2299 1582 2314 ⁸
1610 2295 1686 2330 eius
1704 2293 1743 2330 *t
1774 2299 1812 2329 ut
1839 2292 1977 2330 scilicet
1994 2291 2035 2314 *¹¹⁸
2062 2294 2106 2329 sit
2126 2297 2285 2342 paratus
2312 2292 2418 2328 omni
2429 2303 2492 2340 pe-

1432 2349 1521 2384 tenti
1546 2347 1591 2383 de
1606 2347 1690 2395 fide
1717 2345 1871 2383 reddere
1898 2347 2091 2383 rationem.

1487 2400 1544 2436 An
1572 2411 1731 2437 TER’rmM
1758 2411 1939 2436 mei-:NDUM
1965 2397 2074 2448 quod
2100 2396 2215 2434 vestis
2242 2397 2304 2434 illa
2331 2395 2493 2433 candida

1433 2452 1594 2489 traditur
1620 2452 1821 2502 baptizato,
1851 2463 1931 2489 non
1959 2451 2118 2500 quidem
2146 2462 2192 2488 ea
2213 2449 2357 2487 ratione
2386 2449 2493 2498 quod

1433 2518 1514 2543 non
1546 2505 1655 2542 liceat
1689 2505 1723 2542 ei
1757 2505 1837 2542 aliis
1863 2504 2034 2541 vestibus
2067 2503 2140 2540 uti:
2179 2503 2247 2540 sed
2274 2502 2314 2539 in
2341 2501 2494 2551 signum

1433 2558 1651 2607 gloriosae‘
1679 2557 1975 2605 resurrectionis,
1996 2556 2046 2594 ad
2073 2568 2193 2606 quam
2220 2554 2398 2592 homines
2425 2567 2495 2604 per

1433 2611 1671 2661 baptismum
1690 2617 1977 2660 regenerantur3
2007 2617 2044 2647 et
2061 2610 2110 2647 ad
2129 2607 2405 2658 designandam
2423 2619 2494 2656 pu-

1433 2665 1583 2702 ritatem
1609 2664 1720 2712 vitae‚
1751 2676 1871 2714 quarn
1898 2663 2039 2700 debent
2065 2670 2153 2712 post
2170 2660 2407 2712 baptismum
2426 2660 2493 2697 ob-

1434 2730 1606 2765 servare,
1643 2717 1859 2755 secundum
1886 2716 1977 2753 illud
2011 2717 2117 2753 Rom.
2136 2727 2172 2752 vi
2189 2714 2227 2751 *z
2261 2715 2307 2751 In
2338 2715 2495 2751 novitate

1432 2773 1530 2810 vitae
1561 2771 1802 2808 ambulemus.

1487 2825 1545 2860 AD
1565 2835 1736 2866 QUARTUM
1759 2835 1940 2860 DxcENDUM
1968 2821 2075 2871 quod
2103 2833 2149 2858 ea
2175 2831 2275 2869 quae
2306 2818 2495 2868 pertinent

1434 2877 1484 2913 ad
1503 2876 1784 2913 solemnitatem
1812 2874 2050 2921 sacramenti,
2072 2873 2139 2910 etsi
2158 2885 2238 2910 non
2261 2871 2335 2909 sint
2353 2871 2401 2908 de
2429 2883 2494 2908 ne-

1434 2929 1605 2966 cessitate
1633 2928 1874 2976 sacramenti,
1902 2939 1982 2964 non
2009 2934 2138 2963 tamen
2167 2933 2255 2962 sunt
2282 2923 2493 2973 superflua,

1434 2981 1526 3031 quia
1553 2989 1642 3018 sunt
1669 2981 1718 3018 ad
1746 2982 1845 3018 bene
1880 2992 1961 3017 esse
1995 2978 2235 3024 sacramenti,
2264 2985 2307 3014 ut
2341 2988 2458 3026 supra
2475 2976 2495 2998 '¹‘

1433 3034 1578 3071 dictum
1607 3041 1672 3071 est.

1435 3166 1529 3192 Sancti
1552 3167 1672 3200 gratiam
1697 3169 1782 3191 exuat
1801 3165 1952 3200 (excutiant
1970 3165 2000 3199 P)
2020 3164 2060 3189 Pl.
2079 3163 2142 3188 Post
2165 3165 2291 3188 exerceat
2308 3162 2327 3186 P
2346 3161 2415 3186 addit
2433 3161 2495 3193 quta

1428 3202 1498 3235 fides
1515 3202 1572 3227 sine
1590 3203 1712 3234 operibus
1731 3204 1838 3226 mortua
1856 3204 1904 3226 est.

1487 3236 1510 3271 ε)
1530 3237 1556 3261 in
1575 3238 1670 3270 capite.
1687 3251 1707 3257 -
1724 3237 1769 3268 1>1;
1788 3240 1850 3262 sunt
1873 3238 1955 3268 caput
1972 3235 2003 3264 D.
2022 3241 2102 3267 super
2123 3236 2204 3266 caput
2223 3232 2308 3257 ceteri.
2325 3246 2345 3251 ·-
2362 3231 2434 3257 omni
2447 3238 2495 3264 pe-

368 3250 385 3302 }
415 3277 582 3311 inungitur...
599 3280 693 3303 exuat.
709 3291 729 3296 —
747 3277 889 3310 inungitur
907 3274 1086 3310 (inunguntur
1100 3271 1131 3308 P)
1148 3276 1178 3298 ut
1192 3279 1244 3306 per
1263 3272 1381 3305 Spiritus
1434 3273 1502 3298 tenti
1520 3272 1612 3298 CIsFG
1631 3281 1648 3298 a
1666 3278 1692 3298 et
1710 3272 1848 3302 editiones3
1867 3270 2054 3302 omnipontenti
2072 3269 2104 3300 H,
2123 3267 2300 3300 omnipotenti
2317 3267 2402 3293 ceteri.

1486 3308 1512 3343 ζ)
1531 3309 1674 3341 gloriosae.
1691 3323 1710 3327 -
1727 3308 1831 3341 gloriae
1849 3307 1895 3339 P13
1913 3306 1988 3332 Alias
2005 3305 2141 3339 gloriosae
2159 3311 2250 3338 margo
2267 3303 2295 3328 P.

2519 344 2530 354 ·
2544 343 2610 365 Vers.
2624 350 2645 372 3.

2519 501 2529 511 ·
2543 500 2609 522 Vers.
2624 506 2643 527 5.

2519 811 2529 821 ·
2543 810 2609 832 Vei-s.
2627 817 2660 838 ¹9·

2519 1061 2529 1070 '
2551 1059 2601 1081 Act.
2630 1065 2681 1087 cap.
2704 1065 2730 1086 ιι,

2518 1092 2576 1107 vers.
2591 1093 2626 1112 4¹·

2519 1401 2529 1410 ·
2543 1398 2594 1420 Lib.
2609 1398 2627 1425 1,
2643 1404 2693 1426 cap.
2705 1405 2729 1420 ιι.

2518 1449 2530 1459 '‘
2542 1447 2643 1469 Tertius.

2518 1499 2529 1509 ·
2537 1498 2593 1529 Cap.
2603 1498 2676 1526 Quum
2691 1504 2730 1519 ve-

2518 1527 2598 1546 nisset.

2617 1609 2634 1634 γ

2521 1974 2531 1984 ·
2545 1973 2581 1994 De
2595 1972 2678 1994 Cleric.
2694 1973 2731 1994 In-

2521 2000 2570 2021 str't.
2589 1999 2628 2021 lib.
2644 2000 2660 2025 1,
2680 2005 2730 2026 cap.

2520 2032 2598 2047 xxviii.

2520 2191 2530 2200 ·
2555 2189 2592 2211 De
2611 2189 2718 2211 Sacram.

2520 2216 2560 2237 lib.
2571 2215 2610 2241 111,
2625 2221 2676 2243 cap.
2688 2221 2720 2237 ι.-

2520 2242 2555 2264 Cf.
2578 2247 2628 2263 can.
2649 2242 2719 2263 Acce-

2516 2268 2576 2295 pisti
2592 2270 2669 2296 myst„
2680 2268 2720 2299 *de

2519 2294 2645 2342 fioneecr„
2663 2294 2716 2317 dist.

2620 2357 2630 2373 ε

2519 2384 2530 2393 “”
2547 2382 2624 2404 Eccle.
2640 2388 2689 2410 cap.
2705 2388 2730 2409 n,

2520 2415 2578 2430 vers.
2596 2416 2628 2434 Μ.

2520 2437 2541 2465 ”f
2549 2434 2673 2462 1nnoc.111‚
2680 2440 2730 2462 cap.

2520 2466 2558 2484 cn.
2574 2474 2584 2478 -
2600 2461 2636 2483 Cf.
2651 2461 2661 2482 1
2683 2462 2730 2483 Pet.

2521 2494 2570 2515 cap.
2585 2493 2616 2515 ιη,
2628 2494 2686 2509 vers.
2699 2495 2717 2510 ι.

2521 2715 2531 2724 ”
2545 2713 2611 2734 Vers.
2626 2719 2649 2738 4.

2521 2979 2531 2988 ·
2545 2978 2570 2999 In
2585 2982 2692 3004 corpore.
