2918 4088
150 416 161 425 '¹
176 413 211 435 Cf.
223 418 286 434 num.
297 418 321 439 n,
332 418 361 433 ιν,

153 809 163 819 ·
179 807 235 834 cap.
246 806 306 828 Sunt
320 812 363 827 au-

154 836 204 855 tem.

153 862 164 872 '
174 861 245 882 Cone.
254 859 364 885 Floreat,

154 887 177 908 in
202 886 294 908 Decret.
318 891 364 913 pro

153 914 247 934 Armen.

154 1639 163 1649 ·
174 1638 210 1660 cf.
221 1642 261 1659 art.
275 1645 292 1664 1,
303 1637 330 1658 ad
343 1643 363 1666 3.

154 1687 163 1696 '¹
178 1685 213 1707 Cf.
229 1684 279 1706 Hal.
301 1684 363 1705 Sum.

157 1711 236 1733 Theol.
248 1717 270 1738 p.
278 1710 363 1738 1v,qu.

154 1744 261 1790 ἕκέᾟιὲ·

162 2833 370 2859 'Qu.1.1111,art.4,

162 2859 294 2880 Commem.
308 2864 371 2880 num.

162 2892 188 2912 u,
203 2891 238 2907 ιιι.

165 3030 175 3040 ·
186 3029 245 3056 Aug.
256 3029 330 3051 Serm.
342 3028 375 3050 ad

166 3055 374 3103 ffffffi‘effifflssiixm’
401 3052 632 3078 sacramentum
654 3048 880 3087 poenitentiae.
915 3047 998 3078 Nam
1024 3047 1058 3077 in
1081 3045 1195 3077 adultis
1223 3045 1391 3086 dispositio
1422 3044 1462 3076 ad

166 3107 218 3130 XV.
233 3113 283 3135 cap.
298 3113 328 3130 xi.

166 3132 375 3188 ζξξῖξῗᾶᾖῑ-ιὶξξῃι
403 3135 523 3165 creavit
541 3140 570 3166 te
592 3135 661 3165 sine
684 3140 722 3171 te,
747 3145 811 3166 non
828 3135 966 3166 salvabit
981 3140 1011 3166 te
1032 3135 1102 3166 sine
1118 3139 1148 3165 te
1163 3135 1194 3171 ’ἢ
1219 3139 1251 3165 et
1265 3134 1352 3166 iuxta
1367 3142 1463 3174 supra

165 3190 208 3208 art.
223 3193 243 3215 3.

387 165 462 202 288

1035 159 1298 208 QUAESTIO
1326 156 1537 202 LXXXIV,
1567 152 1859 191 ARTICULUS
1887 153 1917 189 ΙΙ

1063 300 1395 334 Commentario.
1418 296 1666 329 Car-ainans
1689 294 1891 328 Caietani

419 414 439 435 N
463 404 573 444 primis
597 402 724 433 duobus
744 401 882 431 articulis
905 401 963 430 tria
986 398 1120 430 dicenda
1143 402 1317 428 occurrunt
1332 397 1358 426 ἦ
1382 395 1448 424 Pri-

393 416 522 484 Imum,
547 447 586 478 de
609 447 740 477 materia
763 445 951 475 sacramenti
974 443 1200 484 poenitentiae,
1227 451 1264 471 ex
1288 449 1351 480 qua
1375 448 1451 468 cum

390 493 494 523 forma
510 492 713 522 constituitur
728 494 978 520 sacramentum:
1003 497 1042 518 an
1059 487 1177 517 scilicet
1193 486 1256 515 hoc
1272 492 1450 514 sacramen-

390 543 460 567 tum
482 537 596 566 habeat
610 535 775 565 materiam
791 543 829 563 ex
846 542 909 572 qua
925 532 1144 562 constituatur.
1168 529 1208 559 Et
1224 533 1371 558 movetur
1386 527 1450 556 hoc

392 581 527 611 dubium
550 584 682 620 propter
705 578 853 612 Scotum,
877 578 910 606 in
934 575 1068 613 Quarto,
1093 574 1162 604 dist.
1189 583 1250 607 xvi,
1276 582 1330 612 qu.
1360 581 1380 605 1,
1405 570 1451 601 di-

391 630 518 655 centem
539 624 634 654 huius
660 621 846 652 sacramenti
866 620 986 650 nullam
1003 624 1125 659 partem
1149 627 1215 648 esse
1246 622 1353 646 actum
1372 624 1451 655 poe-

390 669 536 704 nitentis,
561 668 616 698 sed
639 670 872 697 sacramentum
895 665 958 694 hoc
987 662 1192 694 essentialiter
1223 661 1395 690 consistere
1418 659 1452 688 in

392 713 611 748 absolutione3
640 712 683 741 ita
706 709 795 750 quod
817 708 995 739 secundum
1019 716 1094 737 eum
1117 710 1350 736 sacramentum
1373 712 1452 743 poe-

390 758 542 788 nitentiae
556 765 624 786 non
641 753 843 785 constituitur
859 763 896 783 ex
911 752 1042 782 materia
1059 756 1089 781 et
1101 749 1219 786 forma;
1237 754 1347 778 contra
1363 756 1452 777 com-

391 810 525 832 munem
559 800 751 834 doctrinam,
784 797 818 826 in
841 807 851 826 1
874 795 1077 826 distinctione
1101 795 1117 810 ⁴*
1141 793 1183 823 lV
1212 793 1319 828 Sent.;
1350 792 1452 821 immo

392 850 502 876 contra
525 843 702 874 doctrinam
722 841 801 872 sacri
817 840 955 871 Concilii
979 839 1037 869 sub
1061 837 1207 877 Eugenio
1225 837 1267 866 IV
1284 837 1310 872 *‚
1327 836 1382 866 ubi
1407 835 1453 865 di-

392 890 473 920 citur
505 887 594 928 quod
626 886 735 917 omnia
765 889 968 916 sacramenta
999 886 1148 912 constant
1177 891 1218 911 ex
1251 880 1345 910 rebus
1383 884 1453 909 tan-

391 942 487 974 quam
510 931 666 966 materia‚
694 935 726 960 et
752 929 854 960 verbis
884 933 1037 967 tanquam
1057 927 1190 967 forma,
1215 930 1246 955 et
1276 923 1454 964 specialiter

392 977 431 1007 de
453 980 650 1006 sacramento
682 973 897 1014 poenitentiae
921 971 1053 1006 dicitur,
1077 969 1169 1000 cuius
1191 968 1284 1009 quasi
1315 967 1453 997 materia

390 1026 466 1052 sunt
488 1025 578 1049 actus
594 1017 799 1058 poenitentis.

446 1064 513 1093 Nec
536 1062 615 1092 ratio
640 1061 726 1091 Scoti
750 1060 841 1094 valet,
866 1059 1001 1093 scilicet,
1034 1057 1109 1096 quia
1131 1056 1239 1086 nullus
1263 1060 1351 1085 actus
1374 1064 1453 1094 poe-

390 1108 518 1137 nitentis
535 1111 581 1136 est
597 1103 717 1144 aliquid
733 1103 906 1133 sententiae
922 1100 1110 1131 sacerdotis:
1129 1099 1284 1139 quoniam
1299 1100 1454 1138 supponit

390 1152 468 1181 haec
486 1150 565 1179 ratio
590 1152 823 1178 sacramentum
845 1146 909 1175 hoc
926 1145 1098 1174 consistere
1115 1142 1321 1173 essentialiter
1336 1142 1369 1171 in
1386 1142 1454 1171 sola

391 1194 602 1224 absolutione.

445 1238 624 1276 Quocirca,
656 1233 822 1274 sequendo
852 1238 882 1263 et
911 1240 1119 1262 communem
1149 1235 1179 1260 et
1206 1230 1285 1260 sacri
1313 1229 1453 1259 Concilii

391 1282 583 1316 doctrinam,
609 1278 781 1310 dicendum
805 1282 851 1307 est
877 1280 1111 1306 sacramentum
1134 1274 1351 1314 poenitentiae
1375 1282 1453 1302 con-

390 1333 470 1357 stare
494 1335 531 1355 ex
554 1324 656 1354 verbis
680 1321 889 1352 absolutionis
913 1325 948 1350 ut
972 1319 1085 1354 forma,
1110 1324 1141 1348 et
1164 1323 1237 1348 actu
1256 1327 1313 1347 seu
1331 1317 1452 1347 actibus

389 1369 583 1411 poenitentis
605 1373 641 1398 ut
663 1367 793 1396 materia
812 1365 966 1404 proxima.
991 1363 1059 1393 Nec
1076 1362 1135 1392 alia
1152 1360 1334 1402 quaerenda
1350 1366 1397 1391 est
1412 1360 1452 1391 de

390 1416 452 1445 hoc
475 1414 554 1443 ratio
578 1412 638 1442 nisi
662 1410 831 1440 auctoritas
855 1413 989 1447 utraque
1012 1408 1076 1437 iam
1101 1405 1252 1441 adducta,
1282 1410 1312 1435 et
1336 1414 1452 1435 conso-

389 1459 511 1489 nantia:
533 1457 607 1497 quia
623 1455 743 1485 scilicet
759 1458 938 1483 consonant
954 1450 1156 1481 conditiones
1172 1449 1361 1480 sacramenti
1376 1449 1452 1479 huic

390 1504 448 1533 toti
473 1501 646 1532 constituto
680 1508 717 1528 ex
741 1503 813 1527 actu
830 1496 1023 1536 poenitentis
1040 1500 1071 1525 et
1087 1495 1300 1530 absolutione,
1318 1499 1348 1524 et
1363 1494 1397 1523 in
1413 1494 1453 1523 si-

390 1545 582 1586 gnificando,
600 1550 630 1574 et
645 1544 678 1573 in
696 1541 867 1576 causando,
885 1546 916 1571 et
931 1541 964 1570 in
980 1539 1104 1579 passiva
1119 1538 1320 1569 institutione
1336 1537 1452 1568 divina.

445 1591 482 1620 ΙΙ.
507 1588 692 1620 Secundum
716 1592 762 1616 est
786 1586 867 1615 circa
882 1594 951 1615 rem
967 1584 1062 1614 huius
1078 1583 1276 1617 sacramenti,
1294 1592 1377 1623 quae
1394 1582 1454 1612 sci-

390 1635 464 1665 licet
487 1639 534 1664 est
562 1638 593 1663 et
614 1641 663 1662 res
689 1636 719 1661 et
742 1634 976 1660 sacramentum
991 1629 1025 1658 *:
1051 1637 1091 1658 an
1114 1628 1234 1658 scilicet
1256 1627 1296 1656 sit
1322 1626 1455 1656 interior

389 1678 595 1719 poenitentia,
620 1686 661 1706 an
685 1679 820 1705 ornatus
843 1673 957 1713 aliquis
972 1673 998 1703 ⁴⁹.
1026 1672 1068 1702 Et
1091 1672 1247 1712 quoniam
1269 1680 1386 1711 magna
1407 1671 1454 1700 vi-

341 1743 364 1764 5,
391 1723 484 1754 detur
505 1721 666 1755 altercatio
691 1719 730 1750 de
753 1723 887 1754 omatu;
910 1726 971 1748 nec
994 1716 1182 1748 intentionis
1200 1725 1293 1747 meae
1316 1720 1363 1745 est
1379 1715 1454 1745 scri-

154 1790 255 1821 Dprand.
270 1767 364 1816 vasi-etuti,

155 1817 209 1838 dist.
229 1823 249 1840 ι.
271 1822 310 1844 qu.
329 1822 364 1842 1v;

155 1844 218 1866 Scor.
224 1843 290 1870 ibid„
298 1849 336 1870 qu.
343 1849 364 1865 v-

390 1768 465 1798 bere
489 1766 529 1797 ad
551 1762 833 1796 contradicendum
857 1762 939 1792 aliis:
965 1761 1094 1791 dimissa
1109 1761 1286 1800 unicuique
1305 1760 1454 1800 probabi-

390 1812 478 1842 litate
501 1820 576 1840 suae
600 1808 771 1849 opinionis,
797 1806 900 1837 dicam
925 1805 1004 1846 quid
1026 1804 1206 1836 secundum
1224 1805 1403 1835 Auctorem
1424 1808 1455 1834 et

390 1856 548 1886 rationem
570 1858 689 1884 rectam
711 1851 836 1882 videtur
858 1849 1071 1880 sentiendum.

446 1900 495 1929 De
518 1897 720 1929 sacramentis
742 1896 787 1926 nil
811 1893 897 1925 aliud
920 1893 1124 1925 sentiendum
1143 1899 1189 1924 est
1211 1893 1273 1923 nisi
1297 1891 1388 1933 quod
1403 1902 1454 1922 ac-

392 1944 546 1984 cepimus.
570 1942 618 1972 Ex
641 1941 778 1980 accepu's
801 1945 919 1974 autem,
945 1944 1011 1969 tam
1035 1948 1073 1969 ex
1095 1943 1184 1979 parte
1204 1937 1394 1968 causalitatis
1410 1942 1456 1966 at-

390 1989 526 2018 tributae
542 1990 750 2020 sacramento,
764 1993 862 2024 quam
878 1993 916 2014 ex
932 1988 1021 2023 parte
1036 1983 1082 2013 rei
1098 1988 1130 2013 et
1145 1982 1343 2017 sacramenti,
1357 1990 1456 2021 quam

391 2033 487 2063 etiam
510 2041 547 2061 ex
570 2035 658 2070 parte
682 2029 815 2059 subiecti
843 2027 1036 2068 disponendi
1059 2026 1100 2057 ad
1122 2027 1274 2067 gratiam,
1305 2026 1456 2056 ultimum

390 2076 577 2107 sacramenti
601 2073 759 2109 effectum,
783 2082 844 2103 nec
867 2072 1046 2103 necessario
1065 2080 1126 2102 nec
1142 2070 1348 2112 probabiliter
1363 2079 1457 2100 orna—

391 2126 442 2152 tus
464 2120 606 2160 ponitur.

444 2164 528 2194 Nam
544 2162 709 2193 causalitas
732 2161 921 2203 sacramenti
940 2159 1133 2191 sufficienter
1149 2159 1286 2189 salvatur
1309 2163 1458 2198 respectu

390 2209 518 2250 gratiae,
543 2208 638 2238 etiam
662 2207 688 2237 si
709 2206 791 2236 nihil
812 2204 900 2236 aliud
923 2210 1075 2235 causaret.

445 2254 507 2283 Res
531 2261 607 2282 vero
634 2256 665 2281 et
687 2255 921 2281 sacramentum
945 2248 1138 2280 sufficienter
1165 2247 1303 2278 salvatur
1325 2247 1377 2277 hic
1400 2255 1459 2287 per

391 2298 575 2328 interiorem
590 2295 833 2336 poenitentiam.

446 2341 622 2381 Dispositio
646 2345 755 2370 autem
773 2338 813 2369 ad
834 2339 978 2378 gratiam,
996 2347 1079 2378 quae
1102 2342 1211 2368 tamen
1225 2341 1352 2367 tantum
1374 2345 1458 2376 pon-

392 2384 517 2416 deratur
537 2395 555 2415 a
569 2384 765 2425 ponentibus
781 2388 941 2418 ornatum,
961 2382 1124 2422 tripliciter
1145 2385 1341 2411 monstratur
1356 2380 1458 2410 aliena

393 2431 431 2460 ab
459 2435 582 2460 ornatu.
606 2428 734 2464 Primo,
760 2437 798 2458 ex
813 2432 902 2467 parte
917 2427 1046 2467 gratiae.
1077 2425 1243 2464 Quoniam
1267 2425 1366 2465 gratia
1388 2433 1457 2454 non

394 2480 439 2504 est
461 2474 530 2504 talis
560 2473 663 2503 forma
685 2473 720 2503 in
743 2472 850 2502 anima
876 2476 912 2502 ut
935 2475 1026 2511 egeat
1053 2470 1114 2500 alia
1145 2469 1249 2500 forma
1271 2468 1458 2510 praedispo-

392 2523 488 2549 nente
521 2517 559 2548 ad
585 2518 698 2558 ipsam.
723 2516 831 2557 Fallax
862 2515 1022 2556 siquidem
1052 2514 1237 2554 imaginatio
1267 2518 1314 2544 est
1345 2518 1459 2553 putare

394 2562 493 2603 quod,
516 2563 599 2592 sicut
620 2562 756 2601 lignum,
779 2561 805 2590 si
829 2559 924 2590 debet
946 2559 1056 2600 igniri,
1080 2558 1175 2590 debet
1198 2558 1286 2599 prius
1308 2556 1457 2593 calefieri,

394 2612 430 2637 ut
453 2606 538 2637 calor
568 2606 717 2646 disponat
746 2604 786 2636 ad
809 2603 947 2636 formam
969 2603 1067 2644 ignis,
1101 2604 1144 2634 ita
1167 2603 1289 2638 anima,
1315 2602 1341 2632 si
1364 2601 1459 2632 debet

394 2660 451 2691 per
473 2651 604 2690 gratiam
633 2649 701 2680 fieri
724 2648 904 2684 deiformis,
936 2647 1030 2679 debet
1059 2647 1148 2688 prius
1179 2646 1294 2677 ornari.
1328 2645 1459 2676 Nullam

395 2695 553 2735 siquidem
574 2695 671 2725 talem
690 2693 934 2734 dispositionem
957 2692 1055 2732 gratia
1071 2691 1182 2732 exigit:
1207 2695 1244 2721 ut
1258 2695 1345 2730 patet
1360 2690 1394 2720 in
1409 2690 1458 2720 in-

395 2739 533 2769 fantibus
555 2739 729 2779 baptizatis.
754 2738 872 2778 quibus
893 2735 1072 2767 infunditur
1095 2736 1193 2776 gratia
1216 2735 1338 2775 absque
1353 2734 1460 2774 aliqua

396 2784 455 2814 alia
477 2783 581 2814 forma
602 2782 880 2823 praedisponente.
903 2799 927 2804 -
948 2781 1018 2812 Nec
1041 2781 1146 2811 obstat
1169 2780 1339 2810 character.
1366 2778 1460 2816 Quo-

395 2828 492 2863 niam,
515 2833 551 2857 ut
574 2837 612 2858 ex
629 2837 725 2867 supra
740 2828 756 2843 ⁴*
780 2826 871 2856 dictis
894 2830 992 2866 patet,
1017 2825 1178 2856 character
1192 2833 1261 2855 non
1275 2823 1409 2864 ponitur
1423 2828 1460 2854 ut

397 2871 545 2912 disponat
567 2871 607 2902 ad
629 2872 771 2912 gratiam.
795 2869 895 2908 Quod
919 2870 987 2901 eius
1011 2869 1204 2905 subiectum,
1228 2867 1319 2908 quod
1342 2872 1389 2899 est
1410 2868 1460 2898 in-

397 2916 558 2951 tellectus,
581 2920 728 2946 testatur:
763 2914 930 2955 dispositio
960 2914 1047 2944 enim
1070 2912 1110 2943 ad
1133 2912 1282 2953 gratiam,
1307 2921 1391 2953 quae
1415 2916 1461 2942 est

397 2960 431 2990 in
455 2959 589 2990 essentia
611 2960 745 2995 animae,
769 2968 837 2989 non
861 2963 908 2989 est
930 2959 964 2989 in
987 2958 1163 2994 intellectu,
1187 2962 1224 2987 ut
1248 2955 1288 2987 de
1306 2965 1340 2993 se
1362 2961 1460 2996 patet.

454 3003 614 3039 Secundo,
639 3013 676 3034 ex
698 3008 786 3043 parte
810 3002 1004 3039 adultorum,
1022 3002 1140 3042 quibus
1155 3006 1281 3032 tantum
1297 2999 1462 3031 confertur

401 3092 532 3130 gratiam
555 3097 601 3122 est
623 3092 771 3132 proprius
794 3097 882 3122 actus
905 3092 1005 3132 ipsius
1029 3090 1144 3122 adulti:
1169 3090 1257 3121 iuxta
1278 3089 1369 3126 illud,
1396 3088 1462 3126 Qui

370 3176 376 3187 ‘
404 3177 486 3209 dicta
508 3178 542 3208 in
565 3178 713 3209 Secundo
736 3178 834 3209 Libro
850 3180 866 3196 ⁴*
891 3179 929 3210 de
953 3178 1178 3210 iustificatione
1201 3178 1304 3219 impii.

1558 394 1680 428 Tertio,
1705 402 1743 423 ex
1765 397 1854 432 parte
1876 390 2081 431 poenitentis.
2112 390 2285 420 Poenitens
2309 391 2406 426 enim,
2429 390 2567 431 inquan—

1502 444 1572 468 turn
1595 437 1775 477 poenitens,
1799 446 1867 466 non
1883 435 2064 475 disponitur
2079 435 2139 464 nisi
2154 443 2212 474 per
2227 439 2316 464 actus
2331 435 2565 474 poenitentiae:

1504 483 1608 513 omnis
1633 482 1719 512 enirn
1742 481 1802 511 alia
1821 480 1988 520 dispositio
2004 488 2061 519 per
2077 478 2223 509 accidens
2239 487 2272 508 se
2287 479 2418 508 haberet
2433 478 2472 508 ad
2488 487 2567 519 poe-

1503 527 1668 557 nitentem.
1705 525 1745 555 Et
1767 530 1953 565 propterea,
1978 523 2004 553 si
2028 527 2159 553 ornatus
2181 527 2356 562 poneretur
2379 521 2567 562 disponere,

1503 580 1571 601 non
1594 570 1654 600 nisi
1677 579 1735 609 per
1758 568 1904 599 accidens
1935 572 2139 598 concurreret
2162 565 2201 596 ad
2225 565 2463 606 disponendum
2489 574 2568 606 poe-

1504 615 1669 645 nitentem.
1705 612 1803 651 Quod
1827 618 1934 643 autem
1957 617 2003 642 est
2026 621 2083 652 per
2107 609 2270 646 accidens,
2293 619 2362 640 non
2386 614 2432 640 est
2455 618 2512 650 per
2535 619 2569 640 se

1504 658 1711 689 tribuendum
1733 662 1931 687 sacramento
1955 656 2182 696 poenitentiae.
2515 650 2518 652 ’

1561 702 1812 733 Commentitius
1828 710 1904 740 ergo
1925 700 2050 731 videtur
2074 705 2209 730 ornatus
2221 697 2425 730 huiusmodi:
2451 697 2517 734 sed,
2533 703 2572 728 ut

1505 748 1538 777 in
1568 747 1670 777 littera
1696 746 1810 779 dicitur
1825 746 1852 781 θ,
1869 745 2000 775 interior
2022 744 2220 784 poenitentia
2251 749 2299 774 est
2327 752 2376 773 res
2405 747 2436 772 et
2468 751 2570 773 sacra·
2595 745 2606 756 ‘
2620 745 2672 766 Ar*-
2689 751 2708 772 ι,
2723 743 2752 766 ·d
2766 750 2789 773 3·

1506 797 1662 821 mentum.

1561 835 1612 865 ΙΙΙ.
1637 835 1678 865 Et
1708 835 1734 864 si
1764 833 1901 864 modum
1932 834 2057 874 quaeris
2089 842 2124 863 ac
2158 832 2370 863 sufficientem
2401 832 2570 865 rationem,

1507 879 1665 921 distingue
1687 878 1838 909 trifariam
1861 887 1956 918 posse
1979 877 2114 908 inveniri
2137 877 2368 917 poenitentem.
2392 876 2511 911 Primo,
2534 880 2572 906 ut

1506 924 1545 953 sit
1567 924 1610 953 ita
1633 924 1755 953 attn'tus
1779 922 1869 962 quod
1892 923 1960 952 eius
1984 922 2111 957 attritio,
2137 930 2212 952 cum
2235 926 2433 951 sacramento
2457 920 2571 960 poeni-

1506 968 1623 997 tentiae
1645 968 1679 997 in
1702 973 1791 1003 voto,
1815 966 1950 997 sufficiat
1974 965 2013 996 ad
2035 966 2258 996 remissionem
2281 970 2504 1005 peccatorum:
2528 965 2572 994 ita

1507 1011 1596 1050 quod
1620 1011 1735 1041 attritio
1760 1020 1818 1041 sua
1841 1016 1888 1040 est
1908 1015 1997 1040 tanta
2028 1009 2117 1050 quod
2147 1019 2184 1040 ex
2208 1015 2406 1040 sacramento
2436 1009 2470 1040 in
2492 1013 2571 1039 voto

1506 1055 1542 1084 fit
1558 1055 1718 1090 contritio,
1740 1055 1826 1084 iuxta
1842 1053 1921 1084 illud
1936 1054 1963 1090 ff,
1987 1054 2078 1089 Dixi,
2099 1054 2303 1095 Confitebor:
2325 1059 2356 1084 et
2371 1058 2404 1084 tu
2421 1052 2573 1083 remisisti
2598 1054 2814 1081 ·Ps.xxx1,ven.5.

1507 1098 1698 1138 impietatem
1725 1098 1852 1138 peccati
1882 1098 1952 1128 mei.
1989 1097 2156 1133 Secundo,
2188 1097 2278 1137 quod
2301 1098 2417 1127 attritio
2445 1098 2484 1127 sit
2507 1103 2572 1127 tam

1506 1141 1634 1172 modica
1657 1147 1693 1171 ut
1716 1151 1791 1171 cum
1815 1146 2014 1171 sacramento
2037 1142 2070 1171 in
2089 1145 2167 1171 voto
2183 1151 2252 1171 non
2268 1140 2323 1170 fiat
2339 1141 2500 1177 contritio,
2517 1141 2574 1171 sed

1505 1191 1614 1215 tamen
1633 1186 1673 1215 sit
1695 1190 1782 1215 tanta
1805 1184 1895 1225 quod
1911 1194 1987 1215 cum
2007 1190 2206 1215 sacramento
2222 1186 2257 1214 in
2272 1194 2305 1214 re
2328 1184 2384 1214 fiat
2403 1185 2571 1215 contritio:

1506 1229 1578 1268 plus
1611 1229 1697 1259 enim
1728 1234 1879 1268 operatur
1911 1233 2147 1258 sacramentum
2178 1229 2212 1258 in
2239 1238 2273 1258 re
2305 1237 2403 1268 quam
2426 1229 2460 1258 in
2482 1233 2572 1258 voto.

1506 1273 1627 1308 Tertio,
1652 1278 1761 1312 posset
1784 1281 1852 1302 esse
1875 1277 1941 1310 tam
1965 1273 2078 1311 exigua
2093 1272 2210 1302 attritio
2235 1278 2271 1302 ut
2293 1282 2354 1302 nec
2379 1273 2475 1302 etiam
2498 1281 2575 1303 cum

1505 1322 1704 1346 sacramento
1729 1317 1762 1346 in
1785 1326 1819 1346 re
1843 1315 1933 1346 fieret
1957 1316 2124 1346 contritio:
2155 1322 2186 1346 et
2208 1316 2278 1346 talis
2301 1326 2370 1346 non
2399 1317 2575 1357 susciperet

1505 1361 1728 1391 remissionem
1751 1365 1959 1400 peccatorum
1985 1369 2022 1390 ex
2042 1365 2241 1390 sacramento
2258 1361 2486 1400 poenitentiae.
2510 1361 2575 1391 Ubi

1506 1410 1637 1445 apparet
1668 1405 1759 1435 nullo
1791 1414 1859 1434 esse
1886 1413 1969 1444 opus
1994 1409 2110 1434 ornatu
2137 1404 2178 1435 ad
2200 1405 2263 1435 hoc
2294 1410 2330 1435 ut
2358 1414 2396 1435 ex
2418 1405 2450 1434 vi
2473 1414 2575 1436 sacra-

1505 1449 1606 1479 menti
1630 1449 1752 1479 attritus
1775 1448 1831 1479 fiat
1854 1449 2020 1479 contritus.

1561 1493 1680 1524 Modus
1701 1499 1810 1523 autem
1829 1502 1896 1532 quo
1913 1493 1976 1523 hoc
1992 1492 2038 1529 fit,
2056 1498 2102 1523 est
2119 1493 2209 1534 quod
2225 1493 2313 1523 Deus
2328 1494 2480 1534 utrinque
2497 1503 2575 1534 ope-

1506 1543 1601 1568 ratur.
1627 1537 1799 1568 Concurrit
1822 1537 1982 1577 siquidem
2006 1547 2043 1567 ex
2059 1543 2148 1578 parte
2164 1538 2359 1578 poenitentis
2383 1537 2422 1568 ad
2444 1539 2576 1569 interio-

1506 1592 1575 1612 rem
1590 1582 1833 1622 poenitentiam,
1854 1581 2038 1622 inspirando
2062 1582 2160 1618 illam,
2176 1587 2213 1613 ut
2235 1583 2268 1612 in
2291 1582 2393 1612 littera
2408 1583 2425 1599 ⁴*
2449 1582 2575 1619 dicitur,
2601 1586 2612 1597 ·
2626 1585 2678 1607 Art·
2694 1591 2715 1612 ¹,
2729 1584 2759 1607 nd
2773 1589 2797 1607 ²-

1506 1636 1575 1657 non
1597 1626 1705 1656 solum
1729 1625 1908 1656 secundum
1931 1635 1981 1662 se,
2013 1625 2070 1656 sed
2093 1627 2188 1657 etiarn
2214 1626 2248 1656 in
2273 1625 2384 1657 ordine
2410 1625 2452 1657 ad
2473 1636 2575 1658 sacta-

1506 1675 1668 1701 ment'um:
1693 1669 1783 1710 quod
1807 1680 1845 1701 ex
1868 1679 1908 1701 eo
1932 1675 2020 1710 patet
2043 1670 2134 1711 quod
2157 1680 2195 1701 ex
2217 1671 2362 1702 interiori
2379 1675 2474 1702 motu
2495 1680 2576 1712 poe-

1506 1716 1613 1746 nitens
1635 1715 1763 1745 subiicit
1785 1724 1819 1745 se
1843 1715 1995 1745 clavibus.
2030 1715 2072 1745 Et
2094 1724 2203 1745 rursus
2234 1715 2398 1746 concurrit
2418 1715 2508 1746 Deus
2537 1724 2576 1746 ex

1507 1765 1597 1800 parte
1619 1759 1818 1795 sacramenti,
1843 1758 2023 1790 ordinando
2042 1759 2284 1790 sacramentales
2300 1765 2389 1790 actus
2405 1759 2577 1790 exteriores

1508 1803 1548 1834 ad
1570 1804 1756 1834 interiorem
1778 1804 2028 1844 poenitentiam,
2056 1803 2135 1834 dum
2157 1804 2258 1834 utitur
2281 1809 2480 1834 sacramento
2503 1804 2576 1845 ipso

1508 1847 1548 1878 ad
1571 1847 1776 1879 excitandum
1799 1853 1831 1878 et
1851 1847 2087 1888 perficiendum
2117 1847 2303 1879 interiorem
2325 1853 2434 1879 actum
2461 1849 2577 1888 poeni-

1507 1893 1620 1923 tentis:
1652 1892 1697 1923 sic
1721 1893 1807 1923 enim
1831 1891 1999 1923 excitando
2025 1897 2056 1922 et
2077 1890 2275 1932 perficiendo
2305 1891 2381 1922 facit
2406 1891 2446 1923 de
2470 1893 2576 1923 atu-ito

1509 1937 1695 1973 contritum,
1720 1936 1808 1973 dum,
1832 1935 1995 1967 mediante
2017 1941 2229 1973 sacramento,
2252 1936 2353 1966 utitur
2377 1936 2473 1966 etiam
2495 1936 2577 1967 inte-

1509 1981 1586 2012 riori
1601 1986 1675 2011 actu
1690 1980 1885 2021 poenitentis
1901 1979 1942 2011 ad
1956 1980 2179 2011 remissionem
2194 1985 2420 2021 peccatorum;
2442 1989 2500 2020 per
2513 1981 2580 2011 hoc

1509 2026 1597 2056 enim
1620 2024 1656 2055 fit
1678 2025 1810 2055 interior
1832 2025 2027 2064 poenitentis
2050 2030 2139 2055 actus
2161 2034 2211 2056 res
2235 2030 2266 2055 et
2288 2029 2533 2056 sacramentum.

1564 2070 1606 2100 Et
1631 2079 1690 2110 per
1715 2070 1780 2100 hoc
1812 2074 1943 2109 apparet
1973 2068 2063 2109 quod
2094 2074 2331 2100 sacramentum
2360 2067 2517 2109 significat
2548 2073 2580 2100 et

1510 2119 1619 2144 causat
1641 2114 1827 2144 interiorem
1849 2113 2097 2153 poenitentiam
2122 2118 2153 2144 et
2170 2113 2303 2144 interior
2316 2113 2516 2154 poenitentia
2532 2113 2580 2144 sic

1510 2164 1639 2189 causata
1661 2157 1819 2199 significat
1842 2162 1874 2188 et
1889 2162 1997 2188 causat
2015 2157 2239 2189 remissionem
2253 2163 2473 2198 peccatorum.
2497 2157 2580 2190 Sunt

1511 2203 1597 2234 enim
1620 2203 1699 2233 haec
1721 2203 1933 2233 instrumenta
1955 2201 2161 2233 subordinata
2182 2201 2351 2242 principali
2367 2202 2482 2242 agenti,
2506 2201 2578 2232 Deo

1510 2248 1646 2278 scilicet:
1671 2248 1755 2278 sicut
1777 2246 1911 2277 baculus
1928 2255 1994 2286 quo
2010 2255 2130 2277 moveo
2146 2245 2296 2286 lapidem,
2321 2251 2368 2277 est
2385 2246 2580 2277 instrumen-

1509 2297 1580 2322 tum
1603 2290 1848 2322 subordinatum
1877 2290 1966 2322 alteri
1988 2291 2202 2322 instrumento
2215 2314 2222 2327 ,
2252 2295 2331 2331 puta
2357 2291 2482 2327 manui,
2515 2299 2580 2331 qua

1509 2345 1629 2367 moveo
1653 2335 1818 2371 baculum,
1835 2340 1896 2366 etc.

1566 2380 1618 2411 IV.
1643 2380 1791 2411 Tertium
1814 2385 1861 2410 est
1883 2378 1974 2420 quod
1995 2379 2130 2416 Auctor,
2155 2379 2262 2420 seipso
2286 2379 2422 2416 doctior,
2447 2388 2523 2410 cum
2544 2379 2580 2410 in

1510 2425 1554 2455 IV
1569 2424 1657 2455 Sent.
1670 2425 1687 2441 ⁴*
1701 2429 1844 2464 putasset
1859 2423 1962 2455 solam
1985 2423 2123 2454 formam
2141 2424 2175 2454 in
2193 2429 2393 2454 sacramento
2409 2424 2580 2464 poeniten-
2604 2426 2823 2467 ’Μῶα-μων,

1509 2470 1573 2500 tiae
1595 2469 1713 2499 habere
1736 2467 1964 2504 causalitatem,
1980 2468 2063 2499 sicut
2077 2468 2110 2498 in
2126 2473 2326 2499 sacramento
2342 2467 2579 2505 Eucharistiae;
2604 2457 2648 2476 ω·
2663 2461 2683 2482 ¹¹
2697 2459 2729 2482 Ψ
2756 2458 2770 2475 ²

1512 2519 1544 2544 et
1564 2512 1758 2544 verificasset
1781 2512 1871 2553 quod
1893 2517 2000 2543 totum
2022 2517 2272 2548 sacramentum,
2297 2512 2518 2552 compositum
2540 2521 2581 2543 ex

1510 2558 1642 2588 materia
1665 2562 1697 2588 et
1719 2557 1840 2593 forma,
1871 2562 1980 2587 causat
2006 2557 2132 2587 ratione
2158 2557 2272 2597 parn's,
2295 2556 2416 2587 scilicet
2438 2555 2579 2588 formae:

1511 2603 1576 2633 hoc
1598 2603 1632 2632 in
1654 2601 1730 2632 loco
1753 2601 1848 2632 altius
1870 2602 1975 2638 sentit,
1999 2606 2036 2631 ut
2051 2602 2229 2641 expressius
2245 2600 2384 2632 declarat
2398 2600 2531 2632 inferius
2545 2601 2581 2632 in

1512 2646 1646 2677 articulo
1662 2646 1778 2676 ultimo
1795 2646 1991 2686 quaestionis
2007 2646 2342 2685 octogesimaesextae,
2354 2645 2475 2678 scilicet
2489 2644 2582 2686 quod

1511 2697 1618 2722 toturn
1641 2695 1876 2721 sacramentum
1898 2690 2131 2730 poenitentiae,
2156 2690 2375 2730 compositum
2398 2689 2520 2720 scilicet
2542 2698 2583 2721 ex

1511 2735 1643 2766 materia
1666 2740 1698 2765 et
1719 2733 1833 2770 forma,
1857 2733 1938 2764 idest
1961 2743 1999 2765 ex
2023 2740 2096 2765 actu
2111 2734 2306 2774 poenitentis
2330 2739 2362 2764 et
2377 2732 2582 2764 absolutione

1514 2779 1563 2820 (fit
1586 2780 1673 2810 enim
1697 2788 1735 2809 ex
1757 2779 1806 2808 his
1830 2788 1933 2808 unum
1949 2778 2210 2819 sacramentum),
2234 2783 2343 2809 causat
2357 2778 2582 2808 remissionem

1512 2829 1721 2864 peccatorum
1744 2823 1868 2853 ratione
1890 2823 2058 2863 utriusque
2080 2823 2194 2863 partis,
2217 2822 2425 2863 principalius
2448 2820 2580 2862 quidem

1513 2869 1636 2899 ratione
1659 2867 1799 2904 formae,
1827 2866 2017 2898 secundario
2041 2872 2150 2898 autem
2175 2867 2299 2898 ratione
2320 2866 2489 2902 materiae,
2516 2866 2582 2896 hoc

1514 2918 1577 2948 est,
1602 2917 1733 2942 actuum
1755 2911 1951 2952 poenitentis
1974 2916 2010 2942 ut
2032 2910 2282 2942 subordinantur
2304 2910 2446 2941 clavibus
2468 2909 2582 2941 Eccle-

1514 2958 1597 2993 siae;
1631 2957 1696 2986 hoc
1719 2960 1766 2986 est
1789 2955 1879 2996 quod
1909 2960 1983 2986 actu
2006 2954 2221 2996 poenitentis,
2247 2964 2286 2986 ex
2307 2954 2372 2985 hoc
2394 2954 2466 2995 ipso
2490 2952 2582 2994 quod

1513 3010 1586 3042 pars
1609 2999 1744 3030 efficitur
1767 3000 1975 3042 sacramenti,
2005 2999 2106 3030 utitur
2132 2998 2221 3029 Deus
2250 3003 2287 3029 ut
2313 3003 2402 3039 parte
2425 2998 2582 3028 materiali

1514 3046 1564 3076 sui
1586 3044 1790 3075 instrumenti
1820 3043 1860 3074 ad
1879 3042 2073 3074 causandum
2101 3043 2325 3074 remissionem
2353 3047 2580 3083 peccatorum3

1514 3090 1597 3120 sicut
1619 3098 1658 3119 ex
1681 3088 1746 3118 hoc
1768 3088 1840 3128 ipso
1863 3086 1954 3127 quod
1977 3096 2061 3127 aqua
2083 3087 2254 3118 assumitur
2277 3086 2318 3117 ad
2339 3085 2581 3127 baptizandum,

1515 3133 1615 3164 utitur
1637 3132 1691 3163 illa
1713 3132 1802 3162 Deus
1824 3136 1861 3162 ut
1882 3137 1972 3172 parte
1993 3131 2148 3162 materiali
2171 3131 2220 3162 sui
2243 3131 2447 3162 instrumenti
2469 3129 2510 3161 ad
2532 3139 2582 3162 re-

1515 3176 1735 3219 generandum
1754 3175 1838 3206 filios
1862 3185 1949 3206 suos.
