2878 4088
362 215 433 252 190
1021 203 1283 251 QUAESTIO
1313 202 1514 247 LXXXIII,
1542 201 1835 238 ARTICULUS
1870 201 1884 237 1

359 283 422 314 Sed
437 292 548 313 sensus
571 282 724 312 odoratus
739 282 772 312 in
789 287 862 312 actu
877 292 937 313 suo
955 292 1022 313 esse
1038 292 1105 313 non
1121 288 1227 323 potest
1242 282 1302 312 nisi
1318 281 1424 320 aliqua
1478 280 1565 309 ribus
1588 280 1745 319 gloriosis,
1770 290 1788 310 a
1811 280 1927 320 quibus
1954 280 2186 320 impassibilitas
2209 281 2347 312 excludit
2369 282 2546 312 naturalem

359 327 566 367 corruptione
589 326 689 356 facta:
715 327 791 366 quia
814 326 895 357 odor
918 337 986 357 non
1009 327 1142 357 sentitur
1166 327 1233 357 sine
1254 326 1360 365 aliqua
1375 324 1424 355 fu·
1479 324 1749 360 immutationem,
1778 324 1836 354 erit
1864 324 2046 355 immutatio
2070 334 2088 354 a
2112 325 2314 365 qualitatibus
2343 326 2547 366 tangibilibus

358 372 434 402 mali
458 371 695 411 evaporatione,
721 379 804 411 quae
827 372 861 401 in
884 371 1024 412 quadam
1047 371 1244 401 resolutione
1271 369 1423 400 consistit.
1479 368 1649 408 spiritualis
1672 373 1815 398 tantum:
1841 368 1923 398 sicut
1947 369 2043 399 etiam
2061 369 2094 399 in
2112 378 2247 409 corpore
2263 369 2352 400 Ad'ae
2368 369 2437 406 fuit,
2458 370 2547 410 quod

359 417 445 456 Ergo
469 424 580 445 sensus
604 414 756 445 odoratus
779 424 847 446 non
871 416 928 446 erit
951 416 995 446 ibi
1018 416 1051 446 in
1075 425 1134 446 suo
1159 421 1241 445 actu.
1480 422 1539 443 nec
1563 413 1644 452 ignis
1667 422 1760 442 urere
1782 422 1843 442 nec
1865 412 1988 452 gladius
2018 413 2162 443 scindere
2193 414 2359 453 potuisset,
2387 419 2418 444 et
2440 420 2547 445 tamen

415 469 445 499 4.
470 460 666 495 Pani-anm,
691 459 821 490 auditus
851 460 990 490 deservit
1018 460 1224 499 disciplinae:
1252 464 1288 489 ut
1311 457 1425 488 dicitur
1447 467 1456 487 5
1480 457 1598 487 horum
1621 466 1751 487 sensum
1774 457 1944 487 habuisset.

359 506 393 535 in
416 505 497 535 libro
521 504 561 534 de
583 503 686 534 Sensu
709 509 739 534 et
763 503 898 534 Sensato
915 505 941 534 *ἢ
971 504 1033 535 Sed
1055 513 1123 534 non
1148 504 1206 533 erit
1228 507 1301 543 post
1324 510 1425 531 resur·
1535 502 1586 531 An
1611 511 1773 531 sacuunum
1796 511 1956 531 mmmmm
1985 501 2075 541 quod
2105 507 2226 542 gustus,
2250 501 2431 533 secundum
2459 502 2548 542 quod

360 549 538 579 rectionem
553 548 652 578 beatis
667 548 844 578 necessaria
867 549 972 588 aliqua
996 547 1163 587 disciplina
1178 557 1235 587 per
1250 545 1424 577 sensibilia:
1482 551 1528 576 est
1551 555 1662 576 sensus
1686 545 1838 581 alimenti,
1854 555 1923 575 non
1939 546 1998 576 erit
2012 546 2045 576 in
2061 551 2145 576 actu.
2170 546 2203 577 Si
2222 552 2329 576 tamen
2353 547 2412 577 erit
2435 556 2549 577 secun-

361 594 437 634 quia
460 592 567 623 divina
596 593 751 633 sapientia
780 592 987 632 replebuntur
1011 601 1049 621 ex
1071 592 1171 631 ipsius
1202 591 1262 621 Dei
1292 590 1425 620 visione.
1482 589 1559 620 dum
1584 589 1683 629 quod*
1698 595 1745 620 est
1767 589 1923 620 iudicium
1952 599 2114 630 saporum,
2138 590 2202 621 hoc
2226 599 2294 620 esse
2321 591 2440 630 poterit
2467 590 2549 621 forte

121 510 131 519 ·
141 508 190 535 Cap
210 514 224 528 ι.
236 519 247 524 -
257 507 331 529 S.Th.

120 535 172 556 lect.
189 539 212 556 ιι.

361 638 446 678 Ergo
470 646 538 667 non
561 637 620 667 erit
643 637 687 666 ibi
711 636 847 666 auditus.
1481 644 1539 674 per
1561 634 1698 664 modum
1721 633 1920 674 praedictum
1937 635 1963 664 ’ἢ
2576 635 2586 644 “
2601 632 2669 661 ¹³00?-
2684 633 2713 655 ’ἀ
2729 641 2748 656 ¹-

419 682 447 712 5.
471 681 668 717 PRAETEREA,
685 681 765 711 visio
781 680 817 710 fit
832 679 1011 710 secundum
1036 679 1125 719 quod
1149 680 1182 709 in
1205 678 1329 719 pupilla
1347 677 1428 708 reci·
1443 687 1468 701 ¹⁰
1536 679 1588 708 Αι)
1611 689 1746 709 ran-rum
1770 689 1929 709 mmmmm
1953 677 2042 719 quod
2071 678 2202 718 quidam
2218 680 2235 695 ⁴*
2257 684 2437 719 posuerunt
2460 679 2549 719 quod
2575 681 2638 731 {051⁵
2647 682 2791 737 Iirffi’l'engfttg

361 727 446 766 pitur
469 726 591 766 species
614 726 658 755 rei
682 726 777 754 visae.
802 723 865 754 Sed
887 724 951 754 hoc
974 733 1043 754 non
1065 724 1183 764 poterit
1207 732 1274 754 esse
1290 728 1365 763 post
1379 731 1427 752 re·
1482 722 1564 753 odor
1589 723 1669 753 nihil
1696 723 1782 753 aliud
1809 729 1855 753 est
1882 732 1980 763 quam
2008 722 2166 762 quaedam
2195 722 2324 753 fumalis
2354 724 2549 764 evaporatio.

361 770 592 801 surrectionem
615 770 649 799 in
672 769 780 798 beatis.
814 768 900 808 Ergo
927 777 995 798 non
1024 768 1082 798 erit
1105 768 1149 798 ibi
1171 768 1258 798 visus
1281 768 1314 797 in
1343 772 1426 797 actu.
1483 766 1545 797 Sed
1575 767 1655 798 haec
1685 768 1804 807 positio
1830 777 1898 798 non
1925 772 2032 807 potest
2062 776 2129 797 esse
2152 776 2244 798 vera:
2279 767 2368 807 quod
2398 773 2486 808 patet
2512 777 2550 799 ex

361 815 427 853 Qui
442 820 551 844 tamen
575 819 621 843 est
644 813 791 843 omniurn
815 821 968 842 sensuum
986 813 1137 842 nobilior.
1154 830 1177 834 —
1192 812 1342 842 Probatio
1358 819 1427 841 me·
1482 812 1546 842 hoc
1570 812 1660 851 quod
1680 812 1822 842 vultures
1846 817 1978 842 currunt
2001 821 2039 842 ex
2063 811 2163 842 odore
2186 817 2341 852 percepto
2362 811 2402 842 ad
2418 812 2552 843 cadaver

362 859 441 889 diae.
466 858 548 888 Illud
571 856 661 897 quod
684 862 730 886 est
753 856 898 886 lucidum
920 857 954 886 in
977 862 1061 892 actu,
1077 866 1146 887 non
1165 862 1211 886 est
1229 856 1428 895 receptivum
1483 865 1521 886 ex
1539 856 1619 886 locis
1642 857 1872 892 remotissimis,
1893 865 1953 886 nec
1973 861 2054 887 esset
2077 856 2229 896 possibile
2253 856 2343 896 quod
2366 858 2551 897 evaporatio

361 903 479 943 speciei
495 902 643 932 visibilis:
669 900 754 930 unde
773 900 942 940 speculum
958 900 1076 931 directe
1099 901 1243 941 positum
1263 901 1322 930 sub
1338 899 1427 930 radio
1444 907 1466 927 ¹5
1483 900 1590 940 aliqua
1613 901 1806 940 pertingeret
1828 911 1846 930 a
1869 900 2021 931 cadavere
2048 900 2087 930 ad
2113 906 2179 931 tam
2202 906 2326 931 remota
2348 901 2431 937 loca,
2456 901 2551 932 etiam

361 947 436 977 solis
458 955 526 976 non
549 950 763 985 repraesentat
781 945 922 984 speciem
946 945 1090 984 corporis
1113 945 1264 985 oppositi.
1290 943 1353 975 Sed
1368 953 1428 983 pu—
1483 945 1509 974 si
1532 949 1638 974 totum
1661 945 1872 975 resolveretur
1887 946 1920 975 in
1935 954 2106 985 vaporem;
2131 951 2162 976 et
2185 945 2357 985 praecipue
2380 955 2456 976 cum
2479 955 2552 976 sen-

360 991 445 1031 pilla,
463 991 545 1020 sicut
561 995 591 1023 et
607 994 712 1019 totum
735 998 863 1028 corpus,
880 989 939 1018 erit
954 989 1093 1019 claritate
1117 988 1234 1019 dotata.
1258 988 1345 1028 Ergo
1360 997 1429 1018 non
1483 988 1585 1018 sibilia
1607 989 1641 1018 in
1657 989 1782 1028 aequali
1806 988 1952 1019 distantia
1967 989 2008 1020 ad
2023 990 2200 1029 quamlibet
2222 995 2345 1030 partem
2368 990 2550 1020 immutent.

361 1035 530 1074 recipietur
553 1034 585 1063 in
610 1043 647 1063 ea
669 1033 775 1072 aliqua
798 1033 921 1072 species
945 1032 1079 1063 colorati
1103 1033 1258 1072 corporis.
1484 1032 1578 1062 Unde
1598 1032 1679 1063 odor
1695 1034 1844 1063 immutat
1863 1033 2007 1064 medium
2031 1034 2238 1074 quandoque,
2257 1039 2287 1064 et
2302 1035 2551 1065 instrumentum

416 1079 446 1108 6.
467 1078 664 1113 Prummu,
681 1077 860 1107 secundum
876 1078 1104 1117 perspectivos‚
1122 1086 1220 1107 omne
1237 1075 1326 1116 quod
1341 1075 1429 1105 vide·
1484 1076 1651 1112 sentiendi,
1675 1077 1829 1116 spirituali
1852 1078 2086 1114 immutatione,
2104 1079 2172 1109 sine
2195 1078 2302 1118 aliqua
2324 1079 2552 1119 evaporatione

360 1128 420 1159 tur,
438 1123 496 1152 sub
513 1122 631 1162 angulo
655 1121 788 1151 videtur.
814 1120 877 1152 Sed
893 1122 955 1151 hoc
971 1130 1039 1151 non
1061 1121 1216 1161 competit
1240 1120 1429 1160 corporibus
1444 1127 1470 1141 ²⁰
1483 1121 1684 1160 pertingente
1707 1120 1747 1151 ad
1771 1130 1938 1161 organum.
1963 1121 2027 1152 Sed
2050 1122 2140 1162 quod
2163 1123 2270 1163 aliqua
2293 1124 2479 1163 evaporatio
2502 1133 2552 1154 re-

360 1167 516 1207 gloriosis.
541 1166 626 1206 Ergo
645 1175 713 1196 non
729 1166 892 1196 habebunt
914 1175 1045 1196 sensum
1060 1166 1146 1195 visus
1161 1166 1195 1195 in
1211 1170 1294 1195 actu.
1311 1183 1334 1186 —
1352 1164 1429 1194 Pro·
1485 1164 1637 1204 quiratur‚
1661 1165 1726 1195 hoc
1749 1170 1796 1195 est
1819 1165 1895 1204 quia
1918 1164 2000 1196 odor
2023 1166 2056 1196 in
2081 1167 2269 1206 corporibus
2293 1172 2340 1197 est
2362 1167 2552 1198 humiditate

360 1211 446 1241 batio
470 1210 604 1241 mediae.
629 1209 914 1250 Quandocumque
938 1209 1059 1250 aliquid
1082 1209 1207 1240 videtur
1222 1209 1282 1239 sub
1298 1208 1428 1248 angu10‚
1484 1217 1648 1248 aspersus:
1679 1208 1766 1239 unde
1797 1214 1926 1249 oportet
1954 1209 2187 1240 resolutionem
2209 1209 2288 1247 fieri,
2313 1210 2353 1241 ad
2375 1212 2439 1242 hoc
2462 1211 2553 1252 quod

361 1260 489 1295 oportet
512 1264 580 1285 esse
603 1254 744 1294 aliquam
770 1255 1017 1295 proportionem
1044 1254 1162 1295 angulo
1186 1253 1227 1284 ad
1250 1253 1429 1284 distantiam
1484 1253 1687 1293 percipiatur.
1851 1291 1853 1294 .

361 1300 406 1330 rei
428 1299 533 1329 visae:
564 1299 640 1339 quia
666 1298 757 1339 quod
780 1309 798 1329 a
820 1299 986 1329 remotiori
1011 1298 1146 1335 videtur,
1175 1299 1282 1328 minus
1304 1296 1430 1327 videtur
1540 1296 1604 1328 Sed
1627 1298 1660 1327 in
1688 1298 1877 1337 corporibus
1909 1297 2057 1338 gloriosis
2087 1298 2145 1328 en't
2177 1298 2259 1329 odor
2287 1299 2321 1329 in
2351 1308 2409 1329 sua
2440 1299 2553 1330 ultima

362 1349 392 1374 et
407 1344 466 1374 sub
482 1344 600 1373 minori
623 1344 752 1383 angulo.
777 1342 872 1374 Unde
894 1348 1004 1384 posset
1019 1352 1087 1374 esse
1103 1344 1147 1373 ita
1161 1352 1278 1383 parvus
1294 1341 1430 1382 angulus
1445 1347 1468 1368 ²⁵
1484 1341 1692 1381 perfectione,
1716 1342 1807 1372 nullo
1831 1341 1932 1373 modo
1956 1351 2014 1382 per
2036 1341 2207 1373 humidum
2230 1352 2429 1384 suppressus.
2458 1343 2553 1375 Unde

362 1387 451 1428 quod
473 1388 553 1418 nihil
576 1387 616 1418 de
638 1397 672 1418 re
695 1387 864 1418 videretur.
898 1387 932 1418 Si
955 1397 1031 1428 ergo
1059 1387 1174 1418 oculus
1202 1387 1361 1427 gloriosus
1383 1386 1430 1416 vi-
1483 1386 1666 1416 immutabit
1689 1386 1844 1426 spirituali
1866 1387 2101 1423 immutatione,
2119 1387 2201 1417 sicut
2224 1387 2306 1418 odor
2329 1387 2456 1419 fumalis
2480 1397 2553 1419 eva-

362 1432 448 1463 debit
470 1432 529 1463 sub
561 1432 691 1472 angu10‚
719 1437 848 1472 oportet
878 1431 967 1472 quod
997 1431 1102 1462 videat
1133 1432 1192 1462 sub
1223 1431 1431 1462 determinata
1484 1431 1662 1470 potationis
1685 1430 1770 1461 facit.
1794 1431 1836 1461 Et
1858 1440 1970 1462 sensus
1993 1430 2146 1462 odoratus
2169 1432 2202 1462 in
2221 1432 2347 1468 sanctis,
2367 1433 2444 1473 quia
2464 1433 2554 1463 nulla

362 1476 525 1507 distantia:
551 1481 582 1506 et
597 1477 640 1506 ita
657 1476 747 1516 quod
764 1486 832 1507 non
851 1476 957 1507 videat
979 1476 1101 1517 aliquid
1116 1486 1135 1506 a
1149 1476 1316 1506 remotiori
1332 1484 1430 1515 quam
1484 1474 1673 1505 humiditate
1700 1475 1903 1515 impedietur,
1927 1482 2103 1515 cognoscet
2125 1485 2193 1506 non
2216 1476 2323 1507 solum
2352 1477 2553 1508 excellentias

362 1520 462 1551 modo
477 1520 634 1551 videmus.
656 1520 756 1558 Quod
770 1521 896 1551 videtur
910 1520 1002 1551 valde
1018 1520 1202 1551 absurdum.
1227 1520 1268 1550 Et
1282 1520 1327 1550 sic
1342 1519 1430 1550 vide—
1486 1518 1635 1555 odorum,
1652 1520 1734 1549 sicut
1749 1529 1837 1550 nunc
1852 1520 1886 1550 in
1901 1520 1995 1551 nobis
2015 1521 2181 1560 contingit,
2197 1526 2329 1561 propter
2350 1522 2484 1552 nimiam
2500 1531 2553 1552 ce-

362 1571 413 1595 tur
429 1564 519 1605 quod
534 1574 645 1595 sensus
662 1566 749 1595 visus
765 1571 839 1596 actu
854 1575 921 1596 non
939 1566 997 1595 erit
1011 1566 1045 1596 in
1061 1565 1251 1605 corporibus
1273 1564 1430 1604 gloriosis.
1446 1568 1472 1587 ³⁰
1485 1564 1568 1594 rebri
1582 1563 1805 1594 humiditatem
1818 1574 1824 1594 :
1845 1564 1901 1595 sed
1917 1565 2013 1595 etiam
2028 1565 2177 1595 minimas
2193 1564 2334 1596 odorum
2350 1565 2551 1596 differentias.

418 1609 480 1640 San
511 1619 651 1645 CONTRA,
682 1610 827 1650 potentia
860 1611 1034 1640 coniuncta
1066 1610 1151 1640 actui
1184 1615 1230 1640 est
1261 1608 1432 1650 perfectior
1493 1627 1500 1634 ·
1541 1608 1592 1638 An
1617 1618 1765 1638 onan-run
1783 1618 1944 1640 DICENDUK
1965 1608 2055 1649 quod
2070 1609 2103 1639 in
2118 1610 2219 1650 patria
2243 1610 2301 1641 erit
2324 1609 2392 1641 laus
2415 1611 2552 1642 vocalis:

363 1663 461 1693 quam
483 1663 551 1684 non
575 1654 757 1684 coniuncta.
792 1654 855 1685 Sed
883 1660 995 1685 natura
1022 1655 1163 1684 humana
1191 1654 1249 1684 erit
1275 1654 1310 1684 in
1332 1654 1432 1683 beatis
1486 1653 1632 1692 quamvis
1656 1652 1788 1693 quidam
1811 1653 1900 1683 aliter
1923 1653 2039 1689 dicant,
2055 1653 2146 1694 quod
2165 1654 2233 1684 sola
2247 1654 2474 1685 immutatione
2489 1655 2554 1696 spi·

362 1698 396 1728 in
418 1698 557 1728 maxima
583 1697 791 1738 perfectione.
825 1699 911 1738 Ergo
939 1704 1032 1729 erunt
1053 1699 1097 1729 ibi
1122 1707 1236 1729 omnes
1264 1707 1375 1728 sensus
1397 1698 1432 1728 in
1485 1697 1590 1727 rituali
1614 1706 1772 1737 organum
1802 1697 1929 1727 auditus
1959 1698 2179 1728 immutabitur
2202 1699 2235 1729 in
2258 1699 2368 1729 beatis.
2400 1699 2470 1730 Nec
2496 1699 2555 1730 erit

364 1751 423 1772 suo
448 1747 531 1772 actu.
1486 1746 1618 1781 propter
1641 1740 1853 1781 discliplinam
1877 1751 1941 1781 qua
1963 1742 2129 1772 scientiam
2151 1743 2312 1782 acquirat:
2343 1743 2400 1774 sed
2421 1749 2555 1784 propter

420 1796 449 1816 2.
474 1786 670 1822 Proxumum,
687 1787 822 1817 vicinius
846 1796 880 1816 se
902 1786 1021 1817 habent
1043 1786 1083 1817 ad
1105 1787 1245 1816 animam
1268 1787 1432 1826 potentiae
1448 1793 1469 1814 ³5
1486 1785 1718 1825 perfectionem
1748 1795 1859 1815 sensus
1889 1791 1920 1816 et
1944 1785 2202 1817 delectationem.
2235 1787 2414 1825 Quomodo
2446 1794 2555 1819 autem

364 1831 531 1861 sensitivae
555 1839 653 1870 quam
676 1840 804 1871 corpus.
829 1830 892 1861 Sed
916 1840 1034 1871 corpus
1057 1830 1282 1871 praemiabitur
1297 1830 1348 1860 vel
1370 1840 1431 1870 pu·
1486 1839 1550 1860 vox
1572 1829 1617 1859 ibi
1639 1828 1769 1859 formari
1792 1830 1920 1870 poterit,
1945 1829 2067 1861 dictum
2091 1836 2138 1861 est
2160 1831 2194 1861 in
2218 1831 2245 1861 11
2268 1831 2350 1862 libro
2366 1832 2393 1862 *.

364 1876 468 1905 nietur
483 1880 615 1915 propter
630 1876 742 1905 merita
757 1875 807 1906 vel
824 1875 977 1906 demerita
993 1876 1118 1906 animae
1130 1876 1156 1905 ’ἦ
1169 1875 1255 1914 Ergo
1273 1880 1304 1905 et
1319 1884 1432 1905 omnes
1542 1874 1592 1904 An
1618 1883 1758 1904 auruum
1774 1883 1933 1904 mmmmm
1948 1874 2038 1914 quod
2060 1875 2198 1905 intensio
2221 1875 2352 1906 luminis
2367 1885 2436 1906 non
2450 1877 2554 1917 impe-

364 1929 475 1950 sensus
499 1919 761 1959 praemiabuntur
783 1920 817 1949 in
840 1919 938 1949 beatis
963 1925 994 1950 et
1016 1920 1191 1960 punientur
1213 1919 1247 1949 in
1270 1919 1361 1949 malis
1384 1928 1432 1949 se·
1487 1917 1532 1948 dit
1547 1918 1767 1958 receptionem
1790 1919 1986 1958 spiritualem
2010 1919 2128 1959 speciei
2144 1919 2271 1956 coloris,
2289 1919 2469 1951 dummodo
2485 1930 2554 1952 ma-

365 1963 508 1994 cundum
532 1962 777 1994 delectationem
801 1969 832 1993 et
855 1963 1002 1994 dolorem
1028 1964 1079 1994 vel
1102 1964 1259 1994 tristitiam
1289 1973 1372 2003 quae
1399 1964 1431 1993 in
1486 1967 1560 1992 neat
1575 1963 1609 1992 in
1624 1967 1736 1992 natura
1753 1961 1918 2002 diaphani:
1935 1963 2018 1993 sicut
2032 1968 2120 2003 patet
2136 1963 2235 2003 quod,
2253 1970 2554 2006 quantumcumque

365 2007 552 2048 operatione
575 2016 686 2038 sensus
710 2008 898 2038 consistunt.
1446 2013 1473 2034 w
1486 2006 1684 2036 illuminetur
1707 2015 1769 2042 aer,
1794 2012 1901 2046 potest
1928 2016 1996 2038 esse
2023 2007 2168 2038 medium
2195 2008 2229 2038 in
2252 2008 2342 2046 visu;
2372 2014 2404 2039 et
2431 2014 2553 2050 quanto

419 2052 608 2081 Rnsponmzo
632 2061 792 2081 mmmmm
816 2051 906 2092 quod
925 2052 1008 2082 circa
1023 2052 1087 2082 hoc
1103 2057 1150 2082 est
1166 2051 1283 2091 duplex
1307 2051 1430 2091 opinio.
1487 2055 1533 2080 est
1565 2051 1665 2090 magis
1694 2050 1910 2087 illuminatus,
1941 2056 2030 2082 tanto
2061 2061 2118 2091 per
2144 2052 2252 2092 ipsum
2283 2052 2403 2093 aliquid
2440 2054 2554 2085 clarius

364 2095 505 2134 Quidam
521 2096 537 2112 ⁴*
562 2096 648 2126 enim
672 2095 783 2126 dicunt
806 2095 896 2136 quod
911 2096 945 2126 in
961 2096 1150 2136 corporibus
1173 2095 1320 2135 gloriosis
1339 2100 1432 2125 erunt
1486 2094 1620 2130 videtur,
1641 2095 1703 2124 nisi
1726 2095 1765 2125 sit
1789 2094 1932 2125 defectus
1956 2104 1994 2126 ex
2017 2095 2178 2127 debilitate
2201 2096 2297 2127 visus.
2322 2096 2422 2135 Quod
2445 2103 2554 2129 autem

2577 735 2621 759 (ed.
2636 735 2723 762 nidor).
2733 735 2789 757 -ln-

2577 765 2611 784 ter
2619 762 2682 790 Opp.
2690 761 2792 784 Aristot.

121 1880 190 1929 {nef}
202 1886 245 1928 Ἦ
260 1886 336 1935 ζ““”

124 2106 134 2116 ·
155 2104 178 2126 S.
197 2104 282 2126 Bonav.
304 2103 336 2124 lv

123 2131 197 2158 Sent„
209 2131 263 2152 dist.
275 2136 336 2155 ιιι-ιιι,

125 2160 302 2186 parr.11,sect.
321 2163 336 2183 ,,
365 2149 477 2170 omnes
500 2140 664 2179 potentiae
687 2149 855 2176 sensuum,
879 2149 947 2170 non
971 2145 1079 2170 tamen
1103 2145 1195 2170 erunt
1218 2140 1252 2170 in
1275 2145 1348 2170 actu
1371 2140 1430 2169 nisi
1485 2139 1520 2169 in
1543 2139 1676 2179 speculo
1700 2138 1818 2169 directe
1842 2140 1994 2179 opposito
2018 2139 2106 2170 radio
2129 2140 2206 2171 solis
2221 2150 2289 2171 non
2312 2147 2463 2182 appareat
2482 2151 2554 2183 spe-

125 2188 167 2206 m·
183 2190 202 2211 3=
219 2190 257 2212 ‘³¹²-
273 2190 287 2205 Ι·
364 2183 430 2215 duo
447 2193 568 2220 sensus,
585 2184 704 2214 scilicet
727 2189 829 2215 tactus
846 2190 877 2214 et
891 2185 987 2214 visus.
1012 2184 1080 2215 Nec
1096 2185 1160 2214 hoc
1176 2184 1234 2214 erit
1250 2193 1288 2214 ex
1304 2183 1432 2214 defectu
1487 2184 1550 2214 cies
1574 2183 1719 2223 corporis
1749 2184 1901 2223 oppositi,
1925 2193 1994 2214 non
2018 2189 2065 2215 est
2087 2190 2219 2225 propter
2246 2185 2310 2216 hoc
2338 2185 2429 2226 quod
2450 2186 2554 2227 impe-

364 2238 527 2264 sensuum,
544 2227 601 2259 sed
616 2237 654 2258 ex
670 2227 797 2259 defectu
818 2228 916 2259 medii
932 2234 964 2259 et
979 2228 1107 2259 obiecti.
1131 2229 1200 2259 Nec
1215 2233 1323 2259 tamen
1340 2233 1433 2259 erunt
1446 2238 1469 2258 45
1486 2227 1590 2258 diatur
1612 2228 1774 2268 receptio:
1808 2227 1864 2258 sed
1890 2233 2023 2268 propter
2048 2229 2112 2259 hoc
2139 2228 2230 2269 quod
2255 2229 2429 2270 impeditur
2450 2239 2554 2262 rever-

364 2272 495 2303 frustra:
527 2273 602 2312 quia
630 2278 723 2303 erunt
745 2272 786 2303 ad
808 2273 1021 2313 integritatem
1048 2273 1208 2303 humanae
1235 2278 1376 2309 naturae,
1401 2277 1433 2303 et
1486 2272 1617 2302 beratio.
1652 2271 1789 2312 Oportet
1821 2272 1907 2302 enim
1937 2272 1978 2303 ad
2008 2273 2071 2303 hoc
2102 2272 2193 2313 quod
2223 2272 2327 2304 forma
2355 2274 2389 2305 in
2419 2275 2554 2315 speculo

365 2316 405 2347 ad
428 2316 718 2347 commendandam
741 2318 929 2357 sapientiam
953 2317 1123 2348 Creatoris.
1487 2321 1646 2357 appareat,
1671 2315 1762 2356 quod
1784 2315 1839 2347 fiat
1862 2316 2020 2357 quaedam
2043 2317 2256 2349 reverberatio
2277 2317 2317 2349 ad
2335 2318 2468 2359 aliquod
2483 2329 2554 2350 cor-

420 2361 483 2392 Sed
505 2361 569 2391 hoc
591 2371 660 2391 non
682 2361 807 2391 videtur
829 2371 951 2392 verum.
985 2361 1071 2400 Quia
1094 2362 1158 2392 hoc
1181 2360 1271 2401 quod
1295 2366 1342 2392 est
1364 2370 1432 2391 me·
1486 2370 1547 2401 pus
1571 2361 1764 2391 obscurum:
1790 2366 1822 2391 et
1836 2360 1911 2391 ideo
1934 2361 2106 2401 plumbum
2129 2363 2211 2393 vitro
2235 2361 2418 2403 adiungitur
2432 2363 2466 2394 in
2482 2373 2554 2404 spe-

365 2404 453 2436 dium
476 2406 509 2435 in
533 2406 598 2435 istis
622 2406 776 2441 sensibus,
795 2411 841 2436 est
865 2406 960 2436 etiam
983 2407 1017 2436 in
1041 2406 1108 2436 aliis
1131 2405 1286 2436 medium.
1311 2405 1346 2435 ln
1362 2406 1432 2435 visu
1487 2405 1572 2436 culo.
1597 2405 1690 2435 Hanc
1707 2410 1815 2435 autem
1830 2405 2057 2436 obscuritatem
2080 2406 2186 2437 radius
2209 2407 2285 2437 solis
2301 2407 2442 2447 repellit:
2466 2408 2554 2440 unde

365 2450 451 2480 enim
475 2455 520 2480 est
543 2449 688 2480 medium
716 2459 779 2486 aer,
811 2451 867 2490 qui
895 2451 991 2481 etiarn
1022 2455 1070 2480 est
1097 2449 1242 2480 medium
1265 2450 1298 2480 in
1322 2449 1433 2480 auditu
1448 2459 1473 2479 50
1486 2459 1553 2480 non
1577 2454 1684 2489 potest
1714 2458 1865 2490 apparere
1895 2451 2017 2490 species
2043 2450 2077 2480 in
2101 2451 2211 2491 aliquo
2241 2451 2386 2492 speculo.
2420 2451 2554 2483 Claritas

127 2500 136 2509 ·
152 2497 207 2524 Cap.
224 2503 295 2524 vu‚n.
311 2503 335 2545 g:
366 2500 397 2524 et
420 2493 575 2524 odoratu:
600 2494 682 2524 sicut
705 2499 791 2534 patet
814 2495 847 2524 in
872 2494 898 2524 11
922 2495 961 2525 de
979 2495 1097 2525 Anima
1113 2495 1139 2525 ἢ
1164 2494 1315 2525 Similiter
1337 2495 1433 2524 etiam
1487 2499 1596 2524 autem
1613 2494 1756 2534 corporis
1772 2493 1903 2534 gloriosi
1919 2503 1986 2525 non
2002 2494 2104 2525 aufert
2120 2494 2368 2536 diaphanitatem
2384 2496 2552 2537 apupilla:

126 2530 176 2572 9¹?ss
186 2530 336 2577 1¹5313²k⁵vs¹13
365 2543 476 2578 gustus
502 2538 598 2568 habet
625 2537 769 2569 medium
797 2539 1019 2575 coniunctum,
1043 2539 1126 2570 sicut
1149 2544 1181 2569 et
1203 2544 1325 2569 tactus:
1357 2548 1433 2569 cum
1488 2539 1564 2579 quia
1582 2538 1683 2578 gloria
1698 2548 1766 2568 non
1782 2538 1873 2568 tollet
1895 2543 2052 2569 naturam.
2077 2539 2170 2570 Unde
2193 2539 2382 2580 magnitudo
2407 2540 2555 2572 claritatis

127 2585 260 2633 ἓςΓαὴΡ-Ιέζι,
273 2591 339 2633 ξίχτξ
365 2587 476 2622 gustus
492 2583 530 2612 sit
546 2587 650 2613 tactus
665 2582 805 2623 quidam,
822 2588 859 2613 ut
876 2583 910 2613 in
926 2583 1043 2614 eodem
1059 2583 1140 2614 libro
1156 2584 1174 2600 ⁴*
1193 2582 1317 2614 dicitur.
1342 2582 1434 2613 Odor
1487 2584 1521 2613 in
1543 2583 1667 2623 pupilla
1698 2583 1799 2622 magis
1831 2581 1906 2613 facit
1936 2582 1976 2613 ad
2006 2592 2144 2614 acumen
2166 2584 2253 2614 visus
2285 2593 2384 2625 quam
2414 2585 2454 2616 ad
2485 2586 2554 2617 eius

367 2627 460 2657 etiam
485 2626 544 2657 erit
565 2627 619 2662 ibi,
644 2627 700 2667 qui
724 2632 770 2657 est
794 2627 957 2658 obiectum
985 2627 1157 2658 odoratus:
1191 2636 1267 2658 cum
1290 2627 1434 2658 Ecclesia
1488 2626 1661 2658 defectum.

367 2675 472 2701 cantet
501 2670 591 2710 quod
613 2670 696 2701 odor
721 2672 926 2702 suavissimus
954 2677 1047 2702 erunt
1078 2681 1215 2712 corpora
1237 2677 1432 2702 sanctorum.
1449 2684 1471 2706 ςς
1542 2672 1593 2701 An
1610 2681 1729 2702 surum
1750 2681 1909 2702 meantum
1926 2671 2025 2711 quod,
2043 2677 2165 2712 quanto
2181 2681 2292 2703 sensus
2309 2678 2356 2703 est
2371 2672 2553 2714 perfectior,

366 2715 451 2745 Laus
472 2715 567 2745 etiam
582 2715 702 2745 vocalis
718 2715 776 2746 erit
791 2716 824 2746 in
840 2717 958 2755 patn'a:
983 2715 1070 2747 unde
1093 2715 1293 2756 Augustinus
1305 2716 1322 2732 ⁸*
1346 2715 1432 2752 dicit,
1487 2722 1576 2747 tanto
1594 2725 1631 2746 ex
1646 2716 1765 2746 minori
1787 2717 2012 2747 immutatione
2037 2715 2118 2746 facta
2139 2722 2247 2756 potest
2269 2717 2435 2748 obiectum
2457 2727 2553 2749 suum

366 2768 462 2799 super
483 2758 562 2789 illud
585 2759 702 2789 Psalmi
717 2760 744 2795 *‚
767 2759 997 2791 Exultationes
1012 2761 1075 2791 Dei
1098 2761 1131 2791 in
1152 2765 1286 2802 gutture
1308 2770 1432 2796 eorum,
1487 2761 1662 2801 percipere.
1686 2760 1818 2798 Quanto
1842 2766 1950 2791 autern
1973 2761 2032 2791 sub
2056 2761 2173 2791 minori
2197 2761 2316 2801 angulo
2338 2762 2426 2793 visus
2447 2771 2466 2792 a
2480 2763 2554 2794 visi-

367 2803 456 2843 quod
479 2803 579 2833 corda
603 2809 634 2834 et
656 2804 791 2845 linguae
820 2814 887 2834 non
917 2804 1063 2835 desinent
1092 2804 1221 2835 laudare
1251 2804 1368 2835 Deum.
1392 2804 1434 2835 Et
1487 2805 1543 2835 bili
1565 2805 1763 2841 immutatur,
1787 2810 1877 2835 tanto
1906 2805 2014 2835 minor
2040 2805 2223 2836 immutatio
2251 2811 2316 2836 est:
2350 2811 2382 2836 et
2404 2805 2480 2837 inde
2507 2812 2555 2838 est

127 2637 162 2659 Cf.
179 2638 208 2659 de
225 2638 301 2660 Semu
317 2641 341 2660 et

127 2664 230 2691 Senmt„
239 2670 290 2692 cap.
304 2671 339 2691 1v;

127 2698 146 2712 s.
157 2691 201 2713 Th.
218 2692 269 2713 lect.
284 2697 315 2713 tx.

128 2717 337 2746 'Gloss.0rd.Aug.

128 2747 148 2765 et
164 2744 247 2766 Lomb.

127 2771 183 2818 '⁶Ps.
195 2776 270 2798 cxux,
279 2777 340 2793 vers.

129 2852 139 2861 “
155 2849 210 2871 Ord.

129 2875 218 2898 '‘Vers.
222 2878 256 2903 ²7(
261 2876 337 2902 libai).

129 3075 139 3084 ·
151 3073 198 3101 Qu.
209 3078 288 3100 mxi,
298 3076 339 3095 art.

366 2847 452 2878 idem
464 2847 559 2878 etiam
570 2848 705 2878 habetur
720 2857 777 2888 per
793 2847 942 2879 Glossam
953 2850 970 2866 ⁴*
982 2858 1078 2889 super
1094 2848 1173 2879 illud
1188 2848 1315 2879 Esdrae
1330 2859 1373 2879 xn
1385 2850 1430 2885 ⁸,

367 2892 405 2922 In
430 2892 556 2922 cantico
580 2897 611 2922 et
633 2892 798 2933 cymbalis,
824 2898 883 2923 etc.

422 2935 463 2965 Et
485 2935 570 2972 ideo,
594 2936 772 2967 secundum
800 2937 888 2973 alios,
913 2936 1086 2968 dicendum
1115 2936 1205 2977 quod
1233 2937 1328 2968 etiam
1352 2937 1433 2968 odo-

366 2985 451 3010 ratus
475 2985 505 3010 et
527 2979 654 3011 auditus
677 2986 771 3011 erunt
792 2981 837 3011 ibi
859 2981 893 3011 in
917 2986 1000 3011 actu.
1025 2981 1088 3012 Sed
1110 2987 1222 3022 gustus
1237 2991 1305 3012 non
1322 2982 1380 3012 erit
1399 2983 1433 3013 in

367 3029 441 3054 actu
463 3024 506 3054 ita
529 3024 618 3064 quod
640 3025 829 3056 immutetur
844 3026 883 3055 ab
899 3025 1008 3066 aliquo
1028 3026 1101 3056 cibo
1118 3026 1169 3056 vel
1183 3031 1266 3066 potu
1289 3031 1430 3066 sumpto,

367 3073 403 3098 ut
425 3073 511 3108 patet
535 3078 573 3098 ex
596 3068 686 3099 dictis
701 3070 736 3099 *ε
770 3069 831 3099 nisi
859 3069 942 3100 forte
971 3069 1094 3100 dicatur
1123 3069 1213 3110 quod
1237 3070 1295 3100 erit
1322 3075 1433 3110 gustus

367 3113 401 3142 in
424 3118 497 3142 actu
520 3121 577 3153 per
599 3113 858 3144 immutationem
887 3113 1015 3154 linguae
1042 3114 1080 3144 ab
1109 3114 1215 3155 aliqua
1244 3114 1433 3146 humiditate
1446 3121 1471 3147 65

368 3155 526 3187 adiuncta.

423 3200 474 3230 An
497 3210 614 3230 pamma
637 3211 719 3231 anco
743 3211 902 3232 memnon
926 3201 1016 3242 quod
1040 3202 1206 3242 qualitates
1229 3212 1309 3243 quas
1331 3208 1434 3234 tactus

369 3244 514 3284 percipit,
531 3249 605 3274 sunt
627 3245 699 3275 illae
715 3255 754 3275 ex
769 3246 886 3285 quibus
910 3247 1114 3277 constituitur
1137 3247 1281 3277 animalis
1305 3256 1432 3287 corpus.

370 3287 462 3318 Unde
485 3297 543 3328 per
565 3289 731 3328 qualitates
753 3290 920 3330 tangibiles
943 3299 1061 3330 corpus
1084 3291 1238 3327 animalis,
1254 3290 1434 3322 secundum

1488 2848 1578 2890 quod
1592 2850 1678 2879 visus
1693 2849 1864 2890 perfectior
1886 2849 1987 2889 magis
2003 2859 2022 2879 a
2036 2850 2168 2880 remotis
2189 2849 2310 2890 aliquid
2324 2849 2432 2881 videre
2447 2855 2555 2891 potest

1446 2901 1474 2921 60
1488 2903 1586 2934 quam
1608 2894 1695 2924 visus
1718 2893 1863 2930 debilior,
1883 2894 1959 2934 quia
1983 2899 2105 2934 quanto
2121 2903 2139 2924 a
2154 2894 2320 2925 remotiori
2342 2893 2476 2931 videtur,
2493 2895 2553 2926 sub

1486 2938 1605 2968 minori
1628 2937 1747 2978 angulo
1770 2937 1905 2968 videtur.
1929 2937 1970 2968 Et
1986 2938 2062 2978 quia
2076 2938 2163 2968 visus
2182 2939 2326 2979 corporis
2348 2938 2480 2978 gloriosi
2495 2939 2554 2969 erit

1487 2982 1746 3022 perfectissimus,
1771 2991 1808 3013 ex
1831 2982 2016 3023 parvissima
2042 2983 2268 3013 immutatione
2294 2981 2412 3022 poterit
2433 2981 2551 3013 videre.

1487 3026 1582 3058 Unde
1598 3027 1657 3057 sub
1673 3026 1792 3067 angulo
1815 3026 1919 3057 multo
1943 3027 2061 3057 minori
2076 3025 2183 3057 videre
2201 3026 2320 3066 poterit
2337 3034 2436 3066 quam
2450 3025 2552 3058 modo

1488 3071 1606 3102 dossit:
1633 3076 1664 3101 et
1686 3080 1743 3111 per
1767 3080 1969 3111 consequens
1992 3070 2096 3101 multo
2119 3070 2220 3110 magis
2243 3079 2261 3100 a
2283 3074 2420 3100 remoto.

1626 3134 1879 3179 QUAESTIO
1906 3133 2414 3169 OOTOGESmATERTIA

1660 3189 1706 3214 m:
1725 3187 1952 3214 suarium-ra
1972 3187 2165 3213 coapoaum
2184 3186 2377 3212 samonum

1550 3256 1644 3276 amun
1668 3245 1936 3277 considerandum
1957 3250 2004 3275 est
2026 3243 2066 3275 de
2087 3243 2259 3275 subtilitate
2283 3254 2458 3285 corporum
2477 3246 2552 3277 bea-

1550 3296 1659 3321 torum
1674 3291 1701 3320 ⁴⁶.

370 3337 486 3362 statum
509 3338 718 3372 praesentem,
741 3339 854 3364 natum
878 3339 924 3364 est
946 3334 1108 3365 immutari
1130 3335 1355 3366 immutatione
1378 3345 1435 3366 na-
1448 3346 1476 3367 70
1489 3334 1583 3366 Circa
1606 3333 1696 3374 quod
1718 3338 1915 3374 quaeruntur
1937 3341 2002 3363 sex.

370 3375 462 3405 turali
479 3381 510 3406 et
525 3377 678 3416 spirituali
694 3377 732 3407 ab
749 3378 877 3408 obiecto
900 3383 1012 3408 tactus.
1037 3378 1078 3408 Et
1096 3378 1170 3409 ideo
1194 3384 1296 3410 tactus
1320 3378 1435 3410 dicitur

371 3420 507 3450 maxime
530 3421 699 3450 materialis
721 3421 803 3451 inter
826 3422 905 3451 alios
927 3431 1057 3452 sensus:
1083 3423 1159 3462 quia
1180 3423 1276 3453 habet
1298 3423 1371 3463 plus
1394 3422 1435 3454 de

371 3463 523 3493 materiali
545 3465 769 3494 immutatione
792 3465 989 3495 adiunctum.
1022 3466 1097 3496 Non
1121 3471 1228 3497 tamen
1252 3467 1434 3497 immutatio

371 3507 539 3537 materialis
558 3517 591 3537 se
607 3508 702 3538 habet
724 3508 764 3538 ad
786 3514 893 3539 actum
916 3509 1083 3545 sentiendi,
1108 3511 1164 3549 qui
1186 3510 1348 3550 perficitur
1370 3511 1434 3550 spi-

371 3550 475 3586 rituali
497 3551 731 3587 immutatione,
755 3552 815 3582 nisi
837 3562 895 3592 per
917 3552 1074 3583 accidens.
1102 3554 1142 3583 Et
1164 3554 1238 3584 ideo
1262 3555 1295 3584 in
1319 3563 1435 3594 corpo-
1448 3566 1473 3586 75

1543 3378 1668 3409 Primo:
1693 3383 1801 3409 utrum
1824 3376 1978 3407 subtilitas
1994 3376 2034 3406 sit
2048 3376 2225 3416 proprietas
2245 3378 2389 3418 corporis
2409 3377 2550 3418 gloriosi.

1544 3421 1712 3453 Secundo:
1741 3427 1849 3452 utrum
1876 3420 1998 3450 tatione
2025 3420 2121 3451 huius
2149 3421 2327 3452 subtilitatis
2355 3423 2456 3463 possit
2483 3433 2552 3455 esse

1577 3467 1611 3496 in
1634 3465 1750 3496 eodem
1773 3465 1848 3495 loco
1872 3473 1947 3494 cum
1971 3464 2033 3494 alio
2057 3474 2125 3495 non
2147 3465 2299 3505 glorioso.

1544 3509 1672 3540 Tertio:
1708 3514 1816 3539 utrum
1850 3517 1906 3548 per
1938 3509 2128 3540 miraculum
2162 3509 2228 3541 duo
2261 3519 2397 3551 corpora
2428 3511 2553 3551 possint

1578 3553 1672 3583 simul
1696 3562 1763 3583 esse
1786 3553 1820 3583 in
1844 3552 1959 3583 eodem
1982 3553 2067 3584 loco.

2578 3287 2797 3338 aarum
