2878 4088
27 794 30 798 ,
84 775 124 797 qu.
139 775 178 796 u,
191 771 234 790 art.
250 774 268 790 ι.

591 159 856 206 QUAESTIO
885 160 1014 205 LXIII,
1035 156 1330 196 ARTICULUS
1358 156 1388 192 II
1408 176 1433 181 -—
1454 154 1721 201 QUAESTIO
1750 156 1887 201 LXIV,
1910 156 2201 193 ARTICULUS
2230 157 2243 192 Ι

345 284 446 315 ART.
471 284 509 314 11.
532 294 638 314 unum
657 294 820 314 sucuunuu
842 292 1061 313 »ammomum
1080 292 1125 312 sn·
1145 289 1370 312 sacamuwu

389 382 410 402 Ι)
443 382 606 403 εΕσσΝοωι
638 382 684 402 sxc
710 381 916 402 PRocznrrua.
944 370 1078 401 Videtur
1101 368 1191 409 quod
1214 367 1393 399 secundum

328 386 632 447 Amatrimonium
659 426 728 447 non
751 417 792 446 sit
814 420 1059 446 sacramentum.
1094 414 1158 450 Qui
1182 414 1269 444 enim
1298 413 1396 442 iterat

83 472 93 481 ·
109 466 295 516 <qr-w
323 466 579 497 sacramentum,
595 461 686 503 facit
708 460 738 491 ei
761 460 916 491 iniuriam
932 461 958 490 *.
992 458 1055 490 Sed
1085 458 1166 489 nulli
1196 462 1394 488 sacramento

82 495 106 544 ,ξ
117 497 167 547 Ῐῗῑ,
177 526 228 549 0⁸⁹·
244 525 297 545 xm.
324 505 470 536 facienda
486 511 533 536 est
547 506 671 536 iniuria.
696 505 793 545 Ergo,
810 505 836 535 si
852 503 1032 534 secundum
1055 502 1298 533 matrimonium
1314 505 1396 531 esset

83 555 106 571 ¹¹·
121 549 156 571 ²⁸·
324 555 571 586 sacramentum,
595 550 686 580 nullo
710 549 811 580 modo
835 554 917 579 esset
940 547 1130 578 iterandum.

381 605 410 625 2.
435 595 637 630 PRAETEREA,
666 594 701 624 in
736 593 827 624 omni
859 597 1057 623 sacramento
1091 591 1258 621 adhibetur
1290 589 1396 629 aliqua

324 639 517 670 benedictio.
550 638 614 670 Sed
635 639 669 668 in
693 637 840 668 secundis
863 637 984 677 nuptiis
1007 645 1075 666 non
1099 635 1279 670 adhibetur,
1305 639 1340 664 ut
1363 634 1396 663 in

324 683 427 714 littera
443 685 459 701 *
483 683 607 714 dicitur.
632 683 718 722 Ergo
738 692 806 712 non
825 681 861 711 fit
884 682 927 711 ibi
951 679 1083 720 aliquod
1106 683 1351 710 sacramentum.

382 728 411 759 3.
436 729 634 763 plunnium,
654 725 844 766 significatio
869 731 916 755 est
943 724 983 754 de
1007 724 1142 754 essentia
1165 722 1353 753 sacramenti
1369 722 1395 751 ’ἦ

325 772 389 803 Sed
411 773 446 803 in
468 771 612 803 secundo
635 770 843 801 matrimonio
866 779 935 799 non
957 768 1095 798 salvatur
1118 767 1307 807 significatio
1329 775 1397 796 ma-

323 817 484 848 trimonii:
509 817 586 856 quia
607 825 676 845 non
693 820 740 845 est
765 823 831 844 una
851 814 957 848 unius,
975 813 1058 843 sicut
1076 812 1224 842 Christus
1240 816 1272 841 et
1284 810 1396 841 Eccle-

324 861 375 892 sia
390 862 418 892 ἦ
441 861 527 900 Ergo
550 869 618 890 non
642 864 690 889 est
712 863 957 889 sacramentum.

379 914 412 944 4.
435 905 637 939 Pium-amn,
661 912 765 934 unum
795 907 1030 933 sacramentum
1053 910 1121 931 non
1145 899 1281 940 impedit
1304 909 1322 930 a
1345 909 1397 929 su-

325 950 491 990 sceptione
515 948 653 979 alterius.
677 947 741 978 Sed
763 946 944 977 secundum
967 946 1210 976 matrimonium
1229 943 1364 984 impedit
1380 953 1398 973 a

325 993 530 1033 susceptione
553 992 674 1023 ordinis
690 993 717 1022 ἦ
741 991 828 1032 Ergo
851 1001 920 1022 non
944 996 991 1021 est
1014 995 1259 1021 sacramentum.

381 1037 443 1069 San
475 1047 617 1072 con-rna,
650 1037 754 1067 coitus
784 1037 819 1066 in
848 1035 997 1066 secundis
1029 1035 1151 1075 nuptiis
1181 1038 1349 1064 excusatur
1380 1042 1398 1062 a

325 1087 459 1123 peccato
483 1082 566 1112 sicut
589 1086 620 1112 et
642 1081 677 1111 in
700 1081 820 1121 primis.
845 1080 908 1111 Sed
931 1089 988 1121 per
1011 1080 1070 1110 tria
1093 1080 1179 1109 bona
1201 1077 1398 1108 matrimonii

325 1132 494 1158 excusatur
517 1126 622 1157 coitus
646 1125 898 1161 matrimonialis,
923 1134 1007 1165 quae
1030 1129 1105 1154 sunt
1117 1123 1215 1165 fides,
1234 1122 1348 1163 proles
1367 1126 1399 1151 et

84 1177 160 1206 '‘Q-1
172 1179 297 1205 mmmm
324 1176 563 1203 sacramentum
579 1171 605 1200 *.
639 1170 725 1210 Ergo
753 1169 934 1200 secundum
961 1169 1203 1199 matrimonium
1227 1172 1274 1197 est
1297 1176 1398 1196 sacra-

82 1207 145 1248 ¹³3·
325 1221 484 1247 mentum.

382 1270 414 1292 2.
430 1261 627 1297 Patami,
641 1270 680 1291 ex
696 1258 837 1290 secunda
853 1258 1084 1289 coniunctione
1099 1257 1157 1287 viri
1174 1256 1214 1287 ad
1229 1255 1398 1287 mulierem

325 1308 395 1336 non
410 1305 630 1335 sacramentali
648 1314 717 1335 non
733 1303 930 1334 contrahitur
953 1302 1181 1342 irregularitas:
1206 1302 1289 1331 sicut
1311 1304 1399 1340 patet

326 1350 361 1380 in
377 1348 589 1380 fornicatione
605 1350 632 1379 ⁴².
657 1348 721 1380 Sed
743 1349 776 1378 in
800 1347 949 1378 secundis
964 1347 1085 1387 nuptiis
1109 1346 1307 1376 contrahitur
1322 1345 1399 1374 irre-

326 1394 475 1434 gularitas
491 1395 519 1424 *.
543 1394 629 1434 Ergo
654 1398 729 1423 sunt
751 1392 1004 1422 sacramentales.

381 1438 572 1468 Rnsronnno
596 1447 757 1468 memnon
776 1435 876 1476 quod,
893 1436 1092 1475 ubicumque
1116 1434 1324 1465 inveniuntur
1346 1433 1401 1464 illa

327 1491 411 1522 quae
434 1487 509 1512 sunt
532 1481 572 1512 de
597 1482 732 1512 essentia
755 1480 953 1516 sacramenu'‚
970 1480 1014 1510 ibi
1031 1485 1078 1510 est
1092 1488 1205 1509 verum
1221 1487 1399 1508 sacramen-

325 1531 407 1557 tum.
432 1525 543 1562 Unde,
569 1535 646 1556 cum
668 1526 702 1556 in
725 1523 874 1555 secundis
904 1524 1025 1564 nuptiis
1055 1523 1258 1554 inveniantur
1290 1522 1400 1552 omnia

276 1595 283 1597 >
327 1580 411 1612 quae
441 1575 515 1601 sunt
543 1569 583 1600 de
611 1569 746 1600 essentia
778 1569 984 1604 sacramenti,
1010 1568 1085 1608 quia
1116 1567 1221 1598 debita
1250 1567 1399 1602 materia,

327 1624 427 1656 quam
441 1614 519 1646 facit
534 1623 744 1655 personarum
763 1613 955 1653 legitimitas‚
973 1617 1004 1642 et
1028 1611 1134 1642 debita
1149 1611 1263 1647 forma,
1280 1610 1401 1641 scilicet

328 1660 490 1701 expressio
514 1668 690 1690 consensus
705 1658 864 1688 interioris
880 1667 938 1697 per
953 1657 1048 1687 verba
1065 1655 1104 1686 de
1119 1656 1297 1696 praesenti;
1322 1664 1401 1685 con-

327 1709 389 1735 stat
403 1703 495 1744 quod
510 1704 606 1734 etiam
629 1701 809 1734 secundum
832 1702 1075 1732 matrimonium
1092 1705 1138 1730 est
1154 1705 1400 1735 sacramentum,

327 1749 412 1780 sicut
434 1753 467 1780 et
489 1749 640 1789 primum.

383 1793 435 1824 An
458 1802 577 1823 ramum
599 1802 683 1823 aneo
707 1800 868 1822 mcmmm
887 1789 977 1831 quod
1000 1790 1064 1820 hoc
1087 1789 1274 1829 intelligitur
1297 1787 1337 1818 de
1353 1797 1402 1818 sa-

329 1843 494 1869 cramento
519 1836 609 1878 quod
632 1836 756 1867 inducit
779 1841 974 1877 perpetuum
998 1834 1168 1865 effectum:
1200 1839 1279 1863 tunc
1303 1833 1401 1868 enim,

327 1883 356 1914 si
376 1883 507 1914 iteratur
530 1886 775 1917 sacramentum,
792 1880 884 1911 datur
905 1879 1038 1919 intelligi
1063 1878 1153 1919 quod
1176 1878 1318 1919 primum
1333 1886 1402 1907 non

295 1946 301 1958 ,
329 1927 390 1958 fuit
405 1925 526 1963 efficax,
540 1932 572 1957 et
587 1927 632 1957 sic
647 1925 684 1956 fit
699 1926 805 1966 primo
821 1925 936 1955 iniuria
946 1925 980 1960 ’ἣ
1000 1925 1082 1954 sicut
1097 1928 1184 1964 patet
1200 1923 1234 1953 in
1250 1922 1402 1953 omnibus

329 1972 533 2003 sacramentis
557 1980 641 2011 quae
663 1971 854 2010 imprimunt
881 1970 1105 2000 characterem.
1138 1966 1201 1998 Sed
1223 1967 1277 1997 illa
1300 1975 1401 1997 sacra-

328 2021 438 2048 menm
461 2025 545 2056 quae
567 2016 687 2046 habent
710 2014 861 2045 effectum
882 2023 951 2044 non
970 2018 1175 2053 perpetuum,
1191 2016 1329 2052 possunt
1343 2011 1402 2041 ite-

328 2061 390 2092 rari
412 2061 481 2091 sine
510 2060 626 2091 iniuria
655 2059 863 2094 sacramenti:
895 2059 978 2089 sicut
1009 2062 1097 2098 patet
1124 2056 1164 2087 de
1191 2056 1400 2097 poenitentia.

328 2105 371 2137 Et
386 2105 463 2146 quia
485 2105 653 2135 vinculum
675 2103 911 2134 matrimoniale
934 2102 1057 2133 tollitur
1075 2111 1133 2142 per
1147 2106 1297 2137 mortem,
1314 2100 1403 2130 nulla

329 2149 366 2181 fit
388 2150 504 2180 iniuria
526 2154 727 2180 sacramento
750 2148 777 2178 si
800 2147 916 2178 mulier
942 2151 1017 2187 post
1043 2151 1183 2176 mortem
1206 2146 1265 2175 viri
1288 2145 1401 2175 iterato

329 2195 442 2226 nubat.

385 2239 437 2269 An
461 2247 625 2269 sncuumm
647 2246 809 2267 mmmmm
832 2235 922 2276 quod
944 2234 1125 2266 secundum
1147 2234 1402 2270 matrimonium,

331 2283 478 2324 quamvis
499 2283 534 2313 in
557 2291 591 2312 se
615 2280 853 2312 consideratum
877 2281 917 2311 sit
939 2279 1120 2320 perfectum
1149 2284 1401 2314 sacramentum,

330 2332 440 2358 tamen
461 2326 632 2372 iri-‘ordine
655 2326 695 2356 ad
718 2326 860 2366 primum
891 2324 1128 2356 consideratum
1159 2324 1255 2354 habet
1282 2322 1404 2363 aliquid

331 2371 372 2403 de
395 2370 524 2402 defectu
546 2371 754 2401 sacramenti:
783 2370 858 2410 quia
881 2379 950 2400 non
973 2369 1069 2399 habet
1091 2369 1221 2409 plenam
1245 2367 1402 2408 significa-

330 2417 465 2453 tionem,
482 2425 558 2446 cum
580 2425 649 2446 non
672 2415 712 2445 sit
735 2424 801 2445 una
829 2414 939 2449 unius,
965 2414 1047 2444 sicut
1070 2419 1117 2444 est
1139 2414 1172 2443 in
1196 2413 1403 2443 matrimonio

83 690 94 701 ·
108 688 168 720 Qist.
179 694 234 714 ωι,
245 693 296 715 cap.

83 715 232 764 §fleam
252 740 296 767 m,

83 865 94 876 ·
110 863 148 886 Cf.
167 866 210 884 m.
231 868 297 891 prae-

84 890 144 917 ced..
159 889 189 911 ad
202 896 223 912 a.

83 1001 96 1012 ·
108 998 176 1026 isia..
186 1004 234 1027 ug.
246 1004 269 1025 4.

84 1350 301 1406 &maz

83 1434 97 1447 ¹
169 1409 302 1461 eupate-

85 1459 150 1487 σιὰ..
163 1464 212 1487 ιη.
226 1465 250 1486 4.

115 2462 152 2487 <²-
163 2468 217 2492 4
227 2468 249 2492 5
333 2460 455 2492 christi
470 2465 502 2491 et
514 2460 681 2490 Ecclesiae
695 2460 722 2490 ⁵.
746 2459 788 2489 Et
809 2459 932 2490 ratione
948 2458 1045 2489 huius
1062 2457 1205 2489 defectus
1221 2456 1403 2488 benedictio

331 2515 350 2536 a
371 2504 521 2536 secundis
543 2505 665 2545 nuptiis
688 2504 892 2534 subtrahitur.

384 2549 451 2581 Sed
477 2549 541 2580 hoc
569 2554 616 2580 est
642 2547 888 2589 intelligendum
919 2547 1051 2588 quando
1082 2546 1242 2577 secundae
1271 2547 1404 2587 nuptiae

331 2599 407 2625 nint
429 2593 589 2625 secundae
612 2599 644 2624 et
667 2603 705 2624 ex
728 2598 818 2633 parte
840 2593 899 2623 viri
927 2597 958 2623 et
986 2602 1024 2623 ex
1051 2597 1140 2632 parte
1168 2591 1329 2627 mulieris,
1353 2591 1404 2621 vel

332 2648 372 2670 ex
397 2643 486 2679 parte
515 2638 659 2669 mulieris
688 2643 824 2668 tantum.
858 2637 892 2668 Si
915 2638 1002 2667 enim
1025 2637 1115 2676 virgo
1140 2636 1306 2666 contrahat
1329 2645 1404 2666 cum

331 2683 388 2714 illo
413 2683 470 2723 qui
491 2683 604 2713 habuit
627 2682 721 2712 aliam
744 2691 889 2718 uxorem,
913 2681 1124 2712 nihilominus
1151 2681 1283 2721 nuptiae
1307 2681 1404 2711 bene-

91 2731 103 2741 ·
121 2728 158 2751 Cf-
179 2727 260 2751 ‘3¹⁰⁸‘-
280 2728 304 2750 ¹¹²
332 2727 483 2758 dicuntur
494 2728 530 2758 *ε
550 2727 687 2757 salvatur
703 2727 790 2757 enim
806 2726 915 2767 aliquo
931 2725 1032 2756 modo
1052 2725 1242 2766 significatio
1259 2726 1356 2756 etiam
1370 2726 1404 2755 in

91 2754 304 2810 &seg-‘suam
333 2771 446 2803 ordine
469 2771 510 2802 ad
531 2772 650 2812 primas
664 2771 812 2811 nuptias;
837 2771 913 2811 quia
930 2770 1086 2806 Christus,
1103 2771 1161 2800 etsi
1177 2779 1276 2800 unam
1293 2769 1404 2800 Eccle-

332 2817 412 2848 siam
428 2825 579 2857 sponsam
595 2815 720 2851 habeat,
737 2815 832 2846 habet
847 2820 956 2846 tamen
971 2815 1079 2855 plures
1095 2824 1248 2855 personas
1264 2813 1404 2854 despon-

331 2866 414 2892 satas
435 2861 470 2891 in
493 2870 558 2891 una
581 2859 734 2890 Ecclesia.
763 2859 826 2891 Sed
849 2860 956 2890 anima
977 2869 1046 2890 non
1068 2864 1176 2899 potest
1199 2868 1267 2889 esse
1286 2868 1405 2899 sponsa

333 2906 461 2936 alterius
477 2914 576 2945 quam
593 2904 729 2935 Christi:
755 2905 831 2945 quia
847 2904 922 2934 alias
938 2913 1014 2934 cum
1035 2903 1194 2934 daemone
1218 2903 1403 2940 fornicatur,

331 2959 394 2981 nec
409 2955 456 2980 est
471 2950 515 2980 ibi
530 2949 772 2979 matrimonium
788 2948 960 2989 spirituale.
977 2948 1019 2978 Et
1033 2953 1165 2988 propter
1180 2948 1254 2984 hoc,
1272 2948 1404 2988 quando

332 2994 448 3026 mulier
471 2993 615 3025 secundo
639 2994 741 3030 nubit,
760 2994 893 3034 nuptiae
915 3002 984 3023 non
1006 2992 1252 3029 benedicuntur,
1273 2998 1405 3033 propter

333 3038 497 3070 defectum
519 3038 718 3069 sacramenti.

1416 422 1425 442 5

1411 642 1437 657 1⁰

1413 861 1435 882 ις

1412 1088 1438 1102 2⁰

1413 1309 1436 1329 ις

1415 1530 1441 1550 30

1417 1751 1440 1771 35

1416 1977 1443 1998 4⁰

1417 2199 1440 2219 45

1419 2421 1444 2442 50

1420 2647 1442 2668 55

1418 2863 1445 2883 o'n

386 3083 440 3114 An
463 3091 599 3113 narrum
623 3092 786 3112 memmi
814 3081 904 3122 quod
930 3080 1120 3122 significatio
1150 3080 1292 3122 perfecta
1314 3082 1404 3112 inve·
1417 3086 1442 3112 65

333 3127 421 3158 nitur
441 3128 476 3158 in
499 3126 644 3158 secundo
674 3127 881 3157 matrimonio
911 3125 1092 3157 secundum
1119 3135 1153 3156 se
1181 3125 1402 3156 considerato:

333 3181 403 3202 non
424 3177 534 3202 autem
556 3172 583 3202 si
606 3171 826 3202 consideretur
840 3171 874 3201 in
890 3170 1003 3201 ordine
1024 3169 1064 3200 ad
1078 3169 1273 3210 praecedens
1296 3171 1404 3201 matri-

334 3216 493 3246 monium.
517 3216 560 3246 Et
581 3217 626 3246 sic
649 3216 745 3246 habet
768 3215 931 3246 defectum
955 3220 1200 3245 sacramentum.

390 3259 442 3290 An
466 3270 614 3290 auam-mu
643 3270 802 3290 mmmmm
832 3259 923 3300 quod
952 3259 1131 3290 secundum
1161 3259 1404 3290 matrimonium

334 3302 470 3344 impedit
490 3309 726 3335 sacramentum
750 3304 872 3335 ordinis
896 3309 1054 3345 quantum
1077 3302 1118 3334 ad
1139 3303 1172 3334 id
1196 3303 1286 3344 quod
1308 3304 1405 3334 habet

336 3347 376 3379 de
392 3346 520 3383 defectu
542 3349 741 3385 sacramenti,
756 3354 789 3380 et
803 3358 872 3380 non
885 3349 1080 3389 inquantum
1096 3353 1144 3379 est
1158 3353 1402 3379 sacramentum.

481 3587 591 3610 Summa
611 3586 712 3610 Timor.
729 3586 758 3610 l).
778 3586 893 3610 ΤΗοκΑκ
912 3587 945 3612 Τ.
960 3587 1002 3612 lX.

1418 3313 1445 3334 7⁰

2440 168 2511 204 129

1573 276 1827 320 QUAESTIO
1852 277 2388 322 SEXAGESIMAQUARTA

1447 336 1492 361 DE
1507 335 1655 360 ANNEXIS
1668 335 1898 360 MATRlMONIO.
1919 336 1964 359 ET
1979 336 2097 367 PRIMO,
2113 337 2155 361 DE
2172 337 2284 361 ῡΕΒιτι
2303 337 2514 362 REanloNE

1517 421 1743 442 ossnounumn
1766 410 2034 441 considerandum
2059 417 2105 440 est
2129 411 2168 441 de
2197 413 2326 441 annexis
2352 413 2515 442 matrimo-

1453 423 1571 487 Cnio
1595 458 1622 487 ²¹.
1657 456 1698 486 Et
1725 456 1848 495 primo,
1874 455 1913 485 de
1944 455 2041 485 debiti
2071 455 2268 491 redditione;
2293 456 2452 492 secundo,
2477 456 2516 486 de

1450 501 1629 542 pluralitate
1660 509 1798 530 uxorum
1815 501 1849 536 ἡ
1880 500 1991 535 tertio,
2023 499 2062 529 de
2086 500 2222 538 bigamia
2238 500 2290 535 Μ;
2323 506 2453 540 quarto,
2478 500 2517 530 de

1450 545 1559 576 libello
1583 544 1708 585 repudii
1724 545 1760 580 ⁴';
1785 545 1911 584 quinto,
1936 543 1976 574 de
1999 543 2071 573 filiis
2095 543 2258 583 illegitime
2281 545 2362 574 natis
2377 546 2420 573 s*-

1452 589 1546 620 Circa
1568 590 1709 629 primum
1733 595 1931 628 quaeruntur
1953 594 2087 628 septem.

1506 634 1633 663 Primo:
1658 638 1766 663 utrum
1790 633 1867 663 alter
1891 633 2069 672 coniugum
2097 637 2242 662 teneatur
2266 632 2353 662 alteri
2376 632 2518 663 debitum

1541 677 1683 708 reddere.

1508 721 1678 752 Secundo:
1695 727 1804 752 utrum
1817 721 1930 751 debeat
1946 720 2119 760 aliquando
2134 720 2265 751 reddere
2282 730 2349 750 non
2364 721 2519 760 poscenti.

1508 766 1640 796 Tertio:
1664 771 1774 796 utrum
1797 766 1844 796 vir
1868 771 1899 796 et
1921 775 2003 795 uxor
2026 765 2059 795 in
2083 765 2146 795 hoc
2170 766 2231 795 sint
2255 765 2413 805 aequales.

1508 810 1632 848 Quarto
1645 820 1652 840 ε
1669 815 1778 840 utrum
1790 820 1875 841 unus
1891 811 1958 840 sine
1975 819 2135 840 consensu
2151 810 2277 840 alterius
2294 810 2394 850 possit
2408 815 2522 840 votum

1560 855 1705 885 emittere
1728 864 1785 895 per
1809 854 1899 895 quod
1922 854 2057 884 redditio
2082 854 2179 884 debiti
2203 854 2404 894 impediatur.

1509 899 1652 937 Quinto:
1679 905 1787 930 utrum
1810 905 1938 939 tempus
1962 898 2116 939 impediat
2139 899 2235 929 debiti
2259 899 2459 938 petitionem.

1509 943 1624 974 Sexto:
1650 950 1759 974 utrum
1782 949 1895 984 petens
1918 950 2065 984 tempore
2089 953 2178 974 sacro
2202 949 2314 983 peccet
2337 943 2521 973 mortaliter.

1508 988 1673 1028 Septimo:
1698 994 1807 1019 utrum
1830 987 1963 1019 reddere
1986 993 2131 1018 teneatur
2153 994 2300 1028 tempore
2324 987 2448 1018 festivo.

1534 1063 1634 1094 ART.
1660 1063 1682 1094 1.
1707 1073 1812 1093 urium
1835 1073 1935 1093 ALTER
1958 1073 2120 1093 comuoum
2143 1073 2305 1092 TENEATUR
2327 1072 2439 1092 ALTEm

1557 1118 1599 1138 AD
1618 1117 1832 1138 Rannrrlomm
1851 1118 1954 1138 neum
1974 1118 2012 1137 nx
2031 1117 2234 1138 Nsscassrrarr.
2252 1117 2420 1137 PRARCEPTI

1675 1158 1744 1185 Infra,
1759 1162 1802 1180 art.
1816 1165 1839 1184 4,
1855 1158 1883 1179 nd
1897 1165 1926 1184 43
1940 1158 1950 1178 Ι
1964 1157 1998 1179 ad
2013 1157 2077 1184 Cor„
2097 1163 2147 1185 cap.
2163 1163 2202 1184 vn,
2218 1157 2268 1178 lect.
2285 1163 2299 1179 ι.

1454 1221 1539 1283 An
1559 1221 1677 1240 munim
1693 1221 1738 1241 sm
1754 1220 1958 1240 PRocsmTUR.
1983 1209 2117 1240 Videtur
2138 1210 2227 1250 quod
2247 1210 2324 1240 alter
2346 1211 2523 1250 coniugum

1518 1265 1587 1285 non
1607 1260 1753 1285 teneatur
1773 1255 1862 1285 alteri
1877 1254 1917 1285 ad
1933 1254 2144 1284 reddiu'onem
2166 1254 2263 1285 debiti
2280 1263 2317 1284 ex
2336 1256 2522 1285 necessitate

1452 1300 1625 1340 praecepti.
1638 1299 1754 1330 Nullus
1771 1300 1857 1329 enim
1874 1299 2061 1339 prohibetur
2077 1309 2095 1329 a
2110 1300 2295 1339 sumptione
2307 1299 2523 1330 Eucharistiae

1453 1350 1585 1384 propter
1608 1344 1671 1374 hoc
1695 1343 1785 1384 quod
1808 1349 2017 1384 praeceptum
2040 1343 2162 1383 implet.
2187 1343 2250 1374 Sed
2269 1343 2324 1373 ille
2345 1344 2402 1384 qui
2425 1345 2524 1374 uxori

1454 1388 1593 1419 debitum
1618 1388 1731 1424 reddit,
1757 1398 1822 1419 non
1840 1393 1950 1428 potest
1972 1397 2087 1418 carnes
2110 1388 2198 1429 Agni
2221 1387 2324 1424 edere,
2348 1394 2384 1418 ut
2407 1389 2523 1419 Hiero-

1454 1443 1572 1474 nymus
1600 1434 1633 1463 in
1663 1433 1766 1463 littera
1788 1433 1805 1449 ⁴*
1828 1432 1914 1463 dicit.
1947 1432 2032 1472 Ergo
2063 1432 2194 1463 reddere
2219 1432 2362 1462 debitum
2385 1443 2453 1463 non
2477 1438 2524 1463 est
2552 1442 2561 1451 ·

1455 1477 1494 1508 de
1517 1478 1706 1508 necessitate
1729 1478 1900 1517 praecepti.

1513 1531 1542 1552 2.
1566 1522 1763 1558 PRAETEREA‚
1777 1521 1911 1561 quilibet
1926 1526 2032 1561 potest
2048 1521 2133 1551 licite
2149 1521 2305 1552 abstinere
2322 1522 2360 1551 ab
2376 1522 2424 1551 his
2441 1531 2523 1562 quae

1455 1571 1530 1596 sunt
1553 1566 1612 1596 sibi
1635 1566 1751 1596 nociva
1774 1566 1807 1596 in
1831 1575 1978 1606 persona.
2003 1565 2066 1596 Sed
2090 1564 2262 1605 aliquando
2286 1565 2417 1596 reddere
2437 1565 2523 1596 debi-

1455 1615 1526 1640 tum
1541 1611 1687 1650 poscenti
1713 1615 1793 1640 esset
1816 1619 1972 1649 personae
1996 1610 2161 1645 nocivum,
2178 1610 2227 1639 vel
2247 1611 2369 1640 ratione
2393 1610 2525 1640 infirmi—

1455 1655 1537 1690 tatis,
1554 1655 1605 1684 vel
1621 1655 1744 1684 ratione
1767 1654 1937 1684 solutionis
1960 1655 2024 1683 iam
2047 1653 2158 1684 factae.
2184 1654 2269 1694 Ergo
2289 1654 2413 1684 videtur
2437 1654 2526 1694 quod

1456 1698 1542 1729 licite
1565 1699 1666 1738 possit
1689 1698 1833 1728 debitum
1856 1699 2003 1738 poscenti
2025 1699 2143 1737 negari.

1511 1742 1542 1773 3.
1558 1743 1755 1778 Pmrznza,
1769 1743 1968 1782 quicumque
1987 1741 2062 1772 facit
2077 1752 2110 1772 se
2126 1742 2338 1782 impotentem
2354 1742 2394 1772 ad
2409 1742 2527 1773 facien-

1457 1786 1537 1817 dum
1559 1787 1593 1818 id
1616 1787 1656 1817 ad
1685 1786 1775 1827 quod
1803 1796 1840 1817 ex
1868 1791 2041 1826 praecepto
2069 1791 2211 1822 tenetur,
2236 1792 2356 1826 peccat.
2390 1787 2424 1817 Si
2451 1797 2527 1827 ergo

1458 1831 1572 1871 aliquis
1589 1841 1627 1862 ex
1642 1832 1830 1862 necessitate
1849 1831 2011 1871 praecepti
2029 1836 2155 1860 tenetur
2171 1830 2210 1860 ad
2226 1830 2425 1861 reddendum
2441 1831 2528 1861 debi-

1457 1882 1545 1913 tum,
1569 1876 1695 1907 videtur
1719 1875 1808 1916 quod
1831 1880 1944 1915 peccet
1967 1875 2010 1911 si,
2035 1874 2209 1905 ieiunando
2233 1875 2284 1905 vel
2307 1875 2383 1905 alias
2411 1886 2528 1916 corpus

1457 1930 1554 1951 suum
1583 1920 1799 1957 attenuando,
1823 1921 2037 1960 impotentem
2061 1929 2094 1949 se
2117 1919 2228 1950 reddat
2251 1919 2290 1950 ad
2315 1919 2412 1950 debiti
2442 1921 2528 1951 solu-

1457 1966 1591 1997 tionem.
1617 1964 1716 2003 Quod
1738 1974 1807 1995 non
1829 1964 1955 1995 videtur
1978 1973 2101 1994 verum.

1513 2020 1544 2050 4.
1569 2010 1766 2046 Pluinnam,
1782 2009 2035 2045 matrimonium,
2053 2008 2232 2039 secundum
2251 2009 2485 2049 Philosophum
2501 2011 2528 2046 *,

1458 2055 1623 2086 ordinatur
1639 2054 1679 2085 ad
1694 2054 1952 2094 procreationem
1968 2053 2067 2094 prolis
2080 2058 2111 2083 et
2123 2053 2358 2090 educationem,
2372 2059 2402 2084 et
2414 2054 2529 2084 iterum

1458 2100 1497 2131 ad
1514 2099 1845 2131 communicationem
1861 2099 1954 2128 vitae.
1979 2097 2042 2128 Sed
2058 2097 2146 2138 lepra
2162 2103 2209 2128 est
2225 2104 2335 2128 contra
2355 2104 2529 2138 utrumque

1457 2144 1653 2176 matrimonii
1676 2142 1795 2173 finem:
1820 2143 1906 2183 quia,
1924 2152 1999 2173 cum
2015 2143 2055 2172 sit
2070 2143 2203 2173 morbus
2225 2143 2441 2182 contagiosus,
2458 2153 2528 2173 mu-

1457 2190 1515 2220 lier
1530 2189 1659 2229 leproso
1675 2197 1743 2218 non
1760 2193 1886 2218 tenetur
1909 2187 2091 2217 cohabitare
2107 2188 2140 2223 *;
2166 2187 2309 2217 similiter
2333 2188 2428 2217 etiam
2443 2197 2530 2218 mor-

1458 2235 1518 2265 bus
1541 2234 1594 2264 ille
1618 2232 1802 2272 frequenter
1825 2232 2047 2262 transmittitur
2070 2231 2109 2262 ad
2132 2231 2268 2272 prolem.
2296 2232 2382 2272 Ergo
2406 2232 2530 2262 videtur

1459 2277 1548 2320 quod
1572 2278 1641 2308 viro
1666 2277 1794 2317 leproso
1818 2286 1901 2307 uxor
1924 2276 2068 2307 debiturn
2091 2275 2224 2306 reddere
2247 2286 2315 2306 non
2338 2282 2473 2307 tenetur.

1514 2323 1577 2354 San
1602 2331 1736 2357 CONTRA,
1753 2322 1835 2352 sicut
1854 2330 1963 2351 servus
1981 2326 2027 2351 est
2041 2321 2075 2351 in
2090 2326 2247 2361 potestate
2272 2320 2396 2351 domini
2411 2321 2470 2357 sui,
2488 2322 2529 2351 ita

1459 2373 1491 2399 et
1506 2377 1590 2398 unus
1607 2367 1786 2406 coniugum
1801 2366 1834 2396 in
1850 2371 2009 2406 potestate
2025 2365 2163 2401 alterius,
2176 2370 2212 2395 ut
2227 2370 2315 2406 patet
2330 2365 2342 2395 I
2358 2366 2434 2396 Cor.
2446 2376 2490 2396 vn
2501 2367 2527 2396 ἦ

1459 2412 1522 2444 Sed
1551 2420 1659 2442 servus
1689 2416 1815 2441 tenetur
1839 2420 1877 2440 ex
1900 2410 2087 2440 necessitate
2118 2410 2281 2450 praecepti
2311 2409 2445 2440 domino
2469 2420 2528 2440 suo

1459 2457 1604 2488 debitum
1632 2455 1790 2486 servitutis
1814 2454 1961 2491 reddere,
1986 2460 2022 2485 ut
2044 2459 2131 2494 patet
2153 2454 2246 2485 Rom.
2263 2464 2319 2484 xm
2334 2455 2365 2485 *z
2396 2454 2529 2485 Reddite

1459 2501 1607 2532 omnibus
1629 2500 1744 2536 debita,
1769 2499 1823 2530 cui
1846 2499 2000 2530 tributum
2024 2499 2187 2534 tributum,
2213 2505 2272 2529 etc.
2297 2499 2383 2539 Ergo
2400 2505 2431 2529 et
2446 2509 2529 2529 unus

1459 2547 1637 2586 coniugum
1662 2554 1700 2575 ex
1723 2544 1910 2575 necessitate
1940 2544 2103 2584 praecepti
2125 2549 2251 2574 tenetur
2275 2543 2363 2574 alteri
2387 2543 2529 2574 debitum

1458 2590 1615 2626 reddere„

1516 2645 1546 2665 2.
1570 2635 1768 2669 Prummu,
1785 2634 2029 2663 matrimonium
2053 2638 2100 2663 est
2123 2633 2306 2663 ordinatum
2331 2631 2370 2662 ad
2392 2632 2528 2663 fornica-

1458 2681 1582 2710 tionem
1605 2678 1778 2714 vitandam,
1795 2683 1832 2708 ut
1847 2683 1934 2718 patet
1950 2678 1962 2707 1
1981 2678 2058 2708 Cor.
2074 2687 2118 2707 vn
2134 2678 2160 2708 ἦ
2181 2677 2244 2708 Sed
2259 2677 2322 2707 hoc
2338 2687 2405 2707 non
2421 2682 2529 2717 posset

1458 2734 1516 2765 per
1539 2723 1782 2754 matrimonium
1805 2721 1874 2752 fieri
1897 2723 1923 2752 si
1946 2732 2031 2752 unus
2055 2722 2143 2752 alteri
2166 2731 2234 2752 non
2258 2727 2418 2752 teneretur
2441 2721 2528 2751 debi-

1459 2775 1530 2800 tum
1553 2767 1685 2799 reddere
1704 2767 1835 2807 quando
1860 2767 2123 2807 concupiscentia
2145 2766 2321 2797 infestatur.
2346 2766 2430 2806 Ergo
2458 2765 2527 2795 red-

1459 2813 1534 2844 dere
1558 2812 1702 2843 debitum
1726 2817 1773 2842 est
1796 2811 1836 2842 de
1859 2812 2046 2842 necessitate
2069 2812 2242 2851 praecepti.

1514 2858 1705 2888 Rnspommo
1737 2866 1897 2886 memnon
1927 2855 2016 2896 quod
2045 2856 2287 2886 matrimonium
2313 2854 2528 2895 principaliter

1459 2907 1507 2933 est
1529 2902 1711 2932 institutum
1730 2901 1764 2931 in
1781 2899 1924 2931 officium
1947 2906 2089 2931 naturae.
2114 2900 2155 2930 Et
2178 2899 2251 2930 ideo
2275 2900 2308 2929 in
2332 2904 2404 2929 actu
2427 2899 2526 2938 ipsius

1459 2946 1631 2977 servandus
1656 2951 1703 2976 est
1725 2950 1857 2976 naturae
1883 2950 2003 2975 motus.
2034 2943 2220 2975 Secundum
2251 2953 2348 2984 quem
2379 2943 2527 2973 nutritiva

1458 3001 1527 3022 non
1542 2991 1700 3021 ministrat
1721 2990 1921 3030 generativae
1937 2990 1998 3019 nisi
2013 2988 2092 3019 illud
2109 2988 2198 3029 quod
2214 2987 2380 3028 superfluit
2395 2987 2434 3017 ad
2450 2997 2526 3017 con-

1459 3036 1673 3066 servationem
1694 3033 1870 3064 individui:
1895 3034 1971 3074 quia
1986 3034 2038 3064 hic
2055 3039 2102 3064 est
2117 3033 2198 3064 ordo
2214 3032 2373 3067 naturalis,
2390 3037 2425 3061 ut
2440 3032 2526 3071 prius

1459 3079 1580 3120 aliquid
1602 3080 1635 3109 in
1660 3079 1766 3119 seipso
1790 3077 1982 3118 perficiatur,
2000 3084 2031 3108 et
2049 3077 2259 3118 postmodum
2283 3077 2369 3106 alteri
2394 3076 2432 3105 de
2456 3085 2526 3115 per-

1458 3124 1600 3156 sectione
1615 3133 1673 3154 sua
1689 3123 1918 3154 communicet.
1942 3123 2016 3153 Hoc
2040 3123 2135 3152 etiam
2161 3121 2240 3151 ordo
2265 3121 2397 3151 caritatis
2420 3120 2524 3154 habet,

1460 3179 1543 3210 quae
1566 3175 1713 3199 naturam
1736 3167 1870 3208 perficit.
1902 3167 1944 3198 Et
1965 3167 2057 3203 ideo,
2082 3176 2157 3197 cum
2182 3175 2262 3196 uxor
2284 3166 2317 3195 in
2340 3165 2407 3194 viro
2434 3170 2526 3203 pote-

1458 3219 1573 3244 statem
1596 3223 1665 3243 non
1687 3213 1802 3242 habeat
1824 3213 1885 3242 nisi
1909 3217 2067 3252 quantum
2084 3211 2122 3241 ad
2138 3210 2351 3251 generativam
2366 3209 2524 3243 virtutem,

1459 3268 1528 3289 non
1551 3263 1660 3288 autem
1683 3262 1840 3297 quantum
1864 3256 1904 3286 ad
1926 3266 1964 3287 ea
1988 3265 2070 3296 quae
2094 3261 2167 3285 sunt
2190 3254 2230 3284 ad
2250 3253 2525 3284 conservationem

1459 3301 1615 3333 individui
1639 3301 1799 3337 ordinata,
1823 3301 1872 3330 vir
1893 3306 2020 3331 tenetur
2047 3300 2139 3330 uxori
2168 3298 2310 3329 debitum
2339 3296 2469 3327 reddere
2492 3297 2524 3326 in

1458 3348 1507 3377 his
1523 3355 1607 3387 quae
1622 3345 1663 3376 ad
1677 3345 1918 3386 generationem
1933 3345 2032 3385 prolis
2048 3349 2200 3384 spectant,
2218 3342 2301 3372 salva
2316 3347 2423 3371 tamen
2438 3341 2525 3381 prius

1458 3400 1614 3432 personae
1637 3390 1868 3420 incolumitate.

1511 3436 1564 3465 An
1583 3444 1701 3465 PRIMUM
1724 3444 1807 3465 aneo
1831 3443 1991 3464 mmmmm
2007 3432 2096 3473 quod
2111 3431 2224 3471 aliquis
2238 3430 2377 3470 implens
2393 3429 2523 3469 aliquod

1458 3485 1669 3521 praeceptum
1693 3484 1800 3519 potest
1823 3478 1910 3508 reddi
1935 3477 2080 3507 inhabilis
2104 3475 2143 3506 ad
2167 3474 2298 3514 aliquod
2314 3483 2439 3504 sacrum
2455 3472 2524 3503 offi-

1416 3534 1441 3555 75
1459 3526 1546 3555 cium
1570 3523 1816 3564 exequendum:
1841 3523 1923 3552 sicut
1937 3521 2033 3552 iudex
2057 3521 2113 3561 qui
2135 3520 2303 3550 hominem
2326 3518 2365 3548 ad
2387 3523 2522 3548 mortem

2332 3579 2380 3612 ²7*

2544 463 2554 473 '
2570 462 2605 484 Cf.
2629 469 2665 491 qu.
2690 469 2757 490 xuu,

2544 489 2630 510 Introd.

2545 517 2554 526 '¹
2571 516 2617 569 (Qu
2634 522 2686 537 va.

2546 543 2566 552 ””
2608 549 2628 563 ιι
2644 549 2705 564 ικνι.

2545 570 2555 579 ·
2571 569 2617 595 Qu.
2633 575 2703 590 vau.

2547 596 2566 605 ''
2583 599 2630 621 Qu,
2645 602 2724 618 vant.

2585 1440 2651 1472 Dm..
2665 1446 2730 1462 xxxn
2737 1457 2743 1468 ,

2551 1467 2744 1515 53:321}ssssng

2543 1521 2643 1548 fratres
2680 1526 2742 1542 caus.

2553 1537 2741 1574 xxx11s‚qu.·v;

2552 1574 2627 1595 Serm.
2647 1573 2676 1594 de
2696 1573 2745 1595 Esu

2551 1600 2623 1627 Agni,
2640 1606 2690 1627 cap.
2706 1606 2745 1621 vm

2553 1627 2620 1650 (inter
2630 1626 2676 1654 Op.
2689 1626 2745 1648 Hie-

2552 1653 2621 1681 rom).

2556 2013 2566 2022 ·
2576 1996 2650 2033 Ettztc'.
2660 2011 2767 2038 1ib.V111‚

2557 2045 2704 2087 §at-phatligcp:
2714 2045 2768 2086 21⁸1.-

2557 2197 2567 2225 Ι·
2578 2194 2612 2216 Cf.
2622 2194 2693 2222 gloss.
2703 2194 2768 2224 Bel-n.

2557 2227 2580 2242 ¹¹²
2590 2221 2768 2275 wazszs

2554 2248 2620 2302 3550..

2557 2369 2566 2379 ·
2581 2367 2648 2389 Vers.
2662 2375 2684 2394 4.

2557 2459 2567 2468 ·
2582 2456 2646 2478 Vers.
2663 2462 2685 2483 7.

2558 2683 2567 2693 ·
2581 2681 2647 2703 Vers.
2662 2687 2681 2702 2.
