2878 4088
981 154 1246 202 QUAESTIO
1275 154 1415 201 LXVI,
1436 154 1730 193 ARTICULUS
1759 156 1816 202 ΙΙΙ,
1838 157 1887 192 IV

398 239 429 262 2.
453 229 650 267 PaaarmA,
675 231 788 271 aliquis
812 230 967 263 accedens
990 231 1030 263 ad
1052 232 1139 264 illam
1163 242 1238 264 cum
1254 242 1319 273 qua
1334 242 1412 264 con-

341 275 437 308 trahit
459 273 499 304 de
522 273 608 306 facto
625 280 656 306 et
671 284 739 306 non
763 274 803 306 de
826 275 906 311 iure,
923 276 1095 308 committit
1117 276 1364 308 fornicationem
1386 277 1412 307 si

1467 322 1519 353 vir
1541 327 1588 352 est
1609 326 1707 362 caput
1729 321 1884 358 mulieris,
1900 322 1983 352 sicut
2008 323 2153 354 Christus
2175 325 2349 356 Ecclesiae.

341 328 410 351 non
439 319 554 350 habeat
584 319 679 350 aliam
708 329 843 351 uxorem
873 319 1066 359 legitimam,
1089 321 1140 351 vel
1167 320 1359 352 adulterium
1386 321 1412 351 si

341 363 456 395 habeat
479 362 583 394 aliam.
612 362 675 394 Sed
698 363 841 395 dividere
864 373 995 395 carnem
1017 373 1110 395 suam
1134 365 1167 395 in
1185 365 1300 405 plures
1316 366 1332 382 ⁴*
1355 374 1413 405 per
1522 366 1564 396 Et
1579 365 1653 396 ideo
1671 365 1722 396 alii
1734 366 1751 382 ⁴*
1763 364 1874 396 dicunt
1891 365 1980 405 quod
1991 375 2048 406 per
2064 377 2220 407 sponsum
2236 369 2430 409 significatur
2442 368 2534 399 Chri·
2561 372 2570 381 ·
2586 370 2664 393 61085-
2679 371 2718 393 ubi
2734 378 2772 393 ⁸¹¹·

342 406 590 438 fornicationem
605 407 657 438 vel
673 407 865 439 adulterium
887 417 956 439 non
979 414 1088 440 causat
1107 409 1369 450 irregularitatem
1384 410 1411 439 ’ἢ
1434 419 1443 440 5
1467 415 1551 447 stus,
1574 419 1632 450 per
1655 419 1807 450 sponsam
1837 410 1980 440 Ecclesia
2007 411 2223 451 triumphans,
2247 414 2280 442 in
2312 423 2375 453 qua
2400 423 2463 443 non
2489 418 2535 444 est
2561 403 2613 444 [³3⁸³
2637 404 2656 419 ⁸'
2686 398 2771 420 Bonav.

341 451 428 492 Ergo
452 461 513 481 nec
537 451 640 482 dictus
664 452 821 492 bigamiae
843 452 972 483 modus.
1469 455 1581 495 aliqua
1597 454 1726 485 macula
1742 455 1768 484 ’ἢ
1795 453 1940 485 Christus
1956 459 2064 484 autern
2080 456 2184 494 primo
2205 457 2315 486 habuit
2330 467 2534 498 synagogam,
2561 456 2614 498 3¹23
2622 454 2771 499 {tsssqufgss‘

398 495 429 526 3.
452 495 650 532 Puerum,
667 497 824 536 contingit
848 496 938 536 quod
961 496 1085 537 aliquis,
1102 503 1275 537 antequam
1291 506 1413 537 cogno·
1467 499 1559 539 quasi
1583 499 1809 529 concubinam.
1843 498 1885 529 Et
1908 498 1953 528 sic
1975 507 2043 528 non
2072 499 2193 529 tollitur
2222 500 2341 540 aliquid
2371 501 2410 532 de
2432 502 2535 541 perfe-
2563 503 2609 529 cit-2
2625 483 2684 525 veprs-
2700 493 2734 531 3¹7«
2765 494 2770 499 ”

341 545 408 572 scat
431 540 597 572 carnaliter
619 540 707 572 illam
730 550 807 572 curn
830 549 895 581 qua
918 540 957 572 de
980 541 1049 572 iure
1072 542 1239 578 contraxit,
1262 551 1337 572 cum
1354 541 1413 571 alia
1468 543 1576 574 ctione
1606 542 1847 583 significationis
1878 543 2066 572 sacramenti
2089 544 2114 572 si
2138 552 2274 583 sponsus
2304 546 2391 584 prius
2415 545 2534 576 habuit.

342 585 508 616 contrahat
531 584 571 616 de
594 584 680 616 facto
702 594 771 616 non
794 583 835 616 de
857 585 936 621 iure,
953 590 985 615 et
1008 594 1080 616 eam
1103 585 1267 616 carnaliter
1291 594 1413 625 cogno·
1524 586 1587 618 Sed
1601 587 1665 617 hoc
1681 592 1728 617 est
1739 586 1831 617 valde
1843 586 2026 617 absurdum.
2045 586 2140 624 Quia,
2157 588 2238 617 sicut
2250 593 2296 618 est
2308 598 2372 618 una
2387 588 2465 619 fides
2481 599 2534 619 an-

342 634 417 665 scat,
434 629 500 659 sive
522 630 626 669 prima
648 634 777 660 mortua
799 629 865 659 sive
888 629 1025 659 vivente.
1050 629 1137 659 Talis
1161 630 1317 660 contraxit
1337 639 1413 660 curn
1429 638 1454 653 ιο
1468 631 1634 670 tiquorum
1650 635 1681 661 et
1695 630 1927 661 modernorum
1943 631 1970 666 ³,
1990 631 2032 660 ita
2048 640 2112 661 una
2128 631 2280 662 Ecclesia.
2309 632 2402 663 Unde
2417 633 2461 662 illi
2481 635 2535 673 qui
2563 633 2691 661 ‘Aue-Ep·
2703 640 2772 660 ctvn,

1467 680 1614 715 tempore
1630 684 1811 716 synagogae
1837 674 1908 706 Deo
1932 674 2119 711 serviebant,
2137 675 2175 705 ad
2199 676 2354 706 unitatem
2377 676 2536 708 Ecclesiae
2563 659 2774 713 iil-{Z‘rfffssffd

1467 719 1501 749 in
1525 727 1589 758 qua
1612 718 1683 749 Deo
1707 719 1862 749 servimus
1884 719 2095 758 pertinebant.
2112 737 2133 741 —
2157 719 2198 749 Et
2221 726 2382 759 praeterea
2404 720 2467 750 hoc
2490 728 2535 751 est

2460 157 2530 205 137

1467 239 1499 265 et
1523 233 1670 265 Christus
1692 233 1893 264 Ecclesiam:
1916 244 1954 264 ex
1977 244 2044 275 quo
2069 244 2198 276 apparet
2222 237 2310 277 quod
2334 246 2414 268 uxor
2437 237 2533 276 signi-

1467 277 1542 310 ficat
1565 277 1753 313 Ecclesiam,
1771 283 1802 308 et
1825 287 1962 317 sponsus
1987 278 2159 310 Christum.
2193 281 2233 311 Et
2255 282 2371 312 iterum
2386 282 2419 311 *z
2447 280 2533 317 Quia
2561 283 2648 310 ‘Ibid.,
2665 290 2723 306 vers.
2739 291 2771 314 ²3·

101 369 111 379 ·
125 366 162 389 ef.
177 372 228 394 cap.
243 365 314 387 Debi-

101 395 148 415 tum
163 392 313 425 pastoralis,

48 451 49 454 ,
100 419 251 468 ectasi?
261 422 314 473 ..εἰς

101 472 164 501 ριία
178 473 250 494 eirca.

2615 423 2688 451 Senl„
2717 425 2771 447 dist.

340 673 487 714 pluribus
509 674 560 704 vel
584 673 624 704 de
647 673 717 704 iure
739 673 790 704 vel
813 672 854 704 de
877 672 974 709 facto,
990 677 1022 703 et
1044 678 1153 704 tamen
1175 682 1244 704 non
1268 678 1316 703 est
1338 673 1413 703 irre-

100 718 112 730 ·
124 718 162 741 Cf·
175 724 223 746 arg.
238 724 259 740 ²-
340 717 468 758 gularis,
486 718 562 758 quia
578 727 710 749 carnem
724 726 818 749 suam
834 726 900 747 non
916 716 1026 748 divisit
1040 717 1072 747 in
1082 717 1199 758 plures
1214 718 1240 747 *ἢ
1269 717 1355 757 Ergo
1375 727 1414 748 ex

98 851 110 863 ·
124 850 160 874 Cf.
175 854 218 875 nrt.
233 856 311 880 praee.

98 1473 175 1502 ’,Απ-
191 1480 212 1496 ι.

341 761 505 803 praedicto
527 761 629 793 modo
653 761 810 802 bigamiae
832 770 901 791 non
924 761 1122 792 contrahitur
1148 761 1368 801 irregularitas.

395 807 586 838 Rnsronnao
614 815 775 836 mcnnmm
801 804 891 845 quod
913 805 948 835 in
970 804 1119 836 secundis
1149 804 1278 836 duobus
1307 804 1413 836 modis

341 851 498 891 bigamiae
510 851 527 867 ⁴*
542 850 740 881 contrahitur
758 849 979 889 irregularitas,
996 849 1082 889 quia,
1095 849 1242 889 quamvis
1257 849 1291 880 in
1314 849 1412 880 altero

340 904 408 925 non
424 895 464 925 sit
479 899 726 929 sacramentum,
743 898 790 924 est
805 898 914 923 tamen
937 892 1097 933 quaedam
1120 893 1308 924 sacramenti
1326 894 1413 924 simi-

339 938 454 969 litudo.
478 938 573 969 Unde
595 938 647 968 isti
670 938 736 968 duo
760 937 851 968 modi
873 942 948 968 sunt
971 937 1159 974 secundarii,
1177 943 1208 968 et
1223 938 1346 978 primus
1367 943 1413 968 est

339 982 523 1023 principalis
545 983 580 1013 in
602 982 830 1023 irregularitate
853 981 1022 1013 causanda.

394 1027 446 1057 An
469 1036 587 1057 ramim
614 1036 698 1057 aizoo
726 1036 887 1056 mmmmm
911 1026 1016 1066 quod,
1042 1026 1188 1066 quamvis
1211 1027 1255 1057 ibi
1282 1036 1351 1057 non
1374 1027 1413 1057 sit

339 1076 586 1107 sacramentum,
610 1075 658 1102 est
679 1076 788 1101 tamen
811 1071 856 1101 ibi
880 1070 986 1111 aliqua
1013 1070 1188 1101 similitudo
1213 1071 1411 1102 sacramenti.

338 1114 432 1154 Quae
454 1125 524 1146 non
547 1120 595 1147 est
614 1116 648 1147 in
669 1114 882 1147 fornicatione
897 1115 949 1146 vel
965 1114 1144 1147 adulterino
1168 1115 1355 1147 concubitu.
1372 1115 1413 1147 Et

338 1158 413 1191 ideo
435 1169 504 1190 non
527 1165 574 1190 est
597 1159 710 1190 simile.

394 1204 437 1236 Et
458 1213 517 1245 per
538 1204 603 1235 hoc
624 1209 713 1245 patet
735 1204 856 1235 solutio
880 1203 920 1234 ad
943 1202 1134 1235 secundum.

393 1249 446 1280 An
469 1257 606 1280 ‘ruamur
627 1258 789 1279 mentimur
811 1247 901 1288 quod
924 1249 958 1278 in
980 1248 1035 1278 tali
1059 1258 1134 1279 casu
1157 1258 1225 1279 non
1247 1253 1413 1288 reputatur

337 1292 496 1334 bigamus,
513 1294 590 1333 quia
604 1293 747 1333 primum
768 1293 1012 1324 matrimonium
1027 1302 1096 1324 non
1111 1293 1223 1324 habuit
1237 1291 1413 1333 perfectam
1426 1304 1450 1324 ²5

339 1337 608 1378 significationem
639 1347 741 1368 suam.
774 1336 900 1367 Tamen
927 1337 954 1367 si
980 1347 1038 1378 per
1063 1336 1220 1368 iudicium
1250 1336 1413 1368 Ecclesiae

340 1382 553 1423 compellatur
575 1381 616 1412 ad
637 1382 775 1422 primam
797 1381 899 1412 redire
922 1386 954 1412 et
977 1391 1048 1413 eam
1072 1391 1279 1422 cognoscere,
1306 1381 1412 1411 statim

340 1426 476 1459 efficitur
490 1426 683 1466 irregularis:
697 1426 773 1466 quia
787 1426 1050 1466 irregularitatem
1061 1436 1130 1458 non
1141 1425 1216 1457 facit
1230 1431 1411 1466 peccatum,

339 1470 396 1503 sed
417 1470 619 1511 imperfectio
643 1469 884 1511 significationis
900 1471 927 1500 *.

462 1541 563 1572 ART.
587 1540 640 1571 111.
664 1550 770 1571 urium
793 1550 1023 1572 com-mnam
1045 1550 1289 1571 1mouramras

419 1595 459 1616 nx
481 1595 547 1618 noc
571 1594 659 1616 onon
676 1594 807 1625 Ἀιιοσῐε
831 1594 925 1615 nucu·
948 1594 1075 1615 uxomm
1097 1594 1162 1615 non
1183 1594 1335 1616 vinemari

403 1657 424 1678 n
448 1656 583 1677 rna-mm
611 1656 657 1677 s1c
684 1656 889 1677 rnocnnrrtm.
922 1646 1056 1677 Videtur
1081 1647 1170 1687 quod
1193 1656 1261 1677 non
1286 1652 1411 1677 contra-

339 1659 497 1722 Ahatur
523 1691 734 1731 irregularitas
758 1700 796 1721 ex
819 1690 883 1721 hoc
906 1690 997 1731 quod
1020 1691 1134 1731 aliquis
1164 1690 1252 1722 ducit
1275 1700 1411 1722 uxorem

1469 772 1616 802 expresse
1633 768 1744 793 contra
1767 762 1848 793 illud
1871 762 1961 802 quod
1984 763 2118 794 habetur
2134 763 2244 794 Ierem.
2258 774 2292 794 111
2308 770 2338 794 et
2354 764 2471 794 Ezech.
2487 775 2538 794 xw

1467 812 1500 838 et
1516 806 1601 837 Osee
1616 817 1648 843 n,
1665 807 1722 837 ubi
1745 816 1891 847 expresse
1913 806 1949 837 fit
1966 808 2089 838 mentio
2113 807 2153 838 de
2176 808 2423 848 desponsatione
2445 818 2537 849 syna-

1467 860 1580 891 gogae.
1605 850 1699 883 Unde
1722 860 1790 882 non
1814 851 1874 882 fuit
1897 851 1979 882 sicut
2003 852 2201 888 concubina,
2226 852 2282 883 sed
2305 853 2386 883 sicut
2409 862 2499 883 uxor.
2515 872 2536 875 —

1467 895 1509 926 Et
1530 900 1693 935 praeterea
1716 895 1895 926 secundum
1918 896 1982 926 hoc
2006 896 2174 927 fornicatio
2198 902 2280 927 esset
2302 903 2536 928 sacramentum

1467 939 1552 970 illius
1569 940 1822 971 coniunctionis:
1848 939 1938 980 quod
1954 946 2001 970 est
2016 940 2199 972 absurdum.
2224 941 2265 971 Et
2279 941 2353 972 ideo
2369 942 2536 981 gentilitas,

1467 984 1656 1024 priusquam
1680 984 1926 1024 desponsaretur
1950 994 1967 1014 a
1991 984 2119 1016 Christo
2135 985 2169 1015 in
2192 984 2255 1016 fide
2278 985 2450 1022 Ecclesiae,
2467 996 2536 1017 cor—

1467 1034 1560 1068 rupta
1584 1028 1644 1059 fuit
1667 1039 1685 1059 a
1708 1028 1837 1059 diabolo
1861 1038 1918 1069 per
1941 1028 2163 1059 idololatriam.

1523 1072 1564 1103 Et
1587 1072 1661 1103 ideo
1685 1073 1774 1103 aliter
1797 1072 1979 1109 dicendum,
2006 1073 2095 1113 quod
2119 1073 2261 1104 defectus
2283 1075 2317 1104 in
2340 1075 2411 1114 ipso
2435 1084 2535 1105 sacra-

1466 1122 1578 1148 mento
1596 1122 1704 1148 causat
1719 1117 1979 1157 irregularitatem
1996 1119 2022 1148 *.
2051 1117 2226 1158 Corruptio
2243 1123 2350 1149 autem
2367 1119 2468 1149 carnis
2484 1128 2535 1149 ex-

1468 1166 1514 1192 tra
1528 1162 1772 1192 matrimonium
1789 1162 1978 1201 contingens
1995 1171 2077 1202 quae
2093 1163 2263 1202 praecessit
2282 1163 2535 1199 matrimonium,

1466 1206 1595 1237 nullum
1618 1205 1780 1237 defectum
1796 1205 1871 1237 facit
1886 1207 1920 1236 in
1935 1212 2134 1237 sacramento
2158 1216 2196 1238 ex
2214 1212 2303 1247 parte
2318 1207 2403 1237 illius
2418 1207 2452 1237 in
2468 1217 2535 1250 quo

1467 1255 1514 1280 est
1537 1251 1719 1290 corruptio,
1743 1250 1799 1281 sed
1822 1250 1896 1281 facit
1927 1250 2088 1281 defectum
2113 1260 2151 1281 ex
2173 1256 2262 1291 parte
2290 1251 2435 1288 alterius;
2461 1252 2536 1291 quia

1467 1299 1557 1325 actus
1580 1294 1796 1325 contrahentis
1810 1295 2053 1326 matrimonium
2068 1304 2136 1326 non
2160 1294 2243 1326 cadit
2266 1304 2361 1335 supra
2384 1296 2534 1335 seipsum,

1466 1337 1523 1369 sed
1553 1347 1649 1378 supra
1679 1339 1831 1375 alterum3
1855 1344 1887 1369 et
1909 1338 1983 1369 ideo
2008 1348 2046 1369 ex
2073 1340 2211 1370 termino
2239 1338 2456 1379 specificatur,
2480 1341 2536 1379 qui

1468 1383 1563 1412 etiam
1587 1388 1634 1413 est
1657 1388 1804 1423 respectu
1827 1383 1912 1413 illius
1944 1389 2032 1414 actus
2056 1384 2147 1423 quasi
2176 1384 2307 1414 materia
2336 1384 2534 1414 sacramenti.

1467 1426 1571 1463 Unde,
1588 1428 1614 1458 si
1637 1427 1754 1459 mulier
1776 1432 1858 1458 esset
1881 1426 2001 1458 ordinis
2023 1428 2213 1467 susceptiva,
2229 1428 2311 1458 sicut
2332 1428 2379 1458 vir
2402 1427 2536 1458 efficitur

1465 1471 1643 1510 irregularis
1667 1481 1705 1502 ex
1728 1472 1791 1502 hoc
1815 1471 1904 1511 quod
1928 1470 2016 1502 ducit
2038 1472 2072 1502 in
2095 1481 2229 1503 uxorem
2254 1477 2448 1512 corruptam,
2467 1481 2535 1503 non

1466 1520 1575 1546 autem
1598 1525 1637 1547 ex
1660 1516 1724 1546 hoc
1748 1515 1838 1555 quod
1857 1521 2026 1556 corruptus
2050 1516 2224 1552 contrahit;
2248 1516 2290 1546 ita
2309 1515 2399 1547 fieret
2421 1516 2536 1547 mulier

1465 1559 1645 1599 irregularis
1661 1561 1687 1591 si
1703 1560 1903 1591 contraheret
1919 1570 1995 1591 cum
2019 1566 2181 1600 corrupto,
2198 1569 2266 1591 non
2285 1566 2392 1591 autem
2416 1561 2442 1591 si
2458 1570 2535 1591 con-

1465 1604 1603 1634 traheret
1627 1609 1794 1644 corrupta;
1818 1605 1879 1634 nisi
1902 1605 1935 1634 in
1959 1605 2022 1634 alio
2046 1605 2252 1635 matrimonio
2276 1605 2363 1644 prius
2388 1610 2537 1645 corrupta

1464 1647 1584 1678 fuisset.

1522 1691 1564 1722 Et
1586 1701 1643 1732 per
1665 1693 1729 1723 hoc
1751 1697 1839 1732 patet
1862 1692 1981 1722 solutio
2006 1691 2045 1722 ad
2068 1693 2220 1732 primum.

2562 1122 2573 1134 ‘
2588 1122 2624 1144 cf.
2640 1126 2682 1144 m.
2700 1130 2715 1144 ι.

1521 1736 1572 1767 An
1597 1746 1760 1767 secuuntur
1775 1746 1936 1768 DxcENDtm
1952 1736 2042 1776 quod
2065 1737 2099 1767 in
2121 1736 2175 1767 tali
2199 1746 2274 1768 casu
2298 1742 2372 1768 sunt
2395 1736 2535 1767 diversae

1465 1780 1638 1821 opiniones
1654 1781 1680 1811 ἦ
1705 1780 1831 1812 Tamen
1853 1780 2051 1820 probabilius
2068 1786 2114 1811 est
2130 1780 2220 1820 quod
2240 1790 2308 1812 non
2324 1781 2363 1812 sit
2386 1781 2536 1821 irregula-
2562 1782 2640 1830 Sufnfm
2653 1782 2773 1830 'iibffliff'

1464 1825 1522 1857 ris:
1548 1825 1623 1864 quia
1647 1834 1779 1856 carnem
1801 1834 1894 1856 suam
1918 1834 1984 1856 non
2008 1825 2116 1856 divisit
2139 1825 2172 1855 in
2190 1825 2306 1865 plures
2321 1826 2348 1855 *.
2562 1835 2597 1857 tit.
2613 1824 2648 1862 ιιιζ
2661 1835 2690 1856 de
2699 1825 2773 1863 siga:

1520 1869 1572 1899 An
1588 1879 1724 1900 rurum
1742 1879 1903 1901 memnon
1926 1868 2016 1909 quod
2038 1869 2248 1909 irregularitas
2271 1878 2339 1900 non
2362 1874 2409 1899 est
2431 1878 2537 1909 poena
2563 1890 2573 1899 .
2589 1878 2774 1915 c'f.cap.1>ebt—

2563 1862 2607 1883 mis
2629 1863 2638 1888 5
2652 1867 2671 1883 2.

1465 1912 1597 1949 inflicta,
1614 1913 1670 1944 sed
1686 1913 1829 1944 defectus
1845 1913 1976 1954 quidam
1992 1914 2189 1945 sacramenti.
2210 1914 2251 1945 Et
2266 1913 2340 1944 ideo
2355 1923 2424 1944 non
2440 1923 2536 1953 opor·
2563 1914 2773 1969 Zmngffigalcitsc,

337 1745 407 1767 non
421 1736 588 1776 virginem.
612 1734 699 1774 Quia
713 1735 786 1775 plus
801 1734 976 1775 impeditur
991 1735 1106 1775 aliquis
1126 1734 1255 1766 defectu
1277 1736 1410 1776 proprio
1426 1749 1448 1770 ³5

338 1789 438 1821 quam
460 1779 576 1812 alieno.
601 1778 665 1812 Sed
687 1779 714 1810 si
736 1780 806 1820 ipse
830 1779 1021 1811 contrahens
1036 1789 1105 1811 non
1120 1780 1160 1811 sit
1174 1780 1275 1820 virgo,
1291 1789 1360 1812 non
1375 1779 1412 1812 fit

233 1828 311 1885 ff
337 1823 517 1865 irregularis
532 1825 560 1854 *.
585 1823 672 1864 Ergo
688 1823 793 1855 multo
813 1824 921 1855 minus
936 1824 963 1855 si
978 1833 1060 1855 uxor
1076 1825 1144 1856 eius
1167 1825 1256 1864 virgo
1277 1834 1346 1856 non
1361 1825 1410 1855 sit.

154 1872 204 1906 ὅ...
280 1861 311 1878 ‘⁸'
395 1878 425 1900 2.
441 1868 639 1905 Plutum,
651 1873 759 1908 potest
770 1877 839 1901 esse
851 1867 942 1909 quod
957 1868 1071 1908 aliquis
1087 1867 1254 1900 defloravit
1270 1869 1411 1909 aliquam

338 1918 371 1945 et
392 1917 505 1954 postea
532 1912 629 1945 ducat
657 1921 728 1944 eam
755 1914 790 1944 in
815 1922 961 1944 uxorem.
993 1913 1081 1944 Talis
1102 1922 1171 1945 non
1194 1913 1320 1945 videtur
1342 1912 1410 1945 fieri

98 1966 110 1977 ·
121 1963 160 1988 ot.
173 1952 244 1993 ibid„
258 1970 309 1993 up.
337 1957 533 1998 irregularis:
559 1957 634 1998 quia
652 1967 717 1987 non
734 1957 845 1989 divisit
859 1967 991 1989 carnem
1013 1957 1046 1988 in
1064 1958 1180 1998 plures
1194 1958 1222 1994 *‚
1238 1967 1299 1988 nec
1315 1958 1411 1989 etiam
1424 1969 1452 1990 ⁴0
1465 1963 1511 1988 tet
1528 1957 1618 1997 quod
1634 1967 1761 1998 semper
1776 1958 1816 1988 sit
1830 1958 2010 1989 voluntaria
2025 1959 2163 1999 bigamia
2179 1958 2218 1988 ad
2233 1958 2296 1988 hoc
2313 1957 2403 1997 quod
2417 1958 2536 1998 irregu—

95 1990 205 2040 ξφ
222 1993 310 2020 ’⁰¹⁰'
336 2011 420 2036 uxor
441 2002 521 2035 eius.
552 2001 616 2034 Sed
638 2006 748 2034 tamen
770 2001 860 2033 ducit
883 2006 1067 2042 corruptam
1090 2003 1125 2032 iu
1147 2011 1293 2033 uxorem.
1323 2002 1409 2042 Ergo
1464 2001 1618 2035 latitatem
1644 2008 1761 2034 causet.
1786 2002 1828 2034 Et
1850 2002 1924 2034 ideo
1940 2002 1994 2034 ille
2010 2003 2066 2042 qui
2089 2012 2224 2033 uxorem
2241 2002 2329 2033 ducit
2352 2007 2535 2042 corruptam

99 2073 101 2075 .
336 2046 408 2080 talis
429 2045 548 2079 modus
570 2046 728 2086 bigamiae
750 2055 820 2078 non
843 2051 952 2078 causat
973 2046 1271 2086 irregularitatem..
1466 2055 1564 2086 quam
1587 2046 1744 2086 virginem
1767 2045 1876 2083 credit,
1892 2046 2070 2087 irregularis
2094 2052 2141 2077 est
2165 2056 2235 2077 eam
2259 2055 2460 2086 cognoscens
2475 2047 2501 2076 ἦ
2564 2048 2572 2057 ·
2587 2046 2623 2068 Cf·
2638 2046 2695 2069 ibid·

391 2091 422 2122 3.
445 2090 650 2126 Pium-ma,
674 2089 782 2121 nullus
804 2095 913 2130 potest
936 2091 1125 2122 contrahere
1148 2090 1410 2130 irregularitatem
1519 2090 1570 2122 An
1601 2100 1750 2121 auu-run
1776 2100 1937 2122 orcsnntm
1961 2090 2060 2131 quod,
2077 2089 2104 2121 si
2125 2091 2241 2122 mulier
2264 2090 2439 2121 fornicetur
2461 2095 2535 2130 post

335 2135 398 2168 nisi
411 2135 622 2167 voluntarius.
646 2133 711 2166 Sed
725 2134 841 2174 aliquis
857 2134 1054 2175 quandoque
1078 2134 1167 2166 ducit
1190 2144 1326 2166 uxorem
1341 2144 1410 2165 non
1464 2135 1708 2165 matrimonium
1732 2140 1943 2171 contractum,
1960 2145 2028 2166 non
2048 2134 2182 2167 efficitur
2205 2144 2243 2165 ex
2259 2134 2323 2166 hoc
2346 2135 2392 2165 vir
2414 2135 2534 2174 irregu-

335 2179 494 2219 virginem
522 2179 776 2211 involuntarius:
807 2183 844 2210 ut
866 2178 998 2219 quando
1029 2178 1130 2211 credit
1159 2188 1230 2210 eam
1253 2179 1410 2219 virginem
1423 2193 1447 2214 ις
1463 2178 1545 2215 laris,
1559 2180 1620 2210 nisi
1631 2184 1706 2219 post
1721 2180 1963 2219 corruptionem
1978 2179 2188 2211 adulterinam
2201 2189 2271 2211 earn
2287 2179 2399 2210 iterato
2412 2187 2534 2218 cogno-

337 2233 406 2255 esse
429 2229 461 2256 et
482 2228 596 2263 postea
622 2223 746 2255 invenit
772 2232 845 2255 eam
872 2228 1057 2263 corruptam
1088 2223 1186 2255 fuisse
1209 2232 1410 2263 cognoscens
1463 2228 1530 2255 scat
1546 2224 1579 2253 *z
1605 2223 1681 2263 quia
1704 2223 1779 2254 alias
1803 2224 1966 2264 corruptio
1990 2224 2098 2254 uxoris
2128 2223 2220 2254 nullo
2242 2223 2344 2254 modo
2368 2222 2452 2254 cadit
2475 2223 2533 2254 sub
2561 2228 2571 2237 ·
2590 2226 2647 2248 Can-
2671 2226 2699 2247 Si
2721 2227 2773 2253 quis

337 2277 419 2301 eam.
450 2267 537 2308 Ergo
560 2266 630 2298 talis
653 2266 772 2299 modus
793 2276 862 2299 nou
884 2277 1011 2311 semper
1034 2266 1110 2298 facit
1135 2268 1407 2308 irregularitatem,
1463 2272 1538 2298 actu
1561 2267 1787 2299 matrimoniali
1810 2268 1879 2299 viri.
1908 2267 1971 2299 Sed
1994 2269 2020 2299 si
2044 2268 2139 2299 etiam
2162 2277 2220 2308 per
2242 2269 2292 2298 ius
2323 2267 2534 2307 compellatur
2560 2256 2772 2305 35073525-5133225

391 2321 424 2351 4.
448 2312 645 2348 Puni-ma,
661 2312 827 2352 corruptio
847 2320 986 2352 sequens
1004 2312 1247 2344 matrimonium
1263 2317 1310 2343 est
1325 2313 1409 2343 vitu-
1463 2312 1493 2343 ei
1516 2311 1647 2343 reddere
1666 2311 1810 2343 debitum
1833 2312 1884 2343 vel
1908 2322 1946 2342 ex
1962 2313 2158 2343 conscientia
2180 2313 2320 2352 propria,
2336 2312 2389 2342 illa
2404 2316 2532 2351 petente
2560 2305 2666 2327 XXXW·

336 2351 520 2397 pembssior‘
535 2365 634 2396 quam
661 2355 866 2396 praecedens.
900 2355 964 2389 Sed
986 2356 1013 2386 si
1035 2366 1134 2393 uxor,
1158 2361 1332 2396 postquam
1363 2361 1410 2386 est
1463 2355 1618 2392 debitum,
1636 2362 1709 2386 ante
1733 2356 2037 2387 condemnationem
2061 2356 2216 2392 adulterii,
2235 2356 2412 2396 irregularis
2436 2354 2533 2386 effici-

337 2405 599 2434 consummatum
627 2400 887 2437 matrimonium,
915 2401 956 2433 ab
986 2400 1050 2433 alio
1081 2406 1313 2441 cognoscatur,
1340 2409 1409 2434 non
1423 2413 1449 2434 50
1462 2405 1514 2432 tur
1526 2401 1553 2430 *.
1573 2400 1729 2438 Quamvis
1745 2400 1785 2432 de
1800 2401 1864 2431 hoc
1880 2401 1943 2432 sint
1954 2402 2141 2441 opiniones:
2159 2400 2214 2431 sed
2226 2401 2289 2431 hoc
2306 2399 2395 2440 quod
2411 2399 2532 2430 dictum
2559 2404 2570 2450 l·
2590 2403 2638 2434 Εἰ,
2649 2409 2678 2434 ⁸·.
2691 2402 2771 2430 Raym-

336 2444 472 2478 efficitur
493 2445 540 2475 vir
562 2444 759 2486 irregularis:
783 2444 860 2476 alias
878 2446 1047 2485 puniretur
1061 2454 1122 2485 pro
1137 2450 1272 2486 peccato
1288 2445 1407 2476 uxoris.
1463 2449 1520 2481 est,
1537 2450 1584 2476 est
1607 2445 1821 2485 probabilius;
1841 2445 1917 2485 quia
1932 2446 1984 2476 hic
2006 2455 2075 2476 non
2096 2445 2257 2485 quaeritur
2273 2444 2351 2485 quid
2367 2445 2406 2474 sit
2420 2453 2532 2484 pecca·
2561 2433 2650 2478 &2⁰¹¹
2672 2435 2696 2451 ¹¹¹
2710 2435 2771 2457 ’ἐφ’

335 2489 377 2524 Et
399 2494 507 2530 potest
529 2489 626 2520 etiam
649 2498 728 2525 esse,
749 2494 924 2529 postquam
946 2490 1012 2521 hoc
1034 2489 1122 2526 sciat,
1139 2488 1230 2530 quod
1252 2488 1363 2520 reddat
1378 2489 1408 2521 ei
1462 2494 1543 2525 tum,
1561 2489 1616 2520 sed
1639 2488 1830 2529 significatio
1853 2494 1989 2521 tantum.

335 2533 480 2567 debitum
507 2533 672 2574 poscenti,
695 2538 868 2575 antequam
898 2533 939 2565 de
969 2533 1125 2566 adulterio
1153 2539 1299 2565 accusata
1329 2542 1408 2564 con-

336 2578 506 2612 demnetur
547 2577 634 2618 Ergo
658 2577 784 2610 videtur
810 2577 902 2618 quod
929 2578 983 2611 ine
1009 2578 1127 2611 modus
1154 2578 1312 2618 bigamiae
1339 2587 1408 2609 non
1541 2559 1642 2591 ART.
1660 2560 1713 2590 IV.
1738 2570 1844 2590 urium
1867 2570 1998 2591 emaum
2021 2570 2078 2590 pun
2102 2569 2275 2590 BAPTISMUM
2297 2568 2457 2589 soLvAi-tm

336 2627 445 2654 causet
466 2601 738 2662 irregularitatem.
1423 2634 1446 2655 ς,
1699 2614 1709 2636 1
1724 2614 1758 2637 ad
1773 2614 1842 2642 Tim„
1859 2614 1961 2643 capon,
1976 2614 2030 2636 lect.
2045 2620 2065 2640 ις
2080 2613 2119 2636 Ad
2136 2613 2190 2642 m,
2206 2614 2258 2635 ieet.
2274 2619 2298 2636 n.

94 2676 207 2706 ‘m
220 2677 263 2700 ω.
277 2676 308 2704 ιι,
391 2666 454 2700 Sui>
477 2675 602 2698 conum
632 2675 687 2699 esr
710 2665 801 2706 quod
833 2665 1008 2706 Gregorius
1038 2666 1115 2699 dicit
1130 2667 1163 2697 ἐ
1186 2666 1409 2707 Praecipimus
1527 2676 1548 2698 n
1573 2675 1721 2698 nummu
1744 2675 1790 2697 src
1813 2675 2019 2696 Pnocnnrrtm.
2047 2664 2182 2696 Videtur
2205 2664 2295 2704 quod
2318 2664 2454 2704 bigamia
2476 2673 2534 2704 per

93 2702 310 2754 Ξξῖᾖ-,ξᾮαᾏ
336 2720 377 2743 ue
393 2719 535 2751 unquam
551 2710 682 2742 illicitas
704 2710 928 2742 ordinationes
937 2711 1074 2752 facias:
1096 2720 1137 2743 ne
1158 2711 1335 2752 bigamum,
1351 2715 1410 2742 aut
1462 2677 1723 2751 Abapu'smum
1752 2710 1902 2741 solvatur.
1938 2709 2024 2740 Dicit
2056 2710 2143 2740 enim
2175 2709 2408 2749 Hieronymus,
2437 2717 2533 2748 super

94 2757 203 2807 Ἠ
252 2756 308 2781 <¹5⁸³-
335 2754 391 2796 qui
412 2754 574 2796 virginem
589 2763 655 2785 non
680 2759 727 2788 est
747 2755 882 2787 sortitus
905 2755 938 2787 in
956 2764 1103 2791 uxorem,
1119 2760 1179 2787 aut
1198 2755 1407 2797 ignorantem
1462 2755 1643 2796 Epistolam
1665 2754 1709 2785 ad
1736 2754 1841 2785 Titum
1857 2755 1884 2791 ὓ,
1901 2753 2002 2794 quod,
2018 2754 2045 2784 si
2060 2754 2133 2794 quis
2155 2758 2228 2783 ante
2243 2753 2438 2792 baptismum
2460 2752 2532 2791 plu·
2559 2753 2770 2802 ἂᾱνασεὸιδς

196 2799 204 2806 “
335 2800 471 2835 litteras,
487 2803 546 2829 aut
559 2798 701 2839 qualibet
716 2803 815 2839 parte
837 2799 986 2839 corporis
1000 2799 1158 2836 vitiatum,
1174 2800 1226 2831 vel
1237 2799 1409 2840 poeniten·
1461 2809 1512 2833 res
1534 2808 1651 2832 uxores
1674 2799 1795 2835 habuit,
1818 2798 1870 2830 vel
1892 2808 1992 2830 unam
2014 2803 2088 2830 ante
2111 2803 2144 2827 et
2167 2797 2259 2828 aliam
2282 2802 2370 2837 post,
2394 2805 2462 2827 non
2486 2801 2532 2827 est
2558 2797 2595 2828 tei
2622 2786 2691 2833 ⁰⁹:¹22,
2706 2786 2769 2833 3312,

335 2845 401 2877 tiae
416 2843 467 2875 rel
488 2843 602 2875 cur-iae
617 2847 676 2874 aut
689 2843 819 2876 utilibet
832 2843 1014 2876 conditioni
1034 2844 1221 2880 obnoxium.
1236 2844 1282 2876 ad
1295 2852 1409 2876 sacros
1421 2848 1449 2870 6ο
1462 2844 1619 2884 bigamus.
1643 2843 1730 2883 Ergo
1752 2843 1891 2883 bigamia
1912 2852 1970 2883 per
1993 2842 2188 2883 baptismum
2211 2841 2353 2872 solvitur.
2558 2832 2770 2882 ἑξΰῐξῆὅξὰᾖῗιξ

336 2888 468 2920 ordines
483 2887 656 2928 permittas
678 2887 840 2920 accedere.
1519 2897 1548 2919 2.
1565 2888 1763 2924 Putrem,
1777 2888 1834 2927 qui
1849 2887 1924 2918 facit
1939 2886 2030 2927 quod
2044 2887 2148 2918 maius
2163 2891 2220 2922 est,
2234 2885 2308 2916 facit
2323 2883 2413 2925 quod
2424 2884 2531 2916 minus
2558 2885 2695 2934 ina‘sseff'a'
2718 2891 2768 2913 eap-

389 2932 581 2965 Rnsponnao
611 2941 772 2965 urentium
802 2931 893 2972 quod
915 2932 949 2963 in
973 2932 1203 2964 coniunctione
1235 2931 1355 2966 Christi
1377 2937 1409 2966 et
1462 2937 1519 2966 est.
1544 2931 1608 2963 Sed
1630 2931 1806 2972 baptismus
1822 2931 1906 2962 tollit
1928 2940 2027 2962 omne
2042 2936 2222 2971 peccatum,
2239 2929 2329 2970 quod
2345 2934 2391 2960 est
2405 2929 2531 2968 gravius
2586 2929 2593 2939 ’
2661 2929 2667 2934 ’
2696 2928 2702 2934 ’

336 2976 499 3011 Ecclesiae
522 2977 627 3008 unitas
649 2986 689 3008 ex
712 2981 848 3016 utraque
870 2981 960 3016 parte
982 2976 1152 3009 invenitur.
1174 2976 1218 3009 Et
1239 2975 1325 3012 ideo,
1341 2976 1408 3009 sive
1462 2985 1561 3016 quam
1583 2976 1803 3016 irregularitas.
1827 2975 1914 3015 Ergo
1937 2975 2020 3006 tollit
2038 2975 2195 3015 bigamiae
2217 2973 2486 3014 irregularitatem.

336 3020 450 3052 divisio
475 3021 576 3051 carnis
598 3021 779 3051 inveniatur
794 3030 832 3051 ex
855 3025 945 3060 parte
959 3020 1019 3051 viri
1036 3020 1103 3051 sive
1125 3029 1165 3053 ex
1179 3025 1270 3060 parte
1287 3021 1407 3056 uxoris,
1519 3020 1549 3052 3.
1573 3020 1770 3056 Panum,
1786 3020 1963 3060 baptismus
1986 3019 2070 3050 tollit
2092 3028 2225 3050 omnem
2241 3027 2381 3058 poenam
2397 3026 2435 3048 ex
2458 3022 2531 3048 actu
2583 3063 2614 3085 Cf
2643 3063 2660 3084 p
2724 3063 2755 3084 m

2558 3064 2569 3074 '
2614 3079 2619 3084 .
2661 3067 2702 3084 art.
2763 3079 2768 3089 ‚

336 3070 384 3100 ent
405 3064 550 3098 defectus
571 3065 770 3097 sacramenti.
793 3063 859 3098 Sed
881 3069 990 3097 tamen
1012 3063 1241 3097 diversimode:
1270 3064 1347 3104 quia
1370 3074 1408 3095 ex
1421 3067 1445 3095 65
1461 3065 1707 3105 provenientem
1722 3065 1749 3095 ⁹.
1774 3063 1838 3095 Sed
1859 3064 2070 3104 irregularitas
2092 3064 2249 3103 bigamiae
2266 3067 2312 3093 est
2334 3060 2530 3092 huiusmodi.

336 3114 427 3150 parte
447 3110 507 3142 viri
529 3109 701 3150 requiritur
723 3108 814 3150 quod
835 3108 931 3142 aliam
959 3118 1028 3141 non
1052 3107 1176 3141 duxerit
1197 3109 1232 3141 in
1254 3117 1407 3144 uxorem.
1461 3108 1559 3150 Ergo,
1576 3114 1636 3140 etc.
2500 3111 2515 3155 *¹

335 3162 405 3187 non
426 3153 519 3193 quod
538 3154 580 3185 sit
601 3154 709 3194 virgo:
732 3153 790 3187 sed
812 3162 851 3185 ex
874 3158 963 3193 parte
986 3153 1094 3186 uxoris
1124 3153 1296 3195 requiritur
1318 3152 1409 3193 quod
1517 3162 1549 3192 4.
1573 3152 1771 3189 Pmrmr.
1787 3152 1934 3192 bigamus
1949 3158 1997 3183 est
2017 3152 2197 3192 irregularis
2212 3152 2404 3191 inquantum
2424 3148 2531 3181 deficit

338 3197 435 3230 edam
457 3197 497 3230 sit
517 3197 618 3238 virgo.
1461 3207 1482 3228 a
1511 3197 1803 3237 repraesentatione
1835 3195 1953 3228 Christi
1971 3197 1999 3227 “.
2032 3196 2096 3227 Sed
2125 3205 2183 3236 per
2211 3195 2406 3235 baptismum
2435 3193 2530 3233 plene
2558 3194 2567 3204 ”
2581 3193 2632 3214 Art.
2650 3199 2667 3214 ¹·

370 3245 373 3248 '
392 3240 498 3273 Cuius
526 3242 608 3274 ectio
631 3251 650 3274 a
671 3241 856 3275 Decretistis
886 3241 1062 3281 assignatur
1076 3242 1110 3277 “,
1136 3241 1213 3281 quia
1235 3241 1408 3281 episcopus
1463 3240 1591 3275 Christo
1614 3239 1866 3273 conformamur.
1890 3240 1976 3280 Ergo
1999 3240 2133 3272 solvitur
2154 3240 2207 3270 illa
2229 3238 2447 3278 irregularitas.

302 3312 312 3319 .
338 3283 496 3325 oignifieat
516 3285 695 3319 Ecclesiam
716 3285 917 3322 militantem,
934 3286 1026 3318 cuius
1049 3294 1159 3318 cinam
1181 3285 1270 3325 gerit,
1285 3285 1320 3316 in
1342 3294 1409 3325 qua
1422 3293 1449 3316 7⁰
1520 3286 1549 3317 5.
1573 3285 1770 3321 Pam-unu,
1793 3290 1990 3316 sacramenta
2011 3294 2116 3316 novae
2139 3284 2217 3324 legis
2240 3287 2314 3314 sunt
2339 3282 2440 3321 magis
2463 3280 2529 3312 effi-

338 3334 414 3362 sunt
434 3328 557 3362 multae
575 3330 816 3370 corruptiones:
839 3329 897 3363 sed
919 3339 1038 3370 sponsa
1053 3328 1209 3370 significat
1231 3328 1407 3367 Christum.
1462 3329 1550 3363 cacia
1565 3338 1664 3370 quam
1680 3333 1877 3361 sacramenta
1891 3329 2005 3360 veteris
2021 3329 2109 3369 legis.
2129 3327 2192 3359 Sed
2207 3331 2402 3358 sacramenta
2416 3325 2529 3357 veteris
2596 3366 2600 3371 .
2704 3365 2708 3370 .

339 3373 397 3413 qui
419 3373 510 3413 virgo
532 3372 602 3406 fuit.
625 3373 668 3406 Et
688 3373 764 3406 ideo
787 3382 826 3407 ex
847 3379 938 3415 parte
959 3383 1098 3415 sponsae
1119 3374 1292 3414 requiritur
1314 3374 1408 3414 virgi-
1462 3373 1541 3414 legis
1557 3373 1724 3405 solvebant
1739 3372 1992 3413 irregularitates,
2004 3378 2041 3404 ut
2056 3373 2090 3404 in
2108 3372 2266 3412 principio
2279 3370 2366 3402 Libri
2378 3370 2394 3386 ⁴*
2407 3369 2528 3400 dictum
2555 3365 2765 3420 ssssPssXerissssd:

338 3418 430 3453 nitas,
453 3416 511 3450 sed
532 3426 601 3450 non
624 3426 663 3450 ex
685 3422 775 3458 parte
796 3419 918 3459 sponsi,
936 3418 979 3451 ad
999 3419 1064 3452 hoc
1087 3418 1179 3458 quod
1201 3418 1316 3458 aliquis
1339 3418 1407 3458 epi·
1461 3423 1510 3451 est
1531 3427 1550 3449 a
1573 3417 1735 3458 Magistro.
1759 3417 1846 3457 Ergo
1870 3422 1901 3448 et
1922 3417 2110 3458 baptismus,
2127 3417 2183 3456 qui
2207 3421 2253 3446 est
2275 3413 2528 3445 efficacissimum
2555 3422 2609 3441 tum.

338 3470 458 3502 scopus
480 3460 550 3494 fiai
571 3461 683 3501 possit.
697 3479 721 3486 ·-
742 3461 807 3496 Sed
835 3462 915 3496 haec
945 3463 1026 3495 ratio
1050 3468 1098 3495 est
1119 3472 1267 3503 expresse
1297 3468 1409 3495 contra
1462 3466 1697 3492 sacramentum
1719 3461 1753 3491 in
1776 3470 1861 3492 nova
1883 3461 1964 3501 lege,
1981 3461 2075 3491 solvit
2098 3460 2357 3500 irregularitatem
2381 3467 2419 3488 ex
2441 3457 2527 3497 biga-

338 3505 546 3546 Apostolmn,
561 3505 677 3546 Ephes.
693 3515 713 3535 v
729 3506 764 3536 *z
794 3506 871 3543 Vm,
887 3506 1014 3548 diligite
1029 3517 1151 3540 uxores
1174 3511 1306 3543 vestras,
1325 3506 1410 3539 sieut
1421 3514 1445 3536 ⁷⁵
1460 3506 1526 3540 mia
1549 3511 1755 3539 contractam·

480 3567 592 3592 smne
611 3566 714 3591 Turon-
734 3566 766 3591 D.
777 3566 894 3592 Tirone
911 3567 945 3593 Τ.
959 3567 1002 3592 lx.
2334 3562 2382 3587 18*

2558 3096 2597 3117 qu.
2613 3095 2676 3116 uix,
2692 3093 2733 3111 nrt.
2748 3095 2768 3111 2.

96 3510 108 3522 ·
121 3509 189 3532 Vm.
203 3515 237 3537 25.
