2878 4088
133 1047 146 1059 ¹·
159 1046 225 1068 Vero.
239 1051 261 1074 7.

133 1235 233 1258 ‘nor-al.
239 1234 345 1262 xxxul,

133 1267 184 1294 etp.
201 1268 249 1288 xn.
263 1263 291 1285 nl.
306 1267 346 1288 xr;

133 1295 157 1311 m
171 1292 218 1312 vet.
232 1294 284 1317 etp.
294 1294 332 1311 xv.

149 2115 335 2144 cto-,senne

238 2158 346 2193 ‚elisit

133 2204 207 2254 2⁹53·-
301 2206 346 2253 ’ξ’

136 2289 259 2313 'Vm-8

688 173 953 220 QUAESTIO
983 174 1076 218 VIII,
1097 170 1390 209 ARTICULUS
1420 170 1484 206 VII
1503 192 1527 196 —
1549 170 1814 216 QUAESTIO
1844 171 1906 216 IX,
1938 172 2229 208 ARTICL‘LL‘S
2258 173 2271 208 I

372 251 519 282 mentalis
548 252 765 292 poenitentiae
793 252 937 282 consistit
959 253 992 282 in
1016 250 1266 282 sanctificatione
1293 249 1437 280 ministri.

372 295 414 326 Et
436 295 511 326 ideo
534 296 587 326 ille
611 297 667 336 qui
694 297 776 326 laico
804 295 988 332 confitetur,
1013 296 1157 336 quamvis
1186 295 1318 335 impleat
1349 292 1439 334 quod

374 349 411 370 ex
435 345 523 380 parte
546 350 603 370 sua
627 346 674 371 est
689 340 728 371 de
744 341 962 371 sacramentali
986 340 1198 375 confessione,
1214 345 1323 370 tamen
1338 347 1439 369 sacra-

372 384 546 415 mentalem
570 385 807 415 absolutionem
829 394 896 415 non
921 385 1137 424 consequitur.
1162 384 1203 414 Et
1221 383 1295 414 ideo
1319 381 1437 422 aliquid

372 428 456 458 valet
480 429 509 459 ei
533 435 690 468 quantum
714 429 754 459 ad
777 426 1024 460 diminutionem
1051 438 1190 469 poenae,
1215 437 1298 468 quae
1325 426 1361 457 fit
1382 435 1439 466 per

374 471 585 503 confessionis
614 474 764 504 meritum
795 478 826 503 et
857 482 1014 513 poenam:
1049 473 1104 503 sed
1133 482 1201 503 non
1232 471 1440 511 consequitur

373 516 622 547 diminutionem
650 517 737 548 illam
764 527 889 558 poenae
917 526 999 557 quae
1028 523 1075 547 est
1102 526 1140 547 ex
1167 517 1199 546 vi
1227 517 1375 546 clavium.
1399 515 1440 544 Et

372 559 446 591 ideo
471 567 600 601 oportet
623 561 713 602 quod
735 562 851 592 iterum
874 561 1030 592 sacerdoti
1054 560 1253 591 confiteatur.
1277 560 1319 590 Et
1339 559 1439 599 magis

373 605 419 635 sic
442 605 608 636 confessus
631 605 789 636 decedens
814 606 947 646 punitur
969 610 1043 645 post
1065 606 1147 635 hanc
1170 605 1268 635 vitam
1292 613 1390 644 quam
1414 602 1438 632 si

373 649 530 680 sacerdoti
553 649 663 680 fuisset
686 649 861 680 confessus

395 715 495 746 ART.
519 715 587 746 VII.
611 725 716 746 urium
738 725 840 746 POENA
863 724 1064 750 rumonus,
1085 723 1171 744 cums
1198 723 1314 744 nizarus
1341 723 1416 743 pos-r

374 769 604 790 mamam-nm
619 770 733 795 uma-r,
750 769 891 790 uxum-ua
907 768 1070 789 snctmmm
1086 767 1306 788 numi-marim
1322 767 1439 787 curma

552 819 578 842 1⁸
591 818 645 845 11⁸²,
661 823 700 845 qn.
715 822 752 843 cv,
767 820 809 839 art.
823 823 845 844 2,
859 816 888 839 ad
903 822 931 844 9:
948 816 1032 844 Quodl-
1047 816 1066 842 1,
1080 822 1119 844 qu.
1134 821 1166 842 rx,
1182 819 1224 837 art.
1238 821 1259 837 a.

438 880 459 900 n
483 878 634 900 snarrmm
657 878 702 898 sic
724 877 929 898 rnocnmrua.
957 866 1092 897 Videtur
1115 866 1205 906 quod
1226 875 1333 906 poena
1358 871 1439 896 tem-

374 882 572 954 Aporalis‚
601 913 692 943 cuius
719 917 824 942 reatus
851 917 926 951 post
953 911 1186 951 poenitentiam
1217 915 1342 946 manet,
1371 919 1438 940 non

372 963 496 988 taxetur
519 956 698 987 secundum
721 956 931 996 quantitatem
958 955 1081 995 culpae.
1114 955 1254 985 Taxatur
1281 955 1368 985 enim
1391 964 1440 985 se—

374 1001 518 1032 cundum
545 1001 755 1041 quantitatem
781 999 1001 1030 delectationis
1029 1009 1112 1039 quae
1140 999 1201 1030 fuit
1228 1000 1261 1030 in
1284 1005 1438 1039 peccato:

373 1051 410 1076 ut
431 1050 518 1085 patet
540 1047 639 1086 Apoc.
663 1053 739 1075 xvm
753 1045 781 1080 ἡ
811 1044 976 1080 Quantum
998 1044 1200 1085 glorificavit
1220 1053 1254 1074 se
1277 1049 1308 1074 et
1330 1044 1362 1073 in
1386 1043 1439 1074 de-

373 1090 457 1121 liciis
477 1089 567 1131 fuit,
596 1094 720 1120 tantum
750 1088 824 1119 date
854 1089 903 1119 illi
933 1093 1127 1119 tormentum
1155 1094 1186 1119 et
1213 1089 1344 1118 luctum.
1377 1087 1439 1119 Sed

373 1134 571 1175 quandoque
593 1134 650 1165 ubi
673 1139 720 1164 est
742 1134 844 1163 maior
867 1133 1047 1169 delectatio,
1063 1133 1107 1163 ibi
1131 1138 1178 1163 est
1199 1133 1306 1163 minor
1330 1132 1438 1172 culpa:

373 1179 448 1219 quia
470 1184 602 1218 peccata
624 1178 770 1214 carnalia,
787 1187 870 1218 quae
886 1178 958 1218 plus
974 1178 1092 1208 habent
1107 1177 1326 1208 delectationis
1343 1186 1440 1217 quam

372 1223 555 1263 spiritualia,
571 1223 679 1253 minus
702 1222 821 1253 habent
836 1221 876 1252 de
891 1222 996 1262 culpa,
1013 1221 1192 1252 secundum
1208 1221 1400 1261 Gregorium
1412 1222 1439 1251 *.

373 1267 459 1308 Ergo
482 1277 590 1307 poena
607 1277 676 1298 non
690 1272 813 1297 taxatur
836 1266 1015 1297 secundum
1038 1266 1248 1306 quantitatem
1271 1266 1394 1306 culpae.

430 1321 460 1342 2.
484 1311 680 1347 manni,
705 1310 822 1341 eodem
844 1311 944 1341 modo
969 1311 1082 1351 aliquis
1106 1310 1264 1350 obligatur
1278 1319 1336 1350 per
1350 1319 1441 1350 prae-

335 1364 340 1365 ’
374 1357 466 1396 cepta
493 1356 626 1386 moralia
647 1356 682 1386 in
703 1365 789 1386 nova
815 1355 886 1395 lege
909 1361 940 1386 et
962 1355 1070 1386 veteri.
1105 1354 1168 1385 Sed
1190 1355 1224 1385 in
1245 1355 1344 1385 veteri
1370 1355 1440 1394 lege

374 1400 548 1431 debebatur
570 1409 630 1440 pro
653 1400 791 1440 peccatis
814 1409 921 1439 poena
944 1405 1066 1439 septem
1090 1398 1232 1429 dierum:
1262 1405 1299 1429 ut
1321 1399 1441 1429 scilicet

341 1466 348 1473 .
373 1450 498 1485 septem
530 1443 642 1475 diebus
673 1443 834 1474 immundi
868 1449 973 1474 essent
995 1445 1022 1474 ’ἢ
1058 1443 1144 1474 Cum
1176 1452 1252 1483 ergo
1285 1444 1319 1473 in
1351 1452 1440 1473 novo

340 1493 348 1532 ζ
374 1489 583 1520 Testamento
610 1489 796 1528 imponatur
818 1497 924 1528 poena
947 1488 1109 1527 septennis
1132 1497 1192 1527 pro
1215 1496 1283 1517 uno
1306 1487 1440 1527 peccato

341 1547 346 1552 ·
374 1533 501 1564 mortali
520 1533 554 1568 *,
577 1531 702 1563 videtur
732 1531 822 1572 quod
854 1532 1012 1572 quantitas
1042 1541 1167 1571 poenae
1197 1541 1264 1561 non
1294 1532 1442 1571 respiciat

374 1578 584 1618 quantitatem
607 1576 732 1616 culpae.

430 1621 459 1651 3.
483 1621 687 1655 Pinum-muza,
711 1620 814 1650 maius
842 1625 888 1650 est
916 1625 1086 1659 peccatum
1114 1618 1279 1649 homicidii
1301 1620 1334 1649 in
1357 1619 1440 1650 laico

373 1674 472 1705 quam
495 1664 714 1694 fornicationis
737 1664 770 1694 in
793 1663 974 1693 sacerdote:
1000 1663 1076 1703 quia
1099 1663 1334 1693 circumstantia
1358 1673 1440 1703 quae

372 1709 510 1740 sumitur
532 1717 571 1738 ex
593 1708 700 1748 specie
722 1708 856 1747 peccati,
873 1708 974 1747 magis
996 1713 1144 1747 aggravat
1167 1716 1265 1746 quam
1289 1716 1372 1747 quae
1388 1717 1441 1738 su-

371 1753 470 1784 mitur
497 1761 535 1783 ex
558 1751 744 1782 conditione
772 1761 938 1792 personae.
973 1751 1036 1782 Sed
1065 1751 1147 1782 laico
1175 1760 1235 1791 pro
1263 1751 1440 1782 homicidio

371 1797 550 1838 imponitur
564 1797 726 1836 septennis
735 1796 933 1836 poenitentia
944 1797 971 1831 *,
988 1795 1145 1826 sacerdoti
1157 1805 1216 1835 pro
1228 1795 1441 1826 fornicatione

371 1841 484 1873 decem
507 1849 667 1872 annorum
682 1842 713 1878 *‚
738 1840 917 1871 secundum
941 1840 1103 1871 Canones.
1134 1839 1220 1880 Ergo
1243 1849 1350 1880 poena
1372 1850 1439 1871 non

338 1899 347 1912 ι
372 1891 496 1917 taxatur
517 1884 698 1916 secundum
721 1885 932 1925 quantitatem
955 1885 1080 1925 culpae.

427 1939 459 1970 4.
483 1930 680 1965 Pium-nana,
703 1930 880 1960 maximum
903 1934 1073 1969 peccatum
1097 1934 1143 1959 est
1167 1928 1257 1969 quod
1278 1929 1313 1958 in
1334 1929 1440 1968 ipsum

372 1984 491 2015 corpus
506 1973 624 2005 Christi
647 1974 876 2004 committitur:
901 1974 977 2013 quia
995 1978 1084 2003 tanto
1100 1974 1226 2013 gravius
1242 1973 1314 2013 quis
1330 1979 1442 2013 peccat

373 2025 495 2060 quanto
523 2019 626 2049 maior
653 2023 701 2048 est
727 2018 761 2048 in
784 2027 884 2058 quem
912 2023 1072 2057 peccatur.
1105 2017 1169 2048 Sed
1195 2026 1255 2057 pro
1285 2017 1441 2048 effusione

372 2063 534 2104 sanguinis
559 2062 677 2094 Christi
698 2063 732 2092 in
747 2067 946 2092 sacramento
962 2061 1077 2092 Altaris
1101 2062 1244 2092 contenti
1266 2062 1442 2102 iniungitur

373 2107 572 2148 poenitentia
587 2106 795 2147 quadraginta
817 2105 952 2142 dierum,
969 2105 1019 2136 vel
1034 2115 1149 2146 parum
1172 2105 1309 2146 amplius
1323 2107 1357 2142 *3
1381 2115 1441 2146 pro

372 2152 584 2183 fornicatione
608 2157 717 2181 autem
740 2150 877 2190 simplici
899 2150 1076 2190 iniungitur
1098 2150 1296 2190 poenitentia
1315 2156 1441 2190 septen-

373 2198 422 2227 nis
437 2197 464 2232 *,
481 2195 660 2226 secundum
683 2194 844 2225 Canones.
869 2194 955 2234 Ergo
979 2195 1138 2234 quantitas
1160 2203 1286 2234 poenae
1309 2204 1377 2225 non
1393 2204 1442 2225 re-

374 2239 513 2281 spondet
536 2240 704 2279 quantitati
726 2239 849 2279 culpae.

395 2295 401 2300 ⁷
429 2284 491 2315 Sin>
516 2293 649 2319 conum,
674 2284 771 2313 Isaiae
794 2292 878 2313 xxvn
893 2283 926 2312 *x
951 2282 990 2312 In
1015 2292 1200 2313 mensuram
1223 2288 1338 2313 contra
1355 2293 1442 2314 men-

373 2338 495 2364 suram,
520 2337 592 2358 cum
615 2328 738 2358 abiecta
752 2328 871 2369 fuerit,
892 2326 1040 2357 iudicabo
1064 2337 1144 2357 eam.
1173 2327 1259 2367 Ergo
1284 2328 1442 2367 quantitas

374 2372 487 2404 iudicii
523 2373 677 2403 unitionis
692 2373 815 2412 peccati
831 2377 878 2402 est
894 2371 1072 2402 secundum
1092 2372 1301 2411 quantitatem
1318 2372 1441 2412 culpae.

432 2427 462 2447 2.
511 2426 682 2452 marzana,
701 2417 803 2446 homo
826 2415 987 2446 reducitur
1003 2415 1043 2446 ad
1058 2416 1283 2456 aequalitatem
1305 2416 1442 2447 iustitiae

375 2471 432 2502 per
454 2470 595 2501 poenam
618 2460 781 2491 inflictam.
806 2460 869 2491 Sed
891 2461 954 2490 hoc
978 2469 1046 2490 non
1062 2466 1143 2490 esset
1159 2461 1184 2490 si
1201 2461 1359 2501 quantitas
1375 2461 1442 2491 cul-

374 2515 435 2546 pae
459 2511 490 2536 et
513 2515 638 2545 poenae
661 2514 729 2535 non
752 2505 811 2535 sibi
833 2503 1073 2544 responderent.
1107 2505 1192 2544 Ergo
1221 2514 1324 2535 unum
1355 2505 1443 2536 alteri

375 2549 558 2590 respondet.

430 2594 620 2624 Rnspommo
643 2602 804 2623 nxcanmm
823 2592 913 2633 quod
929 2602 1036 2633 poena
1050 2598 1124 2632 post
1139 2592 1360 2624 dimissionem
1376 2594 1443 2624 cul-

375 2648 436 2678 pae
460 2638 595 2678 exigitur
617 2637 657 2667 ad
680 2637 766 2667 duo:
801 2637 920 2667 scilicet
943 2636 983 2667 ad
1006 2636 1150 2668 debitum
1179 2637 1388 2674 solvendum,
1413 2643 1444 2668 et

376 2682 416 2713 ad
445 2682 623 2712 remedium
655 2681 890 2721 praestandum.
923 2681 1033 2711 Potest
1062 2691 1138 2721 ergo
1170 2683 1287 2712 taxatio
1318 2692 1444 2722 poenae

376 2726 567 2757 considerari
592 2732 749 2766 quantum
765 2725 805 2755 ad
821 2725 897 2756 duo.
921 2726 1039 2760 Primo,
1060 2731 1217 2765 quantum
1233 2726 1273 2757 ad
1289 2726 1442 2757 debitum.

375 2771 417 2801 Et
444 2771 489 2801 sic
517 2771 676 2810 quantitas
707 2779 833 2810 poenae
865 2769 1040 2800 radicaliter
1071 2770 1244 2810 respondet
1276 2771 1445 2811 quantitati

376 2815 489 2855 culpae
506 2821 679 2855 antequam
695 2814 734 2844 de
751 2823 787 2844 ea
803 2813 924 2854 aliquid
939 2813 1123 2844 dimittatur.
1140 2814 1203 2845 Sed
1218 2820 1326 2845 tamen
1343 2825 1444 2855 quan-

2510 184 2553 219 19

1493 248 1684 279 solvendum
1712 249 1874 279 debitum:
1906 250 1980 288 quia
2003 250 2066 279 iam
2090 251 2221 280 ulterius
2244 261 2311 281 non
2335 257 2442 281 manet
2465 251 2555 281 locus

1492 292 1656 333 peccandi.
1691 293 1732 323 Et
1761 292 1835 323 ideo
1866 293 1918 323 illa
1950 303 2055 332 poena
2087 300 2208 324 taxatur
2240 295 2345 325 solum
2379 295 2555 325 secundum

1493 338 1703 377 quantitatem
1726 337 1865 377 peccati:
1891 337 2087 367 considerata
2110 344 2216 368 tamen
2241 340 2439 369 contritionis
2456 349 2556 379 quan-

1493 382 1591 417 titate,
1609 387 1639 411 et
1656 381 1858 411 confessione
1881 386 1912 411 et
1935 381 2156 417 absolutione;
2182 383 2256 422 quia
2279 393 2335 422 per
2351 384 2459 413 omnia
2478 384 2555 413 haec

1461 435 1471 454 ς
1493 425 1533 456 de
1560 435 1667 466 poena
1697 425 1818 465 aliquid
1847 424 2024 455 dimittitur.
2052 425 2146 455 Unde
2176 427 2270 456 etiam
2294 437 2311 456 a
2335 427 2496 457 sacerdote
2524 428 2555 457 in

1493 469 1692 510 iniungendo
1716 468 1963 499 satisfactionem
1987 474 2061 498 sunt
2084 469 2321 501 consideranda.

1548 514 1600 544 An
1622 523 1739 544 PRIMUM
1763 523 1845 543 ERGO
1869 522 2029 542 memnon
2053 513 2142 552 quod
2157 514 2190 542 in
2205 515 2308 544 verbis
2331 515 2390 544 illis
2407 515 2472 545 duo
2489 522 2556 545 tan-

1493 564 1612 598 guntur
1639 567 1677 588 ex
1705 563 1793 598 parte
1822 557 1952 597 culpae,
1982 556 2101 587 scilicet
2127 557 2333 596 glorificatio,
2358 564 2389 588 et
2417 559 2556 590 deliciae.

1493 601 1644 639 Quorum
1659 603 1800 642 primum
1823 601 1960 641 pertinet
1975 601 2015 631 ad
2031 601 2200 631 elationem
2221 603 2390 641 peccantis,
2409 612 2471 642 qua
2487 604 2556 633 Deo

1455 658 1480 672 xo
1493 647 1626 683 resistit;
1650 645 1829 676 secundum
1852 645 1892 676 ad
1908 645 2152 675 delectationem
2176 646 2308 685 peccati.
2333 646 2487 683 Quamvis
2503 657 2558 677 au-

1493 696 1559 721 tem
1575 691 1614 721 sit
1629 691 1735 721 minor
1750 689 1918 720 delectatio
1938 689 2134 730 quandoque
2150 690 2183 719 in
2199 691 2311 720 maiori
2331 690 2435 730 culpa,
2452 697 2556 721 tamen

1493 740 1541 765 est
1563 735 1607 764 ibi
1630 743 1755 774 semper
1778 734 1881 764 maior
1907 733 2012 764 elatio.
2046 734 2087 764 Et
2109 733 2183 764 ideo
2211 735 2290 764 ratio
2314 743 2381 764 non
2405 735 2557 774 procedit.

1548 778 1599 808 An
1623 788 1785 808 SECUNDUM
1809 788 1968 807 mensuum
1992 777 2081 818 quod
2097 778 2150 808 illa
2165 787 2270 817 poena
2294 784 2415 818 septem
2436 779 2558 809 dierum

1492 832 1560 853 non
1585 828 1651 853 erat
1674 823 1829 863 expiativa
1853 832 1871 852 a
1893 832 1999 862 poena
2030 822 2134 852 debita
2157 828 2309 862 peccato:
2344 823 2429 853 unde
2453 825 2558 859 etiam,

1455 878 1476 898 ις
1493 867 1519 897 si
1541 872 1615 906 post
1638 867 1710 897 illos
1734 866 1800 897 dies
1823 872 2011 903 moreretur,
2033 867 2065 896 in
2088 868 2273 907 purgatorio
2297 868 2472 907 puniretur.
2498 868 2559 898 Sed

1493 912 1639 951 expiabat
1666 912 1705 941 ab
1732 911 1974 950 irregularitate,
1999 921 2016 941 a
2040 920 2103 951 qua
2132 912 2241 942 omnia
2271 911 2422 942 sacrificia
2449 912 2559 952 legalia

1493 956 1672 996 expiabant.

1548 1000 1777 1035 Nihilominus,
1794 1000 1904 1030 ceteris
1928 1000 2066 1040 paribus,
2083 1000 2156 1040 plus
2179 1005 2291 1039 peccat
2309 1000 2410 1030 homo
2427 1001 2459 1031 in
2475 1011 2560 1031 nova

1493 1045 1563 1085 lege
1588 1054 1686 1084 quam
1708 1045 1742 1074 in
1757 1045 1874 1074 veteri:
1899 1050 2030 1084 propter
2053 1043 2336 1075 sanctificationem
2359 1045 2558 1085 ampliorem,

1455 1099 1480 1113 ²0
1494 1099 1558 1130 qua
1586 1088 1798 1119 sanctificatur
1825 1089 1858 1119 in
1888 1089 2067 1128 baptismo;
2101 1094 2132 1119 et
2154 1095 2285 1129 propter
2314 1089 2469 1120 beneficia
2499 1090 2559 1120 Dei

1493 1134 1620 1174 potiora
1643 1134 1786 1164 humano
1801 1134 1910 1173 generi
1927 1134 2073 1164 exhibita.
2098 1134 2139 1163 Et
2154 1134 2216 1164 hoc
2235 1138 2322 1173 patet
2338 1143 2376 1164 ex
2391 1134 2454 1165 hoc
2471 1134 2559 1174 quod

1494 1177 1608 1208 dicitur
1630 1177 1713 1208 Heb.
1737 1188 1757 1208 x
1772 1177 1807 1207 *ι
1841 1177 1972 1214 Quanto
1997 1178 2122 1218 putatis
2152 1178 2314 1208 deteriora
2344 1179 2463 1209 mereri
2485 1189 2559 1219 sup-

1488 1222 1601 1263 plicia,
1626 1228 1685 1252 etc.
1807 1222 1809 1225 ’

1549 1267 1618 1297 Nec
1640 1272 1748 1296 tamen
1770 1267 1834 1296 hoc
1858 1276 1970 1296 verum
1993 1272 2039 1296 est
2062 1267 2288 1302 universaliter,
2306 1267 2395 1307 quod
2419 1268 2561 1307 exigatur

1455 1320 1478 1340 25
1494 1320 1554 1351 pro
1578 1311 1723 1351 quolibet
1749 1316 1884 1350 peccato
1911 1311 2037 1341 mortali
2067 1312 2228 1351 septennis
2258 1312 2473 1351 poenitentia:
2505 1311 2560 1342 sed

1494 1356 1558 1385 hoc
1582 1361 1629 1385 est
1651 1355 1742 1395 quasi
1765 1355 1923 1394 quaedam
1946 1355 2054 1394 regula
2078 1356 2276 1391 communis,
2301 1361 2336 1385 ut
2359 1356 2392 1385 in
2416 1356 2560 1396 pluribus

1495 1405 1692 1439 competens,
1710 1408 1807 1438 quam
1830 1405 1938 1429 tamen
1961 1404 2089 1439 oportet
2112 1399 2269 1430 dimittere
2293 1399 2498 1430 consideratis
2514 1400 2560 1430 di-

1494 1445 1591 1474 versis
1615 1449 1822 1483 peccatorum
1846 1443 2098 1474 circumstantiis.

1550 1489 1600 1518 An
1623 1497 1758 1517 ”marum
1781 1497 1941 1517 mensuum
1957 1487 2046 1527 quod
2070 1488 2240 1527 episcopus
2257 1489 2306 1518 vel
2323 1488 2469 1518 sacerdos
2485 1498 2560 1519 cum

1456 1544 1481 1565 30
1494 1533 1608 1562 maiori
1631 1532 1775 1572 periculo
1800 1541 1859 1561 suo
1884 1537 1915 1561 et
1939 1532 2074 1562 aliorum
2098 1538 2218 1571 peccat.
2242 1533 2283 1562 Et
2298 1532 2372 1562 ideo
2396 1533 2561 1563 sollicitius

1494 1577 1657 1607 retrahunt
1684 1586 1759 1606 eum
1790 1585 1930 1606 canones
1954 1585 1972 1605 a
1995 1581 2127 1615 peccato
2159 1586 2257 1616 quam
2286 1577 2381 1612 alios,
2406 1578 2560 1607 maiorem

1494 1630 1635 1661 poenam
1665 1619 1880 1659 iniungendo,
1905 1619 2084 1650 secundum
2115 1620 2203 1659 quod
2232 1626 2278 1650 est
2306 1622 2339 1651 in
2365 1621 2560 1651 remedium:

1495 1665 1641 1704 quamvis
1665 1663 1862 1704 quandoque
1885 1673 1952 1694 non
1977 1663 2128 1694 debeatur
2150 1669 2236 1694 tanta
2260 1674 2298 1694 ex
2321 1665 2439 1695 debito.
2468 1666 2561 1696 Unde

1494 1710 1528 1739 in
1551 1709 1737 1748 purgatorio
1761 1718 1829 1738 non
1852 1714 1938 1738 tanta
1962 1709 2000 1738 ab
2025 1718 2064 1738 eo
2089 1708 2230 1748 exigitur.

1549 1753 1600 1783 An
1626 1762 1774 1782 QUARTUM
1796 1762 1956 1782 mensuum
1980 1752 2069 1792 quod
2092 1762 2198 1792 poena
2221 1753 2274 1783 illa
2298 1758 2344 1783 est
2359 1753 2562 1793 intelligenda

1495 1796 1626 1837 quando
1649 1796 1781 1827 nolente
1800 1796 1963 1827 sacerdote
1979 1797 2043 1827 hoc
2059 1796 2182 1827 accidit.
2208 1796 2240 1827 Si
2257 1798 2343 1827 enim
2359 1803 2474 1837 sponte
2490 1797 2562 1828 fun-

1495 1841 1631 1878 deretur,
1655 1841 1758 1871 multo
1782 1841 1919 1880 graviori
1941 1850 2048 1881 poena
2071 1841 2186 1881 dignus
2209 1847 2299 1871 esset.

1822 1904 2075 1949 QUAEsrro
2100 1905 2236 1938 NONA

1765 1963 1809 1988 DE
1830 1962 2034 1993 QUALITATE
2054 1964 2296 1989 CONFESSIONIS

1468 1985 1481 1998 0

1500 2027 1652 2092 Dumna
1668 2017 1937 2048 considerandum
1954 2023 2000 2048 est
2016 2017 2055 2048 de
2072 2018 2223 2057 qualitate
2247 2018 2457 2049 confessionis
2473 2020 2499 2049 ὓ.

1560 2062 1654 2102 Circa
1677 2061 1767 2102 quod
1791 2068 1988 2102 quaeruntur
2011 2068 2158 2102 quatuor.

1550 2107 1678 2136 Primo:
1703 2112 1812 2136 utrum
1836 2105 1995 2136 confessio
2019 2107 2121 2146 possit
2143 2115 2211 2136 esse
2233 2106 2389 2137 informis.

1551 2150 1720 2182 Secundo:
1745 2156 1854 2180 utrum
1879 2155 2026 2190 oporteat
2049 2150 2286 2181 confessionem
2310 2161 2377 2182 esse
2397 2152 2562 2192 integram.

1551 2195 1679 2225 Tertio:
1704 2200 1813 2225 utrum
1828 2195 1930 2234 possit
1945 2195 2058 2235 aliquis
2074 2204 2131 2235 per
2147 2195 2255 2231 alium,
2271 2196 2322 2226 vel
2337 2205 2395 2236 per
2410 2197 2563 2236 scriptum

1585 2238 1740 2270 confiteri.
1828 2259 1850 2265 κ
2449 2255 2456 2259 ¹

1552 2283 1695 2321 Quarto:
1721 2290 1828 2314 utrum
1852 2283 1924 2313 illae
1947 2283 2107 2314 sexdecim
2131 2283 2332 2314 conditiones
2356 2294 2438 2324 quae
2460 2295 2478 2315 a
2497 2295 2563 2315 ma-

1584 2328 1687 2368 gistris
1710 2328 1917 2367 assignantur,
1942 2327 1981 2358 ad
2005 2327 2242 2358 confessionem
2264 2329 2474 2368 requirantur.

1602 2394 1702 2424 ART.
1727 2394 1749 2424 1.
1773 2404 1879 2424 urium
1903 2404 2068 2424 conrssssro
2092 2404 2196 2424 Possm·
2219 2405 2288 2425 asse
2312 2405 2457 2426 mroams

1469 2425 1482 2439 0

1498 2471 1583 2533 ΑΙ)
1607 2470 1724 2491 panum
1748 2470 1793 2490 sic
1816 2470 2020 2490 moeson-ua.
2045 2460 2179 2490 Videtur
2201 2460 2291 2500 quod
2314 2461 2473 2494 confessio
2496 2472 2563 2492 non

1563 2506 1665 2545 possit
1697 2514 1764 2535 esse
1788 2504 1943 2534 informis.
1974 2504 2075 2535 Eccli.
2099 2515 2163 2534 xvn
2178 2506 2194 2521 ὓ
2218 2505 2350 2535 dicitur:
2376 2507 2403 2535 A
2423 2511 2562 2542 nzortuo,

1497 2550 1584 2581 velut
1605 2549 1661 2590 qui
1684 2559 1748 2579 non
1773 2554 1828 2584 est,
1847 2549 1937 2589 perit
1958 2549 2130 2590 confessio.
2155 2549 2218 2580 Sed
2241 2549 2293 2579 ille
2317 2550 2372 2589 qui
2388 2560 2455 2580 non
2471 2551 2565 2581 habet

1498 2595 1674 2630 caritatem,
1700 2599 1747 2624 est
1769 2599 1935 2623 mortuus:
1968 2594 2043 2633 quia
2066 2594 2134 2633 ipsa
2157 2599 2203 2624 est
2227 2594 2350 2624 animae
2374 2595 2447 2624 vita.
2479 2595 2564 2635 Ergo

1459 2651 1480 2671 55
1497 2639 1618 2678 absque
1643 2638 1770 2668 caritate
1792 2647 1860 2668 non
1883 2642 1990 2677 potest
2013 2647 2081 2668 esse
2105 2637 2275 2668 confessio.

1547 2692 1584 2713 .2.
1608 2683 1809 2718 Pium-nana,
1834 2681 1994 2712 confessio
2023 2682 2172 2712 dividitur
2200 2688 2311 2713 contra
2339 2684 2565 2714 contritionem

1498 2733 1530 2758 et
1561 2727 1819 2758 satisfactionem.
1853 2726 1916 2757 Sed
1949 2727 2098 2756 contritio
2132 2732 2163 2757 et
2195 2726 2364 2757 satisfactio
2397 2737 2564 2768 nunquam

1496 2777 1633 2812 possunt
1656 2777 1743 2802 extra
1765 2771 1927 2801 caritatem
1951 2770 2028 2801 fieri.
2054 2771 2138 2811 Ergo
2163 2781 2223 2801 nec
2247 2770 2416 2802 confessio.

1554 2816 1584 2846 3.
1608 2815 1813 2850 PRAETEREA,
1838 2816 1871 2845 in
1900 2814 2103 2845 confessione
2137 2821 2264 2855 oportet
2295 2816 2384 2855 quod
2412 2825 2448 2846 os
2476 2817 2565 2846 cordi

375 2865 446 2890 tum
461 2869 518 2899 per
533 2859 674 2899 primurn
697 2868 812 2889 eorum
835 2867 918 2898 quae
941 2867 1082 2898 poenam
1103 2865 1177 2888 nata
1195 2865 1270 2889 sunt
1284 2860 1444 2890 remittere
1456 2866 1484 2886 60
1497 2860 1689 2891 concordet:
1722 2860 1797 2900 quia
1820 2860 1882 2890 hoc
1906 2860 2013 2900 ipsum
2035 2869 2156 2890 nomen
2188 2860 2401 2901 confessionis
2423 2861 2563 2900 requirit.

374 2904 448 2944 plus
470 2904 649 2939 remittitur,
674 2902 853 2933 secundum
876 2903 939 2933 hoc
962 2912 1024 2942 per>
1042 2902 1129 2933 aliud
1151 2903 1258 2934 minus
1281 2904 1444 2934 remitten-

376 2947 455 2979 dum
477 2948 528 2978 vel
551 2947 742 2978 solvendum
765 2952 875 2977 restat:
901 2947 976 2987 quia
1000 2952 1121 2987 quanto
1145 2957 1202 2987 per
1218 2948 1444 2978 contritionem

375 2993 449 3033 plus
472 2992 511 3023 de
533 3001 640 3032 poena
663 2991 829 3022 dimissum
853 2997 909 3027 est,
933 2997 1022 3021 tanto
1046 3001 1103 3031 per
1127 2991 1364 3022 confessionem
1385 2993 1444 3022 mi-

375 3046 437 3067 nus
453 3036 679 3067 dimittendum
699 3041 803 3066 restat.
819 3054 842 3058 -
858 3035 1020 3071 Secund0‚
1038 3041 1195 3075 quantum
1211 3035 1251 3066 ad
1265 3036 1444 3067 remedium

1497 2904 1561 2935 Sed
1583 2905 1636 2935 ille
1660 2905 1716 2945 qui
1739 2903 1844 2934 adhuc
1867 2909 1976 2934 manet
1998 2905 2031 2934 in
2054 2904 2169 2934 affectu
2201 2905 2323 2944 peccati
2351 2904 2440 2944 quod
2463 2904 2564 2935 confi-

1497 2954 1590 2985 tetur,
1607 2958 1675 2979 non
1697 2949 1793 2979 habet
1816 2957 1872 2978 cor
1896 2949 1943 2978 ori
1967 2947 2152 2978 conforme:
2178 2949 2253 2988 quia
2277 2948 2372 2978 corde
2395 2955 2564 2988 peccatum

1497 2999 1585 3024 tenet
1608 2993 1697 3033 quod
1721 3002 1776 3023 ore
1800 2992 1938 3023 damnat.
1964 2993 2049 3032 Ergo
2073 2993 2142 3022 talis
2166 3003 2232 3023 non
2257 2992 2436 3023 confitetur.

1553 3037 1615 3068 Sim
1644 3047 1777 3073 CONTRA,
1806 3037 1939 3077 quilibet
1966 3042 2091 3067 tenetur
2117 3037 2156 3067 ad
2183 3036 2420 3067 confessionem
2446 3043 2565 3067 morta-

375 3081 428 3111 vel
450 3081 534 3111 illius
558 3081 614 3120 qui
637 3081 791 3120 peccavit,
807 3079 857 3110 vel
881 3080 1027 3110 aliorum.
1053 3080 1093 3109 Et
1109 3081 1154 3110 sic
1173 3080 1368 3120 quandoque
1384 3090 1444 3121 pro
1457 3086 1481 3112 ⁶5
1497 3082 1587 3112 lium.
1612 3081 1675 3112 Sed
1699 3082 1724 3112 si
1747 3081 1861 3122 aliquis
1884 3082 1983 3111 semel
2006 3081 2170 3111 confessus
2195 3087 2241 3111 est
2264 3082 2359 3111 etiam
2382 3082 2414 3111 in
2438 3082 2564 3112 mortali

376 3126 494 3155 minori
516 3130 649 3165 peccato
673 3125 849 3164 iniungitur
871 3125 974 3154 maior
996 3133 1112 3164 poena.
1137 3124 1196 3155 Vel
1213 3125 1288 3165 quia
1310 3131 1444 3164 peccato

377 3169 472 3199 unius
496 3169 654 3200 difficilius
670 3174 776 3209 potest
791 3169 891 3198 resisti
915 3178 1013 3208 quam
1036 3174 1170 3208 peccato
1194 3169 1338 3199 alterius:
1363 3170 1445 3200 sicut

377 3213 486 3243 iuveni
507 3213 685 3253 imponitur
699 3222 759 3253 pro
775 3212 988 3243 fornicatione
1011 3213 1114 3243 maior
1129 3222 1235 3253 poena
1251 3222 1350 3253 quam
1365 3214 1444 3250 seni,

378 3258 524 3297 quamvis
545 3258 652 3288 minus
674 3263 797 3297 peccet.
821 3257 880 3288 Vel
904 3258 979 3297 quia
994 3257 1027 3299 in
1043 3267 1110 3288 uno
1134 3263 1303 3298 peccatum
1327 3263 1374 3288 est
1388 3268 1445 3298 pe-

378 3301 556 3337 riculosius,
573 3302 654 3332 sicut
676 3303 710 3332 in
733 3301 907 3337 sacerdote,
925 3311 1023 3341 quam
1038 3302 1071 3331 in
1087 3302 1161 3332 alio.
1185 3302 1244 3332 Vel
1269 3302 1343 3342 quia
1361 3303 1445 3332 mul·
1459 3312 1486 3332 70

332 3344 338 3346 “
378 3344 482 3375 titudo
511 3346 612 3385 magis
641 3355 744 3386 prona
773 3351 820 3376 est
847 3345 888 3376 ad
910 3345 990 3381 illud
1020 3351 1206 3386 peccatum,
1231 3352 1262 3376 et
1283 3346 1357 3377 ideo
1388 3356 1445 3387 per

379 3397 519 3429 poenam
542 3389 638 3419 unius
660 3389 712 3420 alii
735 3395 812 3420 sunt
833 3389 1019 3420 exterrendi.

433 3433 543 3463 Poena
566 3442 642 3474 ergo
658 3434 691 3464 in
707 3433 779 3464 foro
802 3434 1018 3474 poenitentiae
1043 3440 1200 3475 quantum
1216 3434 1256 3465 ad
1271 3440 1445 3475 utrumque

379 3476 513 3507 taxanda
536 3483 591 3507 est.
616 3477 657 3508 Et
672 3477 746 3508 ideo
761 3487 830 3508 non
845 3487 972 3519 semper
986 3488 1046 3518 pro
1062 3479 1175 3509 maiori
1194 3485 1327 3519 peccato
1343 3480 1446 3510 maior

1498 3127 1644 3162 existens,
1667 3135 1736 3156 non
1759 3131 1886 3156 tenetur
1908 3126 2040 3156 ulterius
2056 3125 2095 3155 ad
2111 3125 2332 3156 confitendum
2355 3125 2467 3156 eadem
2489 3135 2564 3166 pec-

1499 3176 1585 3200 cata:
1611 3170 1696 3210 quia,
1721 3179 1796 3200 cum
1822 3170 1930 3200 nullus
1958 3170 2034 3200 sciat
2058 3180 2090 3200 se
2115 3171 2275 3200 caritatem
2303 3170 2432 3206 habere,
2456 3170 2565 3200 nullus

1499 3215 1592 3245 sciret
1620 3224 1653 3244 se
1677 3213 1860 3244 confessum
1888 3213 1995 3245 fuisse.
2029 3215 2114 3254 Ergo
2142 3224 2210 3244 non
2239 3220 2284 3244 est
2312 3214 2351 3244 de
2378 3215 2564 3244 necessitate

1499 3258 1710 3289 confessionis
1734 3257 1823 3298 quod
1846 3259 1886 3288 sit
1908 3259 2035 3289 caritate
2059 3258 2202 3289 formata.

1554 3303 1744 3333 Rsssponmzo
1768 3312 1928 3332 memnon
1951 3302 2041 3343 quod
2067 3302 2226 3333 confessio
2251 3308 2297 3332 est
2321 3308 2408 3333 actus
2431 3303 2564 3338 virtutis,

1500 3352 1531 3377 et
1554 3356 1626 3387 pars
1649 3347 1847 3377 sacramenti.
1872 3347 2057 3377 Secundum
2081 3353 2187 3378 autem
2212 3346 2300 3386 quod
2324 3352 2370 3377 est
2393 3352 2481 3377 actus
2504 3347 2565 3376 vir-

1499 3392 1589 3427 tutis,
1614 3396 1661 3421 est
1683 3396 1772 3421 actus
1800 3392 1981 3422 meritorius
2011 3392 2149 3432 proprie.
2184 3392 2224 3421 Et
2247 3391 2291 3421 sic
2315 3390 2474 3421 confessio
2497 3400 2564 3420 non

1499 3436 1581 3465 valet
1605 3436 1674 3465 sine
1704 3435 1848 3471 caritate,
1873 3445 1956 3476 quae
1985 3442 2032 3466 est
2058 3436 2251 3476 principium
2281 3435 2433 3466 merendi.
2457 3453 2479 3457 -
2503 3435 2565 3465 Sed

1499 3480 1678 3510 secundum
1703 3479 1792 3520 quod
1816 3485 1863 3509 est
1885 3489 1956 3519 pars
1980 3481 2176 3516 sacramenti,
2196 3481 2239 3510 sic
2262 3479 2386 3510 ordinat
2409 3478 2564 3510 confiten-

378 3530 485 3561 poena
507 3521 694 3561 imponitur.
722 3539 746 3544 -
773 3521 835 3553 Sed
862 3531 968 3562 poena
995 3524 1170 3563 purgatorii
1198 3524 1304 3554 solum
1332 3530 1378 3554 est
1406 3523 1446 3554 ad
1460 3543 1483 3563 75
1499 3530 1565 3554 tem
1589 3524 1628 3554 ad
1652 3523 1867 3560 sacerdotem,
1892 3525 1948 3564 qui
1975 3525 2069 3554 habet
2097 3524 2199 3555 claves
2227 3524 2405 3560 Ecclesiae,
2430 3524 2484 3563 qui
2509 3532 2565 3562 per

2586 1187 2597 1197 ·
2612 1185 2679 1207 Vera.
2694 1191 2729 1213 ²9·

2590 2026 2600 2035 '¹
2611 2025 2647 2048 Cf.
2662 2032 2702 2054 qu.
2716 2032 2748 2053 vr,
2765 2025 2803 2046 In-

2590 2052 2651 2075 trod.

2592 2513 2602 2523 ·
2616 2511 2690 2541 νας.-
2698 2511 2734 2533 26.
