2878 4088
98 769 108 778 ·
115 766 171 789 Can.
180 765 218 788 Ex
223 766 309 794 poeni-

96 793 204 820 tentibus,
218 797 240 814 et
249 792 312 814 Illud

97 819 308 895 ζειξὲῗὲκῗέἑὶηἳιῑ

97 901 108 930 J
121 899 170 930 §Ian
176 915 184 922 .
202 899 306 927 Placuit,

95 926 182 975 Pit-m.

90 1826 247 1857 'Gi-urus.

90 2009 104 2021 ⁶
112 2007 150 2040 Cf.
159 2008 220 2035 Aua.
229 2006 303 2036 Epi-x.

89 2033 290 2084 §imitatam
293 2051 303 2088 ,³

89 2540 103 2552 ⁶
115 2538 142 2561 111
158 2543 264 2567 corpore.

90 2805 104 2816 ‘¹
113 2803 170 2827 Can.
179 2803 303 2826 poeniten-

89 2833 128 2879 f?
133 2833 244 2859 tempore,
249 2830 304 2852 dist.

90 2886 103 2896 “
117 2883 184 2906 Vero.
200 2889 212 2912 5
226 2889 278 2913 sqq.

93 3378 104 3388 ¹
119 3375 155 3398 Cf.
167 3381 216 3397 cau.
226 3375 253 3397 ln
262 3381 304 3397 ca-

88 3401 148 3435 pite,
163 3402 217 3424 dist.
234 3402 259 3424 L.

93 3508 104 3518 “
120 3506 155 3530 Cf.
171 3511 218 3534 arg.
235 3513 253 3529 ι.

551 196 814 243 QUAESTIO
843 197 1009 244 XXVIII,
1038 195 1331 233 ARTICULUS
1358 195 1400 242 ΙΙ,
1423 194 1467 231 [ΙΙ
1485 216 1511 221 -
1531 194 1794 241 QUAESTIO
1824 197 1958 243 XXIX,
1979 198 2269 236 ARTICULUS
2298 200 2312 235 I
2476 198 2522 236 53

391 275 443 305 An
460 284 622 304 SECUNDUM
637 285 797 305 mcENnUM
809 275 899 315 quod
914 276 1112 315 poenitentia
1127 275 1289 311 solemnis,
1302 283 1402 314 quan·
1457 273 1602 304 tentiales
1632 273 1724 310 dicit,
1750 279 1781 304 et
1803 274 2013 314 postmodum
2044 277 2087 306 eis
2116 286 2250 307 manum
2279 278 2418 317 imponit
2441 287 2524 318 aqua

337 325 407 349 tum
430 318 470 349 ad
492 319 743 355 iniuncfionem,
771 329 839 349 non
870 320 933 349 exit
963 319 1070 350 forum
1100 319 1283 350 occultum:
1317 319 1401 358 quia,
1457 317 1624 348 benedicta
1653 327 1795 357 aspersa,
1820 323 1851 348 et
1879 319 2018 349 cinerem
2050 321 2205 360 capitibus
2234 322 2401 361 imponit,
2418 322 2522 352 cilicio

336 364 418 393 sicut
448 363 574 393 occulte
605 364 676 403 quis
707 363 895 399 confitetur,
924 364 968 394 ita
995 364 1122 394 occulte
1150 364 1179 394 ei
1206 363 1403 403 poenitentia
1458 362 1541 392 colla
1564 371 1678 392 eorum
1709 362 1829 402 operit,
1854 367 1886 392 et
1914 362 2078 393 denuntiat
2101 365 2145 394 eis
2167 365 2399 396 lacrimabiliter
2422 366 2521 406 quod,

335 408 520 447 iniungitur.
546 406 608 438 Sed
628 408 774 438 executio
791 408 854 438 exit
869 407 976 438 forum
1000 408 1175 438 occultum.
1199 408 1241 438 Et
1255 407 1319 438 hoc
1334 416 1401 437 non
1457 407 1540 436 sicut
1562 405 1666 436 Adam
1697 407 1815 436 eiectus
1846 411 1893 436 est
1919 406 1958 436 de
1986 406 2148 446 paradiso,
2172 409 2215 438 ita
2243 410 2304 449 ipsi
2315 409 2366 439 -de
2390 410 2522 440 ecclesia

337 457 384 482 est
406 452 647 482 inconveniens.
1424 462 1434 482 5
1458 451 1646 487 eiiciuntur;
1678 455 1709 480 et
1738 450 1828 480 iubet
1856 450 2006 480 ministn's
2030 456 2066 480 ut
2089 461 2144 481 eos
2168 452 2206 481 ab
2230 453 2362 483 ecclesia
2391 454 2520 493 pellant,

391 496 442 525 An
459 506 594 526 ranrmu
612 505 772 526 mcENDUM
787 495 877 535 quod
892 496 1100 536 poenitentia,
1113 496 1259 536 quamvis
1274 499 1403 525 revocet
1458 494 1544 525 clero
1568 504 1624 525 eos
1650 499 1867 535 prosequente
1897 504 1972 524 cum
2000 494 2064 524 hoc
2094 497 2315 534 responsorio,
2340 497 2378 527 In
2402 498 2521 528 sudore

337 549 451 570 omnes
475 540 617 570 defectus
640 540 836 570 restituendo
860 541 894 570 in
916 540 1082 579 pristinam
1104 541 1246 580 gratiam,
1270 549 1337 570 non
1357 544 1403 569 ta·
1458 539 1565 570 vultus
1588 539 1644 574 tui,
1669 543 1729 569 etc.
1761 539 1797 569 In
1820 538 1910 569 Cena
1933 543 2041 568 autem
2064 539 2196 569 Domini
2223 541 2368 579 quolibet
2395 551 2479 572 anno
2503 552 2520 572 a

336 593 413 614 men
435 585 571 615 restituit
593 585 628 615 in
650 584 816 624 pristinam
840 583 1034 624 dignitatem.
1059 584 1100 614 Et
1115 584 1189 614 ideo
1213 585 1308 614 etiam
1331 593 1403 613 mu·
1457 583 1522 613 suis
1544 583 1734 623 presbyteris
1757 583 1791 613 in
1815 583 1948 613 ecclesia
1969 582 2176 619 reducuntur,
2193 589 2224 613 et
2241 589 2332 614 erunt
2354 585 2398 614 ibi
2417 595 2520 625 usque

335 629 428 658 lieres
457 634 532 668 post
561 634 723 668 peractam
758 629 990 668 poenitentiam
1021 628 1060 658 de
1090 628 1302 658 fornicatione
1335 637 1402 657 non
1457 626 1497 657 ad
1513 632 1640 657 octavas
1656 627 1813 657 Paschae:
1837 627 1882 657 ita
1901 633 2010 657 tamen
2034 626 2123 666 quod
2145 637 2213 657 non
2236 629 2521 659 communicabunt

336 673 497 709 velantur,
523 674 599 713 quia
625 672 811 713 dignitatem
834 673 1019 712 virginitatis
1042 682 1111 702 non
1133 676 1331 712 recuperant.
1362 671 1404 701 Et
1418 681 1443 696 ιο
1456 680 1518 701 nec
1540 681 1654 711 pacem
1678 672 1844 711 accipient.
1868 671 1910 701 Et
1928 672 1973 701 sic
1995 670 2051 701 fiet
2073 671 2219 711 quolibet
2241 681 2326 701 anno
2350 681 2521 712 quousque

336 717 480 747 similiter
498 723 572 757 post
587 717 751 757 publicam
766 717 998 756 poenitentiam
1013 721 1163 756 peccator
1185 725 1253 746 non
1268 715 1349 746 redit
1363 714 1403 745 ad
1457 714 1559 745 aditus
1587 715 1739 746 ecclesiae
1763 721 1810 745 est
1833 715 1877 745 eis
1900 715 2096 745 interdictus.
2127 715 2246 746 Ultima
2276 721 2383 746 autem
2409 726 2521 747 recon-

336 762 419 792 hanc
442 761 628 801 dignitatem
651 767 687 791 ut
709 761 811 800 possit
833 759 872 790 ad
896 760 1080 790 clericatum
1104 761 1222 790 assumi
1237 761 1264 796 *,
1282 765 1313 790 et
1336 759 1403 799 epi·
1457 759 1575 789 cilian'o
1598 765 1774 790 reservatur
1804 760 1977 799 episcopo,
2001 759 2041 789 ad
2065 769 2163 799 quem
2193 759 2300 790 solum
2328 765 2448 800 spectat
2470 770 2521 791 so-

336 815 455 846 scopus
474 806 571 836 talem
592 805 741 836 ordinans
761 809 918 844 potestate
939 803 1106 834 ordinandi
1121 804 1238 844 privari
1257 803 1351 834 debet
1366 803 1401 832 *2
1456 803 1571 833 lemnis
1593 804 1810 843 poenitentiae
1833 804 1997 843 impositio
2014 804 2041 833 ’ἱ
2550 809 2559 819 ·
2581 808 2640 830 ean.
2659 809 2760 857 Frang-

335 850 397 880 nisi
412 850 495 880 forte
509 849 680 880 necessitas
696 849 848 879 ecclesiae
863 847 896 878 id
912 853 1072 888 exposcat,
1085 853 1141 878 aut
1156 847 1358 878 consuetudo
1370 848 1401 883 *3
1511 847 1621 877 Potest
1644 853 1752 878 autem
1774 848 1900 887 imponi
1922 848 1996 877 viris
2020 853 2052 878 et
2072 847 2276 878 mulieribus:
2301 847 2357 878 sed
2375 858 2444 878 non
2460 849 2522 879 cle·
2550 835 2718 888 25:05?st
2741 836 2758 862 ι

334 900 413 924 tunc
435 894 523 924 enim
546 893 758 933 dispensative
779 893 932 932 recipitur
954 891 994 922 ad
1015 893 1157 922 minores
1181 892 1318 928 ordines,
1334 901 1403 922 non
1418 901 1440 921 Ις
1456 891 1528 921 ricis
1544 892 1579 927 *‚
1603 897 1735 932 propter
1765 891 1960 922 scandalum.
1992 892 2068 922 Non
2091 897 2199 922 autem
2227 892 2297 922 talis
2326 893 2523 932 poenitentia
2550 896 2696 944 ‘eandnmuld
2703 903 2761 924 4¹10-

335 943 444 968 autem
459 937 499 968 ad
514 947 620 968 sacros
640 936 767 967 ordines
782 937 809 966 ἢ
834 937 952 972 Primo,
969 941 1101 976 propter
1117 935 1302 976 dignitatem
1319 935 1403 966 ordi·
1457 935 1551 966 debet
1574 936 1700 976 imponi
1729 936 1790 966 nisi
1818 946 1878 977 pro
1907 941 2040 977 peccato
2071 936 2158 977 quod
2187 941 2287 967 totam
2315 937 2524 968 commoverit
2550 929 2601 950 “¹⁴²''
2629 927 2664 944 ¹⁵¹⁴
2685 938 2701 944 ⁰

335 991 415 1012 num
438 982 583 1012 istorum.
608 980 769 1017 Secundo,
789 986 920 1020 propter
942 981 1093 1011 timorem
1115 980 1255 1012 recidivi.
1280 981 1401 1016 Tertio,
1457 981 1567 1011 urbem
1583 981 1609 1010 ὕ.
2549 983 2759 1014 “Fan-Presbyter,

334 1031 467 1066 propter
488 1025 674 1056 scandalum
696 1024 873 1061 vitandum,
898 1024 988 1065 quod
1010 1030 1120 1065 posset
1134 1026 1168 1055 in
1183 1025 1308 1065 populo
1328 1025 1403 1055 oriri
1510 1025 1643 1055 Publica
1665 1030 1772 1055 autem
1797 1030 1829 1055 et
1851 1035 1916 1055 non
1937 1025 2100 1061 solemnis,
2118 1034 2200 1065 quae
2215 1025 2249 1055 in
2264 1025 2345 1056 facie
2361 1025 2522 1056 Ecclesiae
2550 1016 2619 1037 ’φη
2634 1014 2695 1032 enat.

335 1079 374 1100 ex
389 1070 546 1100 memoria
567 1068 828 1110 praecedentium
851 1075 1068 1110 peccatorum.
1093 1069 1227 1107 Quarto,
1245 1070 1319 1109 quia
1334 1079 1401 1099 non
1456 1068 1492 1099 fit
1515 1069 1571 1100 sed
1593 1079 1661 1099 non
1685 1079 1760 1100 cum
1783 1070 1984 1100 solemnitate
2006 1069 2180 1109 praedicta,
2205 1070 2287 1100 sicut
2309 1070 2520 1110 peregrinatio

333 1114 463 1144 haberet
485 1113 626 1144 frontem
644 1114 723 1144 alios
739 1114 929 1154 corrigendi,
947 1123 1022 1144 cum
1037 1120 1207 1154 peccatum
1224 1115 1292 1144 eius
1307 1113 1402 1144 fuerit
1416 1122 1442 1137 ²0
1456 1123 1513 1153 per
1538 1113 1699 1144 mundum
1730 1123 1804 1144 cum
1835 1114 1951 1144 baculo
1982 1114 2128 1150 cubitali,
2155 1114 2234 1144 haec
2263 1119 2371 1154 potest
2399 1115 2519 1150 iterari;

333 1158 512 1198 publicum.
1457 1163 1488 1188 et
1511 1168 1529 1188 a
1551 1158 1687 1198 simplici
1718 1157 1882 1188 sacerdote
1911 1159 2054 1198 iniungi;
2086 1163 2118 1188 et
2142 1163 2249 1198 potest
2279 1159 2375 1188 etiam
2405 1158 2520 1189 clerico

812 1240 819 1247 v
1133 1232 1135 1235 ,
1455 1203 1581 1242 imponi
1597 1203 1623 1232 '¹'-
2549 1204 2696 1252 ἐθεηῧιῧὶι)
2708 1206 2758 1252 1ter,

385 1230 486 1262 ART.
509 1230 546 1261 11.
570 1240 677 1260 UTRUM
699 1239 847 1260 sonnmxs
871 1239 1078 1260 POENITENTIA
1100 1240 1224 1260 ITERARI
1247 1239 1350 1260 Possn·
1511 1246 1718 1286 Quandoque
1747 1251 1855 1277 tamen
1884 1247 2037 1277 solemnis
2066 1247 2197 1286 ponitur
2228 1247 2367 1287 publica·
2402 1247 2444 1277 Et
2472 1257 2521 1277 se·
2565 1235 2602 1252 ¹⁵1·
2720 1247 2725 1252 -

417 1285 477 1308 Pan.
492 1285 532 1311 ¹¹¹¹
547 1291 587 1323 3¹¹·
602 1290 695 1312 ”¹¹³⁸
709 1288 752 1306 ³³¹¹·
769 1291 804 1311 ¹⁰’
819 1284 847 1306 *ἃ
862 1290 889 1311 ²³
904 1284 938 1306 1v
951 1284 1025 1311 Sena,
1041 1284 1094 1307 ⁶³⁵¹·
1109 1290 1157 1311 ω’
1171 1284 1259 1312 ΕῬοδ·
1274 1284 1316 1306 ¹³¹¹·
1456 1291 1599 1321 cundum
1629 1291 1692 1321 hoc
1702 1315 1710 1327 ,
1738 1291 1940 1321 auctoritates
1971 1291 2128 1331 quaedam
2158 1292 2243 1321 varie
2273 1291 2451 1331 loquuntur
2481 1291 2521 1322 de

389 1344 613 1366 v”‘sEcUNDUM
644 1345 689 1366 sic
723 1345 929 1367 paocemrun.
961 1334 1094 1365 Videtur
1129 1334 1219 1375 quod
1249 1334 1401 1365 solemnis
1415 1343 1438 1364 ²5
1455 1336 1602 1366 solemni.

333 1347 597 1420 Apoenitentia
617 1380 723 1410 iterari
748 1380 859 1420 possit.
884 1379 1086 1410 Sacramenta
1109 1380 1195 1410 enim
1218 1388 1301 1419 quae
1327 1379 1401 1409 cha·
1509 1380 1560 1410 An
1584 1390 1701 1410 prunum
1724 1389 1806 1410 ERoo
1830 1389 1990 1409 mcmvnuu
2014 1379 2103 1419 quod
2133 1380 2248 1409 mulier
2274 1379 2370 1410 habet
2393 1389 2521 1410 comam

333 1430 489 1455 ractetem
511 1434 580 1455 non
602 1425 801 1464 imprimunt,
824 1433 899 1454 cum
926 1433 984 1454 sua
1007 1424 1207 1454 solemnitate
1230 1425 1399 1454 iterantur:
1454 1425 1489 1454 in
1519 1425 1647 1464 signum
1678 1424 1883 1454 subiectionis
1899 1425 1932 1460 *,
1956 1433 2024 1454 non
2051 1429 2159 1454 autem
2188 1424 2244 1454 vir.
2284 1424 2326 1454 Et
2356 1423 2429 1454 ideo
2453 1434 2521 1454 non
2547 1425 2622 1446 ·C³¹¹-
2654 1431 2758 1473 ,megen-

333 1470 416 1500 sicut
446 1469 644 1499 Eucharisu'a
670 1474 702 1499 et
731 1474 871 1498 extrema
900 1468 1011 1498 unctio
1043 1473 1074 1498 et
1103 1467 1299 1498 huiusmodi.
1338 1467 1402 1498 Sed
1455 1469 1612 1508 competit
1634 1473 1670 1498 ut
1691 1469 1726 1498 in
1748 1469 1946 1508 poenitentia
1968 1468 2094 1498 mulieri
2118 1477 2211 1498 coma
2235 1467 2423 1508 deponatur,
2439 1469 2522 1499 sicut
2564 1458 2693 1500 ufir-zum,
2721 1456 2758 1474 '⁵¹'

333 1513 531 1554 poenitentia
553 1522 622 1543 non
644 1513 799 1552 imprimit
821 1513 1043 1543 characterem.
1068 1512 1157 1552 Ergo
1179 1522 1254 1542 cum
1277 1522 1334 1542 sua
1349 1521 1399 1542 so·
1455 1513 1535 1543 viro.
1917 1543 1919 1546 Α

333 1558 497 1588 lemnitate
519 1557 624 1587 iterari
647 1557 750 1587 debet.
1416 1564 1442 1584 ³⁰
1510 1557 1561 1587 An
1585 1566 1747 1587 SECUNDUM
1770 1566 1930 1586 DmENnUM
1946 1556 2045 1596 quod,
2063 1557 2208 1596 quamvis
2223 1557 2257 1586 in
2273 1555 2389 1587 eodem
2405 1566 2521 1596 genere

393 1611 422 1632 2.
445 1601 648 1637 PRAETEREA,
672 1601 871 1641 poenitentia
897 1601 1124 1631 solemnizatur
1146 1606 1278 1640 propter
1300 1601 1401 1640 gravi-
1455 1601 1578 1641 peccati
1601 1601 1734 1631 clericus
1757 1601 1830 1640 plus
1853 1606 1965 1640 peccet
1988 1610 2086 1640 quam
2112 1601 2228 1636 laicus,
2252 1606 2360 1630 tamen
2382 1610 2451 1631 non
2473 1601 2521 1630 in-

332 1650 432 1676 tatem
446 1651 479 1676 et
493 1644 784 1681 manifestationem
807 1645 940 1684 peccati.
965 1644 1029 1675 Sed
1051 1650 1125 1684 post
1147 1650 1308 1684 peractam
1322 1654 1401 1684 poe·
1454 1646 1597 1685 iungitur
1620 1646 1649 1676 ei
1672 1645 1870 1684 poenitentia
1897 1645 2066 1681 solemnis,
2090 1655 2132 1675 ne
2155 1645 2235 1675 ordo
2258 1645 2364 1675 veniat
2386 1645 2420 1675 in
2443 1654 2521 1675 con-

331 1690 499 1720 nitentiam
522 1690 679 1729 confingit
701 1689 816 1719 similia
838 1694 970 1729 peccata
997 1689 1206 1725 committere,
1230 1689 1282 1719 vel
1306 1689 1401 1718 etiam
1455 1695 1625 1729 temptum.
1650 1689 1744 1720 Unde
1768 1689 1908 1719 defertur
1930 1698 1998 1719 non
2020 1699 2186 1729 personae,
2211 1689 2267 1719 sed
2291 1688 2405 1719 ordini.

332 1734 486 1774 graviora.
510 1734 596 1773 Ergo
620 1733 772 1763 solemnis
794 1733 992 1773 poenitentia
1007 1733 1122 1763 iterum
1139 1732 1233 1763 debet
1248 1733 1398 1763 adhiberi.
1510 1735 1560 1764 An
1589 1743 1723 1763 TERTnm
1755 1743 1915 1763 mcENDUM
1949 1733 2038 1773 quod
2069 1743 2186 1772 magna
2217 1738 2347 1773 peccata
2378 1732 2522 1772 indigent

387 1777 450 1808 SED
475 1787 608 1814 conum,
632 1777 786 1808 solemnis
808 1777 1007 1817 poenitentia
1029 1776 1186 1817 significat
1209 1778 1401 1807 eiectionem
1415 1783 1438 1804 3⁵
1454 1779 1568 1808 maiori
1591 1778 1715 1808 cautela
1737 1777 1777 1807 ad
1800 1778 1849 1807 sui
1873 1778 2081 1807 curationem.
2106 1778 2147 1807 Et
2165 1777 2239 1807 ideo
2262 1777 2419 1807 iniunctio
2443 1786 2521 1816 poe-

331 1822 428 1862 primi
449 1822 590 1852 hominis
613 1821 653 1852 de
676 1821 822 1862 paradiso
839 1823 865 1852 ὓ.
895 1821 958 1852 Sed
980 1822 1060 1851 haec
1083 1827 1208 1851 tantum
1230 1821 1331 1852 semel
1354 1827 1401 1852 est
1454 1823 1606 1853 nitentiae
1629 1822 1792 1858 solemnis,
1809 1831 1892 1861 quae
1913 1831 1981 1851 non
2003 1822 2065 1852 nisi
2086 1831 2146 1862 pro
2169 1822 2360 1861 gravissimis
2382 1822 2521 1861 peccatis

328 1865 424 1897 facta.
455 1866 541 1906 Ergo
566 1871 597 1897 et
618 1867 817 1907 poenitentia
845 1866 998 1896 solemnis
1027 1871 1153 1896 tantum
1179 1866 1278 1896 semel
1306 1865 1401 1896 debet
1454 1867 1499 1903 fit,
1524 1867 1584 1897 soli
1608 1867 1764 1907 episcopo
1787 1871 1973 1896 reservatur.

331 1909 411 1941 fieti.

385 1955 576 1986 stpoxmno
600 1964 761 1985 DICENDUM
784 1954 874 1995 quod
897 1955 1049 1985 solemnis
1075 1955 1274 1994 poenitentia
1296 1955 1400 1985 iterari
1661 1952 1914 1997 QUAESTIO
1938 1951 2315 1986 VIGESIMANONA

330 2009 399 2030 non
415 1999 519 2036 debet,
535 2005 668 2040 propter
683 2000 751 2029 tria.
767 1999 887 2035 Primo,
905 2009 946 2029 ne
963 2009 1001 2029 ex
1015 2000 1183 2030 iteratione
1198 2000 1328 2029 vilescat
1338 2000 1365 2029 ὓ.
1377 2017 1400 2022 -
1413 2009 1440 2029 40
1622 2019 1668 2044 DE
1693 2017 1928 2043 SACRMVIENTO
1952 2017 2142 2042 EXTREMAE
2168 2017 2351 2042 UNCTIONIS

331 2043 492 2080 Secundo,
507 2049 640 2084 propter
656 2043 922 2083 significationem
937 2044 964 2074 ἦ
980 2062 1004 2066 -
1019 2044 1140 2079 Tertio,
1157 2044 1233 2083 quia
1248 2044 1399 2074 solemni-

329 2089 413 2119 zatio
438 2094 485 2119 est
507 2089 599 2128 quasi
622 2087 780 2128 quaedam
802 2087 960 2127 professio
986 2094 1144 2128 perpetuo
1167 2089 1399 2127 poenitentiam
1510 2095 1567 2116 osr
1596 2094 1660 2115 noc
1689 2083 1958 2115 considerandum
1989 2089 2036 2114 est
2064 2083 2103 2114 de
2131 2089 2328 2114 sacramento
2360 2089 2518 2114 extremae

331 2133 556 2164 conservandi:
582 2138 613 2163 et
635 2131 710 2162 ideo
733 2133 858 2162 iteratio
881 2132 1075 2162 solemnitati
1097 2132 1220 2162 resistit.
1458 2096 1670 2160 punctionis
1686 2130 1713 2159 ἢ
1737 2129 1787 2159 De
1803 2138 1869 2168 quo
1890 2129 2035 2168 quinque
2058 2127 2194 2159 videnda
2223 2133 2313 2158 sunt:
2341 2129 2457 2168 primo,
2479 2127 2518 2158 de
2546 2137 2556 2147 ·
2576 2136 2610 2158 cf.
2632 2136 2693 2157 Pan.
2717 2136 2758 2163 111,

386 2177 420 2208 Si
434 2182 544 2207 tamen
566 2176 779 2217 postmodum
801 2177 989 2216 peccaverit,
1006 2186 1074 2207 non
1090 2176 1247 2207 clauditur
1263 2177 1292 2206 ei
1307 2177 1398 2206 locus
1454 2174 1672 2204 essentialibus
1695 2173 1811 2212 ipsius,
1836 2177 1867 2203 et
1890 2172 1930 2202 de
1953 2173 2021 2203 eius
2046 2173 2263 2208 institutione3
2293 2171 2454 2208 secundo,
2479 2172 2518 2202 de
2546 2163 2756 2190 q⁰*²¹v¹'¹¹¹¹‘⁰‘¹'

330 2222 561 2262 poenitentiae:
575 2220 631 2251 sed
646 2221 844 2261 poenitentia
860 2221 1012 2251 solemnis
1027 2222 1143 2251 iterum
1159 2221 1188 2251 ei
1203 2220 1399 2261 iniungenda
1412 2228 1436 2249 45
1454 2218 1569 2249 effectu
1592 2218 1692 2258 ipsius
1708 2218 1743 2253 *ς
1768 2218 1879 2253 tertio,
1904 2216 1944 2247 de
1966 2217 2112 2247 ministro
2135 2217 2235 2256 ipsius
2250 2218 2304 2253 “3
2329 2221 2454 2257 quarto,
2479 2216 2518 2247 de
2545 2222 2618 2276 ἐς.
2633 2229 2686 2245 xxx.

329 2275 400 2296 non
423 2271 479 2296 est.
1453 2273 1493 2293 eo
1518 2263 1571 2293 cui
1594 2261 1732 2293 conferri
1755 2261 1858 2297 debet,
1883 2267 1914 2292 et
1936 2261 1970 2291 in
1993 2270 2058 2301 qua
2080 2266 2169 2301 parte
2184 2262 2220 2297 ἢ
2245 2261 2370 2301 quinto,
2387 2260 2427 2291 de
2449 2261 2518 2291 eius
2545 2276 2555 2286 =
2571 2255 2706 2302 (212⁴ssssss

384 2310 435 2340 An
459 2319 577 2340 ramum
599 2319 682 2340 Exeo
706 2319 867 2339 mcENDUM
891 2308 980 2348 quod
1003 2310 1037 2339 in
1059 2309 1120 2340 illis
1143 2309 1346 2340 sacramentis
1364 2310 1398 2340 in
1452 2307 1619 2338 iteratione
1635 2307 1661 2336 ⁴⁶.
2545 2312 2555 2322 ·
2570 2311 2618 2338 Qu.
2632 2317 2710 2334 xxxm.

331 2354 448 2394 quibus
471 2354 655 2392 solemnitas
677 2354 816 2389 iteratur,
840 2354 964 2383 iteratio
988 2354 1181 2384 solemnitati
1209 2363 1277 2384 non
1303 2363 1398 2393 repu-
1454 2352 1547 2382 Circa
1569 2352 1710 2391 primum
1734 2355 1930 2390 quaeruntur
1952 2359 2081 2380 novem.

331 2403 416 2439 gnat,
440 2404 477 2429 ut
499 2403 546 2428 est
568 2398 603 2428 in
625 2399 804 2438 proposito.
829 2398 870 2428 Et
892 2397 966 2428 ideo
990 2407 1058 2428 non
1082 2403 1128 2428 est
1151 2398 1262 2428 simile.
1507 2396 1636 2426 Primo:
1660 2400 1769 2426 utrum
1792 2400 1932 2425 extrema
1954 2394 2065 2424 unctio
2089 2395 2129 2424 sit
2151 2399 2394 2424 sacramentum.

385 2443 436 2473 An
461 2452 624 2472 sEcuunUM
647 2452 807 2472 mem-DUM
826 2441 925 2482 quod,
943 2443 1088 2482 quamvis
1112 2443 1234 2472 ratione
1259 2443 1398 2473 criminis
1413 2451 1438 2471 5⁰
1508 2439 1678 2471 Secundo:
1702 2445 1811 2469 utrum
1834 2439 1874 2469 sit
1896 2448 1999 2469 unum
2023 2444 2267 2469 sacramentum.

331 2486 499 2518 deberetur
514 2487 573 2517 sibi
589 2486 701 2517 eadem
717 2487 923 2526 poenitentia,
948 2492 1055 2517 tamen
1075 2487 1283 2517 solemnitatis
1305 2487 1398 2517 itera-
1507 2485 1637 2515 Tertio:
1666 2489 1775 2514 utrum
1800 2484 1865 2514 hoc
1891 2488 2126 2513 sacramentum
2152 2483 2248 2513 fuerit
2273 2492 2291 2512 a
2318 2482 2445 2513 Christo
2469 2483 2518 2512 in-

329 2532 376 2562 tio
399 2541 467 2562 non
490 2531 654 2571 competit,
678 2536 810 2571 propter
832 2530 1007 2571 praedictas
1023 2532 1039 2548 ⁴⁶
1063 2540 1183 2561 causas.
1541 2529 1697 2559 stitutum.

1506 2573 1650 2611 Quarto:
1674 2578 1784 2603 utrum
1816 2572 1926 2602 oleum
1959 2573 2062 2603 olivae
2091 2572 2131 2602 sit
2161 2571 2355 2602 conveniens
2387 2571 2518 2601 materia

1540 2618 1636 2648 huius
1660 2617 1858 2647 sacramenti.

1413 2672 1435 2693 55
1507 2661 1651 2700 Quinto:
1676 2667 1785 2692 utrum
1809 2666 1956 2701 oporteat
1979 2661 2088 2692 oleum
2112 2670 2180 2691 esse
2204 2665 2435 2690 consecratum.

512 2596 612 2627 ART.
637 2596 689 2626 111.
713 2606 818 2626 UTRUM
842 2592 889 2626 srr
911 2606 1104 2627 coxWENlENs
1126 2606 1214 2627 mrus

663 2650 812 2671 soramms
839 2650 1065 2670 POENITENTIAE

394 2717 416 2737 D
447 2716 582 2736 TERTIUM
611 2716 656 2736 sic
690 2716 894 2736 PaocEnrrUR.
924 2706 1059 2737 Videtur
1093 2706 1183 2746 quod
1210 2707 1397 2739 mulieribus
1507 2706 1623 2737 Sexto:
1648 2711 1757 2736 utrum
1779 2706 1875 2736 huius
1898 2706 2086 2736 sacramenti
2103 2705 2235 2736 materia
2250 2703 2364 2734 debeat
2378 2714 2435 2744 per
2450 2704 2517 2744 epi-

333 2720 464 2781 Anon
492 2751 531 2781 sit
554 2750 759 2790 imponenda.
785 2750 870 2788 Quia
894 2752 941 2781 vir
970 2751 1022 2780 cui
1045 2751 1222 2790 imponitur
1245 2752 1397 2783 solemnis
1541 2760 1679 2791 scopum
1703 2751 1891 2781 consecrari.

330 2795 542 2836 poenitentia,
567 2794 661 2825 debet
684 2804 812 2825 comam
835 2795 971 2826 abiicere
986 2795 1013 2824 θ.
1045 2794 1109 2826 Sed
1130 2795 1194 2826 hoc
1216 2806 1284 2826 non
1308 2806 1397 2827 com-
1505 2795 1673 2835 Septimo:
1712 2801 1821 2825 utrum
1858 2795 1922 2825 hoc
1956 2799 2189 2825 sacramentum
2227 2794 2340 2823 habeat
2377 2793 2516 2832 aliquam

330 2840 410 2880 petit
432 2839 574 2870 mulieri:
599 2845 636 2869 ut
653 2844 740 2879 patet
759 2839 772 2869 I
791 2839 868 2870 Cor.
884 2849 916 2870 xr
931 2841 957 2870 *.
982 2839 1068 2879 Ergo
1092 2849 1161 2870 non
1186 2839 1281 2871 debet
1305 2850 1396 2881 agere
1540 2839 1687 2870 formam.

330 2884 510 2915 solemnem
533 2884 774 2923 poenitentiam.
1174 2899 1178 2903 -
1410 2892 1438 2912 60
1508 2884 1650 2915 Octavo:
1675 2889 1785 2914 utrum
1808 2883 1912 2913 forma
1933 2883 2029 2913 huius
2052 2882 2239 2913 sacramenti
2255 2881 2368 2912 debeat
2382 2881 2516 2921 proferri

387 2938 416 2959 2.
449 2928 540 2964 ITEM,
573 2927 698 2958 videtur
731 2927 820 2967 quod
848 2928 968 2958 clericis
1000 2928 1040 2958 sit
1070 2928 1277 2968 imponenda.
1312 2929 1398 2967 Quia
1540 2938 1597 2968 per
1620 2929 1800 2958 orationem
1825 2927 2068 2968 deprecativam.

330 2973 509 3013 imponitur
530 2977 662 3012 propter
684 2972 869 3012 gravitatem
893 2971 1008 3002 delicti.
1033 2971 1096 3003 Sed
1118 2972 1204 3003 idem
1227 2979 1397 3013 peccatum
1506 2973 1623 3003 Nono:
1653 2978 1763 3003 utrum
1795 2972 1955 3012 praedicta
1987 2973 2088 3002 oratio
2121 2971 2160 3001 sit
2193 2976 2379 3010 competens
2412 2969 2515 3000 forma

330 3017 455 3057 gravius
483 3022 531 3047 est
553 3017 587 3046 in
610 3016 726 3046 clerico
755 3025 853 3056 quam
875 3016 909 3046 in
931 3016 1024 3046 laico.
1056 3016 1142 3056 Ergo
1172 3018 1272 3057 magis
1303 3017 1398 3049 debet
1539 3018 1635 3048 huius
1656 3017 1855 3048 sacramenti.

329 3061 457 3102 imponi
480 3061 596 3091 clerico
621 3069 719 3100 quam
742 3060 835 3091 laico.

386 3105 415 3136 3.
432 3105 518 3142 Irim,
530 3104 658 3135 videtur
673 3104 763 3144 quod
775 3115 792 3135 a
805 3105 951 3145 quolibet
965 3104 1129 3135 sacerdote
1145 3106 1246 3144 possit
1260 3106 1395 3146 imponi.
1409 3112 1434 3138 ες

328 3149 417 3188 Quia
445 3149 609 3180 absolvere
632 3150 665 3179 in
689 3149 761 3179 foro
791 3149 1013 3189 poenitentiali
1043 3155 1090 3179 est
1119 3149 1187 3180 eius
1217 3150 1274 3190 qui
1302 3151 1398 3180 habet

332 3194 445 3224 claves.
477 3193 540 3224 Sed
567 3193 701 3233 simplex
731 3193 878 3224 sacerdos
907 3194 1003 3224 habet
1033 3193 1145 3224 claves.
1177 3193 1262 3234 Ergo
1291 3199 1398 3235 potest
1515 3205 1536 3224 n
1553 3204 1671 3225 panum
1693 3205 1738 3225 s1c
1758 3204 1963 3225 pnermrUR.
1984 3193 2118 3224 Videtur
2134 3192 2223 3233 quod
2245 3197 2384 3223 extrema
2403 3193 2513 3223 unctio

332 3247 401 3268 esse
422 3238 565 3268 minister
587 3238 683 3268 huius
706 3238 933 3278 poenitentiae.
1453 3206 1584 3269 Anon
1607 3239 1646 3269 sit
1668 3244 1913 3269 sacramentum.
1937 3239 2023 3276 Quia
2046 3239 2128 3268 sicut
2151 3238 2259 3268 oleum
2283 3237 2452 3267 assumitur
2475 3236 2515 3266 ad

385 3282 575 3312 Rnsroemno
598 3292 759 3312 mea-unm(
782 3282 872 3322 quod
895 3283 1001 3313 omnis
1025 3282 1177 3312 solemnis
1200 3283 1398 3322 poenitentia
1450 3282 1613 3318 infirmos,
1636 3284 1680 3313 ita
1702 3283 1742 3314 ad
1766 3284 2024 3314 catechumenos.
2055 3281 2118 3313 Sed
2140 3282 2250 3312 unctio
2275 3290 2358 3321 quae
2380 3280 2416 3311 fit
2439 3281 2513 3311 oleo

333 3331 380 3357 est
409 3325 555 3366 publica,
583 3326 639 3356 sed
667 3336 736 3356 non
765 3327 970 3357 convertitur.
1002 3326 1203 3356 Poenitentia
1232 3327 1319 3357 enim
1345 3337 1397 3357 so·
1411 3338 1438 3359 70
1451 3327 1491 3358 ad
1507 3328 1756 3358 catechumenos
1778 3337 1847 3358 non
1870 3333 1917 3358 est
1931 3332 2174 3357 sacramentum.
2198 3326 2283 3366 Ergo
2299 3334 2359 3356 nec
2375 3330 2514 3355 extrema

331 3371 446 3401 lemnis
464 3370 528 3400 hoc
545 3369 646 3401 modo
661 3369 699 3401 fit
713 3371 740 3401 ⁴⁹.
764 3371 800 3402 In
817 3372 919 3411 capite
944 3370 1203 3411 quadragesimae
1225 3371 1302 3401 tales
1318 3380 1397 3411 poe-
1451 3372 1574 3408 unctio,
1598 3381 1682 3412 quae
1704 3371 1741 3402 fit
1764 3372 1838 3402 oleo
1862 3371 1902 3402 ad
1924 3371 2079 3402 infirmos.

331 3415 469 3445 nitentes
491 3419 693 3454 praesentant
715 3424 749 3445 se
772 3425 848 3446 cum
870 3416 1061 3456 presbyteris
1087 3415 1152 3446 suis
1176 3415 1334 3455 episcopis
1354 3416 1397 3447 ci-
1508 3426 1538 3446 2.
1562 3416 1764 3452 PRAETEREA,
1789 3421 1984 3446 sacramenta
2013 3415 2126 3446 veteris
2158 3415 2235 3454 legis
2266 3414 2396 3445 fuerunt
2425 3414 2513 3453 signa

331 3460 466 3489 vitatum
489 3463 562 3488 ante
583 3457 668 3489 fores
692 3459 843 3490 ecclesiae
866 3469 960 3490 sacco
983 3459 1104 3496 induti,
1127 3459 1221 3490 nudis
1244 3459 1395 3499 pedibus,
1452 3465 1724 3491 sacramentorum
1746 3470 1850 3490 novae
1873 3460 1960 3500 legis.
1987 3459 2050 3491 Sed
2073 3465 2211 3490 extrema
2234 3459 2344 3489 unctio
2367 3467 2436 3488 non
2458 3458 2513 3487 ha-

331 3503 472 3534 vultibus
495 3501 649 3539 demissis,
670 3512 764 3534 coma
786 3503 931 3544 deposita
946 3505 980 3541 *3
1005 3509 1037 3534 et
1063 3505 1107 3534 eis
1129 3505 1164 3534 in
1188 3504 1320 3534 ecclesia
1343 3503 1397 3534 de-
1452 3505 1521 3535 buit
1543 3504 1684 3544 aliquam
1706 3503 1842 3545 figuram
1865 3505 1898 3535 in
1920 3505 2018 3535 veteri
2041 3504 2120 3544 lege.
2145 3504 2229 3543 Ergo
2252 3512 2320 3533 non
2344 3507 2391 3532 est
2412 3511 2514 3532 sacra-

333 3547 446 3584 ductis,
463 3547 635 3587 episcopus
657 3556 733 3578 cum
755 3548 846 3578 omni
869 3548 954 3579 clero
978 3553 1102 3589 septem
1125 3548 1265 3588 psalmos
1283 3549 1397 3588 poeni-
1411 3559 1435 3582 7⁵
1451 3554 1598 3579 mentum
1620 3558 1723 3580 novae
1747 3549 1834 3589 legis.

1534 3088 1634 3119 ART.
1659 3088 1682 3119 1.
1706 3098 1812 3119 unum
1834 3097 1977 3118 EXTREMA
2001 3084 2114 3117 UNcT1o
2139 3096 2184 3117 srr
2207 3095 2431 3116 SACRAMENTUM

1820 3142 1880 3164 Part.
1897 3142 1935 3169 111,
1951 3149 1989 3170 qu.
2003 3148 2056 3168 uv,
2070 3145 2112 3164 art.
2130 3148 2148 3164 ι.
