2918 4088
150 485 160 495 '¹
174 483 253 505 Matth.
270 488 319 510 cap.
330 488 362 508 vi,

150 516 208 532 vers.
225 515 256 532 η.

150 905 159 914 ·
168 903 204 924 Cf.
220 909 238 924 s.
247 902 359 924 Athanas.

149 929 192 961 Ep.
207 935 238 955 ιν,
249 928 362 950 αόδενα-

146 962 228 983 prom,
248 961 270 977 n.
288 961 325 982 ¹33
341 962 359 977 ε.

148 984 210 1009 Aug.
226 982 268 1009 Ep.
279 987 360 1006 cci-xv,

148 1009 177 1030 al.
193 1015 256 1034 cvm,
271 1008 304 1029 ad
317 1007 359 1029 Se-

148 1035 288 1056 leucianam.

148 1063 159 1073 ·
168 1062 204 1083 De
215 1061 273 1082 Vera
282 1062 305 1082 et
305 1060 362 1088 fal-

148 1094 176 1109 sa
191 1087 293 1114 Ροεηλ,
308 1093 358 1112 cap.

148 1121 170 1136 v.
191 1126 201 1130 -
217 1114 278 1135 Inter
296 1114 357 1140 Opp.

148 1142 209 1167 Aug.

149 1533 159 1542 '¹
181 1531 214 1552 11·
238 1531 294 1557 11⁸⁶,
319 1537 357 1558 qu.

149 1563 210 1584 xxiv,
226 1561 266 1579 art.
285 1564 316 1579 ιι.

149 2386 159 2395 ·
179 2384 215 2404 Ps.
230 2389 256 2409 ι,
274 2389 332 2405 vers.
348 2390 359 2412 3

149 2411 187 2435 (al.
205 2416 263 2433 vers.
281 2412 306 2436 ι).

149 2596 159 2607 ·
175 2596 241 2618 Vere.
257 2601 289 2624 ¹3.

152 2758 162 2768 ·
183 2756 241 2778 Vide
266 2756 334 2778 Orat.

151 2783 288 2805 Manassae.

394 183 468 230 298

391 274 460 310 que
485 262 632 311 septies,
665 260 731 297 sed
757 272 869 309 usque
895 261 1142 310 septuagesies
1167 261 1307 309 septies.
1352 259 1453 306 Ergo

390 314 504 351 etiam
542 315 648 351 Deus
687 312 839 362 saepius
880 325 950 362 per
986 312 1262 362 poenitentiam
1299 310 1454 348 veniam

388 367 637 416 peccantibus
664 367 839 416 praebet:
870 365 1095 415 praesertim
1118 377 1208 402 cum
1229 365 1363 402 doceat
1382 376 1454 400 nos

388 428 535 469 petere,
571 421 722 457 Dimitte
750 421 854 457 nobis
888 419 1007 456 debita
1041 425 1166 456 nostra
1201 420 1292 455 sicut
1326 423 1359 454 et
1387 429 1454 454 nos

388 474 601 510 dimittimus
629 473 850 510 debitoribus
879 474 1011 509 nostris
1029 472 1059 508 ³¹⁶.

442 528 666 564 RESPONDEO
695 537 876 563 mCENDUM
905 525 1012 573 quod
1050 524 1149 561 circa
1176 522 1453 573 poenitentiam

389 587 612 617 erraverunt
630 578 790 628 quidam
814 578 981 614 dicentes
1000 589 1080 613 non
1107 589 1221 626 posse
1250 576 1451 613 hominem

387 645 457 682 per
484 631 759 682 poenitentiam
780 630 950 667 secundo
979 629 1165 678 consequi
1184 629 1338 666 veniam
1364 641 1451 678 pec-

388 693 576 723 catorum.
620 685 802 732 Quorum
839 682 1000 731 quidam
1020 687 1042 729 ἱ,
1065 682 1203 719 scilicet
1231 681 1450 728 Novatiani,

388 739 465 776 hoc
492 738 532 776 in
564 746 715 775 tantum
743 736 996 773 extenderunt
1024 735 1133 784 quod
1161 735 1339 772 dixerunt
1366 743 1453 784 post

387 792 555 840 primam
583 789 859 839 poenitentiam
894 800 994 836 quae
1028 788 1151 836 agitur
1178 788 1218 824 in
1246 788 1450 837 baptismo,

387 852 588 893 peccantes
607 855 686 880 non
714 853 827 891 posse
846 853 915 889 per
937 840 1210 889 poenitentiam
1241 840 1374 878 iterato
1394 853 1450 878 re-

388 897 490 934 stitui
508 897 538 933 ²⁸.
568 918 594 923 -
621 895 695 932 Alii
723 907 815 931 vero
843 894 998 930 fuerunt
1025 894 1215 939 haeretici,
1246 902 1287 931 ut
1319 895 1450 942 Augu-

387 950 506 987 stinus
526 949 624 995 dicit,
645 948 684 985 in
703 947 798 984 libro
818 947 862 983 de
880 948 1108 983 Poenitentia
1128 946 1158 993 ²³,
1180 947 1247 995 qui
1270 954 1357 996 post
1384 947 1449 984 ba-

386 1003 571 1052 ptismum
591 1001 767 1038 dicebant
791 999 950 1048 quidem
978 1011 1060 1036 esse
1089 999 1223 1036 utilem
1250 999 1449 1048 poeniten-

386 1056 498 1102 tiam,
528 1066 608 1091 non
640 1062 770 1090 tamen
797 1052 960 1101 pluries,
990 1053 1057 1089 sed
1086 1054 1206 1089 semel
1233 1060 1394 1089 tantum.

439 1108 628 1145 Videntur
655 1114 784 1143 autem
812 1105 1039 1142 huiusmodi
1058 1117 1205 1142 errores
1225 1117 1271 1142 ex
1293 1105 1448 1142 duobus

384 1160 626 1210 processisse.
656 1159 787 1196 Primo
816 1158 987 1208 quidem,
1008 1170 1055 1194 ex
1074 1170 1121 1194 eo
1144 1158 1252 1206 quod
1272 1157 1449 1194 errabant

386 1214 485 1251 circa
512 1213 700 1250 rationem
719 1224 833 1248 verae
853 1210 1121 1260 poenitentiae.
1153 1211 1256 1248 Cum
1276 1210 1380 1247 enim
1400 1210 1449 1247 ad

384 1279 518 1303 veram
546 1265 822 1314 poenitentiam
850 1264 984 1301 caritas
1007 1263 1234 1312 requiratur,
1265 1263 1346 1300 sine
1371 1275 1449 1312 qua

385 1332 465 1356 non
502 1319 676 1356 delentur
712 1325 888 1367 peccata,
927 1317 1134 1354 credebant
1170 1316 1277 1366 quod
1315 1316 1449 1353 caritas

385 1374 504 1410 semel
523 1372 651 1409 habita
669 1383 750 1408 non
769 1371 887 1420 possit
907 1370 1041 1407 amitti:
1063 1377 1099 1406 et
1117 1382 1187 1419 per
1206 1381 1448 1418 consequens

385 1426 492 1475 quod
527 1424 780 1474 poenitentia,
820 1423 850 1460 si
885 1422 958 1460 sit<
995 1435 1103 1469 vera,
1140 1434 1345 1472 nunquam
1380 1434 1450 1471 per

383 1486 586 1528 peccatum
613 1479 775 1523 tollatur,
805 1485 846 1514 ut
874 1477 919 1514 sit
947 1488 1103 1514 necesse
1136 1488 1224 1513 eam
1255 1475 1392 1512 iterari.
1422 1497 1448 1502 -

386 1532 462 1569 Sed
482 1532 558 1568 hoc
577 1530 841 1580 improbatum
861 1538 917 1566 est
936 1529 976 1566 in
996 1529 1176 1567 Secunda
1195 1530 1306 1566 Parte
1324 1528 1355 1576 *,
1381 1528 1449 1565 ubi

385 1593 583 1622 ostensum
612 1591 667 1621 est
695 1584 802 1633 quod
830 1583 963 1620 caritas
983 1584 1102 1619 semel
1121 1582 1262 1625 habita,
1292 1589 1449 1631 propter

383 1638 596 1675 libertatem
624 1636 784 1683 arbitrii,
822 1643 947 1686 potest
974 1635 1115 1682 amitti3
1155 1643 1191 1672 et
1217 1647 1288 1684 per
1315 1647 1448 1672 conse-

386 1703 508 1740 quens
540 1697 626 1740 post
645 1696 663 1717 η
691 1702 825 1726 veram
852 1689 1129 1739 poenitentiam
1161 1696 1286 1738 potest
1311 1688 1449 1738 aliquis

385 1756 544 1793 peccare
573 1743 792 1780 mortaliter.

439 1797 631 1843 Secundo,
662 1809 707 1832 ex
736 1808 782 1833 eo
811 1795 918 1844 quod
947 1795 1124 1831 errabant
1151 1794 1251 1832 circa
1271 1794 1448 1832 aestima-

384 1850 531 1887 tionem
566 1848 756 1897 gravitatis
793 1847 950 1898 peccati.
993 1848 1185 1885 Putabant
1217 1847 1322 1885 enim
1350 1849 1448 1886 adeo

384 1915 499 1951 grave
527 1915 609 1940 esse
637 1909 838 1951 peccatum
858 1901 965 1951 quod
984 1900 1121 1950 aliquis
1140 1900 1344 1938 committit
1362 1909 1450 1951 post

384 1957 539 1993 veniam
558 1955 810 2005 impetratam,
827 1955 934 2004 quod
953 1966 1034 1991 non
1054 1954 1100 1991 sit
1117 1953 1298 2003 possibile
1318 1954 1448 2003 ipsum

385 2009 534 2046 remitti.
564 2010 606 2045 In
625 2020 704 2058 quo
733 2008 892 2057 quidem
912 2008 1089 2044 errabant
1117 2015 1153 2045 et
1173 2020 1219 2045 ex
1237 2015 1343 2057 parte
1363 2020 1448 2057 pec-

385 2063 467 2110 cati,
497 2062 615 2111 quod,
645 2062 760 2099 etiam
787 2069 874 2110 post
898 2061 1166 2098 remissionem
1186 2069 1448 2109 consecutam,

384 2123 508 2165 potest
542 2127 624 2152 esse
661 2122 696 2151 et
727 2114 880 2163 gravius
914 2122 950 2151 et
985 2115 1108 2151 levius
1143 2114 1258 2151 etiam
1278 2112 1290 2135 θ
1328 2127 1448 2164 quam

383 2169 494 2206 suerit
531 2168 660 2218 ipsum
696 2167 869 2217 primurn
905 2175 1107 2217 peccatum
1144 2167 1368 2205 remissum:
1413 2175 1449 2205 et

384 2224 506 2259 multo
535 2221 655 2269 magis
689 2229 822 2258 contra
854 2220 1083 2258 infinitatem
1120 2220 1274 2258 divinae
1302 2221 1448 2259 miseri-

386 2275 557 2322 cordiae,
594 2286 694 2323 quae
723 2282 778 2312 est
806 2280 947 2323 super‘
977 2286 1138 2311 omnem
1172 2286 1384 2311 numerum
1413 2282 1449 2311 et

385 2327 690 2377 magnitudinem
718 2335 979 2377 peccatorum,
999 2327 1217 2365 secundum
1236 2327 1329 2365 illud
1349 2328 1449 2365 Psal-

386 2381 441 2418 mi
465 2381 500 2418 *ε
535 2382 721 2418 Miserere
755 2382 845 2427 mei,
874 2381 994 2426 Deus,
1028 2381 1231 2417 secundum
1266 2392 1448 2430 magnam

386 2434 681 2472 misericordiam
715 2440 837 2470 tuam.-
878 2439 911 2470 et
943 2434 1146 2470 secundum
1181 2434 1449 2471 multitudinem

386 2488 666 2524 miserationum
706 2492 881 2532 tuarum,
924 2486 1004 2523 dele
1044 2488 1272 2535 iniquitatem
1313 2499 1449 2524 meam.

387 2541 499 2578 Unde
541 2539 768 2588 reprobatur
807 2538 973 2576 verbum
1012 2539 1122 2576 Caini
1163 2539 1341 2586 dicentis,
1379 2540 1449 2576 Ge-

388 2605 518 2631 nes.1v
536 2593 570 2629 ⁹³⁵:
606 2594 739 2630 Maior
773 2597 823 2628 est
856 2594 1028 2641 iniquitas
1060 2605 1144 2629 mea
1180 2605 1292 2642 quam
1325 2598 1363 2629 ut
1389 2605 1449 2630 ve-

389 2650 491 2684 niam
518 2658 677 2683 merear.
707 2646 755 2682 Et
782 2644 870 2682 ideo
899 2644 1162 2682 misericordia
1190 2645 1262 2682 Dei
1289 2657 1451 2694 peccan-

387 2700 490 2736 tibus
526 2711 595 2748 per
622 2698 898 2747 poenitentiam
925 2698 1082 2735 veniam
1113 2698 1271 2747 praebet
1304 2699 1450 2748 absque

388 2754 467 2790 ullo
495 2751 671 2789 termino.
701 2752 813 2789 Unde
832 2750 969 2788 dicitur
987 2753 1017 2788 II
1035 2752 1201 2802 Paralip.
1222 2753 1287 2788 ult.
1308 2752 1343 2789 *ε
1374 2755 1450 2790 Im-

388 2818 516 2843 mensa
553 2811 586 2842 et
620 2805 883 2854 investigabilis
909 2805 1165 2842 misericordia
1193 2807 1452 2854 promissionis

388 2866 472 2896 tuae
498 2871 610 2908 super
636 2858 796 2895 malitias
822 2859 1028 2895 hominum.
1064 2858 1176 2895 Unde
1204 2859 1451 2896 manifestum

389 2921 445 2950 est
472 2912 579 2961 quod
606 2910 840 2960 poenitentia
867 2919 923 2948 est
949 2911 1091 2960 pluries
1119 2911 1308 2949 iterabilis.

441 2966 498 3002 An
527 2977 662 3002 PmMUM
681 2976 779 3001 ERGO
798 2976 980 3002 DICENDUM
1000 2964 1119 3013 quod,
1149 2964 1240 3013 quia
1268 2965 1372 3014 apud
1392 2966 1451 3002 Iu-

390 3019 507 3056 daeos
535 3025 641 3055 erant
675 3018 892 3054 secundum
918 3019 1043 3066 legem
1075 3018 1268 3066 quaedam
1300 3019 1452 3056 lavacra

390 3071 567 3118 instituta,
596 3070 737 3120 quibus
764 3070 907 3120 pluries
935 3083 975 3108 se
1004 3071 1052 3108 ab
1080 3070 1334 3108 immunditiis
1362 3083 1452 3121 pur-

446 3184 468 3218 ε)
488 3185 605 3216 quidam.
618 3198 637 3204 -
651 3185 735 3216 PlsG3
751 3193 804 3210 om.
817 3183 846 3217 (a
858 3193 911 3210 om.
926 3193 1038 3216 quorum
1053 3186 1161 3218 quidam
1175 3187 1274 3212 scilicet
1287 3186 1455 3221 Novatiani).

394 3221 443 3245 Pro
462 3220 533 3252 quod
551 3220 688 3249 dixerunt,
708 3221 778 3252 quod
797 3219 838 3250 (ut
857 3219 887 3253 Ρ)
907 3221 1026 3245 dicerent
1043 3221 1126 3246 tertia.

446 3254 472 3287 ζ)
491 3255 514 3279 si
531 3256 574 3280 sit.
593 3269 612 3274 —
628 3256 663 3280 sit
680 3255 785 3280 ABC.—-
804 3255 854 3279 Pro
875 3258 903 3279 ut
921 3256 964 3283 sit,
985 3259 1014 3280 ut
1032 3257 1069 3281 sic
1087 3257 1123 3281 sit
1141 3257 1150 3280 1
1170 3261 1195 3281 et
1214 3257 1348 3282 editiones.

447 3289 474 3324 η)
493 3294 519 3315 et
540 3297 590 3321 per
613 3297 771 3322 consequens
790 3294 862 3322 post.
889 3304 908 3310 -
934 3291 956 3314 D
977 3297 1002 3315 et
1019 3291 1092 3315 tertia
1111 3297 1212 3324 praeter
1230 3292 1254 3322 15
1276 3299 1326 3323 per
1343 3299 1454 3324 sequens

391 3329 530 3358 peccatum
549 3328 575 3349 et
592 3332 750 3358 consequens
771 3329 834 3357 post
852 3326 869 3355 Ι,
890 3329 915 3350 et
930 3333 981 3357 per
999 3333 1159 3359 consequens
1178 3325 1304 3360 (sequens
1324 3326 1375 3360 sF)
1390 3335 1453 3359 pec-

395 3365 484 3386 catum
503 3364 529 3386 et
543 3367 594 3392 per
612 3367 770 3392 consequens
784 3364 848 3392 post
866 3361 951 3385 ceteri.

448 3394 473 3429 Θ)
492 3396 580 3421 etiam.
598 3410 617 3414 -
635 3396 695 3420 Om.
716 3396 848 3420 editiones.
865 3409 883 3414 —
902 3396 952 3419 Pro
971 3396 1066 3427 ipsum,
1081 3400 1144 3428 post
1163 3397 1181 3428 1,
1195 3405 1248 3422 om.
1268 3402 1353 3421 cetera
1372 3398 1454 3422 tertia.

449 3431 468 3464 ι)
487 3435 527 3456 est
545 3438 631 3462 super.
649 3445 667 3449 —-
685 3434 794 3462 superat
813 3431 894 3455 tertia.

449 3467 474 3498 κ)
493 3467 675 3491 commoritur.
687 3480 705 3485 —
719 3467 737 3490 F
753 3471 777 3490 et
791 3466 878 3495 tertia;
899 3466 1021 3491 moritur.
1034 3480 1053 3484 —
1070 3466 1157 3491 Tertia
1176 3467 1356 3499 prosequitur:
1380 3467 1454 3492 Unde

395 3502 483 3527 subdit
503 3501 636 3535 (subditur
654 3502 684 3534 P)
704 3508 797 3526 rursus
814 3501 998 3534 crucifigentes
1015 3501 1191 3533 sibimetipsis.

450 3536 478 3572 λ)
498 3538 533 3563 in.
551 3552 570 3556 —
588 3541 613 3562 et
632 3537 658 3562 in
677 3537 758 3562 tertia.
776 3550 795 3555 -
812 3537 862 3561 Pro
880 3537 1050 3569 confortavit,
1071 3537 1237 3570 confirmavit
1256 3537 1282 3561 P.

1038 181 1301 228 QUAESTIO
1330 179 1542 227 LXXXIV,
1572 178 1865 215 ARTICULUS
1894 178 1929 214 X

1508 256 1648 305 gabant
1666 256 1696 303 ³¹²,
1718 255 1924 292 credebant
1942 254 2061 304 aliqui
2080 255 2314 293 Iudaeorum
2333 256 2442 305 quod
2461 256 2576 294 etiam
2604 266 2615 276 ·
2630 265 2666 287 cf·
2680 265 2753 287 Levit-
2765 271 2816 293 cap-

1508 321 1578 359 per
1605 311 1800 346 lavacrum
1831 307 2011 357 baptismi
2046 307 2184 357 aliquis
2211 309 2354 357 pluries
2381 309 2577 359 purificari
2603 298 2646 345 ἷῖιῖ
2660 291 2815 347 νῖίῗοῗεέ,ῗρ’

1507 362 1638 412 possit.
1668 362 1729 398 Ad
1753 362 1861 410 quod
1881 361 2180 409 excludendum,
2210 363 2419 411 Apostolus
2447 362 2576 400 scribit

1508 415 1695 452 Hebraeis
1723 415 1831 464 quod
1851 413 2089 463 impossibile
2109 422 2164 451 est
2192 427 2254 451 eos
2282 417 2346 464 qui
2360 416 2475 453 semel
2491 422 2576 452 sunt

1507 469 1715 514 illuminati,
1745 467 1884 505 scilicet
1910 479 1980 516 per
2008 466 2258 516 baptismum,
2287 481 2437 505 rursum
2466 481 2574 505 reno-

1505 524 1591 559 vari
1616 522 1667 558 ad
1689 522 1967 571 poenitentiam,
1988 519 2128 557 scilicet
2148 532 2219 569 per
2237 520 2486 570 baptismum,
2507 521 2575 570 qui

1507 582 1561 612 est
1595 575 1790 612 lavacrum
1826 575 2121 623 regenerationis
2155 579 2189 610 et
2216 576 2466 612 renovationis
2494 576 2574 624 Spi-

1507 630 1597 665 ritus
1625 629 1762 673 Sancti,
1792 634 1834 663 ut
1861 626 2000 664 dicitur
2027 626 2078 664 ad
2107 628 2176 664 Tit.
2197 638 2229 663 111
2248 626 2279 663 ³¹⁶.
2310 627 2358 663 Et
2384 626 2574 664 rationem

1506 681 1670 728 assignat
1689 693 1735 717 ex
1754 681 1832 717 hoc
1850 680 1958 729 quod
1977 692 2047 729 per
2066 679 2304 728 baptismum
2323 680 2446 717 homo
2467 679 2574 716 Chri-

1506 742 1564 771 sto
1593 733 1850 771 commoritur
1868 739 1898 770 ²:
1929 733 2033 770 unde
2063 733 2236 782 sequitur
2253 732 2284 780 ²¹³,
2312 745 2463 770 rursum
2489 745 2574 770 cru-

1505 789 1695 837 cifigentes
1722 789 1759 823 in
1788 788 1988 836 semetipsis
2014 787 2152 823 Filium
2180 787 2263 823 Dei.

1558 842 1615 877 An
1635 852 1825 877 SECUNDUM
1843 851 2026 877 DICENDUM
2055 839 2162 888 quod
2190 838 2422 876 Ambrosius
2450 838 2574 888 loqui-

1505 902 1568 931 tur
1594 894 1643 930 de
1671 892 1907 942 poenitentia
1927 893 2103 940 solemni,
2124 905 2224 941 quae
2244 892 2284 929 in
2303 892 2474 929 Ecclesia
2492 904 2574 929 non

1504 947 1671 993 iteratur,
1701 954 1743 983 ut
1770 946 1867 983 infra
1885 945 1905 967 ’¹‘
1932 946 2091 983 dicetur.

1556 1001 1613 1036 AD
1641 1011 1801 1036 TERTmM
1833 1011 2016 1036 mei-:NDUM
2045 1000 2172 1048 quod,
2210 998 2307 1036 sicut
2335 998 2574 1047 Augustinus

1503 1052 1604 1100 dicit,
1624 1052 1663 1089 in
1691 1052 1788 1089 libro
1816 1052 1861 1088 de
1887 1054 2116 1089 Poenitentia
2135 1052 2166 1099 ²¹⁸,
2186 1053 2319 1089 multos
2346 1064 2477 1090 caecos
2502 1054 2539 1089 in
2559 1050 2574 1074 λ

1502 1105 1645 1143 diverso
1680 1111 1847 1154 tempore
1880 1106 2065 1141 Dominus
2100 1105 2340 1151 illuminavit,
2373 1111 2406 1142 et
2440 1105 2574 1142 multos

1502 1158 1638 1195 debiles
1664 1158 1908 1205 confortavit,
1944 1158 2137 1194 ostendens
2164 1159 2202 1194 in
2231 1158 2383 1195 diversis
2411 1158 2481 1194 illis
2513 1170 2574 1195 ea-

1503 1211 1586 1247 dem
1605 1216 1623 1239 μ
1649 1222 1761 1260 saepe
1778 1216 1936 1260 peccata
1955 1210 2104 1246 dimitti:
2131 1216 2169 1246 ut
2197 1223 2305 1259 quem
2328 1212 2437 1260 prius
2462 1223 2574 1247 sana—

1501 1265 1554 1301 vit
1571 1264 1774 1312 leprosum,
1803 1263 1878 1300 alio
1897 1268 2064 1312 tempore
2086 1263 2271 1299 illuminat
2288 1275 2454 1300 caecum.
2482 1263 2575 1300 Ideo

1502 1318 1602 1353 enim
1629 1322 1680 1352 tot
1705 1317 1853 1353 sanavit
1879 1327 2023 1362 caecos,
2051 1316 2204 1352 claudos
2231 1321 2264 1352 et
2283 1316 2420 1362 aridos,
2451 1328 2498 1352 ne
2516 1316 2574 1352 de-

1501 1375 1623 1419 speret
1640 1381 1752 1418 saepe
1769 1375 1782 1389 *
1798 1374 1986 1418 peccator.
2015 1369 2107 1406 Ideo
2121 1381 2202 1406 -non
2222 1370 2395 1406 scribitur
2413 1369 2575 1419 aliquem

1504 1424 1575 1459 nisi
1609 1422 1723 1459 semel
1757 1433 1929 1467 sanasse,
1973 1427 2011 1458 ut
2049 1421 2201 1471 quisq'ue
2235 1423 2362 1459 timeat
2394 1434 2434 1459 se
2467 1423 2578 1472 iungi

1498 1481 1665 1526 peccato.
1694 1474 1891 1513 Medicum
1909 1486 1949 1511 se
1966 1481 2086 1521 vocat,
2107 1481 2140 1511 et
2159 1487 2234 1512 non
2253 1476 2366 1521 sanis,
2393 1475 2460 1512 sed
2476 1475 2576 1512 male

1503 1530 1719 1566 habentibus
1757 1533 2030 1578 opportunum:
2065 1528 2131 1565 sed
2163 1528 2282 1578 qualis
2317 1529 2377 1565 hic
2412 1529 2576 1565 medicus

1504 1584 1567 1632 qui
1592 1582 1735 1619 malum
1764 1583 1936 1619 iteratum
1966 1582 2122 1618 nesciret
2142 1581 2307 1634 curare?
2333 1581 2574 1619 Medicorum

1503 1637 1603 1673 enim
1631 1641 1683 1672 est
1709 1636 1844 1671 centies
1866 1636 2059 1683 infirmum
2087 1636 2222 1671 centies
2242 1646 2389 1671 curare.
2426 1635 2501 1677 Qui
2517 1647 2574 1672 ce-

1502 1690 1589 1726 teris
1616 1690 1743 1725 minor
1770 1693 1871 1734 esset,
1900 1689 1933 1724 si
1959 1688 2026 1724 alii
2045 1688 2237 1738 possibilia
2266 1689 2470 1737 ignoraret.

1557 1743 1614 1779 Ao
1644 1753 1817 1784 QUARTUM
1844 1753 2028 1778 mel-:Noun
2063 1741 2172 1790 quod
2199 1740 2396 1790 poenitere
2425 1748 2480 1778 est
2508 1753 2574 1778 an-

1502 1802 1624 1832 teacta
1651 1802 1807 1844 peccata
1835 1794 1978 1832 deflere
2008 1801 2044 1831 et
2070 1794 2202 1831 flenda
2229 1805 2310 1831 non
2333 1793 2574 1831 committere

1501 1849 1613 1885 simul
1631 1847 1642 1872 ξ
1671 1848 1759 1885 dum
1772 1849 1854 1897 flet,
1874 1848 1937 1891 vel
1955 1855 2043 1884 actu
2062 1848 2125 1884 vel
2143 1846 2355 1896 proposito.
2385 1848 2449 1884 Ille
2469 1846 2574 1884 enim

1503 1909 1558 1938 est
1586 1901 1717 1938 irrisor
1745 1908 1781 1937 et
1809 1912 1889 1937 non
1917 1900 2122 1950 poenitens
2150 1900 2228 1949 qui,
2248 1901 2360 1937 simul
2379 1901 2468 1937 dum
2482 1912 2574 1950 poe-

1503 1956 1601 2001 nitet,
1626 1954 1702 2003 agit
1720 1954 1828 2003 quod
1847 1953 2035 2003 poenitet:
2065 1953 2249 2003 proponit
2272 1952 2378 1990 enim
2397 1959 2410 1975 ⁰
2434 1953 2575 1990 iterum

1503 2020 1543 2045 se
1570 2008 1763 2045 facturum
1782 2007 1891 2056 quod
1909 2006 2034 2054 gessit,
2054 2008 2117 2043 vel
2136 2006 2253 2043 etiam
2272 2005 2469 2044 actualiter
2486 2017 2575 2056 pec-

1503 2069 1562 2098 cat
1590 2061 1732 2098 eodem
1759 2061 1821 2097 vel
1850 2059 1924 2097 alio
1945 2071 2085 2107 genere
2113 2059 2271 2109 peccati.
2302 2059 2424 2107 Quod
2443 2067 2573 2097 autem

1502 2114 1639 2164 aliquis
1666 2121 1802 2164 postea
1822 2120 1967 2163 peccat,
1987 2114 2050 2150 vel
2069 2120 2157 2150 actu
2176 2114 2239 2150 vel
2261 2111 2474 2163 proposito,
2494 2124 2576 2150 non

1502 2167 1670 2205 excludit
1688 2167 1783 2217 quin
1801 2166 1928 2216 prima
1945 2165 2183 2215 poenitentia
2201 2178 2294 2203 vera
2311 2165 2436 2204 fuerit.
2464 2166 2575 2203 Nun-

1502 2233 1623 2270 quam
1651 2220 1758 2258 enim
1785 2219 1925 2257 veritas
1952 2219 2092 2269 prioris
2119 2227 2227 2256 actus
2262 2218 2479 2256 excluditur
2505 2231 2576 2268 per

1502 2282 1632 2311 actum
1651 2272 1888 2310 contrarium
1908 2273 2226 2322 subsequentem:
2247 2272 2345 2310 sicut
2363 2271 2469 2309 enim
2482 2284 2575 2319 yere

1502 2326 1669 2364 cucurrit
1688 2332 1706 2348 π
1734 2326 1801 2375 qui
1828 2333 1963 2375 postea
1981 2326 2098 2373 sedet,
2118 2325 2170 2362 ita
2187 2337 2279 2362 vere
2297 2324 2488 2375 poenituit
2507 2325 2575 2375 qui

1502 2387 1637 2430 postea
1664 2387 1808 2429 peccat.

1555 2434 1613 2470 AD
1646 2444 1808 2475 QmNTUM
1842 2443 2026 2469 DICENDUM
2063 2431 2172 2481 quod
2205 2431 2421 2481 baptismus
2458 2431 2576 2469 habet

1501 2486 1684 2523 virtutem
1713 2497 1759 2521 ex
1787 2484 1968 2534 passione
1991 2484 2132 2521 Christi
2160 2484 2258 2522 sicut
2285 2485 2480 2534 quaedam
2499 2484 2575 2535 spi-

1503 2538 1647 2576 ritualis
1675 2537 1923 2586 regeneratio,
1953 2550 2044 2575 cum
2065 2537 2251 2587 spirituali
2270 2545 2395 2575 morte
2418 2550 2574 2588 praece-

1503 2591 1627 2629 dentis
1654 2591 1766 2628 vitae.
1797 2593 1977 2628 statutum
1997 2597 2048 2628 est
2074 2598 2205 2628 autem
2233 2592 2444 2628 hominibus
2460 2592 2577 2629 semel

1504 2647 1604 2683 mori
1620 2645 1651 2692 ²¹⁸,
1673 2652 1708 2681 et
1727 2645 1847 2681 semel
1866 2644 1982 2681 nasci.
2012 2645 2061 2681 Et
2086 2644 2175 2681 ideo
2199 2646 2319 2682 semel
2338 2652 2490 2682 tantum
2508 2644 2574 2682 de-

1503 2699 1567 2736 bet
1595 2699 1717 2735 homo
1737 2697 1931 2746 baptizari.
1963 2697 2039 2735 Sed
2067 2697 2304 2746 poenitentia
2321 2697 2438 2735 habet
2455 2697 2574 2735 virtu-

1504 2760 1583 2789 tem
1602 2763 1649 2788 ex
1676 2750 1855 2800 passione
1883 2750 2024 2788 Christi
2051 2750 2148 2788 sicut
2176 2750 2379 2800 spiritualis
2406 2750 2574 2789 medica-

1504 2805 1567 2852 tio,
1589 2816 1689 2854 quae
1716 2804 1936 2853 frequenter
1963 2803 2088 2841 iterari
2107 2811 2243 2854 potest.
2601 2847 2603 2849 ,

1557 2859 1615 2894 AD
1644 2864 1787 2894 snx‘run
1805 2869 1989 2895 DICENDUM
2018 2858 2126 2906 quod
2145 2856 2396 2906 Augustinus,
2415 2856 2456 2894 in
2474 2856 2572 2894 libro

1505 2912 1551 2948 de
1567 2912 1797 2948 Paenitentia
1816 2910 1848 2956 *,
1869 2909 1959 2948 dicit
1982 2911 2091 2960 quod
2116 2916 2258 2948 constat
2271 2915 2285 2940 ρ
2305 2911 2387 2946 Deo
2416 2910 2572 2947 multum

1505 2965 1698 3014 displicere
1719 2969 1895 3014 peccata,
1926 2965 1993 3013 qui.
2014 2975 2161 3013 semper
2181 2968 2334 3012 praesto
2362 2968 2414 2999 est
2441 2975 2486 3000 ea
2514 2962 2572 2999 de-

1504 3024 1664 3063 struere,
1694 3029 1741 3054 ne
1767 3017 1934 3055 solvatur
1961 3017 2061 3066 quod
2086 3017 2243 3062 creavit,
2277 3027 2325 3052 ne
2351 3027 2572 3065 corrumpa-

1504 3077 1565 3108 tur
1593 3070 1692 3120 quod
1717 3071 1868 3116 amavit,
1897 3068 2037 3106 scilicet
2063 3081 2134 3118 per
2160 3067 2481 3118 desperationem.

1561 3185 1589 3219 μ)
1609 3186 1710 3210 eadem.
1728 3199 1748 3204 -
1766 3185 1800 3216 1³3
1819 3185 1888 3210 idem
1909 3185 1932 3213 b,
1952 3184 2050 3209 eisdem
2068 3191 2090 3213 c,
2110 3183 2195 3208 eidem
2218 3183 2304 3208 ceteri.
2321 3197 2340 3202 -
2359 3183 2410 3208 Pro
2430 3184 2572 3214 illuminat,

1507 3221 1670 3246 illuminavit
1688 3221 1812 3250 DEFabc,
1832 3220 1963 3245 illuminet
1982 3219 2021 3245 ΡΙ.

1559 3255 1584 3289 ν)
1603 3263 1688 3288 saepe.
1706 3270 1725 3274 —
1743 3263 1770 3280 se
1789 3256 1817 3283 C.
1838 3255 1870 3280 de
1888 3261 1915 3280 se
1933 3255 1962 3280 P.
1982 3254 2033 3279 Pro
2053 3254 2116 3279 Ideo
2141 3261 2202 3283 non,
2223 3254 2286 3279 Ideo
2313 3254 2382 3279 enim
2407 3255 2500 3281 ABCa.
2521 3255 2572 3280 Pro

1506 3299 1533 3317 se
1548 3292 1631 3324 iungi,
1646 3291 1722 3324 iungi
1740 3291 1813 3315 tertia
1831 3295 1932 3323 praeter
1945 3290 1991 3315 sG.
2011 3290 2061 3314 Pro
2078 3292 2267 3321 opportunum,
2281 3290 2448 3322 operativum
2461 3291 2571 3324 ACDpE

1507 3332 1532 3351 et
1551 3334 1576 3356 a,
1596 3326 1724 3358 optimum
1743 3327 1772 3351 F.
1793 3326 1843 3350 Pro
1861 3325 1916 3354 atii,
1936 3325 1996 3350 aliis
2016 3325 2076 3349 ΡΠ.

1561 3360 1585 3395 Ε)
1604 3362 1692 3386 simul.
1709 3375 1729 3380 —
1745 3361 1845 3386 scilicet
1862 3360 1943 3385 simul
1961 3360 2060 3385 PFlsG.

1561 3396 1587 3430 ο)
1603 3397 1734 3428 proponit
1751 3396 1829 3421 enim.
1848 3410 1867 3414 -
1885 3396 1926 3420 vel
1939 3395 2069 3427 proponit
2088 3395 2220 3421 editiones.

1560 3431 1590 3464 π)
1608 3432 1737 3457 cucurrit.
1754 3445 1773 3450 -
1791 3431 1878 3456 Tertia
1897 3436 1998 3463 praeter
2016 3431 2055 3459 H3
2075 3431 2171 3456 currit.
2190 3431 2230 3456 Cf.
2249 3439 2292 3464 qu.
2312 3439 2351 3457 xv.
2371 3437 2417 3458 art.
2440 3438 2462 3457 ι.
2482 3440 2505 3457 κ.

1561 3467 1586 3500 ρ)
1605 3467 1798 3499 Augustinus...
1823 3466 1888 3491 dicit
1913 3466 1984 3498 quod
2010 3469 2124 3491 constat.
2149 3481 2167 3485 —
2192 3467 2336 3492 secundum
2363 3467 2571 3501 Augustinum...

1507 3503 1578 3534 quod
1597 3501 1679 3535 (quod
1697 3510 1749 3526 om.
1769 3501 1800 3535 P)
1818 3504 1923 3527 constat
1943 3501 1981 3526 ΡΙ.

2602 631 2612 642 ·’
2626 630 2694 652 Vers.
2708 636 2728 659 5.

2600 765 2815 821 Tet'fflzffig:

2601 824 2632 845 vi,
2647 825 2707 841 vern.
2722 826 2735 848 3
2749 825 2800 848 sqq.

2601 949 2816 1004 {115215315'55231

2601 1057 2612 1068 ·
2617 1055 2743 1078 Loc.eit.in
2749 1061 2815 1084 corp.

2600 2649 2650 2672 “Ad
2654 2649 2723 2678 Hem,
2729 2655 2813 2678 capax,

2600 2683 2661 2699 vere.
2675 2682 2710 2706 ³7·

2599 2909 2610 2921 ·
2615 2908 2741 2932 Lumen-in
2747 2914 2813 2937 corp.
