2878 4088
125 598 334 624 ·Mor.1ib.xvffl,

124 632 174 653 cap.
191 631 268 656 xum,
292 625 335 647 nli-

123 656 158 674 πει·
170 658 247 678 xum
257 658 281 673 ιιι
289 655 335 674 vet.

123 685 223 733 ²¹¹¹(inp.
248 711 335 732 xxviii,

122 738 182 754 ven.
199 738 232 759 ¹7-

123 997 334 1046 {23⁹;.¹.¹l³c¹f.T.i¹:

122 1056 182 1072 verr.
199 1050 220 1072 11
236 1049 266 1072 de
276 1049 335 1071 Ant-

207 1080 335 1099 commem.

123 1623 136 1634 ·
149 1621 216 1644 ven.
229 1627 266 1650 43-

121 1667 134 1678 ·
147 1665 214 1688 ven.
229 1671 251 1694 7.

122 1754 134 1765 ·
149 1752 215 1775 Vm-
228 1758 267 1782 4³·

121 1843 133 1852 ·
147 1840 214 1863 Ven-
227 1847 270 1868 μ,
283 1846 321 1868 42.

122 2108 134 2119 ·
156 2105 194 2129 Cf.
215 2111 266 2134 arg.
287 2104 338 2128 Sed

122 2135 208 2172 fauna
223 2139 244 2160 ι,
256 2137 276 2154 2.

125 2158 336 2214 ruffa-effi}

121 2212 337 2262 sazawa

126 2266 201 2293 Seu„
211 2265 266 2288 din.
275 2271 336 2292 ων,

124 2297 232 2348 Pam.
248 2323 337 2344 mm,

124 2349 166 2368 nn.
171 2352 191 2371 ις
198 2350 338 2374 qua-xxxin,

125 2427 136 2437 ·
145 2425 182 2448 Cf.
191 2426 253 2453 Aug.
262 2424 283 2447 Ε
300 2425 337 2447 ιιι,

125 2451 223 2475 cxvm
231 2468 237 2476 .
272 2457 286 2473 ι
295 2452 338 2473 iter

127 2478 188 2506 ΗΠ,
203 2478 237 2500 ad
249 2478 338 2505 mose„

172 2520 179 2527 .
193 2511 228 2527 ιιι.
260 2537 338 2560 ’prop-

124 2564 341 2614 ἦιὲὸῗεῗίἑ-ἐζ

126 2614 138 2624 ·
149 2611 219 2634 Ἴσι-ι.
233 2618 260 2639 ⁴¹
268 2628 275 2639 ,
288 2617 325 2639 42.

125 2639 199 2662 thoe.
208 2638 247 2661 eit.
255 2638 280 2660 in
290 2643 338 2666 erg.

131 3214 141 3223 ·
155 3210 180 3232 111
196 3216 302 3239 corpore.

1029 156 1292 204 QUAESTlO
1322 154 1512 202 LXXXV,
1533 153 1826 191 ARTICULUS
1855 156 1884 191 11

360 241 426 267 stat
447 245 489 266 ex
505 236 656 276 partibus
673 236 806 276 perviis.
830 235 894 267 Sed
916 241 1020 276 partes
1044 236 1187 276 corporis
1209 235 1342 275 gloriosi
1359 243 1427 264 non

362 285 455 311 erunt
483 280 628 320 perviae:
661 290 737 311 cum
759 281 793 311 in
816 281 975 321 aliquibus
1006 279 1190 310 dominetur
1219 285 1314 315 terra,
1346 279 1428 308 sicut

361 325 395 355 in
419 324 566 354 carnibus
590 330 621 355 et
645 325 779 355 ossibus.
810 325 896 364 Ergo
920 334 1055 364 corpora
1081 324 1220 364 gloriosa
1243 332 1310 353 non
1335 327 1427 353 erunt

361 368 477 399 lucida.

419 422 448 443 2.
465 413 662 449 PRAETEREA,
679 423 777 443 omne
793 422 910 453 corpus
926 411 1071 443 lucidum
1087 411 1227 442 occultat
1243 410 1322 441 illud
1338 408 1427 450 quod

363 463 409 487 est
432 462 506 497 post
530 467 581 487 se:
615 457 702 488 unde
726 467 829 488 unum
852 457 1009 487 luminare
1032 462 1106 497 post
1129 455 1216 486 aliud
1239 455 1426 495 eclipsatur;

362 501 492 532 flamma
515 502 610 532 etiam
633 502 715 541 ignis
738 502 887 542 prohibet
909 500 1008 531 videri
1032 500 1122 541 quod
1137 505 1184 530 est
1198 504 1273 540 post
1296 508 1339 529 se.
1365 497 1427 528 Sed

363 555 499 586 corpora
521 546 661 586 gloriosa
676 556 742 576 non
759 546 968 576 occultabunt
989 545 1070 575 illud
1093 543 1182 584 quod
1200 544 1282 574 intra
1297 552 1335 573 ea
1350 551 1427 572 con-

362 591 498 621 tinetur:
524 591 609 630 quia,
627 596 662 620 ut
686 590 762 621 dicit
782 589 956 630 Gregorius
968 590 994 625 *‚
1012 598 1108 629 super
1123 587 1203 618 illud
1218 587 1276 617 Iob
1289 588 1333 622 θ,
1351 586 1426 616 Νοη

362 635 597 676 adaequabitur
619 635 650 665 ei
672 644 790 665 aurum
814 639 845 664 et
867 634 1008 664 vitrum:
1030 633 1090 668 Ibi,
1115 632 1235 662 scilicet
1252 631 1286 661 in
1302 630 1428 661 caelesti

362 680 472 720 patria,
497 679 748 719 uniuscuiusque
770 683 906 709 mentem
929 678 969 708 ab
987 677 1123 708 alterius
1146 675 1249 706 oculis
1272 674 1428 704 membro-

363 734 436 754 rum
459 723 662 764 corpulentia
690 732 755 753 non
784 722 971 757 abscondet,
990 721 1175 762 patebitque
1203 718 1429 759 corporalibus

364 769 467 799 oculis
490 769 559 808 ipsa
583 767 679 798 etiam
702 766 885 807 corporalis
907 765 1090 796 harmonia.
1114 764 1200 804 Ergo
1225 772 1361 802 corpora
1376 762 1429 792 illa

362 822 430 844 non
454 817 547 843 erunt
568 811 685 842 lucida.

420 857 449 887 3.
473 857 676 891 Puni-uam,
700 855 755 885 lux
783 859 814 884 et
843 853 934 884 color
963 853 1154 883 contrariam
1184 851 1429 891 dispositionem

362 901 528 942 requirunt
550 900 584 930 in
606 899 771 929 subiecto:
801 898 876 938 quia
904 898 964 928 lux
986 902 1034 927 est
1055 896 1242 927 extremitas
1263 894 1429 935 perspicui

362 946 395 976 in
419 953 557 985 corpore
572 953 637 973 non
654 942 836 978 terminato,
853 941 909 972 sed
924 942 1018 972 color
1033 942 1065 971 in
1083 950 1221 981 corpore
1245 939 1427 975 terminato,

362 994 398 1020 ut
419 993 507 1029 patet
529 988 563 1018 in
585 987 667 1017 libro
690 986 730 1017 de
752 986 855 1017 Sensu
871 991 903 1017 et
917 985 1053 1017 Sensato
1069 986 1096 1016 *.
1121 985 1184 1016 Sed
1207 994 1343 1025 corpora
1359 983 1428 1024 glo-

361 1034 445 1064 riosa
468 1037 561 1063 erunt
588 1031 747 1062 colorata:
773 1031 859 1071 quia,
882 1036 918 1061 ut
941 1030 1016 1061 dicit
1039 1030 1256 1070 Augustinus,
1279 1028 1366 1059 XXII
1389 1027 1429 1058 de

363 1077 432 1108 Cin.
455 1077 519 1108 Dei
534 1077 565 1112 ⁴,
583 1075 773 1116 pulcritudo
798 1075 946 1116 corporis
970 1080 1017 1106 est
1033 1075 1180 1115 partium
1203 1072 1427 1104 convenientia

361 1131 433 1152 cum
457 1120 597 1162 quadam
625 1120 746 1151 coloris
769 1120 950 1157 suavitate;
972 1118 1156 1160 pulcritudo
1180 1123 1288 1149 autem
1312 1126 1428 1157 corpo-

360 1167 447 1197 ribus
462 1164 645 1206 glorificatis
668 1164 777 1195 deesse
792 1174 861 1195 non
876 1164 1003 1205 poterit.
1028 1164 1114 1204 Ergo
1131 1172 1267 1203 corpora
1289 1162 1429 1203 gloriosa

360 1220 429 1242 non
452 1215 547 1241 erunt
568 1209 684 1240 lucida.

416 1264 449 1295 4.
472 1255 675 1290 Puni-nm,
699 1254 726 1283 si
754 1253 876 1284 claritas
907 1254 965 1284 erit
991 1253 1025 1283 in
1053 1252 1241 1292 corporibus
1270 1251 1428 1291 gloriosis,

362 1304 491 1340 oportet
519 1297 608 1339 quod
631 1298 671 1328 sit
694 1297 835 1338 aequalis
857 1298 892 1328 in
915 1298 1066 1328 omnibus
1093 1297 1235 1337 partibus
1264 1295 1426 1335 corporis:

361 1345 444 1375 sicut
467 1352 580 1374 omnes
603 1348 708 1383 partes
731 1347 824 1372 erunt
847 1341 991 1373 eiusdem
1014 1340 1283 1382 impassibilitatis,
1307 1338 1428 1370 subtili-

361 1389 432 1419 tatis
456 1393 488 1419 et
511 1387 666 1428 agilitatis.
690 1385 754 1417 Sed
776 1387 840 1417 hoc
862 1396 931 1417 non
955 1392 1001 1417 est
1024 1386 1237 1416 conveniens:
1265 1384 1342 1424 quia
1364 1392 1430 1413 una

361 1443 433 1474 pars
448 1433 544 1463 habet
558 1432 715 1462 maiorem
738 1430 983 1471 dispositionem
999 1430 1039 1461 ad
1054 1430 1228 1461 claritatem
1244 1437 1342 1469 quam
1358 1427 1427 1463 alia,

361 1478 444 1508 sicut
467 1476 555 1508 oculi
571 1485 669 1516 quam
684 1485 809 1512 manuS‚
827 1481 858 1506 et
873 1475 1000 1516 spiritus
1017 1484 1115 1515 quam
1131 1483 1212 1509 ossa,
1230 1478 1262 1503 et
1277 1474 1429 1503 humores

362 1531 461 1563 quam
484 1530 558 1552 caro
582 1520 633 1551 vel
655 1529 782 1550 nervus.
815 1519 901 1560 Ergo
930 1519 1056 1550 videtur
1083 1517 1174 1559 quod
1202 1527 1270 1548 non
1293 1516 1430 1547 debeant

360 1566 415 1597 illa
437 1575 574 1606 corpora
597 1574 666 1595 esse
688 1563 804 1595 lucida.

417 1610 480 1642 Sim
505 1619 628 1640 commi
651 1619 706 1639 nsr
730 1607 820 1648 quod
843 1607 958 1638 dicitur
981 1607 1093 1638 Matth.
1117 1617 1172 1637 xm
1187 1607 1222 1636 ἰ
1245 1605 1431 1647 Fulgebunt

362 1655 439 1686 iusti
457 1654 542 1685 sicut
554 1654 606 1684 sol
621 1653 654 1683 in
671 1662 775 1694 regno
791 1652 899 1683 Patris
922 1659 1055 1688 eorum,·
1073 1657 1106 1682 et
1120 1651 1196 1692 Sap.
1212 1661 1247 1681 m
1258 1651 1292 1680 *z
1309 1649 1429 1691 Fulge-

361 1699 441 1730 bunt
463 1698 539 1729 iusti
561 1702 594 1728 et
615 1702 769 1738 tanquam
791 1696 952 1727 scintillae
976 1701 1036 1726 etc.

418 1752 448 1773 2.
472 1743 669 1778 Pmrmzm,
693 1741 707 1772 I
733 1741 809 1771 Cor.
833 1750 874 1771 xv
890 1741 922 1771 ’ς
947 1740 1135 1771 seminatur
1158 1739 1191 1770 in
1216 1738 1428 1780 ignobilitate,

359 1792 475 1829 surget
496 1786 530 1817 in
553 1786 688 1828 gloria:
717 1784 808 1826 quod
838 1784 879 1815 ad
902 1785 1076 1815 claritatem
1105 1784 1259 1824 pertinet,
1283 1789 1320 1813 ut
1343 1787 1430 1823 patet

360 1841 418 1873 per
449 1830 672 1871 praecedentia
687 1831 723 1866 *‚
748 1830 804 1860 ubi
833 1839 1009 1870 corporum
1031 1829 1266 1869 resurgentium
1295 1827 1430 1867 gloriam

361 1881 527 1916 comparat
560 1875 705 1906 claritati
741 1874 921 1905 stellarum.
961 1874 1047 1914 Ergo
1081 1882 1216 1914 corpora
1245 1878 1430 1903 sanctorum

361 1925 526 1961 resurgent
548 1918 664 1950 lucida.

415 1965 606 1996 Rusponnno
629 1973 790 1994 mmmmm
814 1961 904 2004 quod
927 1971 1064 2002 corpora
1087 1967 1272 1992 sanctorum
1292 1960 1362 1991 fore
1380 1960 1430 1990 lu-

362 2008 432 2040 cida
454 2015 530 2050 post
551 2008 819 2039 resurrectionem
841 2016 964 2048 ponere
987 2011 1116 2046 oportet
1139 2011 1269 2047 propter
1292 2005 1431 2036 auctori-

361 2059 460 2085 tatem
483 2053 674 2093 Scriptum,
692 2061 775 2092 quae
790 2052 854 2082 hoc
870 2051 1028 2092 promittit
1043 2051 1070 2081 ⁴.
1090 2050 1154 2081 Sed
1169 2049 1316 2080 claritatis
1333 2049 1430 2080 huius

362 2108 492 2130 causam
515 2096 647 2138 quidam
663 2098 680 2113 ³*
703 2096 880 2126 attribuunt
902 2096 1033 2136 quintae
1057 2095 1221 2131 essentiae,
1246 2103 1330 2134 quae
1352 2099 1431 2124 tunc

362 2142 579 2174 dominabitur
593 2142 628 2172 in
643 2149 779 2181 corpore
802 2141 958 2170 humano.
983 2138 1046 2170 Sed
1069 2140 1145 2179 quia
1167 2139 1231 2169 hoc
1252 2144 1299 2169 est
1321 2138 1430 2168 absur-

363 2187 458 2224 dum,
481 2192 519 2217 ut
541 2195 636 2226 saepe
667 2185 790 2215 dictum
821 2190 868 2215 est
883 2185 916 2220 “,
940 2183 1015 2214 ideo
1041 2184 1156 2214 melius
1181 2188 1227 2214 est
1250 2188 1286 2214 ut
1309 2182 1431 2213 dicatur

364 2231 454 2272 quod
470 2231 593 2261 claritas
617 2229 669 2260 illa
693 2229 873 2260 causabitur
888 2238 927 2259 ex
942 2227 1152 2259 redundantia
1169 2228 1289 2268 gloriae
1305 2227 1431 2257 animae

364 2277 397 2307 in
414 2285 532 2315 corpus
547 2275 574 2304 *.
608 2273 708 2312 Quod
728 2273 814 2304 enim
837 2273 989 2313 recipitur
1003 2273 1036 2302 in
1060 2272 1180 2313 aliquo,
1197 2282 1265 2302 non
1280 2272 1431 2312 recipitur

364 2330 422 2360 per
440 2319 577 2350 modum
596 2318 768 2354 influentis,
786 2317 842 2349 sed
856 2327 914 2358 per
928 2317 1064 2348 modurn
1085 2317 1266 2357 recipientis
1281 2317 1308 2347 ἦ
1332 2316 1373 2346 Et
1389 2316 1432 2346 ita

331 2387 337 2397 ,
365 2357 597 2404 claritas‚‘quae
621 2368 668 2393 est
687 2363 719 2392 in
743 2362 849 2392 anima
867 2362 1047 2402 spiritualis,
1063 2362 1215 2401 recipitur
1238 2362 1271 2391 in
1295 2370 1431 2401 corpore

365 2414 401 2439 ut
416 2408 601 2448 corporalis.
626 2407 667 2437 Et
682 2406 766 2443 ideo,
784 2406 963 2437 secundum
986 2405 1076 2446 quod
1100 2406 1205 2436 anima
1229 2406 1286 2436 erit
1302 2406 1431 2435 maioris

366 2453 512 2484 claritatis
528 2451 707 2482 secundum
721 2451 825 2481 maius
840 2451 1001 2487 meritum,
1013 2451 1056 2481 ita
1071 2451 1167 2481 etiam
1183 2451 1242 2481 erit
1257 2449 1432 2480 differentia

366 2498 512 2528 claritatis
535 2497 568 2527 in
593 2505 746 2536 corpore:
770 2501 807 2526 ut
825 2501 912 2535 patet
930 2505 988 2535 per
1002 2495 1209 2535 Apostolum,
1226 2495 1239 2525 1
1257 2494 1334 2524 Cor.
1351 2504 1391 2524 xv
1403 2495 1430 2524 ’ἦ

366 2542 407 2573 Et
421 2542 465 2572 ita
479 2542 513 2572 in
529 2549 665 2581 corpore
687 2540 829 2580 glorioso
854 2545 1068 2580 cognoscetur
1082 2540 1183 2580 gloria
1198 2539 1333 2574 animae,
1350 2539 1432 2569 sicut

366 2587 399 2617 in
414 2586 496 2616 vitro
513 2585 720 2625 cognoscitur
735 2584 826 2615 color
841 2585 986 2624 corporis
1002 2583 1092 2624 quod
1112 2584 1294 2614 continetur
1308 2584 1342 2613 in
1358 2593 1432 2614 vase

366 2631 486 2661 vitreo:
511 2635 547 2660 ut
571 2629 744 2669 Gregorius
761 2628 837 2659 dicit
852 2629 878 2663 ἦ
895 2638 991 2668 super
1011 2628 1091 2659 illud
1106 2628 1164 2658 Iob
1180 2629 1224 2664 **‚
1242 2628 1317 2658 Non
1334 2628 1431 2658 adae·-

334 2708 340 2718 ,
365 2674 518 2716 quabitur
540 2674 570 2704 ei
592 2683 710 2704 aurum
733 2673 784 2703 vel
806 2673 934 2703 vitrum.

422 2720 472 2749 AD
496 2728 614 2749 Panum
637 2727 719 2748 eaeo
743 2727 903 2747 memnon
927 2716 1018 2757 quod
1039 2717 1205 2747 Avicenna
1227 2716 1370 2757 loquitur
1392 2716 1432 2747 de

365 2764 422 2795 illo
446 2772 582 2803 corpore
610 2761 700 2802 quod
726 2761 821 2792 habet
844 2771 883 2792 ex
905 2767 1017 2791 natura
1045 2761 1314 2801 componentium
1341 2761 1430 2791 clari-

365 2813 474 2839 tatem.
499 2807 551 2838 Sic
567 2812 675 2837 autern
691 2815 759 2836 non
774 2805 903 2836 habebit
919 2815 1036 2846 corpus
1056 2805 1243 2845 gloriosum,
1260 2805 1317 2836 sed
1331 2806 1431 2846 magis

367 2863 406 2884 ex
428 2852 543 2883 merito
567 2851 700 2881 vinutis.

421 2897 472 2927 An
497 2905 659 2927 suem-mum
681 2904 841 2925 memnon
864 2893 954 2934 quod
977 2890 1150 2933 Gregorius
1174 2899 1339 2934 comparat
1362 2903 1432 2924 cor-

365 2951 446 2982 pora
461 2941 601 2981 gloriosa
616 2949 695 2970 auro
713 2944 744 2969 et
759 2939 857 2969 vitro:
875 2948 965 2974 auro,
981 2943 1113 2978 propter
1132 2938 1321 2974 claritatem3
1338 2938 1431 2974 vitro,

366 2991 498 3026 propter
520 2985 584 3015 hoc
608 2983 698 3024 quod
720 2983 969 3014 translucebunt.
994 2982 1088 3013 Unde
1110 2982 1235 3013 videtur
1258 2981 1432 3013 dicendum

367 3029 458 3071 quod
473 3034 566 3060 erunt
581 3028 677 3059 simul
693 3028 801 3068 pervia
821 3033 852 3058 et
868 3027 960 3057 clara.
985 3026 1085 3064 Quod
1106 3027 1193 3057 enim
1213 3025 1346 3066 aliquod
1368 3026 1431 3057 cla-

366 3083 439 3105 rum
453 3083 523 3104 non
538 3074 577 3104 sit
591 3073 749 3113 pervium,
762 3072 918 3112 contingit
934 3081 972 3102 ex
987 3071 1051 3101 hoc
1067 3070 1157 3111 quod
1177 3071 1299 3101 claritas
1315 3080 1431 3111 corpo-

367 3118 408 3149 ris
424 3123 572 3149 causatur
587 3127 625 3148 ex
641 3116 795 3147 densitate
814 3117 953 3156 partium
968 3115 1165 3146 lucidarum:
1190 3115 1328 3146 densitas
1344 3115 1430 3145 enim

367 3167 525 3202 repugnat
555 3161 731 3202 pervietati.
767 3160 830 3192 Sed
852 3166 930 3191 tunc
959 3160 1139 3190 causabitur
1161 3159 1283 3190 claritas
1307 3169 1345 3189 ex
1371 3159 1432 3189 alia

369 3215 474 3242 causa,
498 3211 534 3236 ut
557 3205 679 3236 dictum
702 3210 749 3236 est
764 3206 791 3235 ἢ
822 3205 969 3235 Densitas
998 3209 1106 3234 autem
1137 3204 1280 3244 corporis
1301 3203 1432 3244 gloriosi

369 3250 575 3290 pervictatem
586 3260 654 3281 non
665 3250 748 3280 tollit
764 3250 802 3280 ab
816 3250 879 3280 eis:
899 3250 981 3279 sicut
996 3258 1057 3279 nec
1073 3247 1210 3279 densitas
1222 3248 1292 3278 vitri
1309 3258 1326 3278 a
1338 3248 1430 3278 vitro.

425 3292 566 3332 Quidam
580 3299 689 3325 tamen
704 3293 815 3325 dicunt
831 3293 920 3334 quod
936 3298 1162 3334 comparantur
1173 3293 1265 3328 vitro,
1278 3301 1344 3322 non
1357 3292 1433 3332 quia

370 3338 433 3368 sint
461 3337 584 3377 pervia,
609 3337 664 3368 sed
686 3343 818 3378 propter
840 3338 923 3368 hanc
951 3336 1192 3368 similitudinem
1221 3335 1325 3377 quod,
1350 3337 1432 3366 sicut

371 3380 492 3421 aliquid
514 3381 604 3421 quod
618 3382 652 3412 in
667 3383 748 3412 vitro
773 3382 929 3413 clauditur
952 3387 1092 3422 apparet,
1109 3382 1151 3411 ita
1175 3382 1299 3411 animae
1323 3381 1432 3420 gloria,

372 3435 454 3466 quae
484 3425 518 3455 in
541 3434 676 3465 corpore
705 3425 846 3466 glorioso
878 3426 1059 3462 claudetur,
1083 3435 1151 3456 non
1182 3426 1300 3456 latebit.
1323 3443 1346 3447 —
1372 3424 1434 3455 Sed

371 3470 512 3510 primum
534 3469 649 3499 melius
672 3475 736 3500 est:
761 3471 836 3510 quia
851 3471 951 3510 magis
972 3471 1109 3501 salvatur
1132 3470 1266 3510 dignitas
1290 3470 1433 3510 corporis

371 3514 521 3554 gloriosi;
545 3518 577 3544 et
599 3514 699 3553 magis
722 3519 878 3544 consonat
901 3514 991 3545 dictis
1015 3514 1170 3555 Gregorii.

1443 640 1469 655 10

1444 860 1466 879 ις

1443 1306 1466 1325 25

1444 1526 1469 1545 30

1445 1747 1467 1767 ³5

1444 1971 1471 1991 40

1444 2193 1468 2213 45

1446 2417 1472 2437 5⁰

1447 2637 1469 2658 55

1445 2857 1472 2876 60

1445 3077 1469 3102 ⁶5

1447 3303 1474 3323 70

1448 3523 1471 3544 75

2473 166 2543 202 199

1537 233 1588 263 Αι)
1611 242 1747 262 raa‘rnm
1779 243 1938 263 brennum
1971 234 2060 273 quod
2093 235 2236 274 corporis
2268 235 2368 275 gloria
2399 239 2545 265 naturam

1481 286 1550 307 non
1572 276 1673 312 tollet,
1697 275 1753 307 sed
1775 276 1928 316 perficiet.
1953 278 2046 308 Unde
2069 278 2159 308 color
2182 279 2238 319 qui
2262 279 2395 309 debetur
2417 279 2545 319 corpori

1483 330 1521 351 ex
1543 326 1655 351 natura
1681 330 1811 351 suarum
1838 321 1994 360 partium,
2018 323 2192 353 remanebit
2214 324 2248 353 in
2272 333 2331 353 eo:
2356 323 2412 353 sed
2435 332 2545 362 super-

1483 364 1616 395 addetur
1646 365 1768 395 claritas
1795 374 1833 395 ex
1856 365 1956 404 gloria
1986 366 2129 402 animae;
2162 367 2243 397 sicut
2275 368 2370 397 etiam
2399 367 2545 397 videmus

1483 419 1619 449 corpora
1650 409 1792 439 colorata
1815 418 1853 439 ex
1876 409 1925 438 sui
1948 415 2060 439 natura
2089 410 2164 440 solis
2194 411 2363 450 splendore
2392 411 2544 447 relucere,

1482 454 1532 484 vel
1556 463 1594 483 ex
1618 453 1724 493 aliqua
1747 453 1807 483 alia
1831 462 1926 483 causa
1950 453 2123 483 extrinseca
2145 455 2195 484 vel
2218 455 2396 485 intrinseca.

1538 498 1588 527 An
1613 507 1761 527 oum-run
1785 507 1944 527 mmmmm
1968 496 2074 536 quod,
2099 498 2180 527 sicut
2206 498 2325 538 gloriae
2353 499 2474 529 claritas
2497 508 2543 529 re-

1483 541 1603 572 dundat
1626 542 1664 571 ab
1689 542 1794 572 anima
1822 542 1855 571 in
1883 550 2001 581 corpus
2028 541 2206 571 secundum
2234 552 2329 572 suum
2356 543 2491 573 modum
2515 548 2546 573 et

1482 586 1526 615 ibi
1555 591 1601 616 est
1629 586 1691 616 alio
1719 585 1820 616 modo
1851 595 1948 625 quam
1977 586 2017 615 sit
2043 586 2076 615 in
2104 586 2226 621 anima,
2251 587 2293 616 ita
2315 587 2348 616 in
2373 587 2546 626 quamlibet

1483 635 1606 669 partem
1622 630 1766 670 corporis
1781 629 1970 660 redundabit
1986 629 2164 659 secundum
2180 639 2275 660 suum
2291 630 2436 661 modum.
2452 630 2546 661 Unde

1482 683 1548 703 non
1566 679 1613 703 est
1630 674 1860 704 inconveniens
1885 673 1974 713 quod
1997 673 2137 703 diversae
2160 679 2264 713 partes
2286 674 2423 704 habeant
2446 674 2546 705 diver-

1483 717 1607 747 simode
1624 718 1806 754 claritatem,
1823 718 2002 748 secundum
2018 717 2107 757 quod
2123 723 2197 748 sunt
2213 717 2423 748 diversimode
2440 718 2546 758 dispo-

1483 762 1560 791 sitae
1577 771 1614 792 ex
1630 762 1680 792 sui
1695 767 1807 792 natura
1823 762 1863 792 ad
1877 763 1989 802 ipsam.
2013 762 2082 792 Nec
2099 768 2145 792 est
2161 762 2262 792 simile
2279 761 2318 792 de
2334 763 2400 792 aliis
2420 762 2547 792 dotibus

1483 806 1637 845 corporis,
1653 812 1800 846 respectu
1817 816 1953 847 quarum
1973 812 2077 846 partes
2101 807 2244 847 corporis
2259 816 2326 836 non
2342 807 2548 837 inveniuntur

1483 850 1599 880 habere
1623 850 1778 881 diversam
1802 850 2055 891 dispositionem.

1483 924 1582 955 ART.
1608 925 1644 955 ΙΙ.
1674 935 1779 955 UTRUM
1803 935 1950 956 emarus
1975 935 2124 956 conporus
2149 935 2294 956 onomosr
2316 936 2419 956 Possrr
2442 936 2548 956 vmam

1798 980 1836 1000 AB
1861 980 1964 1000 OCULO
1988 980 2052 1000 NON
2077 979 2232 1000 GLomoso

1709 1020 1740 1042 111
1755 1020 1828 1047 Sent„
1843 1020 1897 1042 dist.
1912 1027 1959 1047 xxi,
1975 1027 2013 1049 qu.
2029 1027 2055 1048 n,
2070 1025 2111 1042 art.
2126 1028 2149 1046 4,
2164 1021 2209 1049 qu·
2225 1028 2243 1046 ι,
2258 1021 2287 1042 nd
2301 1027 2322 1043 a.

1485 1081 1568 1144 Ab
1585 1081 1747 1101 sacrmmm
1767 1081 1813 1102 src
1835 1081 2039 1102 Pnocnmrun.
2063 1071 2197 1102 Videtur
2219 1071 2310 1112 quod
2333 1072 2454 1102 claritas
2477 1081 2547 1102 cor-

1547 1116 1634 1155 poris
1657 1116 1787 1156 gloriosi
1806 1126 1873 1147 non
1889 1117 1990 1156 possit
2010 1116 2109 1147 videri
2130 1117 2168 1147 ab
2185 1117 2282 1147 oculo
2303 1126 2371 1147 non
2393 1116 2546 1156 glorioso.

1484 1159 1621 1200 Oportet
1644 1161 1731 1191 enirn
1759 1170 1827 1191 esse
1854 1161 2099 1201 proportionem
2122 1161 2251 1191 visibilis
2275 1160 2314 1191 ad
2336 1161 2451 1191 visum.
2485 1160 2548 1191 Sed

1483 1204 1598 1234 oculus
1620 1214 1688 1235 non
1711 1204 1906 1245 glorificatus
1929 1215 1997 1235 non
2021 1210 2067 1235 est
2089 1206 2351 1245 proportionatus
2374 1205 2414 1235 ad
2436 1205 2547 1235 viden-

1483 1248 1557 1279 dam
1585 1248 1758 1280 claritatem
1788 1250 1926 1289 gloriae:
1961 1259 2036 1280 cum
2066 1250 2106 1280 sit
2135 1250 2262 1280 alterius
2294 1250 2418 1289 generis
2449 1259 2547 1290 quam

1483 1293 1606 1323 claritas
1628 1299 1769 1324 naturae.
1794 1294 1880 1334 Ergo
1904 1294 2047 1334 corporis
2070 1294 2201 1334 gloriosi
2226 1294 2347 1324 claritas
2369 1303 2438 1324 non
2460 1293 2547 1324 vide-

1483 1337 1568 1367 bitur
1591 1338 1630 1367 ab
1653 1338 1751 1368 oculo
1774 1347 1842 1369 non
1864 1338 2017 1378 glorioso.

1540 1391 1570 1412 2.
1594 1381 1790 1418 Puerum,
1807 1382 1929 1412 claritas
1953 1383 2096 1423 corporis
2112 1382 2243 1422 gloriosi
2259 1383 2316 1413 erit
2331 1383 2433 1413 maior
2449 1391 2548 1422 quam

1483 1426 1606 1456 claritas
1629 1426 1704 1456 solis
1727 1436 1815 1457 nunc
1838 1427 1895 1457 sit:
1929 1427 2004 1467 quia
2028 1427 2123 1457 etiam
2147 1427 2268 1457 claritas
2291 1427 2366 1457 solis
2390 1427 2448 1457 erit
2470 1432 2547 1457 tunc

1482 1471 1586 1500 maior
1609 1479 1707 1510 quam
1734 1470 1835 1501 modo
1864 1471 1917 1507 sit,
1941 1476 1977 1501 ut
2001 1471 2115 1501 dicitur
2130 1472 2164 1507 *3
2198 1476 2229 1501 et
2251 1471 2355 1502 multo
2385 1472 2488 1501 maior
2511 1481 2548 1501 ea

1484 1515 1542 1545 erit
1569 1515 1691 1545 claritas
1720 1516 1863 1555 corporis
1890 1515 2036 1555 gloriosi,
2060 1520 2191 1555 propter
2219 1515 2308 1555 quod
2335 1515 2384 1546 sol
2408 1521 2439 1546 et
2461 1520 2548 1546 totus

1482 1558 1624 1590 mundus
1648 1559 1821 1590 claritatem
1844 1560 2001 1590 maiorem
2020 1560 2162 1599 accipiet.
2187 1559 2251 1590 Sed
2267 1560 2380 1590 oculus
2396 1569 2464 1590 non
2479 1560 2548 1599 glo-

1483 1604 1585 1634 riosus
1608 1613 1676 1634 non
1699 1609 1806 1643 potest
1828 1604 1984 1644 inspicere
2007 1604 2110 1634 solem
2131 1605 2165 1634 in
2180 1610 2250 1634 rota
2273 1609 2404 1644 propter
2426 1605 2546 1645 magni-

1483 1647 1629 1678 tudinem
1660 1648 1816 1679 claritatis.
1850 1649 1935 1688 Ergo
1968 1648 2072 1679 multo
2105 1649 2212 1678 minus
2243 1649 2361 1688 poterit
2392 1649 2549 1689 inspicere

1484 1692 1658 1723 claritatem
1682 1693 1826 1732 corporis
1849 1693 1990 1732 gloriosi.

1540 1736 1570 1767 3.
1594 1736 1791 1773 Pmnraaaa,
1807 1737 1930 1767 visibile
1946 1737 2134 1776 oppositum
2151 1737 2253 1767 oculis
2268 1735 2404 1767 videntis
2419 1746 2550 1768 necesse

1485 1786 1532 1811 est
1549 1779 1659 1816 videri,
1683 1781 1745 1811 nisi
1768 1781 1807 1811 sit
1829 1781 1927 1811 laesio
1952 1781 2058 1821 aliqua
2073 1781 2106 1811 in
2122 1781 2230 1811 oculo.
2255 1780 2318 1811 Sed
2342 1781 2464 1811 claritas
2480 1791 2550 1812 cor-

1483 1825 1571 1865 poris
1593 1825 1725 1865 gloriosi
1749 1826 1899 1866 opposita
1922 1825 2025 1856 oculis
2043 1835 2111 1856 non
2126 1825 2273 1865 gloriosis
2289 1834 2356 1855 non
2372 1826 2550 1856 necessario

1484 1869 1609 1900 videtur
1633 1870 1672 1900 ab
1696 1870 1759 1900 eis:
1786 1869 1876 1910 quod
1898 1875 1986 1910 patet
2009 1869 2048 1900 de
2072 1869 2245 1910 discipulis,
2271 1870 2326 1909 qui
2350 1879 2467 1910 corpus
2483 1870 2551 1900 Do-

1484 1914 1565 1944 mini
1594 1919 1668 1954 post
1702 1915 1969 1945 resurrectionem
1999 1914 2146 1945 viderunt
2176 1914 2350 1945 claritatem
2380 1915 2448 1945 eius
2483 1924 2550 1945 non

1484 1959 1646 1991 intuentes
1661 1959 1687 1988 *.
1722 1958 1807 1999 Ergo
1837 1959 1959 1989 claritas
1986 1958 2039 1989 illa
2066 1968 2134 1989 non
2163 1964 2209 1989 est
2236 1958 2366 1988 visibilis
2390 1959 2428 1989 ab
2453 1959 2550 1990 oculo

1484 2012 1553 2033 non
1575 2002 1728 2043 glorioso.

1540 2046 1603 2078 San
1628 2056 1751 2077 CONTRA
1774 2057 1828 2078 κει·
1852 2047 1942 2087 quod
1969 2046 2045 2077 dicit
2069 2046 2184 2078 Glossa
2197 2048 2224 2083 *,
2248 2046 2363 2087 Philip.
2387 2057 2430 2083 111,
2455 2057 2551 2088 super

1484 2090 1564 2122 illud
1579 2092 1606 2127 ἡ
1633 2091 1883 2133 Configuratum
1913 2091 2046 2132 corpori
2073 2091 2232 2122 claritatis
2254 2099 2355 2122 suae:
2384 2091 2551 2122 Assimila-

1484 2136 1591 2166 bimur
1613 2136 1757 2166 claritati
1779 2146 1875 2177 quam
1898 2136 2010 2166 habuit
2031 2136 2064 2166 in
2084 2135 2384 2177 transfiguratione.
2409 2135 2472 2166 Sed
2488 2136 2551 2167 cla-

1484 2181 1558 2210 ritas
1581 2180 1635 2210 illa
1649 2181 1715 2210 visa
1731 2180 1791 2211 fuit
1806 2181 1845 2211 ab
1862 2180 1964 2211 oculis
1988 2179 2220 2220 discipulorum
2239 2189 2307 2210 non
2322 2179 2506 2220 glorificatis
2522 2182 2548 2211 *ἱ

1485 2225 1571 2265 Ergo
1589 2230 1620 2255 et
1636 2225 1757 2255 claritas
1781 2225 1924 2266 corporis
1947 2224 2114 2265 glorificati
2133 2225 2171 2255 ab
2188 2224 2290 2255 oculis
2313 2234 2382 2255 non
2403 2225 2550 2265 gloriosis

1485 2269 1615 2300 visibilis
1639 2270 1706 2300 erit.

1543 2323 1572 2343 2.
1597 2314 1793 2350 Prummu,
1810 2314 1901 2354 impii
1923 2312 2065 2343 videntes
2086 2313 2221 2353 gloriam
2243 2313 2412 2349 iustorum,
2429 2323 2467 2343 ex
2487 2313 2550 2344 hoc

1486 2358 1722 2398 torquebuntur
1744 2359 1777 2388 in
1805 2358 1943 2388 iudicio:
1973 2363 2009 2388 ut
2035 2363 2122 2397 patet
2148 2367 2205 2398 per
2227 2357 2291 2387 hoc
2319 2357 2409 2397 quod
2437 2357 2552 2388 dicitur

1486 2403 1561 2443 Sap.
1586 2413 1605 2432 v
1621 2403 1648 2433 *.
1682 2402 1746 2434 Sed
1772 2412 1840 2433 non
1867 2402 1962 2443 plene
1990 2401 2134 2432 viderent
2160 2402 2295 2442 gloriam
2322 2402 2467 2442 ipsorum
2490 2402 2550 2432 nisi

1486 2447 1660 2478 claritatem
1684 2456 1857 2487 corporum
1881 2456 1995 2477 eorum
2017 2447 2220 2487 inspicerent.
2245 2446 2341 2486 Ergo,
2367 2451 2426 2476 etc.

1540 2492 1730 2522 Ruspounno
1755 2501 1915 2522 nrcannuu
1939 2490 2028 2531 quod
2051 2490 2182 2531 quidam
2206 2490 2352 2521 dixerunt
2375 2490 2465 2530 quod
2489 2491 2551 2521 cla-

1485 2536 1558 2566 ritas
1581 2537 1726 2576 corporis
1749 2536 1880 2576 gloriosi
1903 2545 1971 2566 non
1994 2541 2101 2575 potest
2115 2534 2214 2566 videri
2231 2535 2269 2565 ab
2286 2534 2383 2565 oculo
2399 2544 2467 2565 non
2482 2534 2552 2575 glo-

1486 2581 1583 2616 rioso,
1604 2581 1667 2622 *nisi
1691 2580 1773 2611 forte
1796 2590 1854 2621 per
1876 2580 2077 2610 miraculum.
2102 2579 2166 2610 Sed
2188 2580 2251 2609 hoc
2267 2589 2335 2609 non
2350 2585 2457 2619 potest
2473 2589 2550 2615 esse,

1485 2626 1547 2655 nisi
1570 2625 1692 2656 claritas
1715 2625 1768 2655 illa
1791 2625 1968 2665 aequivoce
1992 2624 2158 2654 diceretur.
2183 2623 2268 2662 Quia
2289 2624 2353 2659 lux,
2373 2623 2552 2654 secundum

1485 2669 1520 2700 id
1543 2669 1633 2709 quod
1656 2675 1713 2705 est,
1736 2675 1810 2700 nata
1833 2675 1880 2700 est
1902 2678 2034 2699 movere
2057 2669 2178 2704 visum;
2203 2674 2234 2698 et
2257 2669 2353 2704 visus,
2373 2668 2552 2698 secundum

1486 2713 1519 2744 id
1543 2714 1632 2754 quod
1656 2719 1717 2750 est,
1741 2719 1834 2744 natus
1862 2718 1909 2743 est
1930 2714 2095 2753 percipere
2122 2713 2247 2749 lucem;
2279 2713 2360 2742 sicut
2383 2722 2495 2742 verum
2519 2722 2552 2742 se

1486 2758 1582 2788 habet
1597 2758 1637 2788 ad
1651 2758 1861 2794 intellectum,
1878 2763 1909 2787 et
1924 2758 2050 2787 bonum
2068 2756 2108 2787 ad
2123 2756 2283 2787 affectum.
2308 2756 2412 2792 Unde,
2429 2757 2455 2786 si
2470 2762 2552 2787 esset

1487 2803 1601 2842 aliquis
1633 2803 1719 2833 visus
1747 2803 1804 2842 qui
1835 2811 1904 2832 non
1935 2807 2044 2842 posset
2075 2801 2240 2841 percipere
2271 2801 2412 2840 aliquam
2444 2801 2551 2830 lucem

1487 2847 1640 2883 omnino,
1665 2846 1716 2877 vel
1745 2846 1798 2877 ille
1825 2847 1910 2876 visus
1939 2845 2095 2876 diceretur
2118 2845 2312 2885 aequivoce,
2335 2845 2386 2875 vel
2409 2844 2463 2875 lux
2486 2845 2550 2875 illa.

1487 2891 1586 2929 Quod
1601 2901 1669 2922 non
1685 2896 1791 2931 potest
1806 2891 1839 2920 in
1855 2890 2023 2930 proposito
2047 2889 2128 2920 dici:
2154 2889 2229 2928 quia
2250 2889 2294 2919 sic
2309 2898 2367 2929 per
2382 2889 2446 2919 hoc
2462 2888 2552 2928 quod

1487 2935 1601 2966 dicitur
1627 2935 1767 2975 gloriosa
1799 2944 1935 2975 corpora
1966 2933 2072 2964 futura
2104 2942 2172 2963 esse
2204 2932 2325 2969 lucida,
2349 2933 2428 2963 nihil
2457 2933 2551 2963 nobis

1486 2979 1722 3015 notificaretur;
1755 2980 1838 3009 sicut
1866 2979 1922 3018 qui
1949 2978 2026 3008 dicit
2053 2987 2166 3008 canem
2195 2986 2262 3008 esse
2285 2977 2318 3007 in
2342 2977 2448 3013 caelo,
2472 2977 2551 3007 nihil

1485 3023 1630 3054 notificat
1646 3025 1676 3054 ei
1691 3024 1748 3064 qui
1762 3033 1830 3053 non
1846 3023 1937 3053 novit
1959 3023 2020 3053 nisi
2043 3031 2156 3052 canem
2180 3022 2236 3062 qui
2260 3026 2306 3052 est
2329 3021 2455 3052 animal.
2474 3021 2550 3052 Ideo

1487 3067 1659 3099 dicendum
1676 3073 1723 3098 est
1738 3067 1828 3108 quod
1849 3067 1971 3097 claritas
1994 3067 2137 3107 corporis
2160 3066 2291 3106 gloriosi
2314 3065 2497 3096 naturaliter
2512 3065 2551 3095 ab

1488 3113 1586 3143 oculo
1609 3122 1678 3142 non
1699 3112 1841 3152 glorioso
1864 3111 1963 3141 videri
1985 3116 2101 3151 potest.

1541 3157 1592 3187 An
1616 3166 1733 3187 pamm
1760 3165 1843 3186 anoo
1874 3165 2034 3185 mmmmm
2066 3153 2155 3195 quod
2187 3154 2306 3194 gloriae
2339 3154 2462 3184 claritas
2494 3154 2552 3185 erit

1487 3201 1614 3232 alterius
1629 3201 1753 3241 generis
1773 3209 1871 3240 quarn
1887 3200 2008 3230 claritas
2028 3205 2160 3230 naturae
2183 3204 2340 3239 quantum
2356 3198 2396 3229 ad
2412 3208 2550 3235 causam,

1487 3245 1543 3276 sed
1558 3255 1625 3276 non
1641 3250 1799 3286 quantum
1815 3244 1854 3275 ad
1870 3245 2021 3285 speciem.
2046 3243 2150 3279 Unde,
2170 3243 2252 3273 sicut
2276 3242 2398 3273 claritas
2421 3248 2552 3273 naturae

1487 3290 1610 3320 ratione
1642 3289 1760 3330 speciei
1791 3298 1868 3319 suae
1898 3294 1945 3319 est
1973 3288 2216 3328 proportionata
2238 3286 2340 3323 visui,
2364 3288 2407 3317 ita
2429 3287 2552 3318 claritas

1487 3334 1635 3374 gloriosa.

1542 3379 1592 3408 An
1617 3387 1779 3408 SECUNDUM
1802 3387 1961 3407 memnon
1989 3376 2096 3417 quod,
2120 3376 2202 3406 sicut
2230 3385 2347 3416 corpus
2374 3375 2552 3415 gloriosum

1487 3433 1555 3453 non
1578 3428 1683 3463 potest
1706 3422 1771 3462 pati
1795 3420 1916 3462 aliquid
1938 3421 2087 3462 passione
2109 3425 2250 3456 naturae,
2273 3419 2328 3451 sed
2351 3419 2458 3450 solum
2480 3429 2551 3460 pas-

1488 3468 1578 3497 sione
1603 3467 1743 3502 animae,
1771 3466 1814 3496 ita
1844 3476 1882 3496 ex
1912 3466 2105 3506 proprietate
2136 3464 2256 3504 gloriae
2288 3474 2355 3495 non
2388 3469 2460 3504 aget
2491 3464 2552 3494 nisi

1489 3512 1615 3542 actione
1639 3511 1773 3541 animae.
1798 3509 1930 3541 Claritas
1951 3515 2059 3540 autem
2078 3510 2201 3540 intensa
2216 3519 2284 3540 non
2300 3508 2434 3540 offendit
2448 3509 2552 3538 visum

2578 1477 2587 1487 '
2599 1475 2652 1498 Iui.
2666 1481 2717 1503 cap.
2732 1482 2788 1502 xxx,

2575 1508 2634 1523 ven.
2645 1502 2683 1525 26:
2704 1501 2787 1524 Isidor.

2575 1528 2788 1576 deOrtiJCreaturV

2575 1555 2789 1613 gaeerttdiffixgbviu,

2576 1614 2625 1636 cap.
2645 1607 2760 1630 Veniente.

2579 1966 2588 1976 ·
2606 1965 2641 1987 Cf.
2663 1965 2719 1987 Luc.
2738 1970 2788 1992 cap.

2577 1997 2640 2018 xxiv,
2651 1997 2710 2014 vern.
2728 1991 2763 2014 ιδ.

2578 2056 2588 2066 ·
2597 2054 2672 2076 interl.
2678 2054 2790 2076 etLomb.

2580 2098 2589 2107 ‘
2602 2095 2670 2118 Vere.
2684 2102 2719 2118 ει.

2578 2181 2792 2209 ’Μιῐῐὶιαιρᾱνιῃ

2578 2214 2637 2229 vers.
2649 2215 2668 2234 ι,
2678 2213 2703 2233 2;
2718 2207 2788 2230 Marc.

2577 2240 2789 2262 cap.1x‚vers.=‚2;

2578 2261 2633 2282 Luc.
2659 2266 2709 2288 cap.
2737 2267 2760 2282 ux
2770 2277 2776 2287 ,

2578 2293 2637 2308 vere.
2656 2287 2701 2314 28,
2719 2293 2759 2315 29;
2779 2287 2791 2308 Ι

2578 2314 2634 2340 Pet„
2645 2319 2695 2341 cap.
2707 2320 2723 2340 ι,
2731 2320 2791 2335 vers.

2579 2341 2614 2367 ¹6,
2630 2346 2662 2367 ¹7.

2579 2408 2588 2417 '¹
2603 2406 2669 2428 νει-ι.
2686 2413 2705 2434 ¹,
2719 2412 2741 2428 2.
