2918 4088
252 497 254 499 ·
282 484 373 522 zatis
392 484 673 533 iniungendum
692 494 747 523 est
775 486 882 535 quod
902 485 1127 523 satisfaciant
1145 483 1342 533 proximis,

42 683 54 694 ·
77 681 201 704 Comeret.
229 682 254 704 in

12 755 14 759 ,
41 707 256 775 ᾓῗέεέῥζὶΐιῖ

67 760 134 784 ven.
148 766 185 790 ²9·

40 961 207 990 ‘V‘ss-324·

11 2787 13 2816 J
68 2793 137 2833 Vero.
151 2800 183 2824 ¹3.

252 1176 254 1180 '
281 1170 354 1221 ipsi
379 1171 494 1209 morti
523 1170 674 1208 Christi.
703 1171 951 1208 Manifestum
971 1178 1026 1208 est
1054 1178 1184 1208 autem
1212 1183 1258 1208 ex
1282 1183 1344 1207 su-

269 1541 365 1592 vipsa
391 1553 472 1578 non
491 1550 589 1579 esset
615 1541 810 1579 sufficiens
829 1542 877 1579 ad
896 1542 1108 1591 plenariam
1127 1541 1344 1579 satisfactio-

938 198 1201 244 QUAESTIO
1229 197 1400 243 LXVIII,
1434 196 1724 235 ARTICULUS
1752 199 1802 235 VI

281 274 389 364 quoccll
426 285 545 323 opera
586 273 829 311 satisfactoria
871 275 944 312 sint
980 275 1176 325 baptizatis
1218 274 1343 312 iniun-

306 339 354 364 en
383 338 417 364 a.

281 339 304 376 g
337 379 371 416 3.
392 380 625 426 PRAETEREA,
645 392 726 417 non
745 380 874 418 minus
894 381 1067 418 debitum
1087 387 1142 416 est
1160 387 1202 416 ut
1221 380 1342 415 homo

282 433 367 470 Deo
395 431 594 470 satisfaciat
621 445 740 482 quarn
759 433 950 482 proximo.
980 433 1058 471 Sed
1079 443 1204 481 nuper
1222 430 1342 490 bapti-

283 537 314 575 si
341 549 409 575 eos
430 539 631 575 laeserunt.
660 539 762 587 Ergo
783 538 896 575 etiam
916 545 972 575 est
991 538 1044 574 eis
1061 537 1343 585 iniungendum

283 598 325 628 ut
351 591 437 628 Deo
466 590 692 628 satisfaciant
718 603 788 641 per
815 603 933 640 opera
959 589 1226 639 poenitentiae.

337 643 412 681 SED
446 655 592 681 CONTRA
629 656 694 681 EST
729 643 837 693 quod
873 641 1102 680 Ambrosius
1121 641 1136 671 β
1154 641 1190 687 *,
1228 653 1346 690 super

282 698 393 734 Rom.
413 709 448 734 x¹
467 696 497 738 ³¹⁶,
527 698 614 734 Sine
635 698 861 746 poenitentia
887 701 971 732 sunt
997 695 1097 732 dona
1123 696 1198 731 Dei
1223 700 1256 730 et
1282 706 1344 732 vo-

282 751 391 796 catio,
419 749 525 786 dicit:
560 750 690 786 Gratia
717 750 792 786 Dei
817 750 854 784 in
883 750 1063 797 baptismo
1092 760 1166 785 non
1192 749 1345 796 requirit

281 804 461 852 gemitum
490 814 607 851 neque
626 802 832 852 planctum,
859 801 919 839 vel
938 802 1048 837 etiam
1073 812 1164 851 opus
1182 801 1342 849 aliquod,

280 855 347 892 sed
369 856 489 893 solam
506 855 640 903 fidem,
670 860 703 891 et
729 855 857 892 omnia
883 855 1003 902 gratis
1030 853 1227 890 condonat.

334 909 560 946 Respommo
578 919 760 944 mel-:nuum
775 906 894 955 quod,
910 905 1007 943 sicut
1020 906 1229 955 Apostolus
1243 904 1344 951 dicit,

281 961 392 998 Rom.
412 972 446 997 v¹
464 960 499 997 *ε
535 961 765 1009 Quicumque
791 960 963 1008 baptizati
982 971 1109 995 sumus
1136 960 1174 995 in
1200 959 1344 996 Christo

280 1014 377 1059 Iesu,
407 1014 444 1049 in
477 1018 597 1049 morte
623 1014 735 1062 ipsius
767 1013 940 1061 baptizati
963 1023 1112 1048 sumus:
1145 1011 1348 1061 consepulti

280 1067 380 1103 enim
415 1077 542 1103 sumus
578 1068 614 1102 ei
640 1077 714 1115 per
749 1066 971 1115 baptismum
1007 1066 1043 1101 in
1073 1070 1253 1101 mortem:
1293 1063 1345 1102 ita

281 1118 420 1156 scilicet
446 1118 555 1168 quod
582 1119 704 1155 homo
731 1130 802 1167 per
818 1116 1055 1167 baptismum
1079 1117 1346 1167 incorporatur

279 1228 351 1274 pra
367 1223 388 1246 *
415 1224 522 1261 dictis
557 1225 664 1273 quod
691 1236 798 1262 mors
826 1223 966 1261 Christi
998 1223 1242 1261 satisfactoria
1276 1223 1346 1261 fuit

281 1276 512 1314 sufficienter
538 1289 609 1327 pro
637 1277 820 1326 peccatis,
850 1289 925 1314 non
953 1277 1072 1314 solum
1101 1280 1253 1323 nostris,
1281 1277 1348 1314 sed

281 1331 392 1374 etiam
404 1330 686 1376 ,totius-mundi,
706 1337 748 1367 ut
767 1329 903 1367 dicitur
930 1331 944 1366 I
963 1331 1067 1367 Ioan.
1088 1342 1110 1366 11
1128 1330 1158 1367 ²¹⁶.
1189 1331 1238 1367 Et
1256 1329 1344 1367 ideo

282 1382 317 1420 ei
337 1378 405 1433 qui
423 1382 635 1432 baptizatur
659 1395 731 1432 pro
750 1382 1063 1432 quibuscumque
1082 1383 1246 1432 peccatis
1265 1394 1345 1419 non

282 1443 338 1473 est
351 1435 479 1486 aliqua
492 1435 692 1473 satisfactio
707 1435 956 1484 iniungenda:
978 1436 1054 1473 hoc
1068 1443 1198 1474 autem
1213 1441 1228 1464 Υ
1248 1444 1345 1474 esset

281 1487 462 1526 iniuriam
487 1489 610 1527 facere
638 1488 807 1538 passioni
839 1497 876 1525 et
903 1488 1018 1526 morti
1046 1488 1204 1535 Christi,
1235 1488 1344 1538 quasi

281 1605 373 1632 nem
399 1606 472 1644 pro
499 1594 663 1644 peccatis
691 1594 1011 1644 baptizandorum
1030 1593 1055 1630 ⁶.

333 1647 392 1684 An
419 1659 555 1684 ramum
587 1659 685 1684 ERGO
713 1659 895 1685 mer-:noum
928 1647 1056 1696 quod,
1091 1646 1187 1684 sicut
1214 1648 1345 1695 Augu-

335 1767 362 1804 β)
379 1769 544 1794 Ambrosius.
562 1783 582 1788 -
598 1769 755 1794 Ambrosius
773 1769 840 1794 dicit
858 1769 887 1798 E.
906 1777 959 1794 om.
973 1769 1055 1794 FGH.
1066 1783 1086 1788 -
1103 1769 1170 1794 dicit
1190 1769 1286 1794 Gloria
1299 1769 1344 1800 P1;

280 1804 347 1830 dicit
363 1805 454 1839 glossa
471 1804 606 1830 Ambrosii
627 1805 722 1830 Gloria
742 1805 773 1834 H,
793 1804 859 1830 dicit
876 1805 966 1838 glossa
984 1805 1074 1838 gloria
1093 1805 1176 1830 ceteri.

333 1847 350 1900 Ξ
379 1843 477 1866 autem.
494 1854 514 1859 —
531 1841 601 1865 enim
621 1840 641 1865 F
661 1846 686 1865 et
704 1840 778 1865 tertia
795 1845 898 1873 praeter
917 1840 936 1865 1.

379 1875 613 1910 baptizandorum.
630 1889 650 1894 —
667 1876 864 1908 baptizatorum
884 1875 924 1901 Pl.

334 1919 344 1936 ι
377 1911 626 1944 baptizandorum...
644 1918 698 1943 pro
719 1914 838 1943 peccato.
856 1925 875 1930 -
893 1911 1032 1936 Escurialis
1057 1912 1178 1944 antiquus
1198 1916 1223 1936 et
1242 1911 1303 1935 EFa
1322 1916 1348 1936 et

1399 274 1519 311 stinus
1548 274 1647 319 dicit,
1677 274 1716 311 in
1745 275 1841 312 libro
1870 277 1915 312 de
1940 280 2131 326 Baptismo
2158 282 2406 319 Parvulorum
2424 282 2445 304 ’¹‘
2484 286 2695 309 '¹³¹-d21'2000‘0r-

2447 312 2456 329 ⁷
2484 312 2562 334 Merit.
2571 312 2696 336 etaemus.

1398 327 1449 364 ad
1474 328 1544 364 hoc
1571 329 1769 375 baptismus
1796 329 1892 364 valet
1920 335 1957 365 ut
1984 332 2154 379 baptizati
2175 334 2318 371 Christo
2337 337 2457 372 incor-
2485 338 2591 369 ‘¹¹¹qu
2609 339 2696 361 ¹·Par-

1393 385 1578 428 porentur
1605 385 1643 415 ut
1670 382 1838 416 membra
1858 383 1944 418 eius.
1974 382 2086 419 Unde
2105 383 2187 432 ipsa
2204 397 2331 433 poena
2350 388 2457 424 Chri·
2484 365 2589 413 ἔξιθ’-ω.
2608 366 2695 393 'l'cap'

1399 431 1442 468 sti
1471 431 1540 468 fuit
1568 431 1811 468 satisfactoria
1835 444 1906 481 pro
1934 435 2097 482 peccatis
2124 435 2456 484 baptizandorum:

1399 484 1495 521 sicut
1522 491 1559 520 et
1586 496 1714 532 poena
1740 484 1856 521 unius
1884 486 2048 522 membri
2076 494 2200 535 potest
2218 501 2299 526 esse
2319 492 2458 530 satisfa-

1398 536 1516 573 ctoria
1534 548 1606 585 pro
1625 544 1782 585 peccato
1797 542 1809 558 ²
1829 537 1981 574 alterius
2002 540 2178 576 membri.
2208 542 2318 579 Unde
2344 545 2458 582 Isaiae
2582 555 2592 571 ε

1400 601 1456 626 Lm
1474 589 1494 611 ²¹⁸
1522 589 1675 626 dicitur:
1709 590 1802 627 Vere
1828 590 2031 639 languores
2058 598 2199 629 nostros
2227 595 2302 642 ipse
2319 597 2407 643 tulit,
2428 605 2460 634 et

1399 642 1545 679 dolores
1573 648 1716 678 nostros
1744 643 1821 691 ipse
1842 645 2014 691 portavit.

1452 696 1509 731 An
1544 706 1733 731 SECUNDUM
1769 706 1950 732 mOENDUM
1987 696 2094 744 quod
2129 709 2254 746 nuper
2285 699 2460 749 baptizati

1399 746 1629 784 exercitandi
1648 754 1737 783 sunt
1755 747 1804 783 ad
1823 746 2016 794 iustitiam,
2046 760 2127 784 non
2147 761 2217 798 per
2236 763 2352 799 opera
2370 766 2458 802 poe-

1399 799 1511 846 nalia,
1531 800 1598 836 sed
1617 811 1688 848 per
1705 811 1825 848 opera
1842 799 1982 837 facilia:
2012 806 2050 837 ut
2069 804 2175 851 quasi
2192 804 2350 851 quodam
2369 807 2461 843 lacte

1389 853 1519 901 facilis
1554 854 1722 889 exercitii
1752 859 2048 901 promoveantur
2075 854 2125 891 ad
2145 856 2390 904 perfectiora,
2419 867 2460 896 ut

1401 905 1538 942 Glossa
1550 904 1571 926 ’¹‘
1585 904 1684 951 dicit,
1701 917 1817 954 super
1830 905 1924 943 illud
1943 906 2084 943 Psalmi
2103 906 2161 951 **,
2188 909 2286 945 Sicut
2304 910 2460 948 ablacta-
2487 923 2568 960 gord-
2579 923 2696 951 implicite·

1399 965 1455 995 tus
1472 970 1585 1007 super
1602 964 1722 995 matre
1739 970 1818 995 sua.
1848 959 1961 996 Unde
1981 966 2017 995 et
2042 959 2235 996 Dominus
2255 961 2461 1011 discipulos
2487 949 2698 996 2.P⁸'⁰¹¹¹'v“⁸‘

1400 1023 1492 1048 suos
1520 1011 1568 1047 de
1595 1022 1701 1047 novo
1729 1022 1938 1048 conversos
1966 1024 1989 1048 a
2016 1011 2160 1049 ieiunio
2188 1014 2391 1062 excusavit,
2420 1025 2462 1053 ut

1399 1071 1502 1113 patet
1514 1064 1650 1100 Matth.
1666 1063 1740 1100 1x*.
1761 1065 1810 1101 Et
1828 1065 1904 1101 hoc
1918 1071 1973 1101 est
1992 1065 2099 1113 quod
2114 1065 2250 1102 dicitur
2263 1067 2459 1106 IPet.11**:

1400 1119 1500 1155 Sicut
1526 1117 1637 1154 modo
1664 1118 1783 1167 geniti
1807 1118 1967 1166 infantes
1994 1118 2053 1155 lac
2078 1120 2330 1168 concupiscite,
2360 1127 2397 1157 ut
2424 1123 2460 1158 in

1399 1183 1443 1208 eo
1471 1171 1642 1207 crescatis
1670 1172 1707 1207 in
1735 1170 1901 1207 salutem.

1452 1224 1510 1260 AD
1523 1235 1683 1260 TERTmM
1697 1235 1878 1261 memnon
1893 1224 1999 1273 quod
2014 1223 2210 1261 restituere
2224 1226 2324 1262 male
2339 1226 2462 1264 ablata

1399 1276 1596 1326 proximis,
1617 1283 1653 1313 et
1672 1275 1882 1313 satisfacere
1911 1277 1959 1313 de
1988 1276 2134 1313 iniuriis
2161 1276 2280 1324 illatis,
2302 1286 2357 1314 est
2384 1291 2462 1316 ces-

1400 1328 1517 1366 sare!
1550 1341 1573 1366 a
1599 1329 1818 1378 peccando:
1861 1328 1953 1378 quia
1987 1330 2063 1366 hoc
2098 1329 2227 1379 ipsum
2265 1331 2371 1380 quod
2409 1340 2463 1368 est

1400 1382 1568 1419 detinere
1597 1381 1720 1419 aliena
1747 1390 1784 1419 et
1810 1382 2034 1431 proximum
2054 1388 2071 1410 η
2105 1395 2185 1420 non
2213 1385 2379 1432 placare,
2409 1393 2463 1421 est

1398 1442 1613 1484 peccatum.
1643 1435 1692 1472 Et
1717 1434 1805 1472 ideo
1833 1435 2098 1484 peccatoribus
2126 1436 2321 1485 baptizatis
2341 1436 2462 1474 iniun-

1393 1487 1571 1536 'gendum
1599 1495 1654 1524 est
1682 1488 1789 1536 quod
1817 1487 2044 1525 satisfaciant
2070 1488 2275 1537 proximis,
2305 1489 2400 1526 sicut
2428 1499 2463 1527 et

1400 1541 1508 1590 quod
1536 1539 1716 1577 desistant
1743 1553 1766 1577 a
1793 1548 1961 1590 peccato.
1991 1542 2085 1578 Non
2104 1549 2159 1578 est
2178 1550 2308 1579 autem
2336 1542 2389 1579 eis
2408 1543 2463 1580 in-

1399 1593 1640 1641 iungendum
1668 1593 1775 1642 quod
1793 1605 1865 1643 pro
1884 1594 2048 1643 peccatis
2067 1595 2276 1643 praeteritis
2295 1595 2463 1644 aliquam

1399 1657 1570 1695 poenam
1597 1645 1800 1695 patiantur.

2486 605 2495 615 ·
2509 604 2575 627 Vers.
2590 612 2613 631 4.

2489 1073 2498 1082 ·
2513 1071 2578 1094 Vers.
2593 1079 2619 1099 ¹4
2634 1078 2684 1100 sqq.

2488 1099 2509 1109 '¹'
2524 1098 2589 1120 Vers.
2604 1105 2623 1120 ².

1398 1769 1472 1794 tertia
1497 1768 1555 1802 (sed
1581 1769 1640 1794 PEa
1667 1770 1755 1802 legunt
1780 1769 1986 1802 baptizatorum,
2007 1774 2032 1793 et
2051 1769 2060 1793 1
2078 1777 2132 1794 om.
2150 1770 2194 1794 Ad
2214 1771 2361 1802 primum...
2380 1771 2465 1803 bapti-

1397 1803 1575 1838 zandorum);
1594 1813 1649 1830 om.

1451 1839 1477 1874 ζ’)
1496 1843 1523 1865 et
1540 1840 1722 1873 satisfacere...
1741 1843 1780 1865 est
1799 1846 1911 1865 cessare.
1923 1854 1943 1858 -
1961 1840 1995 1870 1²3
2015 1843 2055 1865 est
2072 1839 2255 1872 satIsfacer-e...
2274 1844 2301 1866 et
2318 1848 2429 1867 cessare.

1413 1874 1418 1878 '
1453 1874 1480 1910 η)
1499 1879 1526 1900 et
1540 1876 1708 1908 proximum.
1726 1890 1746 1894 —
1764 1879 1804 1900 est
1822 1876 1982 1907 proximum
2001 1875 2107 1900 laedere
2127 1876 2286 1907 proximum
2305 1881 2393 1902 autem
2413 1878 2466 1902 lae-

1399 1918 1457 1936 sum
1477 1911 1540 1940 Hbc,
1560 1914 1586 1943 et
1601 1911 1760 1943 proximum
1781 1911 1880 1936 laesum
1900 1911 1986 1935 PEGI.
2005 1925 2024 1930 -
2043 1918 2094 1935 non
2114 1919 2168 1936 om.
2187 1912 2218 1936 Α.

1095 2057 1415 2100 ARTICULUS
1445 2057 1655 2100 SEXTUS
2345 2108 2358 2118 ο

359 2153 517 2186 UTRUM
539 2150 828 2183 PECCATORES
850 2151 910 2182 AD
933 2150 1188 2182 BAPTISMUM
1211 2151 1504 2183 ACCEDENTES
1528 2152 1798 2184 TENEANTUR
1822 2152 1905 2183 SUA
1927 2151 2133 2183 PECCATA
2157 2151 2389 2183 CONFITERI

1168 2230 1213 2254 Ad
1230 2230 1317 2260 Rom„
1337 2237 1393 2263 cap.
1412 2238 1450 2262 xi,
1469 2231 1527 2256 lect.
1547 2238 1582 2255 ιν.

369 2327 381 2349 ι’
404 2330 471 2373 ης(
493 2323 516 2348 D
545 2317 688 2347 sax-rum
716 2321 768 2347 sic
792 2320 1030 2346 PROCEDrrUR.
1059 2307 1221 2346 Videtur
1240 2309 1347 2358 quod
1374 2309 1377 2344 Ι

412 2350 466 2421 ⁵⁸35&
475 2371 714 2428 ,peccatores
755 2362 804 2400 ad
845 2361 1084 2411 baptismum
1124 2361 1348 2399 accedentes

445 2419 465 2455 (a
494 2424 697 2454 teneantur
722 2428 792 2453 sua
812 2422 969 2465 peccata
986 2414 1172 2452 confiteri.
1202 2414 1349 2452 Dicitur

432 2481 439 2494 f*
454 2459 601 2507 &enim
637 2470 773 2507 Matth.
803 2481 835 2506 111
863 2468 883 2490 '¹‘
924 2468 1032 2518 quod
1069 2469 1350 2518 baptizabantur

1456 2309 1530 2347 SED
1568 2321 1713 2347 CONTRA
1746 2322 1811 2347 EST
1848 2310 1956 2359 quod
1994 2309 2182 2347 confessio
2218 2319 2465 2360 peccatorum

1403 2363 1516 2399 debet
1535 2375 1617 2399 esse
1637 2375 1727 2400 cum
1747 2362 1856 2400 fletu:
1880 2371 1922 2400 ut
1940 2362 2030 2400 dicit
2048 2363 2295 2411 Augustinus,
2311 2363 2351 2401 in
2369 2364 2464 2401 libro

1403 2416 1448 2452 de
1473 2417 1703 2453 Poenitentia
1717 2415 1752 2453 *t
1787 2416 1915 2453 Omnis
1934 2418 2002 2454 ista
2020 2418 2180 2454 varietas
2198 2418 2465 2454 consideranda
2492 2427 2502 2438 ·
2520 2427 2570 2449 Lib·
2593 2427 2621 2449 de
2643 2427 2702 2449 Vera

2493 2456 2516 2475 et
2522 2453 2594 2475 Falsa
2603 2454 2701 2480 Poenit„

1403 2475 1454 2505 est
1474 2474 1507 2506 et
1525 2469 1707 2519 deflenda.
1739 2469 1827 2516 Sed,
1849 2469 1944 2506 sicut
1963 2469 2191 2507 Ambrosius
2210 2470 2299 2507 dicit
2317 2470 2347 2518 ²¹²,
2375 2482 2464 2520 gra·
2492 2486 2542 2507 cap·
2557 2487 2601 2502 xxv-
2618 2491 2628 2496 -
2643 2481 2704 2502 luter

283 2522 392 2561 multi
411 2534 435 2560 a
453 2523 599 2560 Ioanne
617 2524 653 2560 in
673 2523 849 2569 Iordane,
870 2523 1082 2571 confitentes
1095 2527 1252 2571 peccata
1269 2535 1348 2559 sua.
1402 2524 1453 2559 tia
1481 2523 1555 2559 Dei
1580 2524 1617 2559 in
1646 2524 1826 2572 baptismo
1862 2535 1936 2560 non
1966 2524 2118 2572 requirit
2144 2525 2321 2573 gemitum
2350 2536 2466 2573 neque
2492 2508 2651 2581 {pgbnffl‘rit-
2679 2533 2703 2554 in

2525 2566 2550 2587 p.
2573 2560 2600 2582 B.
2621 2560 2702 2586 Pauli,

286 2575 363 2614 Sed
382 2575 598 2624 baptismus
618 2575 759 2613 Christi
787 2583 842 2613 est
869 2574 1071 2625 perfectior
1089 2587 1210 2623 quam
1228 2574 1349 2626 bapti·
1399 2575 1604 2625 planctum.
1634 2576 1736 2624 Ergo
1766 2588 1788 2613 a
1806 2575 2043 2625 baptizandis
2064 2588 2145 2613 non
2165 2584 2219 2614 est
2238 2575 2466 2625 requirenda
2492 2566 2702 2628 Ess-adRom-cap3

285 2640 394 2667 smus
421 2627 585 2666 Ioannis.
628 2629 730 2677 Ergo
757 2627 910 2666 videtur
942 2628 1050 2678 quod
1078 2629 1200 2665 multo
1229 2628 1350 2677 magis

285 2681 338 2719 illi
359 2681 427 2731 qui
445 2689 534 2718 sunt
552 2680 770 2730 baptizandi
787 2681 979 2731 baptismo
1001 2680 1166 2728 Christo,
1187 2681 1351 2719 debeant

286 2747 357 2772 sua
383 2742 540 2784 peccata
567 2734 753 2771 confiteri.

340 2799 375 2824 2.
403 2788 637 2834 PRAETEREA,
665 2789 778 2826 Prov.
806 2799 913 2824 xxvm
931 2786 951 2808 '¹‘
979 2786 1133 2824 dicitur:
1169 2788 1243 2829 Qui
1270 2789 1351 2824 abs-

285 2841 409 2879 condit
434 2841 576 2878 scelera
603 2853 683 2886 sua,
705 2853 779 2877 non
808 2840 1011 2890 dirigetur:
1039 2841 1103 2889 qui
1119 2846 1241 2876 autem
1264 2852 1351 2878 con-

274 2894 401 2942 fessus
417 2894 539 2942 fuerit
567 2899 600 2930 et
627 2893 813 2943 reliquerit
841 2905 903 2939 ea,
942 2892 1236 2930 misericordiam
1264 2905 1351 2931 con-

284 2953 464 2997 sequetur.
505 2947 582 2985 Sed
616 2947 665 2984 ad
698 2948 774 2984 hoc
808 2945 926 2995 aliqui
958 2945 1198 2994 baptizantur
1229 2953 1272 2982 ut
1303 2946 1351 2983 de

282 3000 449 3049 peccatis
469 3000 547 3038 suis
565 2999 868 3037 misericordiam
888 3006 1175 3047 consequantur
1189 3003 1217 3035 α.
1248 2999 1350 3047 Ergo

285 3052 503 3103 baptizandi
530 3053 672 3091 debent
700 3065 770 3090 sua
796 3059 952 3102 peccata
980 3050 1165 3089 confiteri.

341 3105 376 3143 3.
405 3107 644 3154 PRAETEREA,
677 3105 912 3155 poenitentia
939 3103 1144 3154 requiritur
1171 3111 1258 3141 ante
1285 3104 1351 3142 ba-

285 3157 493 3208 ptismum:
523 3159 739 3196 secundum
767 3159 860 3196 illud
878 3160 959 3196 Act.
981 3170 1002 3194 11
1021 3157 1060 3194 *2
1089 3158 1202 3207 Agite
1222 3160 1351 3207 poeni-

285 3213 455 3258 tentiam,
485 3218 518 3249 et
550 3214 752 3262 baptizetur
786 3213 1032 3262 unusquisque
1058 3216 1230 3248 vestrum.
1275 3211 1351 3248 Sed

286 3264 475 3302 confessio
517 3273 572 3302 est
611 3277 700 3316 pars
741 3264 1008 3315 poenitentiae.
1056 3264 1158 3312 Ergo
1199 3263 1352 3301 videtur

287 3317 394 3377 quod
428 3317 616 3356 confessio
650 3326 899 3369 peccatorum
927 3316 1143 3367 requiratur
1169 3323 1256 3354 ante
1285 3317 1350 3354 ba-

286 3377 483 3419 ptismum.

2493 2619 2524 2639 xl,
2532 2619 2590 2634 vers.
2602 2618 2637 2640 29.
2644 2624 2654 2628 -
2664 2612 2689 2633 ln

1404 2628 1594 2666 confessio
1622 2636 1882 2678 peccatorum.
2493 2644 2527 2661 ter
2541 2639 2602 2667 ορρ.
2619 2639 2701 2660 Amor.

1458 2683 1683 2720 RESPONDEO
1702 2682 1885 2719 D1CENDUM
1909 2682 2016 2731 quod
2045 2683 2186 2732 duplex
2215 2690 2269 2719 est
2295 2690 2466 2732 peccato-

1405 2747 1494 2772 rum
1528 2734 1729 2772 confessio.
1773 2735 1859 2773 Una
1896 2735 2055 2784 quidem
2089 2735 2261 2781 interior,
2298 2747 2397 2784 quae
2423 2734 2467 2771 fit

1405 2788 1502 2825 Deo.
1532 2789 1581 2825 Et
1598 2787 1681 2825 talis
1696 2788 1883 2825 confessio
1898 2796 2144 2838 peccatorum
2159 2788 2362 2837 requiritur
2380 2795 2465 2824 ante

1405 2841 1654 2891 baptismum,
1683 2849 1726 2878 ut
1753 2840 1892 2878 scilicet
1918 2842 2053 2887 homo,
2082 2848 2237 2890 peccata
2264 2853 2333 2877 sua
2361 2852 2465 2877 reco-

1404 2893 1545 2942 gitans,
1574 2894 1623 2931 de
1652 2894 1705 2931 eis
1733 2894 1878 2931 doleat:
1918 2907 1992 2931 non
2025 2896 2123 2931 enim
2145 2899 2263 2943 potest
2290 2894 2466 2930 inchoare

1405 2959 1543 2985 novam
1570 2949 1695 2993 vitam,
1726 2949 1796 2984 nisi
1817 2949 2003 2996 poeniteat
2026 2959 2109 2983 eum
2137 2948 2267 2984 veteris
2288 2947 2394 2991 vitae,
2423 2952 2465 2981 ut

1405 3000 1642 3048 Augustinus
1671 3000 1775 3047 dicit,
1805 2999 1844 3036 in
1872 3000 1968 3037 libro
1997 3000 2041 3037 de
2067 3000 2293 3036 Poenitentia
2312 2998 2342 3034 ²¹².
2490 3030 2510 3051 ι,
2525 3029 2603 3051 Hom„
2620 3028 2703 3050 ..an-

1458 3052 1543 3090 Alia
1569 3065 1663 3090 vero
1692 3061 1748 3090 est
1781 3052 1968 3090 confessio
2002 3059 2248 3101 peccatorum
2283 3049 2462 3096 exterior,
2491 3045 2699 3109 ‘fssssssf'¹{2‘gf¹j'.¹f·

1405 3117 1506 3154 quae
1525 3105 1568 3142 fit
1586 3105 1784 3143 sacerdoti.
1819 3107 1868 3143 Et
1886 3105 1967 3143 talis
1995 3104 2180 3141 confessio
2200 3115 2279 3140 non
2308 3101 2464 3151 requiri·
2576 3099 2585 3109 ¹

1405 3165 1468 3195 tur
1494 3166 1581 3196 ante
1608 3158 1857 3208 baptismum.
1896 3157 2025 3195 Primo
2061 3156 2236 3206 quidem,
2266 3155 2356 3205 quia
2383 3154 2464 3192 talis

1405 3211 1606 3259 confessio,
1626 3224 1718 3249 cum
1737 3211 1911 3261 respiciat
1929 3222 2136 3260 personam
2160 3208 2332 3255 ministri,
2352 3207 2463 3257 perti-

1405 3271 1470 3301 net
1488 3264 1538 3301 ad
1564 3264 1820 3314 poenitentiae
1847 3270 2140 3309 sacramentum,
2168 3261 2274 3310 quod
2302 3273 2382 3298 non
2411 3272 2464 3297 re-

1406 3316 1569 3366 quiritur
1592 3325 1678 3354 ante
1705 3317 1953 3366 baptismum,
1981 3315 2048 3365 qui
2077 3323 2131 3352 est
2158 3316 2272 3351 ianua
2299 3315 2463 3351 omnium

1404 3376 1736 3407 sacramentorum.
1758 3391 1783 3396 -
1812 3369 2003 3416 Secundo,
2033 3367 2123 3417 quia
2151 3366 2336 3404 confessio
2365 3373 2463 3402 exte-

2491 3005 2500 3014 ·
2515 3003 2587 3025 Serm.
2604 3001 2701 3028 CCCLI,

340 3492 368 3528 α)
389 3493 468 3519 Sed...
486 3497 691 3526 consequantur.
708 3508 728 3512 —-
746 3494 808 3519 Om.
828 3493 846 3518 Ρ
866 3501 953 3518 errore
979 3493 1210 3527 typographorum.
1228 3506 1247 3511 -
1266 3493 1421 3526 baptizandi
1438 3493 1472 3524 P;
1491 3493 1628 3525 baptizati.

429 3547 538 3572 smum:
557 3546 658 3573 Tutor..
678 3547 708 3573 D.
721 3547 836 3572 Tnomn
852 3547 884 3572 T.
904 3547 944 3572 IX.

2290 3538 2320 3563 13
