2918 4088
60 1048 271 1076 ‘Homil.XV1,al.

0 1076 3 1083 '
59 1076 100 1099 lib.
111 1076 141 1100 11.
150 1075 230 1098 homil.
240 1081 273 1102 iv,

58 1104 85 1126 ἀι
98 1102 210 1130 Ezechiel.

157 1159 174 1185 t

997 226 1261 273 QUAESTIO
1290 225 1394 272 LXI,
1423 223 1716 261 ARTICULUS
1744 225 1795 261 1v

301 308 501 347 rationem.
531 308 579 345 Et
607 306 660 344 sic
688 319 841 356 semper
867 319 970 344 unus
998 314 1034 342 et
1061 305 1165 342 idem
1189 316 1365 353 perman-

301 362 365 400 sit:
395 360 486 410 quia
513 359 653 398 scilicet
681 359 984 398 iustificabantur
1019 357 1198 395 homines
1225 368 1295 406 per
1322 356 1366 393 fi-

301 415 391 452 dem
418 412 535 451 suturi
563 412 703 451 Christi
731 413 931 451 adventus.

353 466 440 504 Alio
459 466 580 504 modo
608 473 733 525 potest
751 465 985 503 considerari
1004 463 1221 503 secundum
1248 462 1366 498 inten-

301 519 452 557 sionem
479 527 516 556 et
543 519 810 556 remissionem
834 517 990 568 peccati,
1011 525 1047 554 et
1075 527 1275 565 expressae
1303 526 1366 552 co-

299 571 477 621 gnitionis
504 572 554 609 de
582 571 746 610 Christo.
776 572 882 609 Nam
908 582 979 630 per
1009 570 1244 607 incrementa
1271 575 1366 605 tem-

299 637 443 684 porum
471 631 508 662 et
525 632 728 674 peccatum
756 623 882 673 coepit
908 623 948 661 in
971 622 1130 660 homine
1158 620 1279 670 magis
1298 620 1366 658 do-

299 677 450 725 minari,
471 677 511 715 in
529 685 677 715 tanturn
698 677 818 726 quod,
838 676 984 714 ratione
1003 675 1172 714 hominis
1191 686 1261 724 per
1278 685 1366 723 pec-

300 737 428 768 catum
466 730 732 775 obtenebrata,
760 741 842 767 non
875 729 1095 766 sufficerent
1130 726 1283 765 homini
1317 726 1366 763 ad

300 791 400 820 recte
428 782 639 820 vivendum
669 789 872 832 praecepta
898 781 990 830 legis
1017 789 1188 828 naturae,
1209 780 1275 817 sed
1303 791 1366 816 ne·

300 848 405 873 cesse
431 835 501 872 fuit
528 834 772 872 determinari
798 842 1001 884 praecepta
1028 834 1068 871 in
1095 835 1176 882 lege
1209 832 1366 881 scripta;

300 897 337 925 et
364 900 456 926 cum
483 887 543 924 his
571 887 764 936 quaedam
791 887 883 924 fidei
911 895 1159 924 sacramenta.
1202 887 1366 935 Oporte-

300 942 365 978 bat
393 940 507 977 etiam
535 947 578 977 ut
610 952 681 990 per
715 939 950 977 incrementa
985 948 1209 990 temporum
1245 937 1367 987 magis

300 993 552 1044 explicaretur
568 992 734 1042 cognitio
753 992 865 1030 fidei:
896 992 998 1042 quia,
1019 1000 1062 1030 ut
1081 992 1288 1041 Gregorius
1299 990 1367 1040 ⁴di-

299 1046 348 1084 cit
366 1045 397 1093 *,
411 1058 484 1096 per
511 1047 739 1084 incrementa
765 1051 974 1096 temporum
1002 1047 1116 1084 crevit
1143 1046 1290 1083 divinae
1309 1056 1367 1081 co-

298 1100 476 1149 gnitionis
503 1105 758 1149 augmentum.
788 1099 837 1136 Et
863 1099 952 1137 ideo
981 1099 1096 1136 etiam
1124 1110 1280 1136 necesse
1298 1096 1368 1135 fuit

299 1152 407 1201 quod
434 1151 474 1188 in
501 1151 621 1188 veteri
639 1153 720 1200 lege
748 1151 863 1190 etiam
881 1157 897 1181 Ὺ
917 1152 1108 1201 quaedam
1130 1158 1367 1189 sacramenta

298 1204 390 1242 fidei
418 1217 538 1254 quarn
565 1204 759 1242 habebant
786 1205 834 1242 de
864 1205 1015 1242 Christo
1043 1213 1219 1251 venturo,
1246 1205 1366 1241 deter-

298 1257 557 1304 minarentur;
595 1270 695 1307 quae
724 1257 883 1307 quidem
919 1266 1192 1308 comparantur
1225 1258 1274 1294 ad
1310 1269 1366 1294 sa-

350 1380 378 1414 γ)
396 1381 488 1407 etiam·
504 1393 524 1398 -
541 1380 602 1406 Om.
622 1380 683 1406 ΡΠ.

350 1415 376 1450 δ)
394 1415 599 1441 determination·
609 1416 680 1448 fidei
691 1416 862 1449 significatio.
874 1431 893 1435 —
907 1417 977 1447 PsE;
993 1417 1198 1443 determinatim·
1205 1418 1276 1450 fidei
1286 1419 1365 1452 signo

2437 237 2480 273 17

1421 310 1616 341 eramenta
1651 314 1750 351 quae
1780 303 1933 339 fuerunt
1968 311 2053 339 ante
2082 305 2204 351 legem
2232 304 2327 341 sicut
2363 306 2483 342 deter-

1420 356 1611 392 minatum
1646 355 1695 392 ad
1722 355 2078 401 indeterminatum3
2109 356 2199 404 quia
2233 357 2370 394 scilicet
2397 366 2483 395 ante

1420 411 1544 457 legem
1579 420 1659 445 non
1695 407 1765 445 fuit
1801 407 2050 445 determinate
2085 408 2300 457 praefixum
2334 411 2483 447 homini

1421 461 1562 511 quibus
1582 460 1827 498 sacramentis
1846 468 2026 507 uteretur,
2046 460 2142 497 sicut
2169 461 2237 497 fuit
2255 474 2324 510 per
2349 463 2482 510 legem.

1421 515 1541 561 Quod
1569 522 1648 551 erat
1675 513 1934 550 necessarium
1963 522 1999 550 et
2025 522 2182 562 propter
2207 515 2484 552 obtenebratio-

1421 579 1512 604 nem
1531 566 1622 615 legis
1650 566 1850 612 naturalis;
1881 574 1917 603 et
1944 574 1986 603 ut
2014 575 2110 603 esset
2138 567 2423 605 determinatior
2441 568 2484 604 fi-

1421 620 1483 658 dei
1511 619 1735 668 significatio
1754 618 1780 656 δ.

1474 675 1532 710 AD
1559 685 1718 710 TERTlUM
1746 685 1928 710 monimum
1956 673 2064 722 quod
2082 681 2365 710 sacramentum
2393 674 2485 710 Mel-

1421 726 1637 772 chisedech,
1658 726 1766 775 quod
1792 725 1862 762 fuit
1889 734 1975 763 ante
2003 727 2137 774 legem,
2158 725 2277 774 magis
2305 726 2486 763 assimila-

1421 787 1483 816 tur
1498 786 1736 816 sacramento
1752 790 1878 815 novae
1892 779 1982 827 legis
2001 778 2040 815 in
2059 779 2234 816 materia:
2256 779 2486 828 inquantum

1422 831 1560 869 scilicet
1588 832 1714 869 obtulit
1737 844 1874 881 panem
1903 838 1936 868 et
1960 833 2104 877 vinum,
2134 840 2175 868 ut
2203 832 2364 869 habetur
2393 833 2484 869 Gen.

1421 897 1480 922 xw
1498 885 1529 932 ²¹⁸,
1550 884 1646 922 sicut
1665 884 1778 921 etiam
1799 884 2030 922 sacrificium
2053 884 2145 921 novi
2164 884 2399 922 Testamenti
2419 885 2486 922 ob-

1421 938 1561 975 latione
1581 937 1690 987 panis
1710 945 1746 974 et
1764 937 1844 974 vini
1863 937 2068 988 perficitur.
2092 938 2338 975 Sacramenta
2357 945 2486 974 tamen

1421 990 1512 1040 legis
1530 990 1724 1028 Mosaicae
1752 990 1873 1039 magis
1897 990 2152 1028 assimilantur
2180 990 2233 1027 rei
2258 989 2486 1039 significatae

1421 1056 1491 1094 per
1509 1051 1805 1090 sacramentum,
1829 1043 1968 1081 scilicet
1985 1043 2154 1093 passioni
2175 1043 2330 1081 Christi:
2360 1051 2402 1080 ut
2420 1056 2486 1093 pa-

1421 1105 1472 1135 tet
1500 1097 1548 1134 de
1576 1109 1675 1145 agno
1701 1097 1871 1146 paschali
1899 1105 1935 1134 et
1962 1097 2043 1135 aliis
2070 1096 2306 1134 huiusmodi.
2336 1097 2384 1134 Et
2411 1097 2487 1134 hoc

1422 1150 1509 1187 ideo
1538 1162 1598 1196 ne,
1618 1158 1775 1199 propter
1801 1149 2089 1187 continuitatem
2117 1149 2311 1199 temporis,
2343 1149 2374 1186 si
2401 1161 2486 1199 per-

1421 1210 1594 1240 maneret
1621 1203 1758 1240 eadem
1784 1211 2112 1240 sacramentorum
2141 1202 2305 1252 species,
2338 1202 2485 1239 videre-

1421 1264 1483 1293 tur
1517 1268 1598 1293 esse
1634 1256 1859 1293 sacramenti
1894 1256 2065 1293 eiusdem
2105 1255 2351 1293 continuatio.

1417 1382 1466 1452 pili),
1479 1381 1668 1422 determinatio
1675 1380 1745 1413 fidei
1758 1381 1830 1411 GHb,
1845 1380 2034 1405 determinatio
2041 1379 2112 1412 fidei
2123 1382 2201 1412 signo
2214 1379 2282 1412 (sigo
2297 1380 2352 1409 AD,
2367 1380 2487 1412 signatio

1481 1423 1568 1442 ceteri.

973 1499 1311 1531 commentaria
1333 1499 1588 1541 Cardinalis
1610 1498 1812 1531 Caietam

360 1589 468 1609 nunus
491 1579 603 1610 clarus.
620 1578 694 1608 —In
712 1587 847 1618 corpore
868 1587 932 1608 una
958 1578 1143 1608 conclusio:
1168 1580 1251 1609 Ante
1274 1579 1367 1609 Chri-

302 1590 401 1654 Tm·
427 1623 614 1658 adventum,
637 1627 717 1662 post
737 1626 927 1662 peccatum,
957 1631 1084 1652 necesse
1106 1622 1180 1663 fuit
1209 1622 1366 1662 quaedam

297 1671 502 1698 sacramenta
527 1666 660 1696 institui.
685 1666 849 1695 Probatur.
875 1665 1077 1696 Sacramenta
1100 1671 1174 1696 sunt
1192 1667 1368 1696 necessaria

298 1709 339 1741 ad
353 1711 528 1741 humanam
549 1710 684 1740 salutem
700 1715 736 1740 ut
751 1710 840 1749 signa
856 1709 1016 1739 sensibilia
1038 1710 1246 1740 invisibilium
1261 1719 1367 1740 rerum

299 1754 416 1795 quibus
431 1755 532 1784 homo
548 1759 623 1794 post
638 1759 808 1794 peccatum
825 1752 1047 1784 sanctificatur.
1061 1754 1147 1794 Ergo
1165 1760 1237 1784 ante
1250 1754 1367 1784 Christi

298 1797 490 1835 adventum,
514 1803 588 1838 post
615 1803 803 1838 peccatum,
828 1798 972 1837 oportuit
997 1807 1063 1828 esse
1088 1798 1246 1838 quaedam
1270 1799 1368 1829 sensi-

1420 1578 1495 1608 bilia
1510 1579 1599 1617 signa
1615 1578 1732 1617 quibus
1748 1576 1845 1607 fidem
1862 1587 1952 1607 suam
1969 1576 2008 1607 de
2025 1576 2152 1607 Christo
2170 1577 2278 1607 futuro
2294 1578 2394 1608 homo
2411 1587 2485 1618 pro-

1420 1627 1595 1652 testaretur.
1620 1622 1706 1660 Ergo
1730 1622 1874 1660 oportuit
1901 1627 1978 1651 tune
2005 1630 2072 1651 esse
2100 1628 2294 1652 sacramenta
2317 1622 2485 1662 quaedam.

1475 1666 1580 1696 Prima
1604 1665 1834 1704 consequentia
1857 1666 2019 1704 probatur.
2045 1665 2130 1702 Quia
2152 1666 2259 1695 nullus
2283 1671 2356 1705 post
2371 1675 2485 1705 pecca-

1421 1715 1491 1740 tum
1515 1708 1728 1740 sanctificatur
1750 1709 1810 1739 nisi
1834 1718 1891 1748 per
1914 1708 2088 1744 Christum,
2113 1715 2172 1739 etc.
2195 1727 2218 1731 —
2241 1709 2388 1740 Secunda
2409 1719 2486 1740 con-

1423 1754 1588 1794 sequentia
1618 1754 1780 1793 probatur.
1815 1753 1900 1791 Quia
1923 1752 2108 1783 huiusmodi
2136 1754 2224 1793 signa
2247 1753 2396 1784 dicuntur
2419 1763 2486 1784 esse

1423 1803 1628 1829 sacramenta.

1075 1952 1397 1995 ARTICULUS
1428 1952 1704 2003 QUARTUS

665 2046 823 2078 UTRUM
846 2045 957 2077 POST
981 2045 1208 2078 CHRISTUM
1232 2046 1484 2077 DEBUERINT
1507 2045 1609 2077 ESSE
1632 2045 1799 2083 ALiQuA
1822 2045 2121 2077 SACRAMENTA

669 2126 703 2151 1v
723 2126 807 2155 Sent„
828 2126 886 2150 dist.
904 2133 922 2157 1,
941 2134 986 2159 qu.
1005 2134 1022 2156 ι,
1041 2131 1088 2152 art.
1109 2134 1132 2156 2,
1152 2126 1202 2159 qu·
1223 2126 1251 2157 5;
1271 2127 1330 2152 dist.
1349 2134 1377 2157 u,
1396 2134 1441 2159 qu.
1459 2133 1477 2155 1,
1496 2131 1542 2151 art.
1561 2134 1587 2157 4,
1606 2125 1655 2158 qu*
1676 2132 1705 2154 ις
1725 2125 1758 2150 Ν
1779 2126 1856 2151 Cone.
1878 2127 1964 2155 Gent„
1985 2134 2040 2159 cap.
2060 2134 2120 2152 1.vu.

334 2226 340 2241 ι
367 2229 398 2251 ψ
419 2238 459 2259 ,1
449 2231 486 2275 .<
510 2220 533 2245 D
553 2219 726 2250 QUARTUM
745 2218 797 2244 sm
817 2218 1053 2244 PROCEDITUR.
1081 2206 1242 2243 Videtur
1260 2206 1368 2255 quod

326 2255 373 2317 ’ᾖ
429 2252 598 2311 {apost
627 2259 825 2297 Christum
853 2271 934 2296 non
962 2259 1164 2297 debuerint
1192 2271 1274 2296 esse
1303 2259 1367 2296 ali—

316 2314 445 2397 ’ἐγερτὶ
448 2300 499 2402 ’ἱ
511 2325 590 2404 qul}
609 2320 857 2402 sacramentzfii.
873 2312 1071 2403 Veniegte1
1080 2313 1187 2402 enimt
1195 2312 1368 2402 veritati,

304 2380 314 2390 ν
433 2379 452 2402 y
539 2379 559 2404 e
589 2378 609 2403 e
653 2378 800 2403 cessare
911 2378 951 2402 ra
1024 2378 1043 2402 e
1128 2379 1173 2403 ra
1188 2378 1225 2403 za
1311 2378 1334 2403 v

300 2422 390 2458 ritas
420 2431 500 2471 per
527 2421 653 2457 Iesum
694 2378 1016 2466 Chrzsturffufacta
1053 2378 1127 2465 estg,¹
1154 2426 1196 2456 ut
1232 2418 1370 2455 dicitur

300 2474 405 2511 Ioan.
436 2485 446 2510 1
473 2472 505 2509 ¹².
550 2473 653 2510 Cum
681 2471 794 2520 igitur
830 2479 1068 2509 sacramenta
1105 2471 1178 2508 sint
1203 2471 1369 2509 veritatis

302 2525 409 2574 signa
436 2525 516 2562 sive
535 2525 694 2574 figurae,
714 2524 867 2563 videtur
885 2525 993 2574 quod
1021 2532 1108 2574 post
1128 2525 1267 2562 Christi
1286 2537 1370 2574 pas-

302 2578 454 2616 sionem
482 2586 720 2615 sacramenta
748 2590 830 2615 esse
858 2590 939 2615 non
968 2577 1180 2615 debuerint.

358 2642 394 2668 2.
424 2631 662 2678 PRAETEREA,
689 2639 927 2668 sacramenta
954 2631 993 2668 in
1027 2631 1261 2680 quibusdam
1297 2633 1370 2668 ele-

61 2685 74 2697 ·
88 2684 237 2713 Q⁸·¹³¹“‘·
251 2690 274 2711 ⁴·
303 2683 442 2721 mentis
461 2683 684 2731 consistunt,
703 2691 746 2720 ut
774 2696 820 2721 ex
839 2696 956 2733 supra
974 2683 995 2706 ‘¹‘
1023 2684 1130 2721 dictis
1149 2692 1262 2733 patet.
1294 2685 1371 2722 Sed

62 2737 74 2749 ·
86 2735 155 2759 Vm.
167 2741 189 2764 3·
202 2743 227 2764 4,
241 2742 262 2763 7-

65 3111 76 3122 ·
91 3109 157 3133 Vua.
174 3116 206 3137 ¹7·

67 3527 80 3539 ¹
94 3526 150 3556 (kp.
165 3533 214 3549 xm.

303 2738 511 2787 Apostolus
539 2736 647 2783 dicit,
681 2737 800 2774 Galat.
822 2750 856 2774 1v
874 2737 910 2784 *,
945 2738 1069 2786 quod,
1099 2749 1183 2774 cum
1212 2750 1371 2774 essemus

297 2790 461 2840 parvuli,
487 2791 555 2826 sub
587 2790 773 2826 elementis
806 2790 940 2826 mundi
971 2802 1121 2827 eramus
1153 2792 1372 2828 servientes:

303 2855 409 2880 nunc
440 2850 589 2889 autem,
619 2844 792 2892 temporis
814 2842 1043 2892 plenitudine
1077 2845 1263 2890 veniente,
1293 2844 1370 2880 iam

304 2908 385 2934 non
413 2908 549 2932 sumus
575 2895 737 2944 parvuli.
767 2896 869 2943 Ergo
888 2894 1040 2932 videtur
1067 2896 1174 2944 quod
1206 2908 1287 2932 non
1307 2897 1371 2933 de-

304 2950 467 2987 beamus
486 2949 571 2986 Deo
592 2948 732 2986 servire
759 2948 831 2984 sub
860 2948 1057 2984 elementis
1076 2948 1192 2985 huius
1220 2949 1370 2996 mundi,

305 3001 568 3051 corporalibus
597 3000 842 3038 sacramentis
870 3001 1027 3038 utendo.

362 3055 396 3092 3.
426 3056 664 3100 PRAETEREA,
692 3054 795 3103 apud
819 3055 942 3091 Deum
971 3066 1045 3091 non
1074 3060 1125 3091 est
1151 3060 1371 3091 transmuta-

305 3109 355 3145 tio
374 3120 443 3145 nec
461 3107 715 3145 vicissitudinis
733 3109 978 3154 obumbratio,
998 3115 1039 3143 ut
1058 3106 1196 3144 dicitur
1218 3109 1289 3144 Iac.
1311 3119 1320 3144 1
1339 3107 1370 3144 ²¹².

307 3161 384 3198 Sed
412 3161 488 3197 hoc
514 3160 667 3197 videtur
694 3161 742 3197 ad
772 3160 969 3209 quandam
997 3160 1252 3197 mutationem
1280 3160 1372 3197 divi-

306 3225 379 3251 nae
407 3213 614 3250 voluntatis
649 3213 857 3262 pertinere,
887 3213 994 3262 quod
1032 3212 1104 3250 alia
1136 3221 1373 3250 sacramenta

307 3278 412 3303 nunc
426 3266 603 3303 exhibeat
617 3266 841 3303 hominibus
856 3266 905 3303 ad
925 3265 1263 3303 sanctificationem
1278 3274 1373 3303 tem-

306 3330 402 3369 pore
421 3319 572 3368 gratiae,
592 3327 629 3356 et
656 3319 728 3357 alia
747 3327 834 3356 ante
864 3319 1071 3356 Christum.
1102 3320 1203 3367 Ergo
1222 3319 1374 3356 videtur

269 3402 276 3408 .
308 3372 416 3421 quod
442 3380 530 3421 post
554 3372 751 3409 Christum
779 3384 860 3409 non
888 3372 1105 3409 debuerunt
1132 3371 1274 3409 institui
1302 3372 1374 3409 alia

309 3432 557 3462 sacramenta.

363 3478 437 3515 SED
466 3490 610 3515 CONTRA
638 3490 703 3516 EST
731 3478 839 3528 quod
862 3478 1099 3527 Augustinus
1123 3477 1222 3524 dicit,
1244 3484 1374 3515 contra

309 3531 434 3568 Faust.
455 3531 543 3567 XIX
561 3530 592 3576 ²¹³,
614 3532 720 3580 quod
749 3540 987 3569 sacramenta
1010 3531 1147 3568 veteris
1175 3530 1266 3579 legis
1292 3537 1375 3568 sunt

452 3600 563 3626 Sumam
581 3601 684 3627 Tutor..
703 3602 734 3628 D.
749 3602 864 3627 ΤιιοκΑκ
883 3602 915 3628 Τ.
928 3602 970 3627 IX.

1420 2206 1557 2252 ablata,
1578 2207 1665 2255 quia
1692 2207 1863 2256 impleta:
1889 2213 1922 2244 et
1949 2208 2024 2244 alia
2051 2214 2135 2245 sunt
2162 2209 2322 2246 instituta
2358 2211 2489 2247 virtute

1420 2261 1580 2305 maiora,
1602 2259 1753 2296 utilitate
1789 2260 1966 2307 meliora,
1995 2266 2079 2297 actu
2096 2262 2301 2308 faciliora,
2330 2275 2488 2299 numero

1416 2324 1614 2362 pauciora.

1475 2366 1700 2402 Rssspomo
1719 2378 1901 2404 DICENDUM
1929 2366 2048 2415 quod,
2070 2366 2165 2404 sicut
2189 2367 2334 2416 antiqui
2359 2369 2489 2405 Patres

1422 2418 1556 2455 salvati
1583 2426 1671 2455 sunt
1698 2430 1769 2467 per
1792 2419 1912 2456 fidem
1942 2419 2081 2457 Christi
2099 2420 2264 2467 venturi,
2284 2420 2335 2458 ita
2363 2429 2398 2457 et
2417 2433 2489 2458 nos

1423 2472 1619 2508 salvamur
1652 2483 1722 2520 per
1755 2471 1875 2509 fidem
1912 2472 2051 2509 Christi
2088 2473 2163 2510 iam
2200 2473 2278 2510 nati
2306 2482 2342 2510 et
2374 2474 2487 2523 passi.

1424 2524 1523 2561 Sunt
1558 2532 1688 2561 autem
1724 2533 1961 2562 sacramenta
1995 2526 2188 2574 quaedam
2224 2526 2330 2574 signa
2363 2535 2488 2576 prote-

1424 2577 1559 2614 stantia
1577 2577 1697 2614 fidem
1725 2590 1803 2627 qua
1831 2579 1952 2615 homo
1976 2578 2211 2616 iustificatur.
2243 2580 2404 2629 Oportet
2423 2593 2489 2617 au-

1422 2637 1502 2667 tem
1530 2630 1610 2667 aliis
1639 2630 1753 2679 signis
1788 2631 1990 2679 significari
2021 2632 2165 2678 futura,
2193 2632 2393 2681 praeterita
2421 2645 2489 2669 seu

1423 2683 1654 2732 praesentia:
1684 2691 1727 2720 ut
1750 2683 1854 2721 enim
1873 2684 2110 2733 Augustinus
2133 2685 2233 2731 dicit,
2253 2686 2341 2722 XIX
2360 2692 2490 2723 contra

1423 2738 1548 2773 Faust.
1569 2736 1607 2783 ²¹⁸,
1632 2737 1761 2774 eadem
1795 2749 1853 2774 res
1887 2738 1995 2774 aliter
2021 2741 2263 2775 annuntiatur
2285 2739 2488 2786 facienda,

1423 2790 1531 2826 aliter
1538 2790 1668 2838 facta:
1693 2791 1786 2826 sicut
1809 2792 1887 2839 ipsa
1911 2793 2026 2828 verba
2048 2803 2259 2841 «passurus
2276 2807 2294 2825 »
2317 2798 2350 2828 et
2372 2807 2390 2825 (ι
2402 2804 2490 2841 pas-

1423 2854 1484 2879 sus
1505 2857 1524 2876 »
1557 2855 1631 2880 non
1659 2843 1826 2879 similiter
1849 2849 1993 2880 sonant.
2025 2844 2072 2880 Et
2090 2844 2178 2880 ideo
2205 2852 2355 2893 oportet
2373 2856 2489 2893 quae-

1397 2931 1399 2948 Ξ
1425 2895 1516 2931 dam
1544 2895 1616 2932 alia
1644 2904 1881 2933 sacramenta
1908 2896 1947 2933 in
1975 2908 2079 2933 nova
2113 2898 2193 2945 lege
2222 2909 2318 2943 esse,
2348 2896 2489 2945 quibus

1397 2949 1399 2958 ¹
1425 2947 1685 2995 significentur
1721 2960 1766 2985 ea
1800 2961 1900 2998 quae
1935 2957 2222 2998 praecesserunt
2250 2949 2289 2986 in
2318 2949 2487 2994 Christo,

1424 3007 1574 3048 praeter
1592 3009 1829 3038 sacramenta
1847 3002 1984 3038 veteris
2012 3001 2113 3049 legis,
2134 3002 2275 3050 quibus
2300 3014 2489 3050 praenun-

1424 3052 1617 3090 tiabantur
1643 3054 1780 3090 futura.

1478 3107 1535 3142 AD
1556 3118 1690 3144 PRIMUM
1710 3119 1808 3143 ERGO
1827 3119 2008 3144 monimum
2027 3107 2146 3156 quod,
2167 3107 2263 3144 sicut
2282 3106 2490 3156 Dionysius

1398 3207 1400 3215 J
1426 3157 1532 3204 dicit,
1562 3158 1601 3195 in
1629 3171 1652 3196 v
1680 3171 1762 3208 cap.
1799 3160 1899 3196 Eccl.
1929 3161 2057 3206 Hier„
2087 3167 2204 3197 status
2239 3172 2364 3197 novae
2400 3159 2490 3208 legis

1427 3211 1577 3248 medius
1611 3219 1666 3248 est
1699 3212 1797 3249 inter
1828 3220 1965 3250 statum
2002 3212 2138 3250 veteris
2174 3213 2282 3261 legis,
2311 3213 2420 3250 cuius
2448 3212 2489 3249 fi-

1426 3276 1542 3313 gurae
1580 3264 1787 3314 implentur
1820 3265 1859 3302 in
1894 3278 1997 3302 nova
2024 3267 2123 3314 lege;
2153 3274 2189 3302 et
2222 3266 2319 3303 inter
2350 3274 2490 3302 statum

1426 3317 1580 3366 gloriae,
1601 3317 1640 3354 in
1668 3330 1746 3367 qua
1774 3318 1901 3355 omnis
1936 3319 2040 3356 nude
2076 3327 2111 3356 et
2138 3319 2302 3368 perfecte
2334 3318 2489 3356 manife-

1428 3370 1587 3407 stabitur
1614 3370 1763 3408 veritas.
1794 3371 1842 3408 Et
1869 3371 1956 3408 ideo
1983 3379 2075 3408 tunc
2102 3373 2207 3409 nulla
2229 3380 2340 3409 erunt
2368 3383 2489 3408 sacra-

1428 3432 1569 3460 menta.
1605 3425 1723 3461 Nunc
1751 3432 1902 3470 autem,
1931 3424 2104 3474 quandiu
2131 3437 2199 3474 per
2234 3425 2422 3475 speculum
2451 3425 2488 3460 in

1427 3478 1641 3526 aenigmate
1677 3479 1955 3527 cognoscimus,
1983 3485 2025 3514 ut
2053 3477 2189 3514 dicitur
2215 3479 2229 3514 I
2262 3479 2348 3515 Cor.
2375 3489 2432 3513 xm
2457 3476 2488 3523 ²¹⁶,

1430 3538 1580 3579 oportet
1607 3542 1678 3567 nos
1706 3542 1775 3579 per
1803 3530 1931 3579 aliqua
1958 3530 2147 3568 sensibilia
2180 3530 2285 3578 signa
2319 3530 2357 3566 in
2386 3528 2489 3578 spiri-

2331 3601 2344 3625 3

2513 891 2525 903 *
2541 890 2605 912 Vei-s.
2622 890 2657 913 18.

2517 2746 2527 2757 ·
2542 2745 2599 2773 Cap.
2614 2751 2660 2767 xvi.

2518 3480 2526 3488 ·
2542 3476 2608 3499 Vera.
2626 3483 2658 3499 η.
