2918 4088
0 218 3 260 Ῑ
1041 206 1303 254 QUAESTIO
1332 206 1422 253 LX,
1451 205 1743 243 ARTICULUS
1770 207 1835 243 VII
2458 219 2496 243 11

10 307 12 326 :
201 300 210 317 ι
341 295 471 324 autem
490 298 536 323 ex
554 286 654 324 fine*
674 286 849 324 dictionis
872 295 913 324 ut
932 286 1144 336 plurimum
1172 297 1251 322 non
1279 292 1400 321 mutat
1453 283 1639 332 ruptionis
1667 296 1713 320 ex
1740 292 1845 333 parte
1873 284 2047 322 dictionis
2072 291 2099 322 μ.
2143 286 2245 332 Quia
2272 299 2317 323 ex
2346 295 2505 336 utraque
2629 298 2647 323 μ

5 344 17 387 t
198 350 213 366 κ
341 339 657 387 significationem
676 346 703 375 χ.
734 340 845 386 Quae
873 348 1002 376 tamen
1023 338 1128 387 apud
1147 338 1315 374 Graecos
1333 347 1398 372 va·
1451 344 1558 384 parte
1576 344 1700 384 potest
1719 348 1799 373 esse
1818 344 1897 373 tam
1916 349 2034 385 parva
2053 339 2159 386 quod
2187 351 2266 375 non
2285 340 2404 376 aufert
2423 351 2506 376 sen-

5 387 18 406 i
341 392 458 429 riatur
489 391 603 428 etiam
638 392 854 429 secundum
889 390 1123 440 principium
1158 388 1332 426 dictionis
1359 388 1398 425 in
1452 400 1541 425 sum
1575 389 1804 426 verborum:
1845 397 1880 425 et
1907 397 1985 426 tam
2019 402 2176 437 magna,
2205 392 2309 439 quod
2338 392 2456 428 aufert
2482 398 2504 427 ⁹.
2630 397 2642 413 ⁹

196 443 213 468 λ
341 444 594 481 declinatione
612 443 627 466 λ
654 445 876 483 verborum.
1454 440 1530 477 Sed
1551 452 1676 477 unum
1704 442 1846 477 horum
1871 441 2014 478 facilius
2042 442 2174 479 accidit
2201 455 2246 479 ex
2274 452 2378 492 parte
2406 444 2506 492 prin·
2534 457 2598 487 ges.
2620 457 2652 478 ιν
2669 457 2744 484 sm„

393 496 516 544 Magis
534 504 664 534 tamen
683 497 834 533 videtur
859 495 1087 533 attendenda
1108 492 1298 542 quantitas
1317 491 1400 530 cor:
1452 492 1558 541 cipii‚
1587 493 1691 529 aliud
1719 506 1765 530 ex
1793 502 1898 542 parte
1926 494 2014 530 finis
2033 494 2063 530 *.
2535 484 2704 537 {xbibit}
2723 489 2745 511 ²'

102 2609 115 2622 '¹
133 2607 167 2631 Ee
184 2608 299 2631 audeo...

102 2634 239 2658 emtis
252 2641 300 2657 om.

101 2661 301 2716 sssstffi'ffi'ss‘l

26 3159 33 3192 ,ἲ
105 3175 166 3204 ‘a

155 3207 170 3229 ⁶
183 3186 226 3230 gg.
247 3187 316 3208 um,

171 3223 178 3234 ι

219 3211 315 3230 mutent.

231 3234 316 3256 obieet.

233 3260 317 3282 palude

214 3287 286 3309 aelus.

105 3258 166 3283 Petri

30 3285 34 3296 '
47 3291 50 3294 ·
105 3290 170 3309 cont.

393 626 413 660 ι)
425 627 492 660 fine.
509 641 529 646 —
541 629 623 659 parte
637 626 704 660 finis
722 626 775 651 Pte.
795 625 816 650 Β
833 630 888 650 om.
907 623 1048 650 variano...
1066 624 1296 657 significationem.

395 663 420 696 a)
440 670 492 688 non
518 665 605 688 mutat
625 661 858 696 significationem.
875 674 896 679 —
912 660 961 684 Ed.
978 667 996 684 a
1002 667 1010 688 ;
1029 666 1082 684 non
1107 662 1194 684 mutat
1215 659 1402 692 consignifica-

339 698 509 764 tio-xgnbcfi
523 700 610 766 ›cnfut3t
633 693 903 729 consignificationem
927 693 992 726 1³01,
1012 697 1099 719 mutat
1120 693 1342 728 significationem
1361 701 1403 718 ce-

1505 621 1534 664 .λ)
1553 623 1579 648 in
1599 623 1784 649 declinatione.
1797 638 1818 642 -
1835 626 1861 648 et
1879 623 2064 649 declinationis
2082 624 2115 655 Η,
2134 625 2160 649 in
2185 625 2404 651 declinationibus
2426 631 2509 652 cetera

1453 663 1537 684 tertia.

1507 693 1536 727 μ)
1553 700 1591 718 ex
1605 697 1686 725 parte
1705 693 1837 719 dictionis.
1849 707 1868 712 -
1887 694 1948 718 Om.
1964 693 2002 720 Pl.
2014 708 2032 713 -
2046 695 2094 719 Pro
2110 695 2187 725 Quia,
2203 696 2277 726 Quae
2295 695 2382 724 GHbc,
2398 696 2477 727 Quod
2491 697 2509 722 1.

1508 728 1531 762 ν)
1549 729 1648 762 aufert.
1666 743 1686 748 —
1703 735 1807 753 sensum
1826 729 1966 754 verborum
1985 730 2055 754 addit
2071 729 2100 754 F.

1010 818 1347 852 Commentario.
1368 817 1622 851 Cardinalis
1642 817 1845 850 Caietani

400 908 507 930 rrurus
530 898 566 929 ut
595 903 696 930 sonat.
719 916 742 920 —
765 897 801 928 In
829 906 964 938 corpore
987 907 1051 927 una
1074 897 1260 927 conclusio:
1286 895 1324 926 In
1347 905 1400 926 sa-

342 911 573 974 Tcramentis
592 979 595 982 Α
611 941 789 982 requiritur
825 940 1037 971 determinata
1060 941 1180 982 sor-ma
1218 940 1398 971 verborum.

339 988 504 1018 Probatur.
528 986 564 1016 ln
579 986 782 1016 sacramentis
805 986 1009 1025 requiruntur
1024 984 1249 1015 determinatae
1264 993 1314 1014 res
1329 993 1399 1014 sen-

339 1031 454 1066 sibiles,
475 1039 559 1070 quae
581 1039 616 1061 se
638 1030 756 1063 habent
778 1033 814 1060 ut
837 1029 977 1061 materia.
1000 1028 1086 1068 Ergo
1109 1028 1214 1060 multo
1236 1028 1336 1067 magis
1351 1037 1400 1058 re-

340 1075 475 1116 quiritur
489 1073 718 1106 ,determinatio
741 1073 924 1108 verborum,
948 1081 1031 1112 quae
1054 1082 1088 1102 se
1110 1073 1206 1103 habet
1226 1078 1263 1102 ut
1286 1071 1398 1102 forma.

393 1114 596 1149 Antecedens
629 1116 738 1158 quoad
768 1117 905 1156 primam
936 1122 1059 1156 partem
1091 1122 1178 1156 patet
1205 1125 1244 1146 ex
1267 1115 1399 1145 articulo

340 1162 465 1203 quinto.
499 1159 618 1200 Quoad
647 1160 830 1196 secundam,
855 1169 893 1190 ex
917 1165 1026 1190 sexto:
1061 1165 1092 1190 et
1114 1160 1166 1190 hic
1193 1159 1355 1199 repetitur.
1377 1177 1401 1181 -

341 1204 586 1245 Consequentia
611 1202 773 1244 probatur.
808 1203 896 1242 Quia
925 1203 1130 1243 principalius
1162 1203 1332 1243 requiritur
1361 1203 1400 1233 ad

340 1259 409 1280 esse
424 1250 469 1279 rei
485 1249 692 1280 determinata
706 1247 809 1278 forma
825 1256 923 1287 quam
938 1246 1143 1278 determinata
1166 1247 1306 1277 materia.
1322 1247 1399 1277 Pro-

339 1294 452 1324 batur:
485 1293 560 1332 quia
583 1293 617 1322 in
639 1292 790 1325 omnibus
820 1291 1007 1331 compositis
1030 1301 1068 1322 ex
1090 1291 1221 1322 materia
1244 1296 1275 1320 et
1297 1290 1400 1321 forma

339 1337 535 1378 principium
557 1335 829 1374 determinationis
852 1340 898 1365 est
922 1344 959 1365 ex
981 1340 1070 1375 parte
1098 1333 1231 1370 formae,
1256 1335 1332 1374 quia
1354 1339 1400 1364 est

340 1379 414 1417 finis
432 1386 467 1411 et
489 1380 642 1412 terminus
665 1379 835 1418 materiae;
860 1384 891 1409 et
912 1379 1043 1409 materia
1066 1378 1272 1409 determinata
1294 1379 1400 1418 requi-

340 1425 419 1454 ritur
440 1429 476 1454 ut
498 1424 538 1454 sit
559 1423 802 1464 proportionata
825 1421 1051 1452 determinatae
1074 1421 1206 1452 formae.

395 1467 432 1498 11,
456 1467 492 1498 In
507 1467 716 1507 responsione
732 1465 772 1496 ad
787 1465 975 1502 secundum,
996 1465 1122 1496 adverte
1145 1465 1234 1505 quod
1258 1465 1401 1496 doctrina

339 1512 512 1551 praesentis
544 1511 676 1546 litterae,
707 1509 827 1540 scilicet
859 1509 948 1549 quod
970 1510 1004 1539 in
1027 1509 1168 1548 qualibet
1199 1509 1307 1548 lingua
1337 1517 1402 1543 vox

339 1555 393 1587 illa
416 1564 480 1595 qua
501 1553 707 1594 principalius
723 1558 754 1583 et
769 1553 975 1583 communius
998 1553 1146 1583 homines
1168 1553 1251 1582 illius
1274 1552 1402 1591 linguae

341 1604 475 1629 utuntur
497 1597 537 1628 ad
559 1597 652 1628 illum
678 1596 790 1627 ‘actum
822 1595 1077 1635 significandum,
1105 1596 1223 1627 assumi
1252 1595 1402 1626 debetssin

341 1641 553 1677 sacramentis,
576 1650 650 1671 vera
682 1645 730 1670 est
757 1644 914 1679 quantum
946 1644 993 1669 est
1016 1649 1054 1669 ex
1077 1644 1164 1679 parte
1197 1638 1294 1669 debiti
1325 1648 1402 1671 usus

339 1686 533 1716 verborum:
558 1684 712 1724 quoniam
731 1683 771 1713 ad
785 1688 910 1713 tantum
932 1683 1120 1723 mysterium
1142 1691 1211 1712 non
1233 1682 1294 1712 nisi
1315 1682 1402 1723 prin-

341 1729 454 1770 cipalia
477 1728 766 1767 communioraque
789 1726 978 1756 assumenda
1001 1731 1075 1756 sunt
1097 1727 1202 1756 verba.
1235 1725 1320 1756 Cum
1343 1726 1403 1756 hac

339 1778 448 1804 tamen
470 1772 615 1803 doctrina
637 1776 697 1801 stat
726 1770 816 1810 quod
846 1771 1034 1810 oppositum
1059 1769 1115 1800 fiat
1140 1770 1191 1800 vel
1214 1779 1252 1800 ex
1275 1779 1402 1801 accom-

293 1835 300 1842 ·
339 1816 527 1849 modatione
549 1825 626 1847 usus
641 1816 668 1851 ³,
691 1814 743 1845 vel
770 1814 846 1854 quia
876 1814 1064 1846 sacramenti
1096 1813 1200 1844 sonna
1221 1823 1289 1845 non
1313 1820 1404 1854 urget

280 1879 287 1886 -
336 1861 379 1893 ad
401 1860 465 1892 hoc
481 1861 508 1891 ⁶.

395 1902 447 1935 111.
471 1902 638 1942 Quantum
667 1907 775 1935 autem
806 1901 908 1931 valeat
940 1907 1051 1932 contra
1077 1902 1342 1936 communitatem
1373 1907 1404 1932 et

338 1945 581 1989 proprietatem'
596 1946 723 1987 linguae
755 1943 1013 1975 accommodatio
1037 1955 1124 1981 usus,
1148 1951 1278 1976 testatur
1301 1945 1404 1976 forma

339 1991 488 2032 baptismi
511 1990 598 2031 apud
620 1991 761 2026 Latinos,
778 1988 856 2019 dum
880 1988 1015 2019 dicitur:
1038 1989 1113 2030 Ego
1138 1994 1169 2020 te
1190 1989 1325 2030 baptizo,
1342 1995 1402 2020 etc.

339 2035 513 2076 Baptizare
539 2035 625 2065 enim
654 2034 750 2064 latina
777 2033 886 2073 lingua
916 2041 1023 2073 neque
1053 2033 1268 2073 principaliter
1296 2043 1403 2073 neque

340 2079 556 2111 communiter
578 2077 734 2118 significat
757 2077 897 2112 abluere,
913 2082 950 2107 ut
969 2082 1074 2117 patet:
1099 2078 1133 2107 in
1155 2082 1279 2108 tantum
1303 2077 1402 2117 quod,

340 2124 366 2154 si
390 2124 462 2165 quis
493 2122 612 2154 diceret
643 2122 741 2158 alteri,
764 2121 902 2161 Baptiza
923 2121 985 2152 hoc
1011 2121 1224 2157 sudariolum,
1249 2127 1302 2152 aut
1325 2131 1402 2157 non,

340 2173 395 2203 aut
417 2167 468 2198 vix
491 2166 728 2206 intelligeretur.
753 2165 794 2195 Et
809 2165 923 2205 procul
947 2164 1046 2196 dubio
1071 2164 1174 2195 dicere
1198 2164 1402 2196 deberemus:

338 2211 414 2252 Ego
439 2215 468 2241 te
491 2210 587 2240 abluo
611 2210 643 2240 in
662 2206 929 2244 nomine'Patris,
955 2214 1014 2239 etc.
1039 2208 1124 2246 Quia
1146 2214 1252 2239 tamen
1276 2218 1403 2239 accom-

340 2255 483 2286 modavit
498 2254 659 2285 Ecclesiae
682 2253 796 2283 latinae
821 2262 897 2283 usus
919 2252 1114 2282 vocabulum
1137 2253 1200 2283 hoc
1223 2253 1262 2282 ad
1286 2252 1403 2292 signifi-

341 2298 480 2329 candum
503 2303 611 2338 actum
633 2297 783 2327 abluendi
807 2298 863 2337 qui
885 2297 920 2326 in
943 2302 1140 2326 sacramento
1163 2296 1209 2332 fit,
1233 2296 1289 2326 illo
1312 2302 1404 2326 uten-

341 2342 419 2374 dum
443 2347 498 2373 est.
523 2341 617 2373 Unde
641 2341 737 2372 etiam
760 2341 909 2372 mulieres
932 2341 966 2370 in
988 2340 1110 2380 vulgari
1139 2340 1333 2380 baptizantes
1357 2340 1403 2371 di-

341 2392 438 2419 cunt:
463 2386 501 2417 Io
519 2391 549 2416 te
563 2385 698 2426 baptizo.
722 2385 764 2415 Et
786 2384 890 2415 audeo
911 2383 1015 2414 dicere
1041 2384 1173 2414 minoris
1198 2393 1291 2414 curae
1307 2384 1403 2414 fuisse

339 2429 543 2461 introducere
570 2430 649 2460 haec
671 2429 766 2459 verba
790 2428 829 2459 ad
852 2428 1001 2458 Latinos:
1033 2427 1187 2467 quoniam
1213 2428 1288 2458 hinc
1311 2427 1347 2458 fit
1369 2434 1405 2458 ut

341 2483 409 2504 non
431 2464 585 2514 percipiat
607 2473 759 2514 populus,
787 2472 842 2502 sed
864 2481 924 2502 nec
948 2471 1094 2502 sacerdos
1118 2477 1172 2502 aut
1194 2471 1302 2508 levita,
1327 2472 1405 2513 quid

341 2518 492 2558 importat
513 2517 684 2558 baptizare.
720 2516 819 2554 Quod
842 2517 963 2556 optime
994 2515 1205 2555 intelligerent
1236 2525 1348 2546 omnes
1380 2517 1406 2546 si

342 2561 517 2592 diceretur:
549 2561 624 2602 Ego
648 2566 678 2591 te
701 2561 816 2596 abluo,
841 2565 896 2590 aut
925 2560 1010 2590 lavo.
1042 2559 1083 2589 Et
1105 2559 1207 2589 simile
1235 2559 1349 2590 accidit
1371 2561 1405 2590 in

342 2611 540 2636 sacramento
557 2604 808 2636 confirmationis
823 2605 857 2634 in
873 2604 971 2634 verbo
986 2603 1167 2634 chrismatis
1182 2604 1208 2633 *.
1232 2603 1405 2634 Providen-

342 2650 385 2680 tia
400 2655 507 2680 tamen
531 2648 636 2679 divina
658 2649 733 2679 hinc
755 2648 932 2678 Ecclesiam
955 2657 1046 2678 suam
1069 2646 1197 2677 doctam
1221 2657 1288 2677 esse
1303 2648 1406 2677 voluit

343 2692 442 2734 quod,
459 2701 668 2732 quocumque
691 2691 789 2722 verbo
813 2690 1058 2722 accommodato
1078 2691 1117 2721 ab
1141 2701 1202 2726 usu
1225 2690 1264 2721 ad
1287 2690 1405 2731 signifi-

343 2737 482 2767 candum
505 2735 584 2766 illud
606 2741 742 2771 utamur,
760 2735 854 2765 etiam
871 2735 896 2765 si
913 2735 1039 2765 alterius
1058 2735 1096 2765 sit
1119 2734 1287 2771 idiomatis,
1305 2744 1405 2765 sacra-

342 2786 488 2811 mentum
504 2779 684 2820 perficitur:
709 2780 752 2809 ita
775 2778 864 2819 quod
886 2788 947 2809 nec
962 2779 1074 2808 mixtio
1098 2778 1287 2809 idiomatum
1303 2779 1336 2808 in
1353 2789 1405 2809 ea·-

343 2825 417 2855 dem
439 2834 576 2854 numero
597 2823 701 2854 forma
724 2823 911 2853 sacramenti
934 2822 1018 2852 tollit
1040 2821 1272 2862 perfectionem
1304 2831 1404 2853 sacra-

342 2869 452 2900 menti.

397 2912 505 2943 Habes
529 2920 661 2952 quoque
684 2911 758 2941 hinc
782 2910 881 2950 quod,
906 2910 982 2950 quia
1004 2919 1081 2940 usus
1103 2909 1404 2940 accommodatione

342 2966 494 2998 personas
527 2955 637 2995 dignas
670 2955 864 2994 alloquimur
886 2954 919 2984 in
942 2963 1079 2983 numero
1111 2953 1242 2993 plurali,
1267 2952 1403 2983 dicendo

342 3001 418 3036 uni,
448 3000 525 3036 Vos,
550 3005 631 3034 etc.;
655 2999 698 3028 ita
722 2998 828 3038 quod,
853 2998 878 3028 si
902 2997 1058 3027 diceretur
1080 2996 1135 3032 illi,
1163 2997 1221 3032 Tu,
1245 2995 1404 3026 videretur

343 3043 450 3074 inferri
473 3044 529 3074 sibi
554 3042 686 3073 iniuria:
710 3042 795 3078 ideo,
812 3043 838 3071 si
854 3041 925 3081 quis
942 3042 975 3071 in
991 3040 1093 3071 forma
1116 3040 1302 3070 sacramenti
1325 3049 1404 3080 poe-

343 3088 504 3123 nitentiae,
532 3086 728 3117 absolvendo
761 3086 951 3126 episcopum
978 3085 1029 3115 vel
1056 3085 1244 3124 principem,
1272 3084 1404 3114 honoris

344 3132 490 3162 consueti
512 3131 609 3171 gratia
633 3130 724 3166 dicat,
749 3130 887 3160 Absolve
912 3139 969 3159 vos
989 3138 1009 3158 a
1026 3128 1170 3168 peccatis
1192 3128 1314 3163 vestris,
1332 3133 1403 3163 etc.,

342 3175 522 3216 perfectum
545 3180 591 3206 est
607 3179 840 3205 sacramentum
855 3175 890 3203 *2
914 3183 982 3203 non
1002 3173 1108 3203 minus
1132 3181 1230 3212 quam
1246 3172 1271 3202 si
1287 3172 1320 3202 in
1335 3171 1403 3201 vul-

343 3219 410 3259 gari
425 3219 561 3255 dixisset,
581 3218 620 3248 Ιο
636 3228 674 3250 νε
689 3218 819 3249 absolvo
843 3217 923 3248 dalli
946 3217 1047 3247 vostri
1063 3216 1200 3257 peccati.
1224 3215 1309 3253 Quia
1331 3225 1403 3255 per-

344 3262 427 3293 fecta
455 3269 501 3293 est
524 3262 712 3303 significatio
745 3262 898 3292 orationis
921 3260 959 3290 ad
982 3261 1069 3290 illam
1099 3269 1270 3300 personam
1303 3259 1404 3289 solam

345 3316 382 3337 ex
399 3306 698 3337 accommodatione
721 3315 807 3342 usus,
823 3315 891 3335 non
914 3306 1020 3335 minus
1044 3313 1141 3344 quam
1164 3302 1322 3344 perfectae
1343 3304 1404 3333 sint

345 3360 458 3382 omnes
481 3351 599 3383 similes
622 3350 791 3387 orationes,
815 3355 903 3390 puta,
926 3349 979 3379 Do
1004 3348 1092 3379 vobis
1114 3348 1175 3378 hoc
1197 3357 1323 3383 munus,
1348 3347 1403 3377 Ve-

346 3395 410 3426 nite
433 3404 489 3427 vos
512 3394 555 3428 ad
571 3394 749 3436 prandium
772 3403 904 3429 mecum,
929 3398 960 3424 et
983 3392 1104 3423 similia.

1509 895 1550 926 Et
1565 895 1677 926 eadem
1695 897 1817 927 ratione
1840 897 1979 937 perfecta
2003 903 2106 928 essent
2129 904 2321 930 sacramenta
2336 900 2361 930 si
2375 910 2510 940 persona

1452 939 1610 980 recipiens
1633 946 1865 971 sacramentum
1889 941 2115 982 exprimeretur
2129 942 2162 972 in
2178 944 2309 973 nomine
2332 944 2510 974 honorabili

1453 984 1627 1014 abstracto:
1653 990 1730 1024 puta
1746 985 1771 1014 si
1787 985 1859 1024 quis
1874 984 2001 1021 diceret,
2017 984 2092 1026 Ego
2108 986 2238 1016 absolvo
2261 987 2510 1018 dominationem

1453 1032 1592 1058 vestram
1615 1037 1636 1058 a
1653 1028 1796 1068 peccatis
1818 1028 1894 1060 suis.
1918 1029 1980 1059 Pro
2003 1030 2111 1069 regula
2134 1031 2220 1060 enim
2239 1031 2377 1070 generali
2393 1032 2511 1061 haben-

1454 1070 1532 1101 dum
1555 1077 1602 1102 est
1625 1071 1724 1111 quod,
1748 1072 1878 1112 quando
1907 1073 2008 1103 oratio
2036 1074 2130 1103 habet
2156 1074 2329 1114 perfectam
2355 1074 2510 1114 significa-

1453 1115 1576 1145 tionem
1599 1125 1637 1145 ex
1661 1116 1959 1147 accommodatione
1988 1127 2064 1147 usus
2087 1118 2120 1148 in
2144 1119 2254 1148 ceteris
2283 1118 2509 1155 locutionibus,

1454 1157 1570 1189 sufficit
1585 1158 1625 1189 ad
1640 1160 1826 1190 sacramenti
1849 1159 2079 1200 perfectionem
2101 1161 2210 1191 similis
2234 1163 2334 1192 oratio
2355 1163 2510 1202 applicata

1454 1201 1494 1232 ad
1515 1203 1679 1233 materiam
1702 1205 1899 1242 sacramenti.
1925 1204 1965 1234 Et
1983 1205 2062 1234 ratio
2087 1210 2133 1234 est
2157 1205 2231 1244 quia
2254 1206 2396 1245 operatio
2421 1207 2509 1246 spiri-

1453 1246 1546 1276 tualis
1573 1247 1606 1276 in
1633 1248 1835 1277 sacramentis
1866 1249 2009 1288 sequitur
2039 1248 2304 1288 significationem
2337 1249 2510 1289 perfectam

1454 1291 1606 1320 orationis
1630 1291 1878 1321 sacramentalis:
1904 1301 1939 1322 ac
1954 1301 2011 1332 per
2026 1293 2099 1328 hoc,
2116 1293 2171 1322 ubi
2186 1294 2288 1323 oratio
2302 1294 2397 1323 habet
2420 1303 2510 1324 suam

1453 1333 1718 1374 significationem
1740 1334 1923 1375 perfectam,
1940 1342 2172 1366 sacramentum
2189 1336 2360 1376 perficitur.
2377 1337 2510 1367 Constat

1455 1382 1561 1407 autem
1585 1377 1674 1418 quod
1697 1379 1797 1409 oratio
1822 1388 1904 1419 quae
1927 1380 1960 1409 in
1984 1380 2123 1419 qualibet
2146 1381 2275 1411 materia
2298 1382 2511 1412 communiter

1454 1421 1549 1451 habet
1576 1431 1666 1452 suam
1695 1421 1958 1462 significationem
1986 1423 2169 1463 perfectam,
2193 1433 2260 1454 non
2283 1423 2387 1464 perdit
2408 1424 2511 1464 perfe—

1455 1465 1595 1495 ctionem
1627 1475 1702 1496 suae
1735 1465 1972 1505 significationis
1996 1476 2033 1497 ex
2055 1468 2119 1497 hoc
2149 1466 2237 1507 quod
2269 1468 2445 1508 applicatur
2472 1468 2510 1498 ad

1454 1509 1618 1538 materiam
1650 1510 1918 1540 sacramentalem.
1954 1511 2059 1550 Igitur,
2083 1512 2164 1541 sicut
2194 1511 2307 1541 sufficit
2334 1512 2435 1541 oratio
2458 1512 2510 1542 illa

1455 1551 1595 1591 perfecta
1616 1553 1650 1582 in
1673 1553 1751 1588 aliis,
1774 1553 1817 1582 ita
1841 1559 1872 1583 et
1893 1554 1927 1584 in
1950 1555 2161 1584 sacramentis.
2444 1583 2446 1585 .

1511 1595 1564 1625 IV.
1588 1595 1673 1632 Quia
1695 1601 1802 1626 autem
1825 1598 2012 1627 sacramenti
2038 1597 2140 1628 forma
2163 1607 2230 1628 non
2253 1604 2343 1638 urget
2365 1599 2405 1629 ad
2425 1599 2512 1638 prin-

1460 1638 1600 1678 cipaliter
1624 1644 1655 1668 et
1678 1640 1891 1670 communiter
1914 1646 2066 1670 consueta
2088 1641 2193 1677 verba,
2210 1642 2236 1672 si
2252 1643 2322 1681 quis
2346 1652 2383 1672 ex
2403 1643 2512 1673 huius—

1456 1682 1546 1712 modi
1568 1682 1710 1712 libertate
1733 1688 1874 1713 uteretur
1897 1684 1963 1713 aliis
1987 1685 2098 1720 verbis,
2122 1690 2199 1724 puta
2222 1684 2368 1721 dicendo,
2391 1685 2465 1726 Ego
2483 1690 2514 1716 te

1457 1726 1553 1756 abluo
1577 1725 1610 1756 in
1635 1726 1764 1756 nomine
1785 1727 1994 1765 Patria-etc.,
2018 1733 2081 1762 aut,
2105 1728 2138 1758 in
2165 1734 2360 1759 sacramento
2388 1729 2513 1759 Eucha-

1456 1770 1571 1805 ristiae,
1595 1770 1686 1800 Istud
1708 1775 1763 1804 est,
1788 1775 1868 1800 etc.:
1897 1771 2036 1810 perfecta
2068 1777 2172 1802 essent
2202 1778 2405 1802 sacramenta.
2437 1773 2512 1803 Non

1457 1814 1543 1844 enim
1566 1813 1606 1844 de
1628 1814 1813 1844 necessitate
1845 1815 2031 1845 sacramenti
2062 1821 2137 1846 sunt
2167 1816 2239 1846 illae
2268 1825 2364 1846 voces
2397 1817 2512 1856 quibus

1458 1858 1672 1888 communiter
1694 1857 1836 1888 Ecclesia
1857 1859 1974 1889 utitur:
1998 1858 2054 1889 sed
2076 1859 2147 1889 illae
2170 1860 2220 1890 vel
2243 1860 2322 1890 aliae
2348 1860 2422 1890 loco
2445 1861 2513 1891 illa-

1457 1911 1528 1932 rum
1543 1900 1629 1933 idem
1653 1900 1864 1941 significantes
1887 1901 1975 1942 quod
1990 1902 2071 1934 illae.
2096 1903 2147 1934 Sic
2164 1903 2250 1934 enim
2272 1903 2512 1944 intelligendum

1458 1951 1504 1975 est
1527 1945 1766 1975 determinatam
1790 1946 1871 1986 exigi
1894 1945 2031 1988 formam
2052 1947 2224 1977 verborum
2247 1947 2286 1977 ad
2309 1953 2511 1978 sacramenta.

1513 1988 1575 2019 Sed
1598 1994 1672 2019 sunt
1693 1998 1789 2020 voces
1811 1989 1883 2019 illae
1906 1990 2021 2030 quibus
2046 1990 2188 2020 Ecclesia
2210 1991 2318 2026 utitur,
2342 1991 2381 2021 de
2403 2001 2512 2021 neces-

1457 2033 1546 2063 sitate
1569 2033 1730 2073 praecepti
1753 2033 1923 2064 Ecclesiae.
1958 2033 2034 2064 ldeo
2063 2039 2209 2074 peccaret
2238 2035 2382 2075 quisquis
2404 2035 2512 2065 adver—

1457 2082 1559 2107 tenter
1581 2082 1722 2107 uteretur
1747 2077 1814 2108 aliis
1836 2078 1969 2108 vocibus
1991 2078 2032 2108 ab
2054 2078 2115 2109 illis
2144 2079 2260 2118 quibus
2286 2079 2433 2109 Ecclesia
2457 2089 2512 2109 sua

1458 2121 1624 2153 consuevit
1646 2121 1694 2151 uti
1716 2121 1749 2151 in
1773 2122 1984 2152 sacramentis.
2012 2121 2105 2152 Unde
2127 2122 2206 2152 haec
2227 2132 2295 2152 non
2318 2122 2454 2153 diximus
2477 2129 2512 2153 ut

1457 2164 1550 2194 liceat
1580 2165 1696 2204 cuique
1728 2170 1852 2195 mutare
1882 2174 1977 2195 voces
2009 2166 2042 2195 in
2073 2166 2295 2197 sacramentis:
2328 2165 2384 2196 sed
2413 2171 2459 2202 ut,
2486 2167 2512 2196 si

1457 2207 1614 2244 acciderit,
1638 2209 1786 2238 noverint
1812 2218 1879 2238 non
1907 2218 1974 2239 esse
2001 2208 2141 2239 iteranda
2169 2215 2361 2240 sacramenta
2383 2215 2514 2250 propter

1457 2251 1642 2282 huiusmodi
1665 2252 1868 2282 mutationes.

1511 2296 1550 2325 V.
1575 2296 1616 2325 Et
1638 2293 1845 2326 confirmatur
1872 2295 1960 2335 quod
1990 2295 2124 2326 dicimus
2151 2306 2189 2327 ex
2215 2296 2319 2327 forma
2349 2307 2514 2327 consecra-

1457 2340 1554 2370 tionis
1577 2340 1738 2378 sanguinis
1761 2339 1879 2370 Christi
1905 2349 1968 2379 qua
2000 2340 2098 2370 utitur
2120 2341 2261 2370 Ecclesia
2291 2341 2395 2371 latina.
2428 2342 2513 2373 Dicit

1459 2384 1565 2419 enims
1578 2383 1645 2413 Hic
1668 2388 1715 2413 est
1736 2383 1824 2414 calix
1845 2383 2038 2424 sanguinis:
2070 2384 2125 2414 ubi
2147 2390 2201 2414 aut
2223 2385 2438 2424 metaphorice
2461 2394 2514 2415 su-

1458 2427 1555 2457 mitur
1577 2426 1687 2463 calix‚·
1710 2432 1764 2457 aut
1784 2427 1916 2467 ponitur
1938 2428 2104 2458 continens
2126 2437 2185 2467 pro
2202 2433 2363 2458 contento.
2388 2429 2435 2458 Ac
2457 2438 2516 2468 per

1458 2471 1522 2501 hoc
1545 2480 1583 2500 ex
1605 2471 1637 2500 vi
1659 2471 1840 2507 verborum,
1864 2471 2014 2501 sectando
2045 2472 2208 2512 propriam
2240 2471 2514 2512 significationem,

1458 2524 1526 2545 non
1549 2514 1743 2554 significatur
1771 2516 1937 2544 conversio
1964 2515 2029 2544 vini
2051 2515 2085 2545 in
2107 2516 2304 2555 sanguinem,
2329 2515 2384 2546 sed
2407 2516 2439 2545 in
2463 2525 2515 2545 ca-

1458 2559 1571 2589 licem:
1597 2558 1686 2598 quod
1710 2563 1756 2588 est
1778 2558 1959 2588 ridiculum.
1982 2559 2156 2589 Attestatur
2178 2560 2263 2589 enim
2286 2569 2342 2599 per
2364 2560 2428 2589 hoc
2444 2560 2513 2599 Spi-

1458 2603 1536 2633 ritus
1557 2602 1691 2632 Sanctus
1714 2602 1802 2642 quod
1824 2602 1985 2632 sufficiunt
2000 2602 2039 2632 ad
2055 2609 2323 2634 sacramentorum
2346 2603 2515 2643 perfectio-

1458 2656 1535 2676 nem
1550 2647 1644 2676 verba
1659 2646 1710 2676 vel
1726 2656 1764 2676 ex
1779 2647 1981 2686 proprietate,
1997 2647 2047 2676 vel
2067 2646 2363 2677 accommodatione
2382 2657 2458 2677 usus
2473 2648 2515 2677 si-

1458 2689 1640 2730 gnificantia
1670 2690 1835 2720 veritatem
1866 2691 2068 2726 sacramenti,
2094 2700 2316 2730 quaecumque
2348 2692 2409 2721 sint
2442 2691 2513 2721 illa:

1458 2743 1518 2764 nec
1542 2743 1609 2764 esse
1633 2733 1672 2763 de
1695 2734 1880 2764 necessitate
1903 2735 2089 2764 sacramenti
2112 2735 2334 2764 communiora
2356 2735 2389 2764 in
2409 2734 2514 2774 aliqua

1458 2778 1567 2818 lingua
1589 2777 1694 2807 verba.

1512 2821 1566 2851 Vl.
1590 2821 1626 2851 ln
1649 2822 1858 2861 responsione
1882 2821 1921 2851 ad
1943 2822 2082 2857 tertium,
2106 2821 2232 2852 adverte
2255 2821 2354 2861 quod,
2370 2827 2405 2851 ut
2428 2827 2515 2861 patet

1458 2865 1498 2896 de
1522 2865 1684 2901 Consecr„
1702 2865 1771 2895 dist.
1789 2865 1841 2901 IV,
1859 2875 1927 2905 cap.
1951 2866 2150 2901 Retulerunt,
2174 2866 2337 2895 Zacharias
2360 2865 2445 2904 Papa
2459 2865 2516 2895 de-

1457 2909 1638 2939 terminavit
1669 2908 1766 2939 fuisse
1798 2909 1992 2948 baptizatum
2023 2909 2115 2939 illum
2147 2909 2202 2948 qui
2232 2909 2274 2938 ob
2303 2909 2512 2948 ignorantiam

1457 2953 1644 2992 baptizantis
1677 2952 1852 2992 baptizatus
1884 2958 1931 2982 est
1957 2952 1989 2982 in
2019 2952 2147 2983 nomine
2173 2952 2284 2982 Patria
2313 2957 2343 2982 et
2368 2952 2455 2983 Filia
2483 2958 2514 2983 et

1457 2995 1602 3035 Spiritua
1617 2996 1746 3026 Sancta.
1773 2996 1834 3026 Ubi
1849 2996 1936 3026 vides
1960 2995 2048 3035 quod
2072 2996 2233 3035 corruptio
2250 2995 2310 3026 fuit
2324 3000 2409 3025 tanta
2425 2995 2514 3035 quod

1457 3040 1573 3069 variata
1592 3044 1638 3069 est
1654 3038 1840 3079 significatio
1864 3039 2053 3069 nominum:
2078 3049 2152 3069 nam
2170 3039 2282 3079 patria
2297 3049 2364 3069 non
2379 3045 2511 3079 patrem,

1457 3083 1513 3113 sed
1534 3083 1645 3113 locum
1667 3083 1835 3113 nativitatis
1858 3082 2023 3122 significat.
2058 3082 2121 3113 Sed
2143 3083 2217 3113 licet
2232 3083 2349 3123 patria
2368 3084 2512 3114 absolute

1457 3127 1543 3157 aliud
1572 3126 1727 3166 significet
1756 3136 1854 3166 quam
1876 3127 1982 3162 Pater,
2005 3132 2042 3157 ut
2065 3132 2171 3157 tamen
2198 3132 2244 3157 est
2267 3136 2337 3166 pars
2365 3133 2513 3166 corrupte

1456 3171 1579 3210 prolata
1601 3171 1696 3201 huius
1719 3171 1880 3206 orationis,
1904 3171 1978 3212 Ego
2003 3175 2032 3200 te
2054 3170 2177 3211 baptizo
2202 3171 2234 3200 in
2258 3171 2386 3201 nomine
2400 3171 2512 3201 Patria

1458 3220 1488 3245 et
1512 3215 1598 3245 Filia
1627 3220 1698 3250 etc.,
1727 3214 1917 3254 significasse
1944 3219 2072 3255 patrem
2103 3214 2278 3245 iudicatum
2310 3220 2374 3245 est:
2409 3220 2439 3245 et
2468 3215 2512 3244 sic

1458 3259 1558 3288 oratio
1591 3264 1658 3288 tota
1689 3268 1756 3288 non
1787 3259 1921 3288 mutavit
1953 3258 2226 3298 significationem.
2261 3258 2301 3288 Et
2327 3259 2390 3288 hoc
2421 3258 2512 3288 valde

1457 3301 1635 3332 notandum
1659 3307 1705 3332 est
1726 3311 1785 3342 pro
1810 3302 1933 3332 casibus
1957 3302 2195 3333 occurrentibus
2218 3303 2250 3332 in
2274 3307 2421 3341 corrupte
2437 3311 2512 3342 pro-

1457 3347 1527 3377 latis
1549 3347 1651 3376 verbis
1678 3346 1760 3376 circa
1782 3346 1841 3376 alia
1869 3351 2072 3382 sacramenta,
2095 3346 2145 3376 vel
2169 3356 2206 3376 ex
2229 3345 2437 3382 festinatione,
2462 3346 2511 3375 vel

1458 3400 1495 3421 ex
1519 3390 1713 3421 balbutiente
1736 3390 1853 3430 lingua,
1877 3390 1927 3420 vel
1950 3390 2058 3430 aliquo
2082 3390 2144 3420 alio
2168 3389 2339 3420 accidente.
