2918 4088
246 1170 257 1181 ·
271 1169 342 1191 Num.
356 1174 372 1190 1.

247 1703 258 1712 ·
266 1700 301 1722 Cf.
311 1704 351 1723 art.
363 1700 460 1727 :seom-

247 1731 316 1748 ment.
328 1733 393 1749 num.
402 1733 425 1749 v.

248 1755 258 1766 '
271 1753 342 1776 Num.
358 1759 384 1775 ιι.

247 2408 460 2430 *VideComment.

249 2435 321 2457 Caiet.
341 2439 402 2462 post.
418 2438 459 2456 art.

250 2469 269 2489 ι,
284 2467 348 2484 num.
363 2467 389 2483 ιιι
403 2467 455 2489 sqq.

248 2565 257 2575 ·
272 2565 323 2586 Art.
338 2569 358 2592 3·

250 3091 260 3101 ·
270 3090 294 3112 S.
302 3090 346 3112 Th.
357 3091 407 3112 lect.
416 3097 459 3117 vu;

271 3117 302 3138 id.
315 3117 355 3138 nb.
365 3117 394 3144 11,
405 3123 460 3165 -cfff,

250 3149 353 3197 Phssiissf'
360 3149 400 3192 1²13.
420 3159 460 3197 iv}

250 3201 301 3223 cap.
316 3201 367 3222 vm,
386 3202 409 3218 n.
425 3203 461 3225 ¹33

248 3227 269 3243 ι.
284 3221 328 3243 Th.
343 3222 396 3244 lect.
410 3228 461 3245 xm.

491 163 563 211 184

485 243 672 274 huiusmodi
701 244 780 275 situs
803 244 868 275 sive
891 244 1010 284 positio
1041 253 1109 274 non
1134 249 1180 273 est
1203 243 1242 274 de
1265 243 1388 273 ratione
1419 240 1544 280 quanti-

484 288 556 318 tatis
571 287 784 324 dimensivae;
804 287 859 319 sed
874 288 942 318 sola
957 287 1075 328 positio
1092 296 1175 327 quae
1191 292 1238 317 est
1253 285 1428 317 differentia
1444 293 1544 324 quan-

484 332 590 368 titatis,
616 337 662 362 est
685 331 724 362 de
748 331 986 363 dimensionum
1010 331 1147 362 ratione:
1179 330 1252 361 ideo
1277 334 1395 359 attente
1418 332 1545 367 oportet

484 376 663 416 perspicere
693 376 783 416 quod
806 375 1000 407 divisibilitas
1033 385 1115 415 quae
1140 379 1185 405 est
1212 373 1250 404 de
1274 373 1396 403 ratione
1420 370 1544 411 quanti-

484 420 572 456 tatis,
596 429 664 451 non
687 420 864 461 opponitur
887 419 1125 450 indivisibilitati
1153 427 1234 458 quae
1263 416 1406 447 consistit
1432 415 1466 444 in
1489 423 1545 443 ne-

485 464 614 503 gatione
636 465 805 505 positionis
828 464 972 504 specialis
996 462 1251 503 praedicamenti.

540 508 608 539 Nec
631 513 800 549 propterea
823 507 951 543 fallaris,
975 513 1090 547 putans
1113 515 1166 536 me
1189 505 1294 535 dicere
1317 502 1406 543 quod
1428 501 1546 551 modus

486 552 609 582 essendi
638 552 868 583 indivisibiliter
891 552 929 581 sit
951 560 1031 591 pura
1058 550 1185 589 negatio
1209 547 1378 588 positionis
1401 545 1546 586 specialis

485 597 625 635 generis,
649 597 712 627 hoc
735 597 821 626 enim
844 605 904 626 nec
928 594 1100 625 somniavi:
1132 592 1188 622 sed
1211 597 1246 622 ut
1275 590 1430 630 intelligas
1463 598 1545 629 quae

486 639 621 671 dicimus
648 650 704 680 per
737 639 923 670 huiusmodi
959 638 1162 678 negationem
1194 644 1350 665 annexam
1390 633 1546 674 positivae

485 685 680 724 praesentiae
705 683 822 714 Christi
845 682 988 722 corporis
1011 681 1121 721 quanti
1145 679 1184 710 ad
1206 679 1354 709 hostiam.
1391 677 1546 708 Contine-

485 734 538 758 tur
567 729 654 758 enim
683 728 835 758 veraciter
865 726 981 757 Christi
1015 733 1132 764 corpus
1163 728 1320 763 quantum
1343 722 1402 752 sub
1426 722 1546 757 hostia,

486 772 606 812 absque
630 773 692 802 situ
721 781 778 802 seu
808 771 968 811 positione
998 768 1127 808 speciali
1157 766 1428 807 praedicamento.
1458 766 1547 796 Haec

487 816 573 846 enim
595 816 723 856 negatio
746 814 919 846 includitur
941 814 974 843 in
998 822 1037 843 eo
1059 810 1148 852 quod
1171 810 1367 851 significatur
1389 819 1446 850 per
1470 819 1548 840 con-

485 860 578 890 tineri
609 859 838 890 indivisibiliter
860 859 893 888 in
916 858 979 888 hoc
1006 860 1214 887 sacramento.

541 904 579 934 V.
605 904 674 934 Hac
698 912 773 943 ergo
796 901 1051 934 manifestatione
1075 899 1251 940 supposita,
1277 909 1314 929 ex
1331 908 1395 939 qua
1418 903 1549 939 apparet

486 947 576 987 quod
599 948 756 988 quantitas
780 946 896 976 Christi
920 944 1062 984 corporis
1085 953 1145 973 nec
1167 942 1272 983 perdit
1294 952 1385 973 suam
1409 942 1548 973 divisibi-

484 992 621 1027 litatem;
645 1001 706 1021 nec
722 990 823 1020 induit
838 989 973 1019 modum
988 988 1128 1027 aliquem
1145 988 1204 1017 sibi
1219 992 1468 1027 repugnantem;
1487 995 1548 1017 nec

484 1035 587 1075 perdit
610 1036 643 1065 in
666 1044 699 1065 se
723 1043 818 1064 suum
839 1032 975 1064 modum
998 1032 1194 1068 naturalem;
1225 1031 1281 1062 sed
1309 1032 1343 1062 in
1366 1032 1430 1062 hoc
1459 1031 1549 1071 quod

485 1079 667 1109 continetur
689 1079 748 1108 sub
772 1078 884 1113 hostia,
910 1082 994 1107 caret
1009 1076 1110 1106 modo
1126 1076 1182 1106 illo
1206 1076 1263 1116 qui
1278 1076 1469 1116 importatur
1492 1085 1549 1116 per

480 1123 673 1164 positionem
696 1132 753 1152 seu
775 1122 894 1152 situm:
916 1120 1127 1161 respondetur
1149 1119 1190 1151 ad
1213 1120 1348 1151 obiecta.

538 1167 579 1197 Et
603 1165 643 1196 ad
670 1167 811 1207 primum
841 1164 985 1196 Durandi
1015 1170 1126 1195 contra
1159 1165 1356 1205 positionem
1393 1165 1495 1205 ipsam
1515 1164 1548 1200 ⁴¹⁸,

483 1210 628 1251 neganda
655 1216 702 1240 est
723 1210 840 1245 minor,
864 1210 1004 1240 univoce
1027 1208 1205 1248 loquendo.
1236 1208 1402 1246 Quoniam
1430 1207 1548 1239 modus

482 1254 662 1286 istiusmodi
677 1254 931 1285 indivisibilitatis
954 1263 1022 1283 non
1045 1258 1202 1293 repugnat
1221 1252 1426 1283 divisibilitati
1448 1262 1550 1293 quan—

483 1300 589 1330 titatis.

538 1343 589 1375 Ad
612 1342 791 1374 secundum
806 1351 883 1372 vero
907 1342 998 1373 facile
1015 1341 1077 1372 dici
1092 1347 1199 1382 potest
1215 1341 1304 1382 quod
1320 1346 1548 1383 argumentum

461 1406 465 1409 -
483 1398 504 1419 a
526 1388 624 1420 simili
647 1387 818 1419 claudicat.
842 1388 1070 1423 Veruntamen,
1094 1392 1215 1417 servata
1237 1386 1465 1417 univocatione
1488 1391 1550 1416 ter—

483 1434 664 1468 minorum,
694 1431 920 1472 respondendo
945 1431 1059 1462 dicitur
1085 1430 1201 1461 falsum
1224 1431 1343 1461 assumi
1365 1431 1399 1461 in
1422 1436 1548 1461 antece-

484 1476 588 1508 dente.
624 1477 789 1515 Quoniam
812 1476 985 1506 substantia
1009 1475 1125 1506 alicubi
1148 1480 1211 1511 est,
1239 1484 1306 1505 non
1333 1484 1390 1515 per
1412 1474 1548 1505 modum

483 1522 685 1557 substantiae,
709 1520 765 1551 sed
788 1529 846 1560 per
867 1520 1004 1551 modurn
1027 1519 1225 1560 quantitatis,
1249 1524 1285 1549 ut
1308 1524 1395 1559 patet
1417 1519 1450 1549 in
1474 1520 1549 1549 sub-

485 1567 605 1597 stantiis
629 1565 780 1596 extensis:
805 1570 879 1595 sunt
895 1566 982 1595 enim
997 1565 1031 1595 in
1046 1564 1121 1594 loco
1139 1563 1357 1604 quantitative.
1381 1563 1423 1594 Et
1440 1573 1548 1594 rursus

484 1611 658 1641 substantia
672 1611 894 1649 heterogenea,
911 1615 989 1649 puta
1003 1609 1072 1645 bos,
1096 1618 1164 1639 non
1181 1613 1228 1639 est
1249 1617 1306 1648 per
1321 1607 1458 1638 modurn
1474 1609 1547 1638 sub-

485 1655 617 1685 stantiae
639 1655 673 1685 in
697 1654 838 1694 qualibet
861 1663 936 1684 suae
960 1653 1143 1693 quantitatis
1166 1658 1271 1692 parte:
1299 1662 1367 1682 non
1392 1658 1438 1682 est
1462 1653 1548 1683 enirn

485 1705 552 1730 tota
574 1705 687 1730 natura
709 1698 800 1728 bovis
823 1698 857 1728 in
881 1697 1023 1737 qualibet
1046 1697 1114 1727 eius
1137 1701 1226 1737 parte
1250 1697 1457 1736 quantitativa
1471 1698 1498 1727 ’ἢ

540 1744 593 1774 VI.
618 1743 669 1774 Ad
700 1743 824 1773 obiecta
854 1741 987 1772 secundi
1016 1741 1105 1772 dubii
1120 1742 1136 1758 ⁴*
1160 1740 1406 1780 respondendo,
1435 1740 1550 1771 dicitur

485 1788 602 1828 primo,
626 1787 666 1818 ad
689 1787 777 1818 Scoti
800 1792 1034 1826 argumentum,
1059 1785 1149 1826 quod
1171 1785 1317 1825 procedit
1340 1794 1378 1815 ex
1402 1784 1478 1815 falsa
1500 1786 1548 1815 in-

485 1833 710 1872 terpretatione
733 1831 863 1861 rationis
887 1831 997 1861 allatae
1021 1831 1059 1860 ab
1082 1830 1236 1865 Auctore,
1260 1839 1296 1859 ac
1312 1829 1338 1859 si
1353 1829 1477 1859 Auctor
1494 1828 1549 1860 ad-

486 1876 626 1907 duxisset
647 1885 707 1916 pro
731 1885 826 1905 causa
849 1884 947 1915 quare
971 1875 1129 1914 quantitas
1153 1879 1199 1904 est
1221 1874 1254 1903 in
1270 1874 1334 1903 hoc
1350 1879 1548 1904 sacramento

485 1930 542 1961 per
564 1920 701 1952 modum
723 1920 926 1955 substantiae,
950 1919 1026 1959 quia
1049 1924 1096 1949 est
1112 1918 1202 1958 quasi
1222 1917 1428 1948 secundarius
1442 1918 1550 1948 termi-

485 1975 547 1996 nus
568 1965 765 1996 mutationis.
788 1964 862 1994 Hoc
885 1969 993 1994 autem
1016 1963 1131 2003 procul
1147 1967 1194 1993 est
1217 1963 1255 1992 ab
1271 1962 1422 1993 Auctoris
1443 1971 1549 1992 sensu.

1140 163 1402 211 QUAESTIO
1431 161 1607 207 LXXVI,
1637 159 1929 196 ARTICULUS
1958 159 2008 195 IV

1597 238 1673 268 Non
1697 238 1783 268 enim
1807 236 1951 267 consistit
1971 236 2039 266 eius
2062 236 2142 266 ratio
2165 236 2199 266 in
2219 235 2395 267 differentia
2417 237 2499 267 inter
2521 237 2663 276 primum

1599 287 1630 311 et
1653 280 1831 311 secundum
1847 280 2021 310 terminum
2044 280 2077 310 in
2093 278 2172 316 fieri,
2190 285 2225 310 ut
2241 285 2466 320 argumentum
2481 281 2662 322 usurpavit:

1599 324 1654 355 sed
1677 325 1758 355 inter
1787 333 1844 364 per
1872 333 1904 353 se
1934 324 2092 355 rationem
2120 323 2243 354 essendi
2266 324 2300 355 in
2331 330 2546 360 sacramento,
2571 330 2603 355 et
2630 323 2664 356 id

1599 368 1688 408 quod
1704 377 1761 408 per
1777 367 1924 398 accidens
1948 367 2200 404 concomitatur3
2223 373 2260 398 ut
2274 373 2362 409 patet
2382 378 2528 409 expresse
2551 369 2584 399 in
2599 369 2663 399 hoc

1598 412 1731 442 articulo
1749 417 1874 452 quarto,
1890 412 1924 441 in
1946 412 2156 452 responsione
2173 411 2212 442 ad
2235 413 2386 452 primum,
2410 413 2467 443 ubi
2481 411 2589 443 videre
2603 422 2665 453 po-

1598 462 1645 486 tes
1662 461 1820 495 quantum
1841 455 1935 486 distet
1956 465 2068 486 sensus
2083 456 2141 486 iste
2158 465 2251 486 verus
2273 466 2292 487 a
2311 465 2407 487 sensu
2425 457 2482 487 illo
2497 461 2663 497 usurpato.

1599 500 1640 530 Et
1663 499 1774 530 fefellit
1797 499 1878 530 forte
1901 505 2088 539 arguentem
2111 500 2187 540 quia
2209 500 2333 531 Auctor
2356 500 2493 532 declarat
2516 500 2595 541 quid
2617 506 2666 532 est

1598 543 1679 574 illud
1702 543 1792 585 quod
1815 549 1862 574 est
1884 553 1942 584 per
1965 553 1999 574 se
2022 544 2102 574 ratio
2127 544 2252 575 essendi
2274 544 2405 586 reliquis
2427 545 2461 576 in
2483 545 2548 576 hoc
2563 554 2666 576 sacra-

1599 593 1727 624 mento,
1753 597 1790 619 ex
1813 587 1877 618 hoc
1901 587 1990 628 quod
2014 594 2060 618 est
2087 597 2145 628 per
2167 598 2201 620 se
2224 589 2330 629 primo
2353 589 2508 620 terminus
2531 598 2666 620 conver-

1599 641 1708 662 sionis.

1655 671 1741 714 Quia
1767 677 1863 716 igitur
1885 676 2036 707 Auctoris
2058 677 2139 707 ratio
2169 686 2237 707 non
2265 677 2409 708 consistit
2434 677 2467 707 in
2491 675 2668 707 differentia

1598 721 1681 751 inter
1704 721 1810 760 primo
1833 720 1884 751 vel
1907 720 2049 751 secundo
2073 720 2152 757 fieri,
2176 721 2232 752 sed
2255 722 2337 752 inter
2359 730 2416 761 per
2431 730 2465 751 se
2481 721 2617 752 existens
2632 721 2666 751 in

1599 771 1798 797 sacramento
1830 771 1862 796 et
1891 774 1949 805 per
1979 764 2126 796 accidens
2156 766 2292 798 existens
2322 765 2462 802 ibidem,
2492 764 2567 796 ideo
2597 774 2666 796 non

1600 814 1728 849 oportet
1751 809 1840 840 aliter
1859 809 1899 840 ad
1914 814 2101 850 argumenta
2116 809 2205 840 Scoti
2219 809 2424 851 respondere,
2440 809 2497 840 sed
2511 815 2667 850 tanquam

1599 854 1835 894 impertinentia
1859 859 1890 884 et
1905 859 2053 885 extranea
2075 853 2266 895 relinquere.
2290 855 2402 885 Posset
2423 859 2542 890 tamen,
2568 853 2667 894 gratia

1600 899 1766 934 materiae,
1798 899 1861 928 hoc
1886 904 1948 934 est,
1972 898 2042 929 talis
2072 899 2259 929 mutationis
2289 899 2391 940 qualis
2420 903 2468 930 est
2499 897 2665 929 conversio

1600 942 1691 983 panis
1713 943 1747 973 in
1771 952 1888 983 corpus
1913 942 2049 979 Christi,
2081 943 2228 973 sustineri
2254 943 2334 973 ratio
2365 942 2500 979 formata
2527 952 2545 973 a
2567 941 2666 974 Scoto

1601 997 1639 1017 ex
1662 986 1838 1017 differentia
1866 987 1948 1017 inter
1971 987 2112 1027 primum
2136 992 2167 1018 et
2190 987 2369 1018 secundum
2391 987 2565 1018 terminum
2588 996 2668 1017 con-

1599 1032 1765 1067 versionis,
1782 1036 1894 1062 contra
1910 1040 2008 1072 quam
2024 1032 2136 1071 arguit.
2161 1031 2202 1063 Et
2218 1032 2262 1062 sic
2279 1031 2452 1063 dicendum
2468 1037 2550 1063 esset
2565 1030 2666 1071 quod,

1600 1075 1675 1106 licet
1697 1076 1731 1106 in
1754 1076 1915 1106 creatione
1938 1081 1969 1106 et
1991 1076 2197 1115 generatione
2225 1082 2256 1107 et
2279 1076 2435 1107 similibus
2461 1075 2668 1107 secundarius

1600 1120 1756 1151 terminus
1779 1129 1874 1151 suum
1897 1120 2074 1150 naturalem
2096 1119 2233 1151 modum
2256 1126 2452 1161 assequatur,
2476 1125 2508 1151 et
2529 1129 2598 1150 non
2617 1120 2667 1150 in-

1601 1163 1678 1194 duat
1703 1163 1840 1194 modum
1866 1164 1961 1204 primi
1987 1164 2132 1200 termini;
2163 1164 2196 1195 in
2226 1164 2287 1195 hac
2316 1170 2425 1195 tamen
2456 1164 2667 1195 conversione

1601 1207 1807 1239 secundarius
1834 1208 2007 1244 terminus,
2029 1207 2112 1238 idest
2138 1209 2377 1244 concomitans,
2400 1207 2506 1238 induit
2530 1206 2668 1238 modum
2710 1227 2715 1231 ·

1600 1253 1696 1293 primi
1718 1252 1856 1283 termini.
1880 1252 1922 1282 Et
1945 1252 1971 1282 si
1995 1257 2165 1292 quaeratur
2188 1261 2287 1292 quare
2310 1253 2419 1292 potius
2437 1253 2471 1282 in
2485 1252 2546 1282 hac
2569 1260 2668 1292 quam

1601 1298 1635 1328 in
1651 1297 1719 1328 aliis
1734 1296 1965 1328 mutationibus
1981 1297 2045 1327 hoc
2060 1297 2253 1327 inveniatur:
2275 1296 2497 1336 respondetur,
2513 1296 2590 1336 quia
2603 1296 2670 1327 hoc

1602 1347 1649 1372 est
1672 1341 1958 1381 singularissimum
1981 1342 2014 1371 in
2037 1341 2096 1372 hac
2119 1341 2316 1376 mutatione,
2348 1340 2439 1381 quod
2461 1341 2583 1382 primus
2606 1345 2669 1371 ter-

1601 1386 1708 1416 minus
1733 1391 1779 1416 est
1802 1385 1871 1416 sola
1893 1385 1973 1415 ratio
1997 1385 2031 1415 in
2055 1385 2190 1416 essendo
2219 1385 2479 1426 quibuscumque
2502 1385 2668 1419 concomi-

1600 1430 1758 1467 tantibus;
1788 1430 1852 1460 hoc
1876 1435 1938 1466 est,
1963 1428 2054 1470 quod
2076 1430 2156 1460 ratio
2180 1429 2304 1460 essendi
2327 1429 2361 1460 in
2383 1429 2447 1460 hoc
2469 1433 2668 1461 sacramento

1602 1475 1862 1515 quibuscumque
1887 1474 2092 1504 existentibus
2107 1474 2141 1504 in
2157 1483 2208 1511 eo,
2233 1479 2279 1504 est
2301 1483 2350 1504 res
2373 1474 2479 1514 primo
2495 1473 2668 1506 terminans

1602 1519 1857 1550 conversionem.
1881 1518 1923 1549 Et
1945 1518 2024 1549 haec
2048 1517 2192 1549 defensio
2215 1519 2249 1549 in
2264 1517 2350 1549 idem
2372 1517 2453 1549 redit
2475 1527 2551 1549 cum
2565 1518 2669 1559 prima

1601 1564 1823 1603 responsione,
1839 1568 1876 1594 ut
1890 1568 1987 1604 patet.
2004 1563 2046 1593 Et
2061 1563 2135 1594 ideo
2151 1572 2219 1593 non
2235 1568 2363 1603 oportet
2382 1562 2550 1594 sollicitare
2566 1561 2606 1594 de
2621 1561 2668 1594 di-

1601 1618 1690 1638 versa
1713 1607 1899 1638 habitudine
1915 1607 1955 1638 ad
1970 1616 2083 1647 agens:
2107 1608 2263 1647 quoniam
2285 1613 2332 1638 est
2347 1612 2432 1637 extra
2453 1607 2667 1648 propositum.

1656 1652 1724 1682 Vll.
1747 1651 1799 1682 Ad
1823 1652 2040 1682 obiectionem
2064 1657 2171 1682 autem
2195 1651 2338 1682 Durandi
2358 1652 2385 1687 *,
2415 1650 2530 1682 dicitur
2552 1650 2668 1682 falsum

1601 1697 1730 1732 assumi,
1743 1696 1863 1727 scilicet
1879 1695 1968 1736 quod
1984 1696 2141 1726 contineri
2156 1695 2387 1726 indivisibiliter
2397 1700 2555 1736 repugnet
2566 1704 2669 1736 quan-

1601 1741 1682 1771 titati
1706 1740 1864 1771 divisibili.
2493 1755 2506 1761 -»

1657 1785 1698 1816 Et
1725 1784 1765 1815 ad
1792 1783 2072 1815 confirmationem
2085 1808 2093 1821 ,
2124 1789 2258 1824 negatur
2282 1783 2468 1814 similitudo.
2503 1783 2669 1822 Quoniam

1601 1830 1728 1860 animae
1749 1829 1896 1860 rationali
1918 1834 2075 1869 repugnat
2099 1834 2130 1859 et
2153 1838 2221 1859 esse
2245 1828 2450 1865 divisibilem,
2476 1834 2507 1859 et
2530 1827 2670 1859 divisibi-

1602 1874 1672 1904 liter
1696 1873 1869 1904 contineri:
1894 1873 2062 1913 quantitati
2085 1878 2203 1909 autem‚
2220 1873 2295 1903 licet
2317 1877 2474 1912 repugnet
2497 1881 2566 1903 esse
2586 1871 2670 1904 indi—

1601 1918 1769 1954 visibilem,
1793 1927 1861 1949 non
1884 1915 1992 1948 tamen
2014 1923 2171 1958 repugnat
2194 1916 2425 1948 indivisibiliter
2448 1916 2616 1948 contineri.

1658 1962 1699 1993 Et
1721 1962 1801 1992 haec
1824 1960 1982 1992 sufficiant
2005 1962 2101 1992 etiam
2123 1971 2182 2002 pro
2206 1961 2340 1991 articulo
2365 1961 2491 2001 quinto.

1653 2057 1706 2065 Μ

1264 2133 1584 2178 ARTICULUS
1614 2133 1890 2184 QUARTUS

635 2229 792 2263 UTRUM
816 2229 940 2261 TOTA
964 2228 1218 2267 QUANTITAS
1241 2227 1482 2260 DIMENSIVA
1505 2228 1720 2260 CORPORIS
1744 2204 1918 2260 efflusri
1942 2228 2010 2260 sn*
2033 2228 2077 2260 IN
2100 2227 2195 2260 Hoc
2219 2227 2519 2260 sACRAMENTo

798 2308 832 2333 1v
851 2308 935 2339 Seni„
955 2308 1015 2333 dist.
1032 2315 1056 2339 x,
1075 2313 1123 2333 art.
1142 2315 1166 2339 2,
1186 2307 1236 2340 qu*
1257 2306 1279 2337 3.
1297 2315 1328 2340 4;
1347 2307 1381 2333 lv
1403 2307 1480 2333 Cant.
1502 2308 1590 2337 Gent..
1610 2315 1666 2340 cap.
1684 2315 1755 2339 mu,
1773 2314 1841 2339 urv,
1860 2314 1942 2339 vam
1964 2307 2061 2338 Quodl.
2079 2306 2134 2337 vu,
2152 2314 2198 2340 qu.
2213 2314 2249 2338 iv,
2268 2311 2316 2332 art.
2337 2313 2360 2332 1.

607 2440 611 2446 ⁸
696 2411 719 2435 D
735 2409 908 2440 QUARTUM
922 2409 973 2435 s1c
989 2395 1256 2435 PROCED1TUR*.
1267 2396 1430 2434 Videtur
1443 2395 1550 2446 quod

527 2433 671 2514 ''J'‘Qj
697 2463 778 2488 non
805 2458 884 2488 tota
911 2450 1103 2500 quantitas
1135 2449 1351 2488 dimensiva
1377 2448 1550 2499 corporis

567 2522 621 2540 v»
642 2503 839 2547 ‘r'Christi
867 2502 912 2540 sit
939 2503 979 2540 in
1007 2504 1083 2541 hoc
1109 2510 1362 2540 sacramento.
1393 2502 1550 2540 Dictum

497 2571 505 2581 .
546 2534 642 2600 ἐ)
658 2551 754 2595 est
782 2556 886 2594 enim
904 2556 925 2578 ’¹‘
953 2557 1060 2606 quod
1088 2563 1211 2594 toturn
1240 2567 1382 2606 corpus
1411 2555 1551 2593 Christi

487 2609 704 2648 continetur
731 2609 804 2647 sub
833 2608 1001 2659 qualibet
1036 2617 1142 2660 parte
1171 2608 1318 2647 hostiae
1353 2620 1551 2646 consecra-

486 2670 558 2701 tae.
589 2662 666 2701 Sed
703 2664 808 2701 nulla
843 2662 1034 2712 quantitas
1071 2661 1286 2700 dimensiva
1321 2669 1400 2699 tota
1431 2661 1550 2699 conti-

487 2724 600 2753 netur
626 2715 666 2753 in
693 2715 824 2765 aliquo
860 2723 941 2753 toto
969 2723 1005 2753 et
1031 2715 1072 2752 in
1106 2715 1276 2765 qualibet
1312 2722 1419 2764 parte
1455 2713 1549 2752 eius.

486 2769 555 2806 Est
573 2780 664 2816 ergo
691 2768 927 2818 impossibile
955 2769 1063 2818 quod
1085 2775 1164 2806 tota
1183 2768 1374 2818 quantitas
1402 2767 1551 2805 dimen-

487 2821 568 2859 siva
600 2822 771 2873 corporis
810 2821 949 2860 Christi
986 2821 1226 2860 contineatur
1253 2821 1292 2858 in
1319 2822 1396 2858 hoc
1428 2833 1550 2859 sacra-

487 2882 631 2913 mento.

541 2939 576 2965 2.
606 2928 838 2976 Pmrnnm,
859 2927 1094 2978 impossibile
1123 2935 1178 2966 est
1199 2928 1296 2965 duas
1323 2927 1551 2978 quantitates

487 2980 719 3018 dimensivas
747 2993 829 3018 esse
858 2980 984 3029 simul⁷
1006 2981 1120 3018 etiam
1140 2981 1170 3018 si
1198 2993 1277 3019 una
1304 2980 1350 3018 sit
1378 2988 1551 3030 separata

487 3041 523 3070 et
551 3033 623 3071 alia
651 3034 690 3071 in
718 3046 881 3085 corpore
909 3034 1090 3072 naturali:
1119 3042 1163 3072 ut
1189 3041 1291 3084 patet
1318 3046 1388 3084 per
1421 3033 1550 3071 Philo-

488 3087 670 3137 sophum,
685 3087 724 3124 in
738 3088 784 3125 III
797 3089 1012 3137 Metaphys.
1028 3087 1048 3109 '¹‘
1068 3087 1144 3125 Sed
1162 3087 1201 3124 in
1216 3088 1291 3124 hoc
1311 3094 1550 3125 sacramento

488 3147 660 3176 remanet
688 3140 876 3189 quantitas
904 3140 1120 3178 dimensiva
1137 3140 1260 3190 panis,
1280 3148 1323 3178 ut
1350 3152 1465 3178 sensu
1484 3152 1550 3191 ap-

487 3199 605 3240 paret.
635 3193 728 3229 Non
747 3204 836 3240 ergo
865 3201 920 3230 est
947 3193 999 3230 ibi
1018 3193 1209 3243 quantitas
1236 3192 1451 3231 dimensiva
1470 3205 1550 3231 cor-

488 3243 593 3293 poris
621 3244 771 3281 Christi.

544 3296 578 3333 3.
609 3297 839 3345 PRAETEREA,
870 3298 900 3334 si
929 3299 1029 3335 duae
1057 3298 1285 3348 quantitates
1313 3298 1550 3336 dimensivae

489 3348 708 3399 inaequales
737 3350 839 3387 iuxta
868 3363 907 3388 se
935 3359 1148 3400 ponantur,
1178 3351 1304 3388 maior
1337 3351 1551 3388 extenditur

528 2423 548 2451 ιζ
575 2418 580 2431 '
603 2418 659 2448 *fx

542 3481 571 3516 α)
589 3482 654 3508 eius.
670 3496 690 3501 -
708 3482 771 3510 Om.
791 3482 905 3507 PEFlsG
925 3487 950 3507 et
967 3490 994 3508 a.

1602 2397 1702 2434 ultra
1720 2395 1925 2435 minorem.
1956 2396 2032 2434 Sed
2052 2395 2242 2446 quantitas
2263 2395 2480 2434 dimensiva
2498 2395 2671 2447 corporis

1605 2449 1744 2486 Christi
1772 2457 1828 2487 est
1855 2450 1977 2486 multo
2006 2449 2131 2487 maior
2158 2461 2278 2499 quam
2302 2450 2494 2499 quantitas
2521 2449 2671 2489 dimen-

1603 2502 1685 2540 siva
1705 2502 1852 2540 hostiae
1871 2503 1954 2540 eius
1969 2508 1986 2524 ‘²
2001 2510 2256 2548 consecratae,
2273 2503 2490 2540 secundum
2509 2514 2670 2542 omnem

1604 2554 1900 2593 dimensionem.
1922 2555 1963 2594 Si
1978 2567 2068 2605 ergo
2083 2555 2123 2593 in
2138 2556 2214 2594 hoc
2233 2563 2473 2594 sacramento
2488 2555 2535 2593 sit
2548 2568 2670 2606 quan·

1602 2608 1686 2646 titas
1715 2608 1930 2646 dimensiva
1958 2608 2130 2659 corporis
2167 2608 2307 2647 Christi
2335 2621 2426 2647 cum
2461 2608 2670 2660 quantitate

1604 2661 1819 2699 dimensiva
1846 2661 2004 2709 hostiae,
2031 2661 2222 2712 quantitas
2255 2661 2471 2700 dimensiva
2498 2661 2672 2712 eorporis

1605 2714 1744 2752 Christi
1765 2715 1990 2753 extendetur
2002 2717 2100 2753 ultra
2115 2715 2367 2765 quantitatem
2381 2716 2540 2754 hostiae.
2556 2716 2671 2764 Quae

1602 2775 1733 2805 tamen
1761 2780 1842 2805 non
1870 2777 1926 2806 est
1954 2768 2036 2806 sine
2064 2768 2275 2806 substantia
2309 2768 2481 2818 corporis
2517 2767 2668 2806 Christi.

1604 2821 1706 2870 Ergo
1735 2821 1944 2859 substantia
1975 2821 2147 2872 corporis
2177 2821 2317 2860 Christi
2345 2822 2414 2859 erit
2441 2821 2480 2859 in
2507 2822 2584 2859 hoc
2611 2833 2669 2859 sa-

1603 2882 1800 2912 cramento
1829 2875 1946 2913 etiam
1973 2883 2123 2926 praeter
2151 2874 2296 2926 species
2322 2874 2444 2925 panis.
2475 2873 2595 2922 Quod
2613 2881 2670 2912 est

1603 2927 1899 2966 inconveniens:
1940 2941 2032 2966 cum
2069 2927 2278 2966 substantia
2318 2926 2489 2977 eorporis
2529 2926 2670 2965 Christi

1604 2993 1685 3018 non
1713 2981 1759 3018 sit
1786 2981 1826 3018 in
1853 2982 1930 3019 hoc
1957 2989 2197 3027 sacramento
2225 2980 2297 3018 nisi
2324 2992 2395 3030 per
2415 2979 2669 3018 consecratio-

1604 3045 1695 3071 nem
1723 3034 1845 3084 panis,
1866 3043 1908 3072 ut
1925 3034 2072 3072 dictum
2100 3042 2157 3072 est
2173 3034 2204 3071 *.
2234 3033 2473 3083 Impossibile
2494 3041 2550 3070 est
2577 3045 2668 3082 ergo
2695 3040 2706 3051 “

1604 3087 1712 3136 quod
1739 3094 1817 3124 tota
1837 3087 2026 3137 quantitas
2045 3086 2061 3117 β
2087 3086 2260 3137 corporis
2289 3086 2428 3124 Christi
2452 3086 2498 3123 sit
2524 3085 2564 3123 in
2592 3087 2669 3125 hoc

1605 3147 1856 3177 sacramento.

1659 3193 1734 3231 SED
1760 3205 1904 3231 CONTRA
1928 3204 1993 3230 Es‘r
2012 3192 2120 3242 quod
2139 3191 2330 3242 quantitas
2351 3192 2567 3230 dimensiva
2585 3204 2668 3230 cor-

1603 3245 1708 3295 poris
1744 3245 1903 3283 alieuius
1937 3257 2020 3283 non
2048 3253 2246 3294 separatur
2281 3246 2498 3283 secundum
2535 3257 2618 3283 esse
2645 3258 2669 3284 a

1604 3298 1814 3336 substantia
1841 3298 1935 3336 eius.
1966 3298 2042 3335 Sed
2070 3297 2110 3335 in
2138 3299 2214 3335 hoc
2238 3307 2478 3336 sacramento
2507 3306 2563 3336 est
2589 3305 2669 3336 totu

1604 3351 1813 3388 substantia
1840 3350 2012 3401 corporis
2048 3350 2206 3398 Christi,
2232 3359 2275 3388 ut
2309 3364 2425 3402 supra
2443 3352 2463 3374 ’¹‘
2491 3351 2668 3390 habitum
2695 3354 2707 3366 ⁶

1657 3483 1683 3517 β)
1703 3483 1850 3516 quantitas.
1866 3498 1886 3502 —
1904 3483 2052 3509 dimensiva
2071 3485 2170 3509 addunt
2189 3485 2279 3510 PFsG.

2694 1656 2705 1667 ·
2718 1653 2790 1677 Num.
2805 1659 2844 1676 m.
