2918 4088
209 680 232 696 n
210 647 312 703 'green
330 647 423 675 Lxxx,

209 1063 330 1084 ‘Primus.

209 1111 266 1139 'pE
269 1112 306 1133 ist
327 1110 360 1132 ad
374 1111 421 1132 De-

207 1140 266 1159 cent.
286 1149 295 1154 -
317 1138 352 1159 Cf.
369 1143 418 1159 can.

207 1164 369 1192 Presbyteri}
390 1163 420 1184 de

207 1190 353 1239 fxz'msecrat„
360 1180 417 1211 dist.

304 1485 318 1519 β

205 1595 215 1604 ·
224 1593 270 1621 Qu.
280 1600 339 1620 mv,
347 1597 388 1616 art.
395 1600 415 1623 3.

205 2432 216 2442 '
228 2431 262 2453 Cf.
282 2437 344 2453 num.
364 2438 412 2460 seq.

203 2564 214 2574 '¹
227 2563 262 2586 ef.
278 2570 341 2586 num.
355 2570 390 2586 ιιι.

202 2653 212 2663 ·
227 2651 277 2673 Art.
290 2658 321 2679 ii,
336 2651 364 2673 ad
380 2659 398 2674 i.

200 3396 211 3406 ·
218 3395 310 3416 Decret.
317 3400 363 3422 pro
368 3394 412 3416 Ar-

199 3427 260 3443 men.

200 3449 211 3458 ·
225 3447 295 3470 Num.
309 3454 324 3470 ι.

451 183 521 221 128
552 168 558 174 ,

448 271 583 314 potest.
613 265 714 312 Ergo
743 276 814 301 nec
842 273 896 301 est
924 265 971 302 de
1000 264 1219 302 necessitate
1247 264 1362 301 huius
1387 275 1507 300 sacra-

450 316 568 354 menti
596 318 703 366 quod
732 317 898 355 chrisma
925 318 1034 355 fuerit
1066 330 1135 367 per
1163 317 1389 367 episcopum
1417 328 1507 353 con-

451 378 651 407 secratum.

505 434 539 459 2.
569 425 799 471 PRAETEREA,
828 423 931 460 idem
959 435 1038 460 non
1058 423 1171 460 debet
1198 422 1256 459 bis
1282 421 1506 459 consecrari.

452 476 528 514 Sed
556 476 714 514 materia
742 476 968 514 sacramenti
997 475 1309 513 sanctificaturin
1331 474 1413 524 ipsa
1432 475 1508 511 col-

450 529 588 566 latione
627 529 852 566 sacramenti
888 542 958 579 per
990 530 1156 566 formam
1184 528 1394 565 verborum
1431 539 1508 576 qua

451 582 642 620 confertur
660 590 959 619 sacramentum:
981 582 1084 619 unde
1100 590 1136 618 et
1154 580 1388 629 Augustinus
1407 579 1506 627 dicit,

449 647 561 685 super
586 637 694 672 Ioan.
714 635 753 672 *t
783 636 933 673 Accedit
959 637 1113 673 verbum
1141 635 1192 671 ad
1224 635 1442 670 elementum
1476 639 1508 669 et

438 689 490 736 fit
515 694 801 725 sacramentum.
831 690 923 725 Non
952 700 1041 736 ergo
1069 687 1182 724 debet
1208 686 1315 736 prius
1342 685 1508 723 chrisma

450 741 663 778 consecrari
691 754 810 790 quam
837 743 914 778 hoc
941 748 1223 778 sacramentum
1251 739 1431 776 tradatur.

505 794 538 830 3.
569 795 809 842 PRAETEREA,
849 794 975 831 omnis
1007 792 1242 831 consecratio
1271 804 1370 842 quae
1398 791 1442 828 fit
1469 791 1507 828 in

449 847 704 894 sacramentis,
734 847 783 884 ad
807 847 1120 884 consecutionem
1138 846 1277 894 gratiae
1298 845 1506 882 ordinatur.

450 900 526 937 Sed
546 900 703 937 materia
722 900 906 937 sensibilis
925 900 1095 937 confecta
1114 911 1159 935 ex
1175 901 1260 936 oleo
1281 906 1316 934 et
1334 898 1507 934 balsamo

448 964 528 989 non
557 961 612 989 est
630 965 749 1002 capax
769 953 918 1001 gratiae.
949 954 1050 1000 Ergo
1079 964 1159 989 non
1183 951 1295 988 debet
1319 950 1353 987 ei
1381 950 1507 999 aliqua

449 1005 683 1042 consecratio
712 1006 896 1043 adhiberi.

503 1059 576 1095 SED
604 1070 748 1095 CONTRA
781 1070 846 1095 EsT
874 1058 980 1108 quod
1009 1057 1253 1094 Innocentius
1280 1057 1387 1105 Papa
1404 1055 1424 1077 '¹‘
1452 1055 1506 1092 di-

447 1110 495 1147 cit
508 1110 547 1147 ⁹¹⁸:
567 1112 809 1159 Presbyteris,
830 1123 914 1147 cum
934 1113 1128 1159 baptizant,
1149 1121 1292 1159 ungere
1310 1110 1507 1158 baptizatos

446 1165 642 1201 chrismate
668 1165 794 1209 liceat,
831 1163 930 1212 quod
955 1165 1002 1200 ab
1030 1165 1200 1213 episcopo
1221 1163 1354 1210 suerat
1381 1174 1506 1198 conse—

445 1222 610 1254 cratum:
647 1229 720 1253 non
756 1222 878 1253 tamen
901 1217 1072 1263 frontem
1108 1227 1157 1251 ex
1188 1215 1317 1252 eodem
1346 1214 1426 1251 oleo
1458 1216 1505 1250 si-

444 1281 577 1320 gnare,
608 1270 706 1318 quod
730 1270 816 1306 solis
844 1269 993 1306 debetur
1020 1269 1214 1318 episcopiS,
1244 1279 1329 1304 cum
1357 1268 1507 1304 tradunt

444 1323 689 1367 Paraclitum,·
717 1323 823 1371 quod
852 1321 1010 1372 quidem
1038 1321 1081 1358 fit
1099 1321 1138 1357 in
1158 1322 1234 1358 hoc
1253 1328 1503 1358 sacramento.

445 1377 546 1423 Ergo
575 1376 624 1412 ad
652 1377 727 1413 hoc
747 1382 1030 1412 sacramentum
1059 1374 1263 1423 requiritur
1291 1375 1398 1422 quod
1426 1385 1504 1410 ma-

443 1428 536 1465 teria
564 1428 679 1466 huius
703 1427 929 1466 sacramenti
956 1428 1062 1478 prius
1081 1439 1151 1476 per
1170 1427 1397 1476 episcopum
1416 1439 1505 1464 con-

445 1490 612 1519 secretur
631 1481 656 1518 β.

497 1537 720 1572 ΒΕεΡοΝῡΕο
747 1547 928 1573 DICENDUM
949 1534 1055 1584 quod
1077 1541 1155 1571 tota
1174 1542 1504 1571 sacramentorum

443 1588 688 1625 sanctificatio
724 1601 746 1625 a
775 1589 927 1626 Christo
955 1587 1168 1635 derivatur,
1197 1595 1240 1624 ut
1267 1600 1384 1637 supra
1402 1587 1422 1609 ’¹‘
1450 1587 1504 1623 di-

443 1649 546 1679 ctum
577 1649 642 1679 est.
677 1643 744 1679 Est
772 1650 902 1679 autem
929 1640 1255 1679 considerandum
1284 1641 1391 1691 quod
1420 1639 1504 1690 qui·

442 1694 608 1732 busdam
628 1695 873 1732 sacramentis
900 1695 1129 1732 habentibus
1149 1694 1348 1732 materiam
1368 1706 1504 1744 corpo-

442 1760 549 1785 ream
570 1747 742 1785 Christus
761 1757 816 1785 est
835 1761 940 1796 usus,
961 1748 1100 1786 scilicet
1118 1748 1311 1797 baptismo
1335 1755 1370 1785 et
1389 1747 1503 1784 etiam

442 1801 690 1838 Eucharistia.
719 1803 767 1838 Et
786 1802 873 1839 ideo
894 1814 939 1839 ex
959 1802 1042 1851 ipso
1063 1814 1137 1839 usu
1158 1802 1297 1838 Christi
1322 1801 1504 1838 materiae

442 1855 584 1891 horum
620 1863 948 1893 sacramentorum
985 1855 1236 1905 aptitudinem
1273 1862 1504 1904 acceperunt

441 1908 490 1944 ad
516 1907 789 1957 perfectionem
813 1908 1049 1945 sacramenti.
1070 1909 1182 1946 Unde
1203 1909 1504 1958 Chrysostomus

494 2021 519 2055 β)
539 2022 712 2054 requiritur...
733 2025 909 2047 consecretur.
927 2037 947 2041 —
965 2023 1113 2055 requiritur
1137 2024 1254 2049 chrisma
1275 2031 1328 2056 per
1352 2024 1503 2056 episcopum

440 2061 622 2083 consecratum
643 2058 688 2089 P1;
704 2058 783 2089 prius
801 2065 855 2083 om.
874 2058 929 2084 FH.

492 2094 519 2127 γ)
539 2097 566 2119 et
583 2094 679 2119 oleum.
696 2108 715 2112 -
733 2097 760 2118 et
778 2093 854 2126 HpG,
873 2101 928 2119 om.
947 2094 1083 2120 editiones,

1541 907 1691 938 ‘unctus
1716 913 1810 950 prae
1836 902 2065 938 consortibus
2090 902 2165 938 suis
2183 900 2214 937 ²⁸.
2244 901 2292 937 Et
2320 900 2408 938 ideo
2427 909 2506 938 tam
2526 900 2623 938 chri-

1114 184 1376 232 QUAEsrlo
1405 185 1560 231 LXXII,
1590 184 1882 222 ARTICULUS
1910 184 1955 220 111

1562 264 1651 301 dicit
1675 264 1695 285 ²⁸
1728 264 1835 313 quod
1871 275 2062 312 nunquam
2098 276 2219 312 aquae
2255 266 2427 314 baptismi
2453 278 2626 316 purgare
2650 270 2864 348 Μξξῖἓωέἓὲειξῃ

2814 331 2855 347 cn

1559 324 1712 367 peccata
1748 317 1976 353 credentium
2003 322 2172 365 possent,
2208 318 2279 354 nisi
2310 323 2406 354 tactu
2434 319 2627 356 Dominici
2650 330 2710 371 {55⁸-
2718 325 2804 372 ¹¹2⁸ss-
2795 357 2841 379 qua

1562 373 1728 420 corporis
1761 371 2012 418 sanctificatae
2036 370 2208 417 fuissent.
2256 370 2305 406 Et
2337 369 2418 419 ipse
2455 371 2624 409 similiter
2650 356 2802 425 ξῧξὲηκεν-
2795 358 2865 400 9ᾶί·ῗ’

1562 424 1771 470 Dominus,
1814 424 1997 472 accipiens
2029 434 2189 472 panem,
2219 423 2424 460 benedixit:
2458 425 2624 462 similiter

1562 483 1684 514 autem
1722 483 1755 513 et
1791 476 1966 521 calicem,
2004 483 2047 512 ut
2083 475 2247 512 habetur
2279 476 2415 513 Matth.
2435 489 2517 514 xxw
2540 477 2561 499 '¹‘
2588 485 2624 515 et
2650 478 2742 501 ’Μ
2756 480 2794 507 ²⁶
2807 486 2843 508 2⁷·

1561 531 1656 567 Luc.
1677 542 1747 567 xxn
1766 529 1796 566 ’¹‘.
1827 530 1875 566 Et
1893 536 2050 578 propter
2067 529 2147 565 hoc
2162 540 2243 565 non
2263 535 2317 565 est
2335 529 2383 566 de
2403 530 2623 568 necessitate
2651 533 2793 582 &effidem
2808 539 2865 582 ²03·-

1562 584 1706 620 horum
1735 590 2063 620 sacramentorum
2099 582 2207 630 quod
2234 581 2394 619 materia
2424 582 2531 631 prius
2558 584 2623 620 be-
2651 592 2697 614 ¹⁰¹2
2706 592 2766 609 vm·
2781 592 2815 614 ²²2
2829 567 2864 615 ²⁵3

1562 636 1775 674 nedicatur:
1806 635 1896 684 quia
1915 635 2053 672 sufficit
2072 634 2286 672 benedictio
2308 634 2457 671 Christi.
2487 635 2528 673 Si
2547 648 2625 685 qua

1562 701 1655 726 vero
1684 688 1897 726 benedictio
1927 687 2163 734 adhibeatur,
2192 687 2354 737 pertinet
2377 688 2427 724 ad
2445 689 2624 726 solemni-

1562 750 1678 779 tatem
1706 741 1952 788 sacramenti,
1988 753 2068 778 non
2104 749 2232 778 autem
2270 741 2318 778 ad
2346 740 2622 779 necessitatem.

1615 795 1869 832 Unctionibus
1897 802 2026 831 autem
2044 793 2257 831 visibilibus
2277 794 2450 832 Christus
2470 806 2551 831 non
2569 802 2626 832 est

1562 861 1666 895 usus,
1696 860 1745 884 ne
1772 847 1880 885 fieret
1907 847 2045 884 iniuria
2072 847 2250 884 invisibili
2269 847 2441 885 unctioni
2469 859 2547 897 qua
2570 855 2626 885 est

2651 904 2866 932 ·Ps.xuv‚ven.8.

1563 966 1646 991 sma
1674 966 1793 1003 quam
1823 955 1954 990 oleum
1982 961 2158 990 sanctum
2193 961 2229 991 et
2256 955 2387 991 oleum
2406 959 2422 983 Υ
2450 953 2624 991 infirmo-
2747 963 2764 989 γ

1562 1019 1650 1044 rum
1686 1007 1793 1056 prius
1820 1007 2101 1044 benedicuntur
2133 1018 2252 1055 quam
2287 1006 2542 1044 adhibeantur
2575 1007 2624 1045 ad

1561 1072 1678 1096 usum
1707 1067 1944 1096 sacramenti.

1614 1114 1671 1149 An
1701 1124 1835 1149 PRIMUM
1864 1124 1962 1149 ERGO
1990 1120 2093 1161 patet
2120 1111 2321 1161 responsio
2350 1125 2396 1149 ex
2423 1113 2544 1150 dictis.

1614 1166 1671 1201 AD
1706 1177 1895 1202 SECUNDUM
1927 1176 2108 1201 memnon
2143 1165 2251 1213 quod
2289 1172 2453 1214 utraque
2489 1177 2623 1203 conse-

1561 1217 1678 1254 cratio
1713 1217 1926 1253 chrismatis
1963 1228 2043 1253 non
2078 1217 2236 1254 refertur
2273 1218 2323 1253 ad
2358 1217 2474 1254 idem.
2518 1219 2625 1256 Sicut

1561 1270 1666 1307 enim
1693 1269 1991 1314 instrumentum
2009 1269 2191 1306 virtutem
2210 1269 2541 1308 instrumentalem
2563 1283 2624 1308 ac-

1560 1322 1674 1372 quirit
1701 1322 1912 1371 dupliciter,
1941 1321 2081 1358 scilicet
2108 1322 2267 1371 quando
2296 1322 2431 1372 accipit
2456 1323 2624 1362 formam

1559 1375 1820 1421 instrumenti,
1864 1382 1900 1412 et
1941 1374 2099 1424 quando
2140 1383 2321 1412 movetur
2361 1388 2384 1412 a
2424 1375 2624 1426 principali

1559 1436 1693 1477 agente
1717 1426 1749 1474 ³,
1787 1427 1837 1464 ita
1874 1427 1990 1465 etiam
2026 1428 2185 1465 materia
2221 1429 2447 1466 sacramenti
2481 1429 2624 1479 duplici
2746 1430 2762 1456 ὅ

1559 1481 1857 1519 sanctificatione
1876 1481 2028 1529 indiget,
2057 1493 2127 1530 per
2145 1493 2313 1530 quarum
2332 1493 2453 1519 unam
2472 1482 2516 1519 fit
2534 1494 2622 1532 pro·

1558 1535 1641 1584 pria
1669 1534 1827 1572 materia
1855 1534 2099 1582 sacramenti,
2134 1546 2204 1584 per
2231 1534 2345 1572 aliam
2372 1547 2466 1572 vero
2504 1535 2623 1586 appli-

1560 1596 1667 1625 catur
1694 1588 1743 1625 ad
1771 1587 1964 1626 effectum.

1612 1643 1670 1678 Αι)
1697 1653 1856 1678 TERTmM
1883 1653 2065 1678 DICENDUM
2093 1642 2201 1690 quod
2228 1640 2387 1679 materia
2415 1642 2623 1692 corporalis

1558 1707 1638 1732 non
1668 1702 1722 1731 est
1754 1706 1875 1743 capax
1901 1693 2041 1742 gratiae
2075 1694 2185 1743 quasi
2217 1694 2356 1743 gratiae
2394 1695 2621 1744 subiectum,

1558 1748 1625 1785 sed
1654 1749 1782 1785 solum
1804 1747 1900 1784 sicut
1918 1747 2057 1795 gratiae
2076 1746 2385 1795 instrumentum,
2411 1756 2454 1786 ut
2472 1761 2589 1799 supra
2602 1747 2623 1773 *

1558 1801 1705 1838 dictum
1733 1808 1798 1837 est.
1833 1801 1882 1837 Et
1909 1801 1958 1838 ad
1986 1801 2062 1837 hoc
2089 1800 2248 1838 materia
2276 1802 2503 1839 sacramenti
2530 1814 2622 1840 con-

1557 1862 1745 1900 secratur,
1775 1855 1837 1890 vel
1864 1853 1912 1890 ab
1940 1853 2024 1902 ipso
2055 1853 2225 1900 Christo,
2253 1855 2316 1891 vel
2347 1854 2397 1891 ab
2425 1855 2620 1905 episcopo,

1558 1907 1625 1957 qui
1652 1907 1746 1956 gerit
1772 1906 1812 1944 in
1840 1906 2009 1944 Ecclesia
2036 1919 2244 1956 personam
2274 1907 2424 1944 Christi.

2649 1749 2661 1760 ·
2671 1748 2834 1777 Quum-n.
2841 1754 2866 1778 3.

1591 2022 1636 2083 13)
1656 2026 1760 2064 agente.
1778 2037 1798 2041 -
1815 2023 1853 2047 ad
1871 2022 1991 2056 effectum
2011 2022 2109 2047 addunt
2127 2023 2148 2047 E
2167 2028 2193 2047 et
2209 2022 2294 2049 tertia.
2313 2023 2337 2047 Η
2355 2030 2409 2049 om.
2427 2023 2529 2058 reliqua
2546 2023 2623 2050 huius

1559 2067 1589 2084 SO
1601 2064 1705 2084 UtlonlS·

1111 2175 1446 2208 Commentaria
1469 2175 1723 2208 Cardinalis
1743 2174 1946 2208 Caietam

471 2266 491 2287 N
507 2255 640 2286 articulo
657 2255 750 2286 tertio
767 2254 903 2290 adverte,
920 2260 1051 2295 propter
1067 2265 1158 2285 casus
1175 2261 1382 2295 emergentes,
1401 2254 1500 2295 quod,

470 2301 544 2331 licet
571 2305 694 2330 constet
724 2309 762 2330 ex
785 2299 946 2329 Ecclesiae
969 2300 1031 2329 ritu
1061 2300 1225 2330 materiam
1249 2299 1502 2330 confirmationis

440 2350 588 2385 oportere
612 2353 680 2374 esse
703 2349 920 2374 consecratam
950 2344 988 2374 ab
1012 2344 1183 2384 episcopm
1214 2353 1282 2374 non
1305 2349 1413 2374 tamen
1437 2344 1501 2374 evi-

441 2388 550 2420 denter
574 2393 698 2418 constat
727 2397 768 2418 an
790 2388 849 2418 ista
870 2388 1040 2418 necessitas
1070 2389 1109 2418 sit
1139 2397 1176 2418 ex
1200 2394 1415 2424 sacramento,
1447 2393 1501 2418 aut

441 2442 479 2463 ex
494 2438 665 2473 praecepto
681 2433 708 2462 ⁴⁶.
728 2432 779 2466 Et.
795 2431 870 2462 dato
886 2431 976 2471 quod
992 2433 1031 2462 sit
1047 2441 1084 2463 ex
1100 2433 1286 2463 necessitate
1302 2433 1499 2468 sacramenti,

440 2482 534 2507 restat
557 2476 660 2507 adhuc
683 2476 818 2506 dubium
841 2485 882 2506 an
897 2476 942 2506 sic
958 2482 1105 2516 oporteat
1121 2476 1211 2517 quod
1226 2476 1394 2517 plenitudo
1410 2477 1500 2516 Apo-

440 2521 570 2552 stolicae
589 2521 753 2561 potestatis
783 2530 851 2550 non
873 2520 974 2560 possit
997 2520 1208 2561 dispensative
1231 2522 1402 2561 subrogare
1426 2521 1501 2551 sim-

439 2565 557 2605 plicem
590 2564 787 2595 sacerdotem
817 2564 857 2595 ad
887 2566 1161 2596 consecrationem
1194 2566 1343 2596 materiae
1358 2566 1385 2601 ⁹,
1419 2565 1502 2595 sicut

439 2614 546 2650 potest
567 2610 673 2649 ipsum
696 2610 867 2649 subrogare
890 2609 930 2639 ad
953 2609 1158 2640 collationem
1181 2610 1277 2640 huius
1303 2609 1500 2645 sacramenti,

438 2659 475 2684 ut
496 2652 578 2683 infra
592 2654 609 2670 ὓ
631 2653 760 2693 patebit.

494 2697 531 2727 11.
556 2698 596 2727 Et
619 2697 658 2727 de
674 2698 779 2737 primo
797 2696 927 2737 quidem
944 2697 1042 2728 dubio
1062 2703 1193 2738 apparet
1208 2697 1384 2728 tenendum
1400 2696 1499 2738 quod,

439 2742 465 2771 si
489 2742 659 2782 episcopus
683 2741 885 2772 confirmaret
909 2751 983 2772 cum
1007 2742 1173 2772 chrismate
1190 2747 1375 2772 consecrato
1392 2751 1410 2772 a
1425 2743 1500 2772 sim-

438 2785 514 2825 plici
533 2785 706 2822 sacerdote,
723 2791 956 2816 sacramentum
971 2786 1097 2816 nullum
1114 2791 1204 2822 esset,
1221 2787 1308 2816 iuxta
1322 2787 1417 2816 verba
1431 2786 1499 2816 Au-

440 2830 534 2860 ctoris
564 2830 616 2860 hic
644 2830 806 2860 sentientis
837 2830 1111 2860 consecrationem
1134 2830 1320 2861 huiusmodi
1342 2831 1500 2870 pertinere

439 2873 479 2904 ad
501 2875 730 2910 necessitatem,
756 2879 787 2904 et
809 2883 876 2904 non
900 2874 939 2904 ad
962 2874 1196 2905 solemnitatem
1220 2875 1415 2905 sacramenti.

492 2918 707 2959 Perspicacius
730 2924 838 2949 tamen
861 2918 1104 2955 considerando,
1121 2920 1308 2960 oppositum
1331 2924 1378 2949 est
1400 2919 1500 2959 magis

438 2962 552 2992 rationi
568 2968 829 2993 consentaneum.
847 2962 1120 3003 Quandoquidem
1138 2963 1227 2994 nulla
1242 2969 1289 2994 est
1304 2964 1406 2994 maior
1422 2973 1500 2993 con-

439 3007 571 3037 secratio
585 3016 621 3037 ea
633 3016 715 3047 quae
726 3006 762 3037 fit
773 3007 807 3038 in
819 3007 1025 3038 Eucharistia.
1043 3007 1151 3045 Quam
1163 3017 1238 3038 cum
1250 3008 1350 3048 possit
1366 3007 1499 3048 simplex

439 3050 585 3081 sacerdos
602 3050 735 3087 efficere,
753 3061 884 3082 omnem
900 3051 993 3081 aliam
1009 3061 1076 3082 non
1092 3052 1351 3083 sacramentalem
1375 3051 1499 3083 efficere

438 3099 553 3133 potest,
578 3095 620 3124 ita
643 3095 732 3134 quod
753 3095 834 3125 facta
849 3101 945 3132 tenet,
963 3097 1107 3136 quamvis
1123 3102 1235 3136 peccet
1250 3095 1406 3126 faciendo.
1430 3096 1499 3126 Nec

439 3138 561 3212 Auctgr
583 3139 617 3169 in
639 3138 741 3169 littera
765 3140 899 3180 explicat
918 3139 1008 3180 quod
1023 3141 1062 3170 ab
1079 3141 1233 3181 episcopo
1250 3141 1385 3171 omnino
1402 3150 1499 3181 opor-

438 3186 503 3214 teat
549 3182 603 3212 eri.

493 3225 580 3256 Nihil
603 3231 710 3256 tamen
733 3225 893 3257 definitive
917 3228 1087 3258 concludo.
1112 3228 1263 3268 Legimus
1283 3228 1379 3264 enim,
1404 3228 1499 3258 etiam

439 3269 626 3309 Apostolica
649 3269 731 3300 Sede
754 3269 955 3310 dispensante
979 3272 1062 3302 circa
1084 3272 1265 3302 ministrum
1287 3272 1382 3302 huius
1399 3281 1499 3302 sacra-

439 3314 548 3349 menti,
565 3314 754 3344 inconcusse
771 3314 963 3354 explicatum
978 3314 1075 3345 fuisse
1090 3315 1180 3355 quod
1191 3321 1320 3346 utantur
1331 3316 1499 3346 chrismate

440 3363 626 3388 consecrato
655 3367 712 3398 per
735 3358 939 3398 episcopum:
970 3364 1007 3390 ut
1028 3364 1115 3399 patet
1137 3360 1170 3389 in
1194 3359 1344 3390 Concilio
1367 3359 1499 3390 Floren-

439 3402 507 3432 tino
523 3402 540 3418 *
563 3402 622 3432 sub
645 3402 792 3442 Eugenio
809 3402 861 3432 lV.

495 3445 545 3476 111.
570 3446 619 3476 De
639 3445 779 3476 secunda
802 3452 909 3476 autem
933 3447 1120 3487 quaestione
1135 3448 1152 3463 θ
1175 3447 1296 3477 nullam
1320 3456 1380 3486 ego
1403 3446 1497 3477 video

439 3489 595 3520 rationem
619 3489 798 3526 dubitandi,
830 3491 993 3531 supposita
1020 3496 1175 3531 potestate
1202 3491 1306 3530 Papae
1333 3490 1372 3521 de
1395 3496 1498 3521 muta-

2648 2258 2761 2287 'Regula⁴
2768 2264 2817 2286 un,
2825 2259 2865 2281 De

2647 2285 2744 2335 18³3&st
2756 2275 2826 2314 luris,
2837 2287 2864 2308 ln

1556 2256 1645 2286 tione
1668 2255 1813 2285 ministri.
1838 2254 1904 2293 Qui
1928 2255 2014 2285 enim
2037 2260 2144 2295 potest
2165 2255 2279 2292 maius,
2303 2260 2411 2295 potest
2429 2260 2460 2286 et
2474 2255 2620 2289 minus&

1557 2299 1661 2330 Maius
1683 2305 1792 2330 autem
1815 2308 1883 2330 esse
1905 2304 2031 2330 constat
2054 2298 2144 2339 quod
2166 2299 2331 2341 presbyter
2346 2297 2489 2331 conferat
2504 2299 2621 2332 confir-

1555 2344 1706 2374 mationis
1736 2348 1980 2379 sacramentum,
2010 2352 2108 2384 quam
2136 2349 2302 2374 consecret
2323 2344 2489 2375 materiam
2520 2354 2622 2376 sacra-

1555 2388 1673 2418 menti:
1705 2393 1827 2428 quanto
1853 2388 1957 2418 maius
1987 2393 2034 2418 est
2059 2393 2294 2419 sacramentum
2323 2397 2382 2419 sua
2403 2388 2544 2420 materia.
2579 2388 2622 2427 Et

1555 2437 1741 2472 propterea,
1773 2432 1799 2462 si
1821 2431 1908 2472 Papa
1937 2436 2044 2471 potest
2066 2431 2170 2463 facere
2201 2432 2291 2472 quod
2312 2432 2447 2473 simplex
2474 2432 2622 2465 sacerdos

1557 2475 1735 2512 confirmet,
1758 2481 1864 2516 potest
1888 2475 1984 2506 etiam
2007 2475 2131 2507 efficere
2155 2476 2245 2516 quod
2267 2476 2354 2508 idem
2374 2482 2540 2508 consecret
2553 2486 2621 2509 ma-

1556 2521 1678 2551 teriam.

1611 2564 1664 2594 IV.
1689 2564 1725 2595 In
1759 2563 1875 2595 eodem
1905 2564 2038 2595 articulo
2071 2565 2175 2601 tertio,
2200 2564 2372 2596 Durandus
2403 2566 2557 2603 occurrit,
2586 2567 2621 2599 in

1556 2608 1599 2639 IV
1614 2608 1712 2644 Sent„
1729 2608 1799 2639 dist.
1811 2619 1865 2644 v11,
1882 2618 1937 2649 qu.
1952 2618 1970 2639 2
1987 2609 2013 2645 ἢ
2038 2615 2149 2639 contra
2164 2609 2286 2640 litterae
2300 2610 2459 2641 rationem
2474 2619 2619 2651 arguens,

1555 2652 1667 2683 volens
1689 2653 1792 2693 ipsam
1814 2662 1947 2693 peccare
1976 2653 2150 2684 secundum
2174 2663 2239 2684 non
2263 2662 2396 2685 causam
2419 2659 2456 2685 ut
2476 2664 2619 2692 causam,

1556 2703 1713 2737 quantum
1737 2697 1777 2728 ad
1799 2696 2083 2728 sanctificationem
2098 2698 2248 2728 materiae
2267 2707 2305 2728 ex
2321 2703 2471 2730 contactu
2485 2699 2536 2730 vel
2550 2708 2620 2730 non

1556 2747 1707 2772 contactu
1731 2741 1858 2772 Christi.
1886 2741 1973 2772 Tum
1997 2742 2082 2781 quia,
2107 2742 2132 2772 si
2152 2747 2318 2773 contactus
2342 2742 2459 2773 Christi
2481 2742 2618 2773 sanctifi-

1556 2786 1637 2816 cavit
1659 2786 1838 2822 materiam,
1873 2791 1950 2826 puta
1974 2795 2091 2826 aquam
2114 2791 2145 2816 et
2167 2796 2295 2826 panem,
2318 2787 2370 2817 vel
2392 2786 2482 2818 fieret
2503 2787 2619 2819 iniuria

1554 2829 1796 2861 sanctificationi
1825 2830 1947 2870 primae
1985 2839 2023 2860 ex
2055 2830 2256 2870 superaddita
2292 2830 2541 2862 sanctificatione
2577 2831 2617 2861 ab

1554 2874 1706 2911 Ecclesia,
1731 2875 1756 2904 si
1780 2880 1854 2905 sunt
1876 2873 2020 2905 eiusdem
2043 2875 2189 2905 rationis:
2214 2875 2265 2905 vel
2287 2875 2390 2915 prima
2413 2880 2494 2905 esset
2516 2873 2616 2905 insuf-

1554 2917 1675 2955 ficiens,
1699 2919 1726 2949 si
1748 2917 1888 2949 secunda
1911 2923 1959 2949 est
1981 2919 2109 2949 alterius
2131 2919 2272 2949 rationis.

1609 2963 1697 2993 Tum
1721 2963 1796 3003 quia
1820 2962 1964 2994 Chn‘stus
1987 2972 2064 2994 usus
2087 2962 2134 2993 est
2148 2962 2323 2993 visibilibus
2337 2962 2558 2993 unctionibus:
2582 2963 2616 2994 in

1553 3008 1617 3037 vita
1633 3017 1651 3037 a
1667 3007 1854 3047 Magdalena
1869 3007 1987 3048 pluries
2000 3007 2038 3043 *3
2063 3012 2094 3037 et
2107 3007 2141 3037 in
2155 3011 2259 3037 morte
2276 3016 2294 3036 a
2308 3005 2489 3037 Nicodemo
2506 3007 2551 3037 fl.
2567 3007 2616 3038 Ac

1553 3061 1611 3092 per
1625 3052 1700 3088 hoc,
1716 3050 1923 3083 sanctificavit
1937 3051 2116 3087 unctiones,
2133 3051 2159 3081 si
2175 3055 2340 3081 contactus
2356 3051 2424 3081 eius
2440 3050 2616 3082 sanctifica-

1553 3096 1636 3126 tivus
1660 3101 1716 3126 est.
1740 3095 1782 3126 Et
1797 3096 1842 3126 sic
1865 3094 2059 3126 sanctificata
2082 3100 2163 3125 esset
2186 3095 2281 3125 etiam
2303 3095 2435 3125 materia
2456 3095 2552 3126 huius
2567 3105 2616 3126 sa-

1554 3140 1716 3176 cramenti,
1733 3149 1794 3170 nec
1810 3144 1916 3179 egeret
1931 3138 2180 3170 consecratione.
2205 3138 2307 3169 Cuius
2323 3139 2511 3179 oppositum
2526 3139 2614 3171 dicis.

1607 3183 1647 3214 V.
1671 3182 1723 3214 Ad
1745 3183 1809 3214 hoc
1832 3183 1947 3214 dicitur
1976 3183 2133 3213 rationem
2155 3183 2305 3213 Auctoris
2330 3183 2364 3213 in
2387 3193 2445 3214 sua
2466 3183 2616 3224 probabi-

1553 3227 1639 3258 litate
1663 3226 1798 3258 solidam
1821 3233 1918 3258 stare:
1943 3231 1974 3257 et
1997 3225 2086 3267 quod
2108 3226 2211 3267 prima
2226 3226 2434 3258 sanctificatio
2451 3228 2616 3260 constituit

1553 3271 1719 3302 materiam
1741 3271 1944 3307 sacramenti,
1976 3275 2007 3301 et
2029 3275 2199 3312 propterea
2225 3270 2351 3302 alterius
2375 3277 2422 3302 est
2443 3273 2575 3303 rationis
2597 3283 2616 3304 a

1553 3315 1777 3346 benedictione
1789 3314 1932 3346 eiusdem
1942 3315 2093 3345 materiae
2105 3323 2203 3355 quam
2214 3315 2358 3346 Ecclesia
2368 3315 2506 3347 adhibet.
2522 3314 2616 3355 Quoss

1552 3360 1640 3390 niam
1662 3360 1741 3390 haec
1764 3358 1905 3390 secunda
1926 3368 1994 3389 non
2017 3357 2181 3390 ordinatur
2204 3358 2244 3390 ad
2267 3360 2525 3391 constituendam
2547 3370 2615 3392 ma·

1553 3404 1674 3440 teriam,
1699 3403 1753 3434 sed
1774 3402 1814 3433 ad
1829 3402 2062 3433 solemnitatem
2086 3403 2246 3443 quandam
2270 3409 2301 3434 et
2324 3403 2540 3442 devotionem,
2565 3404 2616 3436 fu-

1553 3448 1715 3487 gationem
1739 3447 1944 3482 daemonum,
1969 3452 2000 3476 et
2022 3447 2217 3478 huiusmodi.
2242 3447 2335 3479 Unde
2358 3458 2426 3479 non
2449 3449 2551 3490 arguit
2566 3459 2614 3480 se-

1553 3491 1658 3522 cunda
1681 3490 1937 3521 insufficientiam
1960 3491 2090 3530 primae,
2114 3500 2175 3522 nec
2197 3491 2243 3522 1111
2266 3493 2441 3524 iniuriatur.

2646 2640 2755 2664 denam.

2642 3005 2861 3034 ·Μιιι1ι.ειρ.ιιπ,

2643 3038 2733 3060 vert-n
2740 3032 2798 3054 Luc.
2805 3038 2857 3061 etp.

2642 3064 2680 3085 vn,
2687 3064 2746 3081 vm.
2749 3059 2785 3088 3;8
2791 3058 2856 3081 lon.

2643 3090 2694 3133 αἳ.
2708 3091 2748 3114 ιιι,
2749 3065 2848 3115 3v’erm3

2686 3117 2739 3134 otu.
2741 3101 2800 3141 ’.οιρ
2807 3117 2858 3140 ιιι,

2642 3143 2702 3160 ''0¹⁸¹-
2715 3144 2752 3168 3⁹-
2901 3147 2903 3150 ⁴

2646 2613 2705 2636 ·Ad
2714 2613 2817 2642 primum
2826 2615 2864 2636 vi·
2913 2617 2918 2649 ξ
