2918 4088
987 203 1251 250 QUAESTIO
1279 204 1488 250 LXXXIII,
1521 203 1813 242 ARTICULUS
1842 206 1891 242 VI
2452 209 2525 246 285

398 278 455 314 An
487 290 666 315 SEPrlMUM
698 291 879 316 nxcENDUM
912 280 1038 328 quod,
1073 280 1170 317 sicut
1201 280 1336 329 legitur
1367 281 1412 317 de
1463 282 1522 319 vel
1543 283 1767 331 presbyteri,
1795 285 1992 331 sexaginta
2021 284 2163 328 diebus;
2197 287 2386 334 episcopus
2410 299 2527 324 nona-

348 331 540 377 Consecr.,
568 331 651 368 dist.
679 332 759 380 11³⁸,
789 345 835 369 ex
863 333 1026 369 Decreto
1055 333 1112 370 Pii
1140 334 1267 382 Papae
1286 333 1341 370 **:
1372 335 1412 371 Si
1463 336 1579 384 ginta.
1616 336 1657 371 Si
1682 340 1804 371 autem
1837 336 2058 382 infirmitatis
2085 341 2444 385 causaevomuerit,
2472 351 2526 376 se-

337 396 410 433 per
436 385 706 434 negligentiam
734 386 877 435 aliquid
892 386 1083 423 stillaverit
1105 386 1150 423 de
1167 388 1354 437 sanguine
1373 388 1410 423 in
1458 393 1561 436 ptem
1589 387 1714 424 diebus
1735 389 1934 436 poeniteat,
2277 388 2279 390 ’

105 335 115 345 ·
137 333 193 365 an.
215 333 245 365 SJ‘
258 339 305 362 per

104 360 283 408 ff‘ssffss'i'fmm·

95 1317 110 1328 ·
131 1315 190 1338 Can.
212 1315 242 1338 Si
259 1316 313 1344 quis

96 1395 311 1444 “ffiaep‘ffbi

166 1459 178 1465 -
191 1448 255 1471 Inter
268 1449 311 1471 du-

95 1474 138 1497 bin
149 1474 235 1498 Bedne.

92 1427 156 1471 5:54.

342 437 469 474 tabula
498 450 593 486 quae
619 443 744 475 terrae
771 439 968 485 adhaeret,
1000 439 1135 488 lingua
1161 439 1346 476 lambetur
1377 445 1411 475 et

341 490 467 527 tabula
495 491 658 527 radetur.
702 492 743 528 Si
771 503 861 529 vero
891 503 965 528 non
983 493 1106 540 fuerit
1136 492 1278 537 tabula,
1307 497 1409 528 terra

342 544 505 589 radetur,
527 549 560 580 et
596 545 679 593 igni
713 546 963 591 comburetur,
985 551 1018 582 et
1045 546 1137 582 cinis
1164 548 1262 582 intra
1290 545 1410 582 altare

341 597 530 633 condetur.
550 598 598 633 Et
614 597 787 634 sacerdos
806 598 1056 648 quadraginta
1075 598 1150 635 dies
1163 599 1361 648 poeniteat.
1382 619 1407 623 -

341 650 383 686 Si
408 655 531 686 autem
558 661 670 698 super
691 650 810 687 altare
826 651 1015 688 stillaverit
1041 651 1154 697 calix,
1174 653 1322 688 sorbeat
1339 652 1407 686 mi-

342 704 455 739 nister
480 702 627 739 stillam.
655 704 703 739 Et
729 704 844 740 tribus
872 703 997 740 diebus
1018 705 1216 752 poeniteat.
1237 726 1262 730 —
1291 704 1333 740 Si
1348 715 1407 739 su-

336 767 409 805 per
435 756 587 792 linteum
611 755 757 801 altaris,
787 761 820 792 et
856 756 907 792 ad
931 757 1036 793 aliud
1064 757 1159 794 stilla
1181 758 1405 806 peruenerit,

342 814 501 858 quatuor
519 814 533 829 τ
560 808 686 844 diebus
715 810 914 856 poeniteat.
951 811 993 846 Si
1023 822 1137 860 usque
1171 810 1223 846 ad
1247 811 1404 856 tertium,

341 873 474 899 novem
502 861 627 897 diebus
649 861 847 910 poeniteat.
876 863 918 899 Si
934 874 1048 911 usque
1074 863 1125 900 ad
1150 868 1336 912 quartum,
1354 865 1406 900 vi-

337 915 436 964 ginti
470 914 596 951 diebus
617 915 816 963 poeniteat.
851 916 899 952 Et
925 916 1144 953 linteamina
1179 928 1275 965 quae
1309 916 1407 953 stilla

338 967 464 1016 tetigit,
493 968 608 1003 tribus
635 968 773 1004 vicibus
800 968 896 1005 lavet
923 971 1106 1015 minister,
1135 969 1251 1006 calice
1282 971 1406 1006 subtus

332 1021 466 1070 posito,
495 1025 529 1056 et
555 1031 655 1068 aqua
681 1020 878 1058 ablutionis
903 1028 1072 1059 sumatur
1099 1028 1134 1059 et
1155 1023 1260 1059 iuxta
1287 1023 1407 1061 altare

338 1072 574 1109 recondatur.
612 1073 746 1110 Posset
774 1074 889 1111 etiam
917 1075 1019 1112 sumi
1046 1075 1087 1112 in
1119 1083 1215 1125 potu
1243 1087 1266 1112 a
1293 1075 1405 1113 mini-

338 1132 435 1171 stro,
464 1124 537 1161 nisi
577 1133 736 1175 propter
770 1127 1103 1166 abominationem
1139 1128 1403 1167 dimitteretur.

339 1178 512 1226 Quidam
535 1186 667 1216 autem
685 1180 843 1218 ulterius
865 1188 1015 1230 partem
1042 1181 1146 1219 illam
1164 1182 1404 1220 liteaminum

337 1231 513 1270 incidunt
540 1239 577 1268 et
603 1234 852 1281 comburunt,
873 1241 910 1271 et
927 1234 1098 1272 cinerem
1125 1235 1165 1272 in
1191 1236 1322 1273 altario
1341 1238 1404 1273 vel

338 1285 504 1323 sacrario
533 1295 740 1335 reponunt.

391 1339 579 1376 Subditur
606 1347 737 1382 autern
763 1339 910 1377 ibidem
928 1340 968 1387 ²¹²,
998 1353 1045 1378 ex
1072 1341 1338 1380 Poenitentiali
1365 1343 1405 1365 '¹⁰¹‘

338 1392 466 1429 Bedae
494 1392 729 1442 Presbyteri:
760 1395 801 1431 Si
826 1396 905 1444 quis
928 1406 1000 1443 per
1027 1396 1236 1432 ebrietatem
1259 1397 1319 1434 vel
1342 1409 1404 1434 νο-

336 1447 527 1483 racitatem
541 1449 815 1485 Eucharistiam
830 1449 1044 1494 evomuerit,
1061 1450 1313 1500 quadraginta
1330 1450 1403 1494 die-

336 1501 403 1536 bus
425 1502 614 1549 poeniteat
632 1507 669 1548 ”3
699 1502 827 1538 clerici
856 1502 915 1539 vel
941 1503 1136 1548 monachi,
1165 1515 1228 1539 seu
1257 1502 1407 1540 diaconi

389 1629 415 1665 τ)
434 1634 559 1664 quatuor.
577 1645 597 1650 -
615 1631 703 1657 decem
722 1632 857 1658 editiones.

388 1669 415 1699 u)
428 1667 576 1699 poeniteat.
588 1681 608 1686 —
618 1667 646 1695 si>
654 1668 739 1693 laicus
757 1670 798 1692 est
816 1667 885 1692 addit
897 1668 926 1694 P.
939 1681 958 1686 -
971 1667 1119 1700 sexaginta
1132 1667 1154 1691 D
1162 1674 1170 1697 ;
1188 1667 1362 1700 septuaginta
1373 1667 1402 1698 P,

334 1702 520 1735 quadraginta
538 1703 615 1727 ceteri
634 1701 693 1736 (sed
711 1710 728 1727 a
746 1711 800 1728 om.
817 1703 934 1728 clerici...
954 1702 1065 1736 diebus).

386 1736 629 1772 9)Aure1ianensi.
655 1751 675 1757 -
700 1739 854 1764 Arelatensi
873 1739 900 1764 Ρ.
929 1739 980 1763 Pro
1006 1737 1177 1770 sacrificium,
1204 1742 1404 1764 sacramentum

1517 440 1566 476 Et
1584 439 1623 476 in
1648 439 1786 476 eadem
1814 439 2054 477 distinctione
2074 440 2093 462 ²¹⁶
2112 441 2256 489 legitur,
2278 455 2323 479 ex
2353 444 2525 481 Concilio

1463 492 1730 529 Aurelianensi
1754 498 1789 529 φῑ
1826 493 1900 535 Qui
1927 506 2001 530 non
2030 495 2122 530 bene
2149 496 2355 532 custodierit
2386 499 2526 545 sacrifi-

1463 547 1574 591 cium,
1594 551 1628 582 et
1654 558 1737 582 mus
1762 546 1820 582 vel
1844 546 1996 595 aliquod
2021 546 2124 583 aliud
2147 548 2290 584 animal
2312 550 2348 584 in
2374 550 2526 586 ecclesia

1462 598 1681 644 comederit,
1712 598 1963 648 quadraginta
2001 598 2125 635 diebus
2156 602 2352 648 poeniteat.
2391 624 2415 627 -
2454 603 2529 644 Qui

1462 657 1585 688 autem
1607 651 1811 700 perdiderit
1839 651 1930 688 illud
1962 653 1999 688 in
2035 652 2203 698 ecclesia,
2233 659 2296 689 aut
2324 666 2417 702 pars
2451 656 2527 691 eius

1461 704 1632 740 ceciderit
1651 710 1684 740 et
1703 716 1777 741 non
1806 705 1954 741 inventa
1963 705 2095 752 suerit,
2115 707 2269 754 triginta
2297 706 2421 743 diebus
2436 719 2525 756 poe-

1462 759 1583 794 niteat.
1604 779 1630 783 -
1654 758 1702 794 Et
1726 757 1864 794 eadem
1881 757 2116 806 poenitentia
2133 757 2286 795 videtur
2312 758 2450 807 dignus
2469 772 2526 796 sa-

1460 810 1597 847 cerdos
1624 822 1694 859 per
1721 809 1831 847 cuius
1852 809 2125 858 negligentiam
2153 810 2299 848 hostiae
2328 823 2525 849 consecra-

1460 871 1520 900 tae
1547 863 1771 913 putrefiunt.

1513 916 1720 954 Praedictis
1748 923 1880 953 autem
1907 916 2044 953 diebus
2072 916 2186 954 debet
2211 917 2413 966 poenitens
2432 917 2525 955 ieiu—

1459 981 1552 1007 nare
1581 977 1617 1006 et
1645 982 1667 1007 a
1694 969 1974 1006 communione
2002 981 2160 1007 cessare.
2196 970 2368 1007 Pensatis
2395 978 2525 1008 tamen

1459 1022 1746 1060 conditionibus
1780 1022 1921 1070 negotii
1949 1030 1985 1059 et
2011 1035 2221 1072 personae,
2249 1031 2374 1073 potest
2401 1023 2526 1061 minui

1458 1077 1521 1113 vel
1549 1076 1639 1113 addi
1667 1076 1715 1113 ad
1743 1075 2020 1125 poenitentiam
2046 1076 2294 1125 praedictam.

1512 1129 1600 1166 Hoc
1626 1137 1757 1166 tamen
1785 1129 2075 1166 observandum
2105 1137 2170 1176 est,
2199 1130 2320 1178 quod,
2346 1129 2523 1167 ubicum-

1459 1194 1535 1232 que
1554 1181 1701 1231 species
1719 1181 1886 1229 integrae
1908 1181 2170 1227 inveniuntur,
2190 1190 2279 1219 sunt
2305 1190 2524 1220 reverenter

1458 1235 1723 1273 observandae
1737 1241 1765 1283 χ,
1780 1235 1843 1271 vel
1862 1234 1977 1271 etiam
1991 1235 2223 1272 sumendae:
2245 1235 2347 1284 quia,
2362 1248 2522 1273 manen-

1457 1288 1558 1326 tibus
1587 1288 1800 1337 speeiebus,
1821 1295 1951 1325 manet
1978 1287 2030 1324 ibi
2058 1300 2199 1338 corpus
2228 1288 2379 1335 Christi,
2399 1296 2442 1326 ut
2460 1301 2522 1326 su-

1457 1355 1527 1392 pra
1540 1342 1560 1364 *
1579 1340 1726 1378 dictum
1745 1348 1811 1378 est.
1842 1341 1900 1378 Ea
1917 1353 2011 1378 vero
2037 1341 2077 1378 in
2101 1341 2242 1390 quibus
2261 1341 2520 1390 inveniuntur,
2549 1349 2571 1400 g,

1457 1449 1497 1486 in
1531 1448 1695 1486 sacrario
1733 1446 1951 1484 recondito:
1992 1446 2088 1484 sicut
2120 1447 2167 1484 de
2204 1460 2336 1485 rasura
2370 1448 2521 1485 tabulae

1457 1502 1605 1539 dictum
1634 1508 1699 1537 est.

1456 1633 1591 1663 editiones,
1609 1640 1664 1657 om.
1682 1632 1718 1662 E;
1736 1632 1806 1657 alias
1823 1632 1984 1664 sacrificium
2008 1639 2098 1664 margo
2118 1632 2147 1657 P.
2166 1632 2216 1656 Pro
2235 1631 2261 1655 in
2281 1631 2398 1660 ecclesia,
2417 1632 2485 1656 illud
2502 1633 2521 1657 P

1458 1673 1483 1692 et
1501 1667 1596 1692 recenti
1615 1675 1694 1692 manu
1713 1675 1792 1699 super
1811 1675 1861 1692 ras.
1880 1668 1910 1692 B.

1510 1702 1540 1737 χ)
1558 1702 1747 1728 observandae.
1764 1716 1783 1721 -
1800 1702 1998 1728 conservandae
2017 1702 2056 1727 ΡΙ.

2553 446 2563 457 “
2575 446 2631 468 Can.
2641 446 2688 474 Qui
2700 447 2766 469 bene.

2554 483 2565 488 -
2580 472 2617 494 Cf.
2631 472 2741 495 Friedber
2759 490 2764 496 .

2552 499 2618 526 ibid„
2635 503 2684 521 not.
2701 507 2740 528 ¹47
2758 517 2764 522 .

2573 1347 2620 1374 Qu.
2629 1353 2707 1374 uxvx,
2718 1352 2761 1370 art.

2576 1374 2604 1395 ad
2610 1380 2762 1402 3;qu.1.xxvu,

1457 1395 1724 1433 comburenda
1743 1400 1832 1431 sunt
1850 1393 1881 1430 si
1901 1394 2108 1431 commode
2127 1394 2211 1432 fieri
2229 1402 2366 1443 potest,
2395 1394 2522 1432 cinere
2549 1404 2590 1422 m.
2605 1407 2628 1427 4,
2644 1407 2663 1428 ⁵-
