2878 4088
88 2685 102 2696 ·
113 2711 118 2716 ¹
129 2687 249 2733 ,pumat
258 2683 303 2706 Pe-

91 2713 305 2768 ἷιίεᾶιὛᾰά-’ἷῗῖ

92 2767 139 2786 ιιι.
150 2770 159 2786 ι
205 2765 220 2790 j.
229 2775 240 2781 -
249 2764 304 2795 Arn-

89 2793 186 2845 titt...
198 2790 305 2844 ...33¹3

90 2849 113 2866 ι.
122 2842 168 2866 Ὧι.
182 2843 235 2866 leet.
250 2849 286 2866 ιιι.

92 3128 306 3178 ἶῖ-’.Ἧὶῗῑὲὲῧέιῐ

1022 181 1285 227 QUAESTIO
1314 182 1355 228 ΙΙ,
1386 179 1678 218 ARTICULUS
1706 180 1748 225 ΙΙ,
1770 180 1826 225 111,
1848 181 1897 216 IV
2504 180 2522 215 5

401 257 452 287 An
475 265 592 286 ramim
615 266 697 286 ERGO
723 267 881 288 DICENDUM
901 258 989 298 quod
1009 259 1215 298 poenitentia,
1232 258 1408 289 secundum
1464 267 1536 287 rum
1559 266 1627 287 non
1650 257 1689 287 sit
1711 257 1871 292 contritio,
1896 266 1978 296 quae
2002 262 2048 287 est
2071 258 2173 296 prima
2195 268 2266 298 pars
2290 259 2366 288 eius.
2391 259 2476 298 Ergo
2494 264 2526 289 et

346 301 573 340 Augustinum,
598 300 692 330 debet
716 311 782 331 esse
807 301 846 332 de
869 303 928 332 hac
952 303 1078 333 mortali
1101 303 1174 339 vita,
1196 312 1263 332 non
1287 303 1409 332 ratione
1465 300 1504 331 de
1518 301 1677 331 'omnibus
1699 301 1838 340 peccatis
1858 300 1951 330 debet
1975 310 2042 330 esse
2066 302 2224 331 contritio.

345 345 444 384 ipsius
475 345 674 375 mortalitatis
706 345 779 385 (nisi
809 347 1006 386 poenitentia
1036 347 1120 386 large
1152 346 1274 377 dicatur
1304 346 1409 376 omnis
1520 354 1549 374 2.
1577 345 1779 379 Prummu,
1809 344 1935 373 nullum
1966 349 2134 383 peccatum
2165 344 2332 375 dimittitur
2361 346 2421 375 nisi
2453 347 2524 386 quis

345 388 466 428 dolor),
494 388 550 419 sed
572 389 695 419 ratione
723 396 944 430 peccatorum,
977 390 1016 420 ad
1046 400 1128 430 quae
1159 399 1196 420 ex
1226 389 1408 420 infirmitate
1462 387 1660 418 iustificetur.
1684 387 1747 418 Sed
1770 387 1810 417 ad
1831 386 2090 417 iustificationem
2114 389 2283 427 requiritur
2307 390 2466 425 contritio,
2489 396 2525 420 ut

344 433 439 463 huius
462 433 544 463 vitae
567 432 765 464 deducimur.
1429 442 1438 462 ς
1461 433 1549 471 prius
1572 432 1589 450 *
1619 432 1740 462 dictum
1773 437 1829 461 est.
1868 431 1954 471 Ergo
1988 431 2026 461 de
2059 431 2204 471 quolibet
2235 439 2368 472 peccato
2402 435 2524 464 conteri

398 477 449 506 An
473 486 635 507 sncunnum
658 488 818 508 mmmmm
842 478 931 518 quod
954 479 1006 509 ille
1031 478 1124 508 dolor
1147 487 1213 517 quo
1233 478 1304 517 quis
1321 476 1408 507 dolet
1462 481 1600 516 oportet.

343 529 382 550 ex
405 521 576 551 amissione
599 522 721 552 virtutis
744 532 802 562 per
823 528 1009 562 peccatum,
1033 531 1101 552 non
1128 527 1175 552 est
1203 521 1408 551 essentialiter
1516 521 1705 550 Rnspoxmno
1728 529 1888 549 memnon
1904 518 1993 558 quod
2017 519 2122 549 omnis
2146 519 2276 549 actualis
2297 520 2391 560 culpa
2408 530 2446 550 ex
2461 522 2524 551 hoc

342 564 411 604 ipsa
435 566 595 601 contritio,
613 565 668 597 sed
685 572 731 597 est
746 567 941 607 principium
965 567 1048 596 eius:
1078 566 1160 596 sicut
1183 566 1269 595 enim
1292 565 1406 604 aliquis
1462 564 1618 603 contingit
1641 563 1730 604 quod
1752 563 1901 593 voluntas
1924 563 1986 602 legi
2002 562 2062 592 Dei
2078 572 2145 592 non
2162 563 2255 598 cedit,
2271 564 2322 593 vel
2339 573 2409 593 eam
2425 570 2524 594 trans-

342 614 492 640 movetur
507 609 547 640 ad
561 610 780 650 appetendum
802 610 923 650 aliquid
940 615 1072 650 propter
1087 610 1211 639 bonum
1227 608 1317 648 quod
1331 607 1405 638 inde
1460 607 1651 646 grediendo,
1679 607 1730 637 vel
1760 606 1956 642 omittendo,
1980 606 2031 636 vel
2062 612 2185 646 praeter
2215 616 2285 637 eam
2315 607 2450 647 agendo.
2484 609 2525 638 Et

343 658 498 693 expectat,
514 654 557 684 ita
571 660 721 685 movetur
739 654 779 685 ad
798 653 975 685 dolendum
998 653 1037 684 de
1061 653 1170 692 aliquo
1193 657 1324 692 propter
1339 661 1406 682 ma·
1421 663 1446 678 ιο
1461 651 1536 690 quia
1560 650 1676 681 durum
1700 656 1746 681 est
1769 650 1858 690 quod
1881 651 1976 680 habet
2003 650 2183 690 potentiam
2206 657 2242 681 ut
2264 661 2331 681 non
2355 651 2446 682 facile
2469 662 2524 692 pa-

342 697 411 727 lum
435 697 524 737 quod
547 698 622 728 inde
646 703 838 729 consecutus
862 703 918 728 est.
1460 695 1564 730 tiatur,
1588 694 1662 724 ideo
1685 695 1719 724 in
1743 695 1833 724 omni
1855 694 1971 724 actuali
1994 700 2128 734 peccato
2153 694 2267 725 duritia
2290 695 2448 735 quaedam
2467 702 2523 726 est.

1460 738 1501 768 Et
1522 743 1654 777 propter
1676 739 1750 774 hoc,
1775 739 1801 768 si
1825 737 1938 768 debeat
1959 744 2128 778 peccatum
2152 740 2263 775 curari,
2284 745 2412 779 oportet
2435 740 2524 780 quod

1459 791 1516 821 per
1540 783 1767 812 contritionem
1791 783 2066 812 comminuentem
2089 784 2275 814 remittatur.

662 821 699 842 De
711 820 786 847 *¹⁶¹2
801 826 841 848 ‘³¹¹-
857 826 897 845 V¹¹¹
914 823 956 841 ἠ’
974 827 1006 846 ¹¹v
1020 820 1049 841 Μ
1064 826 1084 848 ³·
1514 826 1565 855 An
1590 836 1707 856 rantum
1730 836 1812 856 ERGO
1836 837 1996 856 mcexnnm
2013 827 2112 867 quod,
2128 828 2210 858 sicut
2226 837 2263 858 ex
2280 827 2370 859 dictis
2386 830 2403 845 ἃ
2426 834 2522 868 patet,

405 882 426 901 1>
457 880 620 901 secuuntur
651 880 697 900 sn:
728 879 932 900 Pnocnnrrun.
963 868 1098 899 Videtur
1131 868 1220 908 quod
1254 869 1403 899 contritio
1420 882 1441 902 ις
1460 870 1609 900 contritio
1634 871 1810 910 opponitur
1832 877 1965 910 peccato
1990 881 2027 901 ex
2051 877 2138 911 parte
2162 872 2214 902 illa
2233 882 2296 912 qua
2313 882 2350 903 ex
2367 873 2523 903 electione

341 883 473 945 Aesse
506 914 619 944 debeat
652 913 691 943 de
722 913 876 953 originali.
912 913 960 943 De
994 918 1128 952 peceato
1167 913 1253 943 enim
1290 913 1405 943 actuali
1458 914 1631 944 voluntatis
1654 915 1799 954 procedit
1814 925 1882 945 non
1898 916 2060 955 sequentis
2083 917 2254 956 imperium
2278 917 2402 947 divinae
2426 917 2521 957 legis,

339 959 461 989 conteri
491 958 662 994 debemus,
686 967 754 988 non
784 957 907 987 ratione
938 962 1026 987 actus
1055 958 1249 997 inquantum
1279 963 1327 987 est
1349 967 1404 988 ens
1458 967 1526 988 non
1550 964 1657 989 autem
1681 969 1719 989 ex
1742 964 1830 999 parte
1855 960 1922 990 eius
1946 959 2035 999 quod
2059 966 2106 990 est
2128 961 2161 990 in
2185 967 2318 1000 peccato
2342 962 2520 991 materiale:

338 1002 512 1043 quoddam,
537 1002 593 1032 sed
615 1002 738 1032 ratione
762 1000 989 1032 deformitatis:
1015 1001 1090 1041 quia
1114 1007 1202 1032 actus
1225 1001 1404 1032 secundum
1459 1008 1490 1032 et
1513 1003 1576 1032 hoc
1600 1009 1646 1033 est
1669 1003 1748 1034 illud
1777 1013 1873 1043 super
1903 1004 1992 1044 quod
2022 1003 2105 1034 cadit
2133 1004 2257 1035 electio.
2290 1005 2383 1035 Cadit
2413 1011 2521 1036 autem

338 1056 429 1077 suam
457 1046 665 1076 substantiam
695 1046 820 1076 bonum
850 1045 1014 1086 quoddam
1046 1051 1108 1082 est,
1133 1051 1164 1076 et
1188 1055 1205 1075 a
1229 1046 1310 1076 Deo.
1342 1046 1404 1077 Sed
1457 1047 1630 1077 voluntatis
1654 1047 1768 1078 electio
1791 1057 1858 1077 non
1882 1048 1988 1078 solum
2011 1057 2107 1088 super
2130 1054 2218 1079 actus
2241 1049 2373 1079 aliarum
2394 1050 2519 1086 virium,

336 1096 506 1130 peccatum
534 1090 687 1130 originale
717 1090 813 1120 habet
841 1089 1085 1126 deformitatem,
1111 1091 1192 1120 sicut
1216 1095 1247 1120 et
1270 1090 1402 1120 actuale.
1418 1102 1443 1116 ²0
1458 1091 1574 1130 quibus
1598 1092 1746 1122 voluntas
1770 1092 1808 1122 ad
1832 1102 1927 1122 suum
1957 1091 2056 1122 finem
2086 1094 2200 1129 utitur,
2225 1093 2280 1123 sed
2304 1094 2398 1124 etiam
2426 1103 2521 1134 super

337 1135 423 1175 Ergo
448 1134 488 1165 de
512 1144 552 1165 eo
576 1135 671 1165 etiam
695 1135 819 1164 conteri
842 1134 1006 1165 debemus.
1458 1140 1565 1165 actum
1588 1137 1755 1176 proprium
1778 1137 1896 1176 ipsius:
1927 1137 2075 1167 voluntas
2105 1138 2191 1167 enim
2214 1138 2282 1167 vult
2305 1147 2337 1168 se
2360 1138 2441 1168 velle
2465 1138 2520 1168 ali-

394 1188 424 1209 2.
448 1179 644 1214 PRAETEREA,
660 1188 717 1219 per
732 1184 903 1219 peccatum
927 1178 1079 1219 originale
1102 1179 1203 1209 homo
1223 1178 1283 1208 fuit
1299 1189 1316 1208 a
1331 1179 1402 1209 Deo
1457 1179 1546 1218 quid.
1570 1180 1611 1210 Et
1634 1181 1678 1210 sic
1702 1180 1815 1211 electio
1840 1180 2012 1210 voluntatis
2037 1181 2119 1211 cadit
2142 1191 2237 1221 super
2260 1181 2406 1212 dolorem
2428 1182 2520 1212 illum

337 1232 483 1254 aversus:
516 1223 592 1263 quia
621 1233 728 1263 poena
758 1224 826 1253 eius
857 1229 922 1253 erat
945 1223 1083 1253 carentia
1113 1222 1237 1253 divinae
1261 1223 1401 1253 visionis.
1457 1233 1514 1253 seu
1537 1225 1693 1254 tristitiam
1717 1234 1799 1264 quae
1822 1225 1981 1255 invenitur
2004 1226 2037 1254 in
2055 1231 2188 1264 peccato
2212 1226 2347 1256 invidiae
2364 1232 2395 1256 et
2410 1227 2519 1257 huius·

337 1267 401 1298 Sed
431 1267 561 1298 cuilibet
590 1266 685 1297 debet
715 1266 881 1307 displicere
911 1277 944 1298 se
972 1267 1069 1298 fuisse
1097 1277 1115 1297 a
1142 1267 1214 1297 Deo
1245 1277 1401 1298 aversum.
1456 1267 1562 1303 modi,
1587 1269 1653 1298 sive
1681 1268 1774 1298 dolor
1795 1269 1848 1298 ille
1871 1270 1911 1299 sit
1934 1270 1967 1299 in
1989 1278 2085 1299 sensu
2108 1270 2174 1299 sive
2197 1270 2230 1300 in
2253 1271 2321 1310 ipsa
2343 1271 2517 1301 voluntate.

337 1311 422 1352 Ergo
446 1312 547 1343 homo
571 1311 666 1341 debet
688 1312 804 1341 habere
829 1311 1061 1352 displicentiam
1084 1312 1207 1351 peccati
1231 1312 1400 1351 originalis.
1416 1323 1439 1343 25
1456 1312 1497 1342 Et
1520 1311 1594 1342 ideo
1617 1313 1678 1342 illis
1701 1314 1839 1352 peccatis
1863 1314 2062 1343 contritionis
2086 1313 2179 1344 dolor
2202 1315 2387 1354 opponitur.

336 1355 445 1386 Εΐςὶε
469 1355 563 1386 debet
586 1355 626 1386 de
650 1365 690 1385 eo
714 1356 846 1386 conteri.
1511 1357 1562 1386 An
1586 1367 1748 1386 sncxmmm
1771 1367 1930 1387 mmmmm
1958 1357 2047 1397 quod
2075 1357 2194 1388 oblivio
2220 1358 2258 1388 de
2282 1358 2390 1398 aliquo
2413 1364 2519 1398 potest

392 1399 455 1431 San
479 1409 612 1436 CONTRA,
629 1399 787 1430 medicina
810 1399 904 1430 debet
923 1409 990 1430 esse
1009 1401 1252 1440 proportionata
1275 1400 1401 1430 morbo.
1457 1409 1524 1430 esse
1541 1400 1718 1440 dupliciter.
1743 1402 1809 1431 Aut
1824 1402 1867 1431 ita
1884 1402 1972 1441 quod
1987 1402 2125 1432 totaliter
2141 1412 2158 1432 a
2172 1403 2328 1432 memoria
2352 1402 2517 1433 exciderit:

337 1443 400 1475 Sed
423 1450 592 1484 peccatum
616 1444 768 1484 originale
792 1445 859 1474 sine
882 1450 990 1474 nostra
1012 1444 1177 1474 voluntate
1201 1450 1401 1474 contractum
1456 1450 1487 1474 et
1510 1450 1587 1474 tunc
1610 1455 1678 1475 non
1701 1450 1807 1484 potest
1830 1446 1944 1485 aliquis
1971 1446 2130 1485 inquirere
2159 1446 2247 1476 illud.
2275 1447 2341 1476 Aut
2364 1448 2406 1477 ita
2430 1447 2519 1487 quod

337 1494 393 1519 est.
417 1489 503 1529 Ergo
527 1498 595 1519 non
617 1489 788 1527 requiritur
814 1487 904 1528 quod
927 1497 984 1528 per
1007 1494 1115 1518 actum
1138 1488 1320 1524 voluntatis,
1345 1489 1400 1528 q'ui
1455 1489 1570 1528 partim
1594 1499 1611 1518 a
1634 1490 1790 1519 memoria
1814 1489 1963 1520 exciderit
1985 1495 2016 1519 et
2031 1491 2145 1529 partim
2169 1496 2313 1520 maneat:
2338 1491 2420 1521 sicut
2443 1501 2518 1521 cum

337 1538 384 1563 est
407 1533 568 1568 contritio,
592 1533 631 1562 ab
654 1533 726 1572 ipso
749 1541 933 1572 purgemur.
1417 1537 1441 1558 30
1455 1533 1564 1563 recolo
1581 1542 1633 1563 me
1649 1533 1770 1572 aliquid
1793 1533 1949 1564 audivisse
1964 1534 1998 1563 in
2013 1534 2161 1573 generali,
2179 1534 2234 1564 sed
2252 1535 2360 1565 nescio
2385 1535 2463 1574 quid
2485 1536 2519 1565 in

379 1577 569 1608 Responnsso
600 1586 760 1606 memnon
790 1576 880 1616 quod
910 1576 1070 1611 contriti0,
1099 1581 1135 1606 ut
1158 1575 1280 1606 dictum
1311 1582 1358 1606 est
1373 1577 1399 1612 ἕ,
1455 1577 1594 1616 speciali.
1619 1577 1660 1607 Et
1675 1582 1752 1607 tunc
1774 1578 1903 1616 requiro
1919 1578 1952 1607 in
1968 1579 2124 1607 memoria
2148 1578 2187 1608 ad
2209 1579 2517 1618 recognoscendum.

335 1626 382 1652 est
405 1620 498 1652 dolor
520 1620 691 1661 respiciens
716 1626 747 1650 et
770 1619 1013 1659 quodammodo
1038 1620 1262 1650 comminuens
1285 1620 1400 1650 volun·
1509 1621 1551 1650 Et
1566 1621 1745 1651 secundum
1768 1621 1842 1656 hoc,
1867 1622 1962 1651 etiam
1986 1621 2118 1661 aliquod
2141 1628 2310 1661 peccatum
2330 1628 2436 1662 potest
2451 1632 2519 1653 esse

333 1665 405 1695 tatis
428 1664 588 1695 duritiem.
611 1664 654 1696 Et
675 1663 749 1694 ideo
773 1664 880 1694 solum
903 1663 942 1694 de
965 1663 1026 1694 illis
1048 1664 1187 1703 peccatis
1210 1669 1316 1703 potest
1332 1673 1399 1694 esse
1454 1664 1591 1694 oblitum
1615 1664 1793 1704 dupliciter.
1818 1666 1884 1695 Aut
1906 1666 1950 1695 ita
1966 1665 2056 1705 quod
2070 1667 2104 1695 in
2119 1666 2258 1705 generali
2281 1667 2437 1696 memoria
2452 1676 2519 1696 ma-

334 1718 418 1750 quae
441 1718 479 1739 ex
503 1708 618 1738 duritia
640 1713 767 1738 nostrae
791 1707 964 1738 voluntatis
987 1708 1020 1738 in
1042 1717 1103 1738 nos
1126 1708 1330 1747 proveniunt.
1359 1708 1399 1738 Et
1453 1713 1536 1744 neat,
1553 1708 1609 1738 sed
1631 1718 1699 1738 non
1722 1709 1755 1738 in
1778 1709 1916 1748 speciali.
1945 1709 1986 1739 Et
2005 1715 2082 1739 tunc
2106 1709 2200 1739 debet
2222 1711 2395 1749 recogitare
2418 1711 2518 1740 homo

334 1754 410 1794 quia
431 1758 602 1793 peccatum
633 1752 786 1792 originale
815 1757 923 1782 nostra
953 1752 1117 1782 voluntate
1145 1761 1212 1782 non
1236 1757 1284 1782 est
1306 1751 1399 1782 indu-
1414 1761 1436 1781 ³5
1454 1751 1492 1781 ad
1516 1752 1746 1782 inveniendum
1761 1758 1946 1792 peccatum:
1972 1754 2047 1792 quia
2063 1753 2102 1783 de
2119 1754 2263 1793 quolibet
2282 1760 2414 1793 peccato
2433 1764 2520 1784 mor-

334 1802 433 1834 etum,
450 1797 506 1827 sed
529 1806 567 1828 ex
589 1796 716 1826 vitiatae
739 1801 870 1826 naturae
894 1796 1017 1836 origine
1040 1801 1251 1832 contractum,
1267 1795 1341 1826 ideo
1359 1795 1398 1826 de
1453 1796 1508 1826 tali
1530 1802 1656 1827 tenetur
1679 1797 1780 1827 homo
1811 1797 1988 1836 specialiter
2019 1798 2152 1827 conteri.
2186 1797 2219 1828 Si
2242 1803 2349 1828 autem
2378 1799 2520 1828 invenire

332 1842 404 1882 ipso
436 1851 505 1872 non
536 1846 643 1881 potest
675 1850 743 1871 esse
776 1841 936 1876 contritio,
961 1841 1091 1880 proprie
1122 1840 1308 1880 loquendo:
1343 1840 1400 1870 sed
1453 1849 1521 1870 non
1544 1842 1655 1880 possit,
1680 1840 1796 1872 sufficit
1819 1841 1858 1871 de
1882 1851 1921 1871 eo
1946 1842 2069 1872 conteri
2092 1841 2270 1872 secundum
2294 1842 2384 1882 quod
2406 1843 2440 1872 in
2459 1852 2519 1872 no-

333 1885 532 1927 displicentia
554 1890 662 1926 potest
685 1894 753 1915 esse
777 1884 816 1916 de
840 1894 891 1921 eo,
915 1885 966 1915 vel
989 1884 1092 1915 dolor.
1452 1884 1520 1914 titia
1542 1890 1639 1915 tenet.
1663 1886 1705 1916 Et
1728 1885 1822 1915 debet
1844 1886 1944 1916 homo
1968 1895 2036 1916 non
2060 1886 2166 1916 solum
2190 1886 2229 1916 de
2247 1892 2391 1926 peccato,
2409 1886 2464 1917 sed
2481 1886 2520 1917 de

387 1930 438 1960 An
462 1940 579 1960 PRIMUM
602 1927 685 1960 aizoo
710 1939 869 1959 memnon
900 1928 990 1969 quod
1019 1929 1169 1960 contritio
1197 1938 1265 1959 non
1289 1934 1335 1959 est
1359 1928 1398 1959 de
1453 1929 1617 1960 oblivione
1642 1930 1709 1960 eius
1733 1929 1852 1966 dolere,
1877 1939 1960 1970 quae
1983 1940 2020 1960 ex
2043 1930 2235 1971 negligentia
2259 1931 2424 1970 contingit.

331 1980 466 2015 peccato
489 1975 612 2004 ratione
636 1974 829 2005 substantiae
850 1979 938 2004 actus
954 1979 1090 2010 tantum,
1107 1974 1183 2013 quia
1198 1983 1236 2003 ex
1252 1974 1315 2004 hoc
1330 1982 1398 2003 non
1412 1981 1438 2002 40
1508 1973 1541 2003 Si
1565 1979 1673 2004 autem
1695 1979 1866 2014 peccatum
1889 1975 2024 2004 omnino
2049 1984 2086 2005 ex
2108 1975 2265 2005 memoria
2293 1975 2418 2011 excidit,
2442 1981 2519 2006 tunc

332 2019 428 2050 habet
449 2019 607 2049 rationem
635 2018 728 2049 mali:
757 2027 865 2058 neque
894 2018 1011 2048 iterum
1040 2018 1162 2048 ratione
1190 2017 1398 2048 deformitatis
1453 2026 1491 2047 ex
1513 2018 1704 2058 impotentia
1733 2017 1869 2049 faciendi
1893 2024 2059 2049 excusatur
2081 2029 2098 2048 a
2121 2018 2246 2055 debito,
2272 2024 2302 2049 et
2325 2018 2441 2049 sufficit
2465 2029 2518 2059 ge-

332 2068 468 2100 tantum‚
493 2064 569 2104 quia
591 2062 775 2094 deformitas
799 2062 838 2092 de
854 2072 888 2092 se
903 2072 971 2092 non
994 2062 1070 2092 dicit
1092 2062 1250 2092 rationem
1273 2062 1398 2102 culpae,
1451 2062 1565 2092 neralis
1589 2063 1738 2093 contritio
1762 2062 1801 2092 de
1825 2060 1915 2093 omni
1939 2072 1978 2093 eo
2002 2063 2034 2093 in
2059 2072 2125 2103 quo
2149 2063 2256 2093 Deum
2284 2063 2426 2094 offendit.
2455 2063 2518 2094 Sed

332 2107 388 2138 sed
404 2107 601 2148 quandoque
617 2108 770 2146 importat
784 2116 935 2146 poenam.
959 2106 1063 2136 Debet
1086 2111 1194 2136 autem
1210 2106 1249 2136 de
1263 2111 1398 2146 peccato
1453 2106 1583 2145 quando
1607 2107 1798 2147 impotentia
1827 2107 1966 2142 tollitur,
1990 2107 2072 2137 sicut
2095 2117 2170 2137 curn
2194 2107 2233 2137 ad
2256 2109 2446 2138 memoriam
2469 2118 2517 2138 re-

332 2161 400 2183 esse
417 2153 567 2183 contritio
590 2152 783 2191 inquantum
805 2151 958 2191 importat
975 2155 1145 2191 utramque
1164 2150 1398 2181 deformitatem
1451 2156 1584 2181 vocatur
1606 2156 1787 2191 peccatum,
1810 2156 1888 2181 tunc
1911 2156 2037 2181 tenetur
2059 2152 2160 2182 homo
2183 2152 2360 2191 specialiter
2384 2153 2516 2182 conteri.

333 2206 372 2227 ex
394 2202 468 2227 actu
490 2197 663 2226 voluntatis
686 2196 940 2235 provenientem.
965 2195 1007 2225 Et
1029 2195 1093 2225 hoc
1116 2204 1184 2225 non
1208 2200 1255 2225 est
1274 2195 1308 2225 in
1323 2204 1398 2235 pec·
1413 2202 1436 2222 ⁴5
1453 2194 1542 2225 Sicut
1565 2196 1660 2225 etiam
1684 2200 1731 2225 est
1753 2194 1793 2225 de
1816 2204 1957 2235 paupere
1981 2196 2036 2235 qui
2059 2205 2126 2225 non
2149 2201 2255 2236 potest
2281 2196 2404 2226 solvere
2428 2196 2516 2236 quod

391 763 547 794 ART.11.·
571 773 675 793 uranu
699 771 866 793 commi-10
891 771 960 792 ussa
983 771 1103 791 natzar
1127 770 1167 790 niz
1192 769 1352 790 olumnam

333 2246 405 2272 cato
429 2240 586 2281 originali.
611 2240 653 2270 Et
675 2239 749 2270 ideo
773 2239 813 2270 de
836 2249 876 2270 eo
899 2248 967 2270 non
990 2244 1037 2269 est
1060 2239 1220 2269 contritio.
1453 2239 1565 2269 debet:
1591 2245 1768 2275 excusatur,
1786 2245 1816 2269 et
1838 2245 1946 2270 tamen
1969 2245 2095 2270 tenetur
2119 2249 2193 2270 cum
2216 2241 2321 2280 primo
2345 2241 2471 2280 poterit.

387 2285 429 2316 Et
451 2285 594 2315 similiter
617 2283 792 2314 dicendum
814 2283 854 2314 ad
877 2283 1074 2314 secundum:
1103 2284 1179 2323 quia
1202 2284 1325 2314 aversio
1341 2293 1399 2313 vo·
1507 2284 1558 2313 An
1582 2294 1716 2314 mamm
1739 2294 1898 2314 memnon
1921 2283 2021 2323 quod,
2045 2285 2071 2314 si
2093 2285 2271 2324 ignorantia
2298 2285 2432 2315 omnino
2455 2285 2517 2314 tol-

331 2329 462 2360 luntatis
485 2334 532 2359 est
554 2329 608 2359 illa
631 2329 684 2359 cui
707 2328 841 2359 debetur
864 2328 1024 2358 contritio.
1452 2328 1531 2358 leret
1553 2328 1752 2359 voluntatem
1775 2328 1858 2358 male
1882 2327 2006 2367 agendi,
2027 2334 2199 2364 excusaret,
2217 2334 2248 2358 et
2263 2338 2330 2358 non
2346 2334 2427 2359 esset
2442 2339 2517 2369 pec-

1453 2378 1571 2403 catum.
1596 2372 1659 2403 Sed
1682 2372 1879 2412 quandoque
1894 2382 1962 2402 non
1977 2372 2116 2402 totaliter
2138 2373 2221 2403 tollit
2243 2373 2460 2403 voluntatem:
2486 2379 2518 2404 et

387 2417 498 2449 ART.·
505 2417 556 2447 111.
580 2426 685 2447 urium
707 2426 747 2446 ΒΕ
771 2426 850 2447 om
871 2426 1005 2449 Actium
1027 2426 1166 2446 necaro
1191 2425 1343 2447 comusso
1415 2431 1440 2450 50
1453 2422 1531 2447 tunc
1546 2427 1564 2447 a
1579 2422 1649 2447 toto
1673 2426 1741 2447 non
1765 2416 1903 2452 excusat,
1928 2416 1983 2446 sed
2003 2426 2020 2446 a
2034 2422 2134 2447 tanto.
2159 2417 2199 2447 Et
2222 2416 2296 2446 ideo
2321 2417 2360 2447 de
2382 2423 2515 2457 peccato

628 2471 648 2490 A
671 2470 761 2491 nonis
784 2471 943 2491 nummus
967 2470 1100 2491 commu
1452 2470 1510 2501 per
1532 2462 1744 2501 ignorantiam
1768 2461 1942 2491 commisso
1966 2460 2060 2491 debet
2083 2462 2183 2491 homo
2207 2462 2338 2491 conteri.

1507 2506 1558 2536 An
1583 2515 1731 2535 ommi-tm
1754 2515 1913 2535 mmmmm
1937 2505 2026 2545 quod
2046 2511 2120 2545 post
2135 2505 2360 2535 contritionem
2377 2505 2415 2536 de
2431 2515 2517 2536 mor-

1452 2550 1506 2580 tali
1529 2555 1635 2590 potest
1657 2559 1821 2580 remanere
1842 2550 1975 2585 veniale,
1992 2549 2048 2580 sed
2063 2559 2131 2579 non
2147 2555 2220 2589 post
2236 2551 2462 2580 contritionem
2477 2550 2517 2581 de

396 2604 418 2624 n
441 2604 576 2624 ‘marum
599 2604 644 2624 s1e
667 2603 872 2624 paocssnrrun.
895 2593 1030 2624 Videtur
1045 2593 1136 2634 quod
1150 2603 1219 2624 non
1242 2594 1282 2625 de
1305 2596 1394 2625 omni
1451 2595 1577 2625 veniali.
1605 2595 1647 2624 Et
1668 2593 1742 2624 ideo
1767 2593 1807 2624 de
1830 2594 2006 2624 venialibus
2030 2594 2125 2624 etiam
2149 2594 2242 2624 debet
2264 2603 2332 2624 esse
2355 2595 2515 2631 contritio,

333 2606 513 2669 Aactuali
535 2644 670 2678 peccato
699 2638 873 2668 commisso
897 2647 915 2667 a
937 2638 1031 2668 nobis
1060 2637 1234 2669 debeamus
1264 2640 1395 2670 conteri.
1412 2651 1434 2671 55
1452 2648 1492 2669 eo
1509 2638 1609 2677 modo
1634 2648 1700 2678 quo
1725 2644 1756 2668 et
1778 2638 1994 2678 poenitentia,
2018 2638 2100 2668 sicut
2122 2648 2217 2678 supra
2232 2640 2248 2656 ὕ
2273 2638 2394 2669 dictum
2415 2644 2471 2669 est.

332 2682 418 2721 Quia
440 2683 608 2713 contraria
632 2682 807 2712 contrariis
830 2687 990 2712 curantur
1003 2683 1030 2712 ³.
1055 2682 1118 2713 Sed
1141 2682 1299 2723 quaedam
1321 2693 1397 2723 pec-

333 2732 402 2758 cata
423 2737 481 2767 per
503 2728 660 2757 tristitiam
684 2727 946 2757 committuntur:
978 2727 1060 2757 sicut
1083 2727 1191 2757 acedia
1215 2733 1246 2757 et
1268 2727 1395 2759 invidia.
1580 2727 1680 2758 ART.
1705 2727 1757 2758 1V.
1781 2736 1886 2757 urmm
1908 2736 2002 2756 ΕτιΑΜ
2025 2736 2065 2756 nn
2089 2736 2231 2756 PECCATIS
2255 2736 2381 2756 Furnius

332 2771 418 2812 Ergo
442 2771 602 2802 medicina
631 2781 745 2802 eorum
768 2781 836 2801 non
859 2770 954 2801 debet
983 2780 1052 2801 esse
1079 2772 1219 2808 tristitia,
1244 2781 1327 2812 quae
1351 2778 1398 2803 est
1772 2781 1896 2801 amotus
1918 2781 2040 2801 DEBEAT
2063 2780 2197 2800 com-nm

333 2816 494 2852 contritio,
518 2815 574 2846 sed
596 2815 760 2856 gaudium.

389 2870 419 2891 2.
443 2861 646 2896 Proximam,
671 2861 821 2890 contritio
853 2865 899 2890 est
926 2865 1014 2890 actus
1037 2859 1226 2896 voluntatis,
1251 2861 1307 2900 qui
1330 2870 1397 2891 non
1411 2870 1438 2890 ⁶0
1516 2871 1536 2890 n
1554 2870 1701 2890 omarum
1718 2870 1763 2890 sm
1779 2869 1983 2890 PROCEDITUR.
2006 2858 2140 2889 Videtur
2157 2858 2246 2898 quod
2269 2859 2365 2888 etiarn
2384 2858 2423 2888 de
2439 2868 2515 2898 pec-

332 2910 524 2945 potestesse
539 2905 579 2935 de
596 2914 635 2935 eo
653 2904 743 2944 quod
766 2905 944 2944 cognitioni
959 2913 1027 2934 non
1043 2904 1194 2934 subiacet.
1219 2904 1282 2935 Sed
1300 2913 1398 2944 quae·
1454 2875 1594 2935 Acatis
1623 2904 1737 2935 futuris
1771 2904 1886 2944 aliquis
1916 2903 2029 2934 debeat
2064 2903 2195 2933 conteri.
2233 2902 2392 2932 Contritio
2429 2903 2514 2932 enim

333 2949 407 2980 dam
422 2954 553 2989 peccata
575 2954 650 2979 sunt
673 2958 755 2988 quae
779 2949 812 2978 in
836 2949 1022 2988 cognitione
1044 2958 1111 2978 non
1134 2948 1299 2985 habemus,
1316 2950 1398 2980 sicut
1453 2955 1499 2979 est
1522 2955 1611 2979 actus
1633 2949 1725 2979 liberi
1755 2948 1882 2978 arbitrii.
1916 2947 1979 2978 Sed
2002 2948 2137 2977 liberum
2166 2947 2329 2976 arbitrium
2358 2947 2458 2986 magis
2481 2956 2515 2977 se

333 2993 441 3024 oblita.
465 2994 551 3034 Ergo
576 2993 616 3023 de
639 2994 684 3023 eis
707 3003 775 3023 non
798 2998 904 3033 potest
927 3002 995 3023 esse
1019 2993 1179 3023 contritio.
1452 2993 1593 3023 extendit
1615 2992 1655 3023 ad
1678 2992 1784 3023 futura
1808 3002 1906 3032 quam
1927 2992 1966 3022 ad
1990 2992 2171 3031 praeterita:
2197 2992 2272 3031 quia
2291 2991 2415 3026 electi0‚
2433 3000 2515 3030 quae

390 3038 420 3068 3.
444 3038 646 3073 Puerum,
677 3047 735 3077 per
756 3037 969 3067 voluntariam
998 3037 1225 3067 contritionem
1253 3037 1399 3067 delentur
1452 3043 1499 3068 est
1522 3043 1610 3067 actus
1633 3037 1724 3067 liberi
1753 3037 1881 3072 arbitrii,
1906 3042 1953 3066 est
1976 3036 2015 3066 de
2040 3036 2298 3075 contingentibus
2323 3035 2453 3070 futuris,
2477 3040 2513 3065 ut

333 3082 386 3113 illa
415 3091 498 3122 quae
527 3092 585 3122 per
614 3082 814 3112 voluntatem
845 3082 1099 3112 committuntur.
1132 3081 1194 3111 Sed
1220 3082 1398 3121 ignorantia
1411 3089 1435 3115 ες
1452 3081 1567 3112 dicitur
1589 3081 1631 3111 III
1653 3081 1756 3111 Ethic.
1773 3081 1790 3097 ⁴*
1820 3081 1905 3120 Ergo
1936 3081 2085 3110 contritio
2113 3080 2212 3119 magis
2237 3085 2283 3109 est
2314 3079 2353 3109 de
2377 3080 2514 3119 peccatis

332 3126 550 3157 voluntarium
573 3126 674 3156 tollit:
699 3132 735 3156 ut
758 3131 844 3166 patet
864 3135 921 3166 per
944 3125 1188 3165 Philosophum,
1205 3125 1245 3155 111
1261 3125 1364 3156 Ethic.
1381 3127 1397 3142 ὕ
1451 3125 1565 3156 futuris
1589 3135 1687 3165 quam
1711 3125 1750 3155 de
1773 3125 1957 3165 praeteritis.

333 3170 419 3210 Ergo
443 3170 483 3201 de
505 3171 554 3201 his
585 3180 667 3211 quae
697 3180 754 3211 per
776 3171 989 3210 ignorantiam
1019 3169 1183 3205 accidunt,
1206 3178 1274 3199 non
1305 3169 1398 3200 debet
1508 3179 1537 3199 2.
1561 3170 1757 3205 Prummu,
1781 3175 1951 3209 peccatum
1973 3174 2157 3208 aggravatur
2178 3178 2215 3198 ex
2239 3167 2449 3207 consequenti
2470 3166 2515 3197 ef-

335 3223 403 3244 esse
427 3215 587 3245 contritio.
1451 3213 1548 3244 fectu.
1573 3213 1666 3244 Unde
1682 3214 1928 3254 Hieronymus*
1945 3213 2021 3243 dicit
2046 3213 2135 3252 quod
2151 3221 2255 3252 poena
2279 3212 2345 3241 Arii
2367 3211 2515 3241 nondum

389 3267 422 3296 4.
444 3258 640 3295 Panum,
656 3259 696 3290 de
711 3259 768 3290 illo
791 3264 924 3299 peccato
948 3269 1016 3289 non
1039 3258 1134 3289 debet
1157 3267 1224 3288 esse
1248 3259 1397 3288 contritio
1452 3264 1499 3288 est
1529 3259 1705 3293 terminata,
1729 3258 1805 3297 quia
1835 3257 1939 3288 adhuc
1963 3263 2011 3287 est
2032 3257 2183 3297 possibile
2213 3257 2337 3296 aliquos
2366 3265 2423 3296 per
2447 3256 2514 3285 eius

336 3301 426 3342 quod
448 3311 505 3342 per
527 3304 754 3334 contritionem
769 3313 836 3334 non
852 3303 983 3334 tollitur.
1008 3302 1071 3334 Sed
1087 3302 1244 3343 quaedam
1267 3308 1399 3342 peccata
1412 3314 1438 3335 70
1451 3303 1607 3333 haeresim
1629 3311 1732 3332 ruere.
1756 3302 1797 3332 Et
1820 3302 1963 3332 similiter
1985 3307 2033 3332 est
2055 3301 2094 3331 de
2117 3301 2172 3331 illo
2197 3301 2253 3340 qui
2276 3300 2433 3330 iudicatur
2455 3300 2515 3329 ho-

334 3355 404 3377 non
419 3346 576 3377 tolluntur
589 3357 647 3387 per
661 3348 905 3379 contritionem:
930 3348 1012 3378 sicut
1030 3347 1174 3383 venialia,
1191 3356 1274 3386 quae
1294 3346 1397 3377 adhuc
1451 3346 1569 3377 micida
1600 3347 1626 3376 si
1655 3346 1788 3376 letaliter
1817 3346 1988 3385 percussit,
2020 3346 2115 3376 etiam
2146 3351 2318 3384 antequam
2347 3353 2515 3384 percussus

334 3395 410 3430 post
432 3391 631 3421 contritionis
653 3392 785 3431 gratiam
808 3397 948 3422 manent.
979 3392 1065 3431 Ergo
1093 3401 1161 3422 non
1185 3391 1224 3421 de
1247 3391 1398 3422 omnibus
1451 3391 1615 3421 moriatur.
1639 3389 1702 3420 Sed
1717 3391 1750 3420 in
1766 3390 1822 3420 illo
1838 3389 2027 3420 intermedio
2052 3389 2146 3420 debet
2169 3394 2318 3429 peccator
2337 3388 2459 3418 conteri
2475 3387 2514 3417 de

335 3435 474 3474 peccatis
497 3435 673 3474 praeteritis
694 3435 789 3466 debet
812 3445 880 3467 esse
903 3437 1064 3467 contritio.
1451 3440 1596 3475 peccato.
1627 3435 1712 3474 Ergo
1736 3444 1803 3464 non
1827 3434 1934 3464 solum
1957 3433 2135 3464 secundum
2159 3433 2248 3473 quod
2271 3433 2366 3462 habet
2389 3432 2515 3472 quanti-

392 3478 455 3509 San
485 3488 624 3515 coum,
652 3480 849 3519 poenitentia
878 3485 925 3511 est
956 3480 1115 3511 medicina
1148 3485 1259 3510 contra
1290 3480 1398 3510 omnia
1452 3485 1549 3509 tatem
1566 3489 1604 3509 ex
1619 3479 1789 3518 praeterito
1813 3484 1896 3514 actu,
1913 3477 1969 3508 sed
1992 3479 2087 3508 etiam
2111 3477 2288 3508 secundum
2312 3476 2401 3516 quod
2420 3476 2516 3506 habet

336 3528 467 3563 peccata
489 3523 633 3553 actualia.
658 3523 720 3554 Sed
743 3524 940 3563 poenitentia
962 3533 1030 3555 non
1055 3530 1101 3555 est
1117 3524 1300 3564 aliquorum
1317 3533 1398 3564 quo·
1412 3535 1435 3555 75
1452 3524 1662 3563 quantitatem
1685 3533 1723 3553 ex
1746 3522 1865 3553 futuro.
1897 3522 1938 3552 Et
1960 3523 2005 3552 sic
2029 3522 2177 3552 contritio
2206 3521 2333 3561 respicit
2360 3520 2512 3550 futurum.

464 2522 524 2543 Part.
539 2521 579 2547 111,
594 2527 634 2549 qu.
648 2527 750 2548 uxxvn,
764 2525 807 2543 ιη.
823 2527 850 2546 ¹;
865 2521 901 2542 De
913 2520 988 2548 Malo,
1004 2527 1043 2549 qu.
1058 2527 1098 2547 vu,
1112 2525 1155 2543 nrt.
1169 2527 1190 2549 3,
1204 2521 1233 2543 ad
1247 2528 1267 2551 3.

2552 436 2562 446 ‘
2576 435 2608 456 1v
2620 435 2693 462 δοιιἸ
2710 436 2764 458 dist.

2551 467 2610 487 xvn,
2620 467 2660 489 qu.
2670 468 2685 488 ι,
2694 467 2737 484 art.
2747 469 2759 491 3

2551 488 2596 515 ‘³¹¹⁸
2609 495 2632 514 4·

2551 830 2562 841 ·
2575 830 2625 851 Art.
2636 835 2657 856 2,
2673 830 2699 851 ad
2718 837 2735 852 ι.

2544 2546 2554 2555 ·
2569 2544 2601 2566 IV
2612 2545 2685 2572 Sent„
2702 2545 2753 2567 dist.

2543 2577 2590 2645 '3132‘
2599 2577 2641 2619 {³2
2647 2576 2754 2620 ¹¹c‘f.³1‘›¹;r²1:

2543 2624 2585 2673 ξπῐῖ,
2594 2630 2632 2673 qu.
2646 2631 2754 2652 rxxxvu,

2543 3086 2552 3096 ·
2571 3085 2628 3112 Cap.
2644 3091 2667 3111 ιι,
2688 3092 2710 3106 n.
2727 3091 2753 3113 9:

2542 3117 2681 3160 ἓῗὲᾑίῗῑεὲε.
2691 3118 2752 3164 ὗῗῑῐ.

2542 3219 2552 3228 ·
2571 3217 2607 3239 Cf.
2629 3217 2709 3242 Basih,
2725 3216 2755 3238 de

2542 3243 2611 3299 ³²53}
2627 3243 2736 3271 Virginit.
2744 3259 2752 3269 ‚
