2878 4088
176 506 187 516 “
201 504 258 532 Cap.
274 510 303 526 ιν.

176 642 184 650 “
194 638 229 660 Cf.
239 638 322 666 Vix-gil.
330 639 386 660 Aen.

176 665 215 687 lib.
227 665 266 691 Vl,
277 671 336 687 vers.
349 671 388 694 32⁵

176 697 227 719 sqq.

176 1127 186 1137 ·
212 1124 246 1147 Cf.
272 1131 318 1153 arg.
340 1125 388 1146 Sed

177 1154 261 1174 contra
277 1157 296 1173 2.

175 1917 184 1927 ·
195 1915 251 1943 Cap.
270 1921 332 1941 xum
348 1915 384 1937 De

174 1942 238 1964 Cura
272 1948 300 1964 ro
314 1944 383 1963 mort.

173 1975 234 2017 ἔδεε
253 1975 381 2023 asp-⁶:¹3:

172 2028 240 2048 xxn¹;
257 2028 305 2049 cap.
323 2028 381 2049 xxv,

172 2055 231 2070 vers.
243 2055 265 2076 9,
278 2055 313 2074 no:
331 2055 381 2076 cap.

172 2081 238 2101 χιιι,
268 2081 327 2097 vers.
355 2081 382 2103 ²9

171 2108 231 2130 sqq.;
240 2108 288 2130 cap.
295 2108 316 2129 1.,
323 2107 381 2123 vers.

170 2134 232 2177 Ξ4ὲῇ
255 2155 315 2177 pm.
337 2154 380 2182 111,

171 2187 209 2209 qu.
224 2187 276 2209 ur,
291 2185 332 2208 art,
349 2189 367 2203 1.

173 2210 183 2219 ·
197 2209 262 2230 vers.
279 2214 314 2236 ²9-

171 2451 180 2460 ·
198 2449 254 2476 Cap.
276 2456 328 2475 xm:
348 2450 382 2471 De

172 2476 236 2498 Cura
252 2482 299 2504 pro
312 2478 379 2498 mort.

171 2503 268 2531 agrena„
282 2509 332 2530 cap.
347 2509 380 2525 ιιι.

173 2847 182 2857 ·
197 2845 255 2874 Cap.
270 2852 301 2868 ιν.

171 2976 182 2986 ¹
197 2974 222 2997 ln
237 2981 341 3004 corpore.

420 199 490 236 158
899 217 901 219 ·
1081 202 1345 249 QUAESTIO
1374 201 1514 248 LXXI,
1534 201 1834 239 ARTICULUS
1863 202 1929 238 XII

414 278 583 309 adstruitur
598 280 836 310 resurrectionis
852 279 940 310 fides.
953 298 974 302 -
987 280 1050 311 Sed
1065 281 1200 312 mortuis
1212 287 1347 322 prosunt
1364 280 1403 311 ad
1418 281 1481 311 hoc
1536 281 1681 320 quamvis
1704 290 1763 320 pro
1788 281 1833 311 eis
1857 280 1988 311 candela
2011 291 2079 312 non
2103 282 2303 313 accendatur.
2328 283 2424 323 Ergo,
2442 293 2517 315 cum
2537 284 2602 315 suf÷

415 323 504 364 quod
527 324 731 364 inspicientes
761 324 906 364 sepulcra
936 326 1126 356 memoriam
1153 326 1289 356 retinent
1313 325 1481 356 defuncto·
1535 324 1633 365 fragia
1655 325 1717 355 sint
1741 324 1899 365 quaedam
1922 325 2094 365 spiritualia
2121 326 2252 363 lumina,
2278 329 2423 367 quamvis
2450 338 2509 369 pro
2533 339 2601 359 uno

415 378 496 404 rum,
515 373 546 398 et
561 377 621 408 pro
646 367 803 399 defunctis
828 374 928 399 orant.
953 369 1046 401 Unde
1070 375 1101 400 et
1124 375 1364 400 monumentum
1380 379 1398 399 a
1413 378 1481 399 me-
1537 369 1714 409 specialiter
1729 368 1817 405 fiant,
1830 379 1897 400 non
1914 370 2014 410 magis
2031 370 2138 400 valent
2154 371 2183 400 ei
2200 380 2298 411 quam
2313 372 2381 402 aliis
2398 374 2603 404 existentibus

415 413 517 443 moria
539 422 661 443 nomen
685 413 825 453 accepit:
858 412 973 444 dicitur
1003 414 1088 444 enim
1117 419 1366 444 monumentum
1391 414 1481 453 quasi
1537 414 1570 444 in
1593 414 1790 453 purgatorio.

415 466 549 488 monens
574 462 719 493 mentem,
744 463 780 488 ut
803 457 879 488 dicit
902 458 1110 498 Augustinus,
1134 459 1167 488 in
1184 458 1196 488 Ι
1213 458 1251 488 de
1269 458 1336 488 Civ.
1354 458 1425 493 Dei,
1451 463 1482 487 et
1504 467 1513 487 ς
1595 467 1623 487 2.
1648 457 1845 493 Proin-ranna,
1869 458 1951 488 sicut
1975 458 2008 488 in
2031 458 2134 488 littera
2150 459 2166 474 ⁴·
2190 458 2314 494 dicitur,
2339 461 2518 492 secundum
2541 463 2604 492 hoc

415 502 448 531 in
464 501 544 531 libro
561 501 600 532 de
619 501 708 532 Cura
718 512 783 542 pro
807 502 944 532 mortuis
967 502 1095 543 agenda
1107 504 1133 532 *ἃ
1157 503 1358 542 Paganorum
1374 507 1482 532 tamen
1537 501 1684 541 suffragia
1707 502 1843 532 mortuis
1865 507 2011 542 prosunt,
2036 502 2121 542 quia,
2138 502 2214 532 dum
2238 503 2382 534 viverent
2402 505 2470 540 hic,
2486 506 2547 536 sibi
2571 512 2606 536 ut

417 555 503 576 error
533 545 593 576 fuit
622 546 710 586 quod
733 546 774 577 ad
795 547 859 576 hoc
883 546 1044 587 sepultura
1068 552 1198 577 mortuo
1227 547 1327 586 prosit
1355 551 1391 576 ut
1414 547 1482 576 eius
1530 551 1647 586 postea
1663 551 1799 586 possent
1815 546 1973 586 prodesse
1995 551 2192 576 meruerunt.
2218 546 2281 577 Sed
2305 548 2402 588 aliqui
2421 550 2522 589 magis
2537 560 2604 580 me-

416 591 521 620 anima
545 591 687 631 quietem
711 591 860 631 accipiat:
885 600 953 621 non
970 591 1055 621 enim
1072 590 1242 621 credebant
1258 591 1379 620 animas
1394 590 1482 630 prius
1537 595 1669 620 ruerunt
1692 596 1728 621 ut
1751 589 1898 631 suffragia
1921 590 1980 620 sibi
2003 590 2192 631 prodessent
2215 600 2312 631 quam
2335 592 2380 622 illi
2403 602 2463 633 pro
2487 595 2605 634 quibus

417 635 558 675 quietem
582 644 677 675 posse
698 636 842 675 accipere
858 644 955 675 quam
973 644 1090 675 corpus
1111 635 1292 675 sepulturae
1313 634 1439 665 daretur
1454 635 1481 663 ’ἦ
1537 633 1628 665 fiunt.
1668 635 1753 675 Ergo
1789 636 1833 665 eis
1867 635 1967 675 magis
2001 640 2157 675 prosunt:
2198 635 2272 665 alias
2307 645 2420 667 eorum
2454 639 2604 669 meritum

416 678 516 717 Quod
540 680 675 709 omnino
699 678 869 710 ridiculum
893 684 940 709 est
964 684 995 709 et
1018 679 1200 710 absurdum.
1498 688 1523 703 ¹⁰
1537 678 1746 710 frustraretur.
2160 692 2162 694 >

471 723 535 754 Sed
565 722 654 764 quod
683 723 816 754 ulterius
846 723 1008 763 sepultura
1035 724 1067 754 in
1095 724 1169 754 loco
1201 728 1321 753 sacrato
1352 728 1482 753 mortuo
1594 723 1623 753 3.
1647 723 1852 759 Puerum,
1877 733 1936 764 pro
1964 724 2160 764 pauperibus
2186 733 2254 754 non
2281 723 2364 754 fiunt
2386 731 2435 756 tot
2458 726 2605 767 suffragia

416 767 556 808 prodest,
573 777 641 798 non
662 767 793 808 quidem
817 773 864 798 est
880 777 917 798 ex
933 768 1004 807 ipso
1029 777 1127 808 opere
1151 773 1294 808 operato,
1312 767 1367 798 sed
1383 767 1482 807 magis
1536 767 1618 798 sicut
1641 777 1700 808 pro
1725 767 1883 798 divitibus.
1916 768 1949 799 Si
1973 777 2049 808 ergo
2077 767 2225 808 suffragia
2252 767 2334 798 facta
2361 779 2421 809 pro
2445 770 2604 811 aliquibus

417 821 455 842 ex
483 821 581 852 opere
611 817 781 852 operante:
813 811 891 842 dum
921 812 1041 842 scilicet
1063 813 1113 843 vel
1137 813 1205 852 ipse
1233 811 1402 842 defunctus
1431 812 1482 842 vel
1537 813 1581 842 eis
1604 813 1705 853 magis
1729 822 1827 852 quam
1851 812 1918 843 aliis
1941 812 2096 848 valerent,
2120 822 2277 852 pauperes
2305 819 2410 844 essent
2441 814 2604 846 deterioris

417 856 506 892 alius,
531 866 649 896 corpus
672 856 823 886 tumulari
839 857 872 886 in
888 856 963 886 loco
987 866 1076 887 sacro
1100 856 1285 896 disponens,
1302 856 1481 896 patrocinio
1537 856 1741 887 conditionis
1762 856 1862 894 Quod
1878 862 1925 887 est
1941 862 2051 887 contra
2067 858 2258 887 sententiam
2274 857 2417 895 Domini,
2434 859 2514 890 Luc.
2526 869 2559 890 vr
2570 861 2602 890 ἐ

417 900 550 930 alicuius
569 901 668 930 sancti
685 909 761 930 eum
785 900 967 936 committit,
985 901 1076 931 cuius
1098 901 1246 940 precibus
1263 909 1320 940 per
1335 901 1399 930 hoc
1416 909 1482 930 cre·
1498 909 1520 929 ¹5
1535 901 1631 931 Beati
1646 910 1826 941 pauperes,
1850 901 2005 942 quoniam
2029 906 2168 932 vestrum
2192 906 2239 932 est
2262 911 2400 943 regnum
2423 903 2495 934 Dei.

417 944 539 974 dendus
564 949 610 974 est
634 943 791 980 adiuvari;
817 949 848 973 et
871 944 966 974 etiam
989 945 1169 984 patrocinio
1194 954 1307 974 eorum
1332 945 1387 984 qui
1407 944 1481 974 loco
1591 944 1654 975 SED
1683 955 1821 981 CONTRA,
1845 946 1964 976 iustitia
1990 946 2131 976 humana
2155 946 2352 986 exemplatur
2375 957 2393 977 a
2416 948 2535 978 iustitia
2558 948 2604 979 di-

416 997 505 1018 sacro
530 988 728 1023 deserviunt,
753 988 809 1027 qui
832 997 891 1027 pro
915 988 1079 1018 tumulatis
1110 987 1196 1027 apud
1226 998 1259 1018 se
1283 987 1482 1028 frequentius
1535 989 1618 1019 vina.
1644 989 1707 1019 Sed
1729 990 1847 1019 iustitia
1870 990 2027 1026 humana,
2052 991 2077 1020 si
2101 990 2215 1030 aliquis
2244 989 2387 1021 debitum
2411 1001 2470 1032 pro
2494 992 2603 1033 aliquo

416 1037 447 1062 et
470 1032 637 1071 specialius
661 1036 761 1061 orant.
1535 1033 1646 1068 solvit,
1671 1043 1747 1063 eum
1770 1034 1876 1064 solum
1900 1034 2044 1064 absolvit.
2075 1034 2178 1074 Ergo,
2203 1044 2278 1065 cum
2301 1035 2354 1066 ille
2378 1037 2435 1076 qui
2457 1036 2604 1078 suffragia

470 1075 532 1106 Sed
555 1075 608 1105 illa
631 1084 713 1114 quae
738 1074 777 1104 ad
801 1080 950 1105 ornatum
973 1075 1155 1116 sepulturae
1183 1075 1382 1110 adhibentur,
1406 1084 1481 1115 pro·
1536 1075 1610 1106 facit
1634 1077 1879 1116 quodammodo
1903 1078 2005 1108 solvat
2029 1078 2172 1108 debitum
2198 1079 2266 1109 eius
2290 1088 2349 1118 pro
2374 1089 2441 1120 quo
2465 1080 2549 1118 facit,
2574 1083 2604 1112 ei

414 1125 488 1150 sunt
512 1118 643 1159 quidem
666 1119 755 1154 vivis,
772 1119 965 1158 inquantum
984 1124 1058 1149 sunt
1074 1119 1221 1149 vivorum
1237 1119 1355 1148 solatia
1368 1120 1400 1148 *z
1425 1118 1481 1149 sed
1495 1127 1522 1142 ²⁰
1535 1120 1596 1150 soli
1618 1120 1769 1160 proderit.

413 1168 549 1204 possunt
573 1164 667 1193 etiam
691 1162 849 1192 defunctis
872 1162 1034 1202 prodesse,
1052 1172 1120 1193 non
1144 1162 1275 1203 quidem
1291 1172 1349 1202 per
1364 1172 1407 1198 se,
1425 1162 1481 1192 sed
1593 1173 1621 1194 2.
1634 1164 1831 1201 Parim-unm,
1844 1165 1927 1195 sicut
1942 1166 2043 1196 homo
2060 1165 2179 1196 faciens
2195 1166 2342 1208 suffragia
2358 1168 2602 1208 quodammodo

413 1217 471 1248 per
495 1206 660 1243 accidens;
685 1207 878 1246 inquantum
902 1207 1022 1237 scilicet
1044 1216 1101 1247 per
1123 1206 1310 1237 huiusmodi
1332 1207 1480 1237 homines
1535 1207 1765 1248 satisfacit-pro
1789 1214 1930 1245 mortuo,
1947 1209 1989 1239 ita
2013 1210 2109 1239 etiam
2132 1210 2294 1241 interdum
2318 1211 2432 1252 aliquis
2453 1222 2512 1253 pro
2528 1215 2602 1245 vivo

415 1252 589 1282 excitantur
613 1250 651 1281 ad
676 1250 948 1290 compatiendum,
973 1256 1003 1282 et
1025 1260 1082 1291 per
1105 1260 1308 1291 consequens
1331 1250 1371 1281 ad
1387 1260 1479 1281 oran-
1534 1251 1712 1282 satisfacere
1735 1253 1883 1294 potest-³⁶.
1909 1252 1972 1283 Sed
1988 1253 2119 1293 quando
2143 1254 2258 1294 aliquis
2277 1255 2426 1286 satisfacit
2440 1266 2501 1296 pro
2516 1259 2601 1295 vivo,
2630 1268 2642 1280 ·

414 1296 508 1332 dum;
533 1296 582 1326 vel
599 1296 791 1335 inquantum
808 1305 846 1325 ex
862 1295 1042 1336 sumptibus
1059 1295 1241 1336 sepulturae
1257 1295 1307 1325 vel
1323 1304 1480 1335 pauperes
1534 1295 1706 1326 satisfactio
1730 1296 1784 1327 illa
1806 1306 1874 1327 non
1898 1302 2105 1338 computatur
2127 1298 2188 1328 nisi
2210 1298 2255 1329 illi
2279 1308 2339 1339 pro
2361 1309 2428 1340 quo
2447 1300 2529 1332 facta
2545 1308 2602 1334 est.

413 1340 553 1371 fructum
570 1341 710 1380 capiunt,
727 1339 777 1369 vel
794 1339 927 1370 ecclesia
943 1339 1127 1376 decoratur;
1152 1340 1197 1370 sic
1214 1339 1301 1370 enim
1317 1340 1480 1380 sepultura
1494 1347 1517 1367 ²5
1534 1340 1620 1381 Ergo
1645 1346 1676 1371 et
1699 1340 1846 1381 suffragia
1869 1340 1988 1372 faciens
2012 1342 2041 1372 ei
2064 1342 2125 1372 soli
2147 1342 2279 1382 prodest
2298 1353 2358 1384 pro
2382 1353 2449 1384 quo
2473 1345 2557 1376 facit.

413 1385 494 1415 inter
517 1389 635 1414 ceteras
659 1383 878 1424 eleemosynas
902 1389 1117 1424 computatur.
1589 1385 1779 1415 stponnno
1803 1395 1963 1416 mmmmm
1980 1385 2070 1426 quod
2087 1387 2170 1417 circa
2185 1387 2248 1418 hoc
2265 1387 2326 1418 fuit
2342 1387 2461 1429 duplex
2477 1391 2601 1431 opinio.

467 1429 518 1459 An
542 1437 658 1458 numm
681 1437 764 1457 anno
788 1437 947 1458 mcnnntm
971 1427 1062 1468 quod
1085 1428 1195 1458 oleum
1219 1434 1250 1458 et
1274 1437 1345 1458 cera
1369 1427 1408 1458 ad
1431 1437 1480 1458 se-
1534 1429 1675 1467 Quidam
1700 1430 1796 1466 enim,
1813 1435 1849 1460 ut
1867 1430 2106 1470 Praepositinus
2122 1432 2148 1468 ’ζ
2173 1430 2320 1463 dixerunt
2343 1432 2433 1473 quod
2456 1434 2603 1476 suffragia
2632 1443 2643 1454 '

412 1473 523 1513 pulcra
539 1471 764 1502 defunctorum
781 1472 904 1512 prolata
919 1481 977 1512 per
993 1471 1140 1503 accidens
1156 1471 1310 1503 defuncto
1326 1477 1477 1512 prosunt:
1533 1483 1593 1514 pro
1610 1483 1678 1504 uno
1699 1474 1808 1514 aliquo
1832 1473 1915 1505 facta
1937 1484 2005 1505 non
2028 1475 2129 1516 magis
2152 1482 2288 1516 prosunt
2304 1477 2334 1507 ei
2348 1487 2409 1518 pro
2426 1487 2493 1518 quo
2509 1478 2602 1516 fiunt,

412 1517 461 1547 vel
478 1518 669 1556 inquantum
687 1516 839 1547 ecclesiae
856 1515 1043 1553 offeruntur,
1056 1517 1123 1547 sive
1139 1517 1334 1557 pauperibus
1350 1516 1478 1553 dantur;
1534 1517 1590 1549 sed
1614 1519 1658 1548 eis
1682 1519 1738 1558 qui
1762 1524 1836 1549 sunt
1859 1519 1959 1559 magis
1983 1518 2080 1560 digni.
2105 1519 2146 1550 Et
2168 1521 2333 1560 ponebant
2357 1523 2542 1563 exemplum
2562 1524 2603 1555 de

412 1561 461 1591 vel
484 1562 677 1601 inquantum
700 1560 886 1591 huiusmodi
906 1561 939 1590 in
956 1561 1016 1591 Dei
1040 1561 1250 1591 reverentiam
1273 1560 1365 1591 fiunt.
1386 1560 1480 1592 Unde
1494 1567 1520 1588 ³⁰
1534 1562 1666 1593 candela
1682 1572 1765 1603 quae
1782 1562 1966 1594 accenditur
1980 1573 2040 1604 pro
2057 1564 2167 1604 aliquo
2188 1564 2295 1601 divite,
2313 1575 2396 1607 quae
2411 1576 2480 1598 non
2495 1569 2603 1600 minus

412 1611 443 1636 et
473 1605 576 1635 verbis
606 1605 786 1645 praemissis
817 1605 1041 1645 subiungitur:
1082 1604 1196 1636 Oleum
1227 1605 1312 1635 enim
1344 1610 1375 1636 et
1404 1615 1479 1637 cera
1533 1606 1664 1647 prodest
1687 1608 1732 1638 eis
1756 1608 1812 1647 qui
1835 1617 1910 1638 cum
1934 1608 2006 1648 ipso
2034 1614 2109 1639 sunt
2133 1610 2314 1650 quamipsi
2339 1609 2445 1647 diviti,
2465 1618 2497 1642 et
2519 1611 2603 1644 forte

411 1650 643 1680 holocaustum.
1533 1652 1651 1692 magis,
1675 1652 1702 1682 si
1724 1652 1843 1682 habent
1873 1652 1987 1683 oculos
2018 1652 2182 1684 clariores:
2216 1659 2247 1684 et
2270 1655 2366 1685 etiam
2390 1655 2430 1686 de
2452 1655 2602 1695 lectione,

466 1694 516 1723 An
540 1703 702 1724 sncunmm
726 1703 886 1723 mensuum
910 1693 999 1733 quod
1022 1693 1096 1724 ideo
1120 1694 1219 1724 sancti
1235 1694 1342 1724 Panes
1359 1694 1398 1725 de
1414 1695 1479 1725 suis
1534 1705 1617 1736 quae
1646 1705 1714 1726 non
1743 1697 1843 1736 magis
1870 1696 2002 1737 prodest
2024 1697 2054 1727 ei
2076 1707 2135 1738 pro
2165 1707 2232 1738 quo
2262 1699 2377 1739 legitur
2407 1709 2505 1741 quam
2534 1702 2603 1733 aliis

411 1738 599 1778 corporibus
622 1737 818 1768 tumulandis
843 1743 1043 1774 curaverunt,
1061 1744 1097 1769 ut
1112 1738 1318 1769 ostenderent
1338 1748 1479 1780 corpora
1534 1741 1591 1781 qui
1613 1740 1710 1771 simul
1734 1750 1809 1771 cum
1833 1750 1873 1771 eo
1898 1740 2042 1778 audiunt,
2059 1741 2115 1772 sed
2138 1741 2220 1774 forte
2236 1743 2304 1774 aliis
2327 1745 2439 1784 magis,
2456 1746 2513 1785 qui
2528 1752 2603 1777 sunt

411 1787 614 1812 mortuorum
644 1782 688 1812 ad
717 1782 780 1812 Dei
804 1782 1046 1822 providentiam
1071 1782 1261 1823 pertinere:
1295 1793 1361 1814 non
1393 1784 1480 1825 quod
1494 1790 1516 1810 ³5
1533 1795 1629 1815 sensu
1652 1785 1844 1825 capaciores.
1867 1803 1888 1808 -
1913 1785 1955 1816 Et
1977 1787 2003 1816 si
2027 1786 2072 1816 eis
2096 1786 2287 1818 obiiceretur
2310 1788 2401 1828 quod
2423 1789 2602 1822 secundum

411 1827 545 1857 mortuis
561 1826 751 1866 corporibus
773 1827 891 1867 aliquis
914 1836 1026 1858 sensus
1050 1827 1135 1862 insit,
1152 1827 1208 1858 sed
1224 1833 1363 1868 propter
1374 1828 1478 1870 fidem
1532 1830 1596 1860 hoc
1621 1829 1779 1860 ordinatio
1811 1830 1973 1861 Ecclesiae
2004 1835 2086 1861 esset
2114 1841 2212 1867 vana,
2237 1841 2320 1872 quae
2350 1842 2411 1873 pro
2441 1833 2602 1875 aliquibus

411 1871 657 1901 resurrectionis
680 1871 934 1909 adstruendam,·
956 1877 992 1902 ut
1015 1877 1101 1912 patet
1124 1881 1182 1912 per
1199 1871 1428 1912 Augustinum,
1444 1874 1478 1904 in
1533 1874 1710 1914 specialiter
1734 1875 1898 1905 orationes
1917 1875 2068 1905 instituit:
2094 1874 2242 1906 dicebant
2265 1876 2356 1917 quod
2378 1877 2442 1908 hoc
2457 1878 2603 1910 Ecclesia

411 1915 423 1945 1
439 1915 478 1945 de
497 1915 564 1945 Civ.
577 1915 640 1945 Dei
655 1916 681 1945 ’ἢ
700 1915 793 1946 Unde
811 1916 906 1946 etiam
922 1916 1095 1946 voluerunt
1110 1917 1143 1946 in
1158 1921 1240 1946 terra
1256 1917 1478 1956 promissionis
1532 1917 1607 1949 fecit
1623 1918 1663 1949 ad
1680 1918 1878 1949 excitandam
1902 1918 2110 1949 devotionem
2134 1918 2288 1957 fidelium,
2306 1922 2362 1962 qui
2385 1924 2601 1964 promptiores

410 1960 534 2000 sepeliri
546 1961 572 1995 ξ
586 1960 641 1990 ubi
658 1959 828 1990 credebant
840 1959 1004 1990 Christum
1020 1961 1217 1991 nasciturum
1230 1966 1261 1991 et
1272 1962 1476 1998 moriturum,
1532 1968 1606 1993 sunt
1630 1962 1670 1993 ad
1693 1962 1838 1993 facienda
1866 1963 2014 2003 specialia
2044 1963 2191 2004 suffragia
2223 1974 2320 2005 quam
2349 1968 2545 2004 communia,
2570 1974 2602 1998 et

410 2005 500 2034 cuius
524 2005 712 2034 resurrectio
736 2010 863 2034 nostrae
887 2005 1126 2035 resurrectionis
1150 2010 1197 2035 est
1221 2015 1315 2035 causa
1331 2006 1357 2035 *ἦ
1491 2017 1517 2036 40
1532 2006 1704 2038 ferventius
1739 2008 1834 2037 etiam
1864 2017 1923 2047 pro
1959 2008 2023 2038 suis
2056 2009 2247 2049 propinquis
2282 2015 2374 2040 orant
2408 2020 2506 2051 quam
2540 2021 2600 2053 pro

464 2049 514 2078 An
538 2058 673 2079 mnrium
696 2058 856 2079 mensuum
873 2048 972 2089 quod,
990 2050 1066 2089 quia
1090 2058 1163 2080 caro
1188 2054 1234 2080 est
1257 2059 1329 2090 pars
1345 2056 1476 2081 naturae
1531 2052 1695 2082 extraneis.

408 2093 564 2129 hominis,
588 2093 772 2123 naturaliter
795 2094 896 2123 homo
921 2093 961 2123 ad
985 2103 1113 2124 carnem
1136 2103 1227 2124 suam
1251 2093 1402 2125 afficitur:
1428 2105 1476 2126 se—
1585 2096 1650 2126 Alii
1673 2105 1691 2126 e
1715 2101 1826 2126 contra
1850 2095 1997 2127 dixerunt
2021 2096 2110 2136 quod
2133 2096 2281 2138 suffragia
2304 2099 2405 2138 magis
2427 2099 2534 2131 valent
2554 2100 2600 2131 eis

409 2137 551 2168 cundum
574 2137 654 2168 illud
676 2137 791 2178 Ephes.
816 2148 836 2167 v
852 2139 884 2168 *t
917 2138 1019 2168 Nemo
1049 2147 1181 2169 carnem
1209 2148 1302 2169 suam
1334 2148 1475 2180 unquam
1530 2149 1589 2181 pro
1613 2141 1730 2181 quibus
1753 2139 1845 2171 fiunt.

410 2181 483 2212 odio
506 2182 626 2212 habuit.
659 2181 753 2212 Unde
783 2181 962 2213 secundum
992 2183 1089 2213 istum
1119 2183 1298 2214 naturalem
1326 2182 1476 2214 affectum
1586 2185 1729 2225 Utraque
1753 2190 1860 2216 autem
1885 2186 1997 2225 opinio
2021 2185 2200 2217 secundum
2224 2187 2345 2227 aliquid
2363 2188 2528 2220 veritatem
2543 2189 2599 2220 ha-

408 2227 489 2256 inest
504 2227 623 2257 viventi
647 2225 805 2266 quaedam
828 2226 1011 2257 sollicitudo
1036 2226 1114 2267 quid
1136 2228 1231 2258 etiam
1247 2233 1322 2268 post
1337 2234 1476 2259 mortem
1490 2238 1514 2258 ⁴5
1530 2230 1594 2260 bet.
1618 2229 1717 2260 Valor
1740 2230 1827 2260 enim
1851 2229 2075 2270 suffragiorum
2099 2231 2225 2271 pensari
2248 2237 2355 2271 potest
2371 2241 2409 2262 ex
2425 2232 2554 2264 duobus
2569 2235 2596 2264 ⁹.

409 2270 448 2301 de
461 2271 528 2301 eius
545 2279 681 2311 corpore
697 2271 736 2300 sit
751 2270 911 2307 futurum;
925 2270 1113 2312 doleretque
1129 2272 1155 2301 si
1171 2271 1292 2312 aliquid
1307 2271 1475 2313 indignum
1530 2274 1646 2304 Valent
1677 2275 1764 2304 enim
1795 2283 1863 2304 uno
1893 2273 1994 2304 modo
2023 2284 2061 2305 ex
2089 2275 2204 2306 virtute
2235 2276 2387 2312 caritatis,
2411 2285 2495 2317 quae
2524 2277 2599 2309 facit

409 2324 467 2345 suo
485 2315 613 2355 corpori
636 2316 763 2345 evenire
786 2316 1002 2355 praesentiret.
1027 2315 1068 2346 Et
1083 2315 1157 2346 ideo
1175 2316 1220 2346 illi
1237 2317 1294 2356 qui
1308 2317 1475 2348 hominem
1531 2319 1640 2349 omnia
1664 2318 1749 2349 bona
1773 2319 1970 2349 communia.
2002 2318 2043 2349 Et
2066 2319 2245 2350 secundum
2274 2321 2338 2351 hoc
2369 2322 2471 2361 magis
2493 2322 2599 2354 valent

409 2359 552 2399 diligunt,
571 2369 608 2390 ex
626 2360 690 2389 hoc
707 2359 797 2400 quod
821 2358 948 2390 affectui
972 2360 1040 2390 eius
1065 2370 1163 2401 quem
1187 2359 1323 2400 diligunt
1346 2361 1475 2392 confor-
1531 2363 1560 2394 ei
1583 2364 1640 2403 qui
1663 2363 1763 2403 magis
1787 2363 1914 2393 caritate
1938 2368 1985 2393 est
2007 2363 2133 2403 plenus,
2157 2365 2304 2404 quamvis
2329 2374 2389 2405 pro
2413 2375 2454 2396 eo
2477 2367 2599 2406 specia-

408 2409 544 2440 mantur,
561 2405 643 2434 circa
667 2405 735 2434 eius
758 2413 886 2434 carnem
911 2414 1020 2434 curam
1044 2405 1248 2435 humanitatis
1272 2405 1474 2446 impendunt.
1529 2407 1600 2438 liter
1623 2416 1691 2438 non
1714 2406 1802 2438 fiant.
1826 2407 1868 2437 Et
1883 2407 1927 2437 sic
1943 2407 2032 2438 valor
2055 2407 2279 2449 suffragiorum
2303 2409 2475 2440 attenditur
2497 2411 2598 2451 magis

408 2448 451 2479 Ut
474 2449 559 2478 enim
583 2448 659 2478 dicit
682 2448 892 2488 Augustinus,
917 2449 951 2479 in
975 2448 987 2478 Ι
1011 2448 1051 2479 de
1072 2449 1140 2480 Ciu.
1157 2449 1220 2480 Dei
1235 2450 1262 2486 ⁴,
1286 2450 1315 2480 si
1332 2455 1475 2490 paterna
1491 2461 1517 2481 ςο
1530 2451 1709 2482 secundum
1733 2451 1895 2491 quandam
1918 2452 2102 2482 interiorem
2126 2453 2394 2490 consolationem,
2418 2454 2597 2486 secundum

409 2493 502 2522 vestis
525 2497 555 2522 et
577 2493 705 2528 anulus,
723 2502 763 2523 ac
784 2492 813 2523 si
835 2493 913 2533 quid
935 2493 1129 2529 huiusmodi,
1154 2498 1244 2524 tanto
1268 2495 1379 2525 carius
1400 2500 1478 2525 sunt
1530 2495 1620 2536 quod
1642 2505 1728 2526 unus
1748 2497 1781 2526 in
1797 2496 1925 2526 caritate
1949 2496 2085 2526 existens
2101 2495 2140 2527 de
2156 2497 2250 2528 bonis
2273 2497 2400 2528 alterius
2424 2498 2598 2530 delectatur

403 2537 542 2576 posteris
565 2541 685 2577 quanto
702 2546 784 2578 erga
802 2542 956 2577 parentes
979 2538 1087 2568 maior
1102 2538 1248 2579 affectus,
1266 2539 1357 2569 nullo
1378 2539 1474 2570 modo
1529 2545 1603 2580 post
1618 2545 1768 2576 mortem,
1781 2549 1879 2580 quam
1896 2539 1934 2570 ad
1951 2539 2199 2572 diminutionem
2214 2551 2356 2582 poenae:
2368 2547 2444 2583 post
2458 2548 2597 2575 mortem

408 2581 476 2620 ipsa
499 2581 679 2621 spernenda
702 2586 778 2612 sunt
800 2590 951 2622 corpora,
969 2591 1052 2622 quae
1075 2582 1184 2623 utique
1206 2583 1307 2613 multo
1322 2583 1475 2624 familia·
1530 2585 1617 2615 enim
1640 2593 1708 2615 non
1732 2590 1779 2615 est
1801 2584 1894 2615 locus
1921 2585 2107 2625 acquirendi
2137 2586 2270 2626 gratiam
2300 2587 2351 2617 vel
2382 2587 2530 2628 augendi,
2557 2588 2598 2619 ad

409 2625 477 2655 rius
489 2630 583 2666 atque
595 2625 799 2656 coniunctius
810 2635 907 2667 quam
922 2626 1082 2667 quaelibet
1097 2626 1283 2658 indumenta
1298 2632 1474 2669 gestamus.
1530 2628 1620 2669 quod
1634 2629 1729 2659 nobis
1745 2629 1778 2659 in
1793 2629 1858 2659 vita
1872 2629 1979 2659 valent
1995 2638 2093 2669 opera
2112 2630 2248 2661 aliorum
2265 2640 2302 2661 ex
2318 2631 2434 2662 virtute
2449 2633 2595 2664 caritatis.

408 2669 500 2700 Unde
525 2674 556 2699 et
581 2671 775 2710 inquantum
805 2669 933 2701 affectui
963 2670 1105 2701 hominis
1137 2670 1287 2702 satisfacit
1317 2672 1474 2713 sepeliens
1490 2682 1513 2702 55
1573 2673 1648 2703 Alio
1665 2672 1766 2703 modo
1781 2673 1888 2704 valent
1909 2672 2056 2714 suffragia
2072 2683 2111 2704 ex
2126 2674 2190 2705 hoc
2206 2675 2296 2715 quod
2311 2685 2369 2715 per
2383 2676 2597 2708 intentionem

409 2714 476 2744 eius
500 2723 625 2754 corpus,
649 2724 724 2745 cum
746 2715 815 2755 ipse
838 2715 873 2745 in
895 2714 959 2745 hoc
983 2715 1042 2745 sibi
1066 2714 1244 2746 satisfacere
1266 2725 1335 2747 non
1357 2722 1473 2757 potest,
1529 2718 1625 2748 unius
1659 2717 1748 2748 alteri
1782 2717 1992 2757 applicantur.
2027 2718 2068 2748 Et
2096 2718 2140 2749 sic
2170 2719 2342 2750 satisfactio
2376 2721 2473 2751 unius
2507 2721 2597 2752 alteri

409 2757 645 2799 eleemosynam
669 2760 698 2789 ei
722 2758 827 2790 facere
850 2759 974 2789 dicitur.
1529 2766 1744 2802 computatur.
1776 2761 1817 2792 Et
1839 2762 1903 2792 hoc
1926 2762 2027 2793 modo
2050 2771 2118 2793 non
2142 2768 2189 2793 est
2211 2763 2347 2795 dubium
2375 2764 2466 2805 quod
2495 2766 2597 2807 magis

463 2802 512 2832 An
538 2812 685 2833 auam-uu
708 2813 868 2833 mcmmrm
884 2802 974 2843 quod
990 2802 1135 2834 fidelium
1151 2803 1292 2841 devotio,
1309 2810 1345 2836 ut
1361 2805 1473 2846 Augu-
1528 2805 1635 2837 valent
1651 2807 1680 2837 ei
1695 2815 1756 2846 pro
1773 2815 1840 2846 quo
1856 2805 1948 2836 fiunt.
1969 2806 2073 2837 Immo
2094 2807 2138 2837 sic
2155 2808 2185 2838 ei
2200 2807 2261 2838 soli
2276 2808 2393 2839 valent.
2417 2809 2596 2841 Satisfactio

408 2846 506 2876 stinus
535 2846 619 2883 dicit,
636 2847 670 2877 in
693 2847 773 2878 libro
797 2847 837 2878 de
862 2847 952 2878 Cura
970 2857 1035 2888 pro
1060 2849 1198 2879 mortuis
1221 2849 1350 2890 agenda
1365 2850 1392 2886 *‚
1409 2851 1474 2880 suis
1529 2851 1616 2881 enim
1647 2851 1777 2891 proprie
1807 2850 1847 2880 ad
1873 2851 2095 2882 remissionem
2125 2861 2251 2891 poenae
2282 2851 2455 2884 ordinatur.
2490 2853 2595 2890 Unde,

408 2891 486 2920 caris
512 2891 545 2920 in
571 2890 651 2921 locis
681 2892 774 2922 sacris
805 2891 977 2932 providens
1009 2893 1222 2932 sepulturam,
1247 2893 1279 2924 in
1310 2894 1374 2924 hoc
1405 2903 1474 2925 non
1487 2904 1515 2924 so
1528 2900 1686 2935 quantum
1710 2894 1750 2925 ad
1773 2893 1994 2926 dimissionem
2024 2904 2160 2935 poenae,
2185 2897 2358 2938 praecipue
2380 2897 2464 2928 valet
2485 2897 2595 2928 suffia-

408 2933 589 2971 frustratur,
625 2935 715 2975 quod
749 2935 938 2967 defunctum
974 2946 1069 2967 suum
1104 2936 1254 2978 suffragio
1289 2943 1473 2969 sanctorum
1527 2940 1617 2979 gium
1641 2940 1670 2970 ei
1693 2948 1753 2979 pro
1778 2948 1845 2980 quo
1869 2938 1914 2969 fit.
1946 2939 1987 2970 Et
2010 2939 2189 2971 secundum
2216 2941 2280 2972 hoc
2311 2941 2451 2972 secunda
2481 2942 2595 2982 opinio

409 2979 587 3015 committit,
611 2985 647 3009 ut
670 2979 791 3010 dictum
815 2986 862 3011 est
877 2981 903 3011 *.
1526 2984 1600 3024 plus
1623 2984 1719 3014 habet
1742 2982 1782 3014 de
1804 2983 1935 3014 veritate
1959 2993 2057 3024 quam
2080 2985 2192 3024 prima.

463 3023 512 3053 An
538 3033 676 3054 amm-tm
707 3034 866 3055 ωσι-11111111
898 3025 988 3065 quod
1019 3026 1182 3066 sepultura
1212 3027 1246 3057 in
1276 3027 1351 3057 loco
1383 3036 1472 3058 sacro
1582 3028 1633 3058 An
1653 3037 1771 3058 Panum
1794 3037 1877 3058 nnoo
1901 3037 2061 3059 nxcsnntm
2092 3028 2182 3069 quod
2204 3028 2352 3070 suffragia
2380 3034 2516 3069 prosunt
2538 3039 2595 3070 per

408 3067 509 3106 impio
526 3066 678 3098 defuncto
694 3077 762 3098 non
777 3068 874 3099 nocet
896 3069 957 3100 nisi
981 3075 1140 3110 quatenus
1162 3071 1245 3101 hanc
1264 3071 1471 3111 sepulturam,
1526 3071 1663 3103 modum
1686 3072 1816 3102 luminis
1839 3073 2032 3112 inquantum
2056 3083 2073 3103 a
2099 3073 2235 3104 mortuis
2258 3078 2477 3113 acceptantur,
2502 3079 2534 3104 et
2556 3084 2595 3105 ex

409 3110 467 3140 sibi
490 3110 662 3151 indignam,
687 3118 817 3153 propter
840 3113 1015 3145 humanam
1037 3114 1172 3155 gloriam
1196 3116 1387 3156 procuravit.
1485 3124 1510 3150 ες
1526 3117 1590 3147 hoc
1613 3116 1775 3157 quandam
1799 3116 2056 3147 consolationem
2071 3117 2246 3157 accipiunt;
2271 3123 2303 3147 et
2324 3122 2414 3148 tanto
2438 3118 2594 3149 maiorem

1526 3166 1649 3201 quanto
1665 3161 1778 3191 maiori
1794 3161 1923 3191 caritate
1939 3166 2013 3191 sunt
2027 3160 2171 3201 praediti.
2195 3160 2259 3192 Sed
2273 3162 2467 3201 inquantum
2483 3162 2594 3193 suffra-

1525 3205 1577 3245 gia
1610 3210 1685 3236 sunt
1719 3204 1877 3245 quaedam
1910 3204 2080 3235 satisfactio
2112 3214 2170 3245 per
2203 3205 2416 3236 intentionem
2451 3205 2595 3238 facientis

1524 3249 1673 3280 translata
1695 3250 1729 3280 in
1751 3249 1902 3285 alterum,
1927 3258 1994 3279 non
2017 3254 2092 3279 sunt
2121 3248 2235 3279 similia
2257 3249 2390 3286 lumini,
2415 3250 2471 3281 sed
2493 3252 2594 3291 magis

1524 3293 1679 3324 solutioni
1694 3293 1829 3324 alicuius
1844 3292 1952 3324 debiti.
1976 3292 2052 3323 Non
2067 3297 2175 3323 autem
2192 3298 2239 3323 est
2253 3302 2384 3324 necesse
2399 3299 2446 3331 ut,
2462 3295 2489 3325 si
2505 3294 2593 3326 debi-

411 3339 493 3402 ΑΙ)
517 3339 720 3361 nuonncmun
747 3342 793 3362 src
819 3343 1023 3364 pnoennrrtm.
1046 3334 1180 3366 Videtur
1206 3335 1295 3376 quod
1323 3336 1470 3377 suffragia
1483 3350 1511 3371 7⁰
1524 3343 1594 3368 tum
1617 3347 1677 3378 pro
1701 3346 1768 3368 uno
1791 3337 1934 3372 solvitur,
1951 3335 2042 3376 quod
2057 3345 2095 3367 ex
2118 3337 2182 3367 hoc
2202 3336 2346 3368 debitum
2370 3338 2506 3370 aliorum
2529 3339 2594 3370 sol-

474 3382 556 3413 quae
583 3373 665 3405 fiunt
690 3384 750 3415 pro
778 3386 845 3407 uno
873 3377 1044 3415 defuncto,
1073 3389 1141 3410 non
1167 3381 1267 3420 magis
1295 3379 1470 3421 proficiunt
1523 3387 1624 3412 vatur.

410 3416 438 3446 ei
454 3425 514 3456 pro
530 3427 596 3457 quo
612 3417 694 3449 fiunt
710 3428 807 3459 quam
831 3421 907 3451 aliis.
932 3422 1057 3453 Lumen
1083 3424 1169 3454 enim
1192 3425 1354 3465 spirituale
1369 3426 1470 3466 magis
1579 3426 1630 3456 An
1654 3433 1817 3456 sncuunuu
1839 3433 1999 3454 mensumn
2022 3423 2113 3464 quod
2135 3424 2215 3455 illud
2237 3427 2388 3457 meritum
2412 3431 2459 3458 est
2481 3427 2592 3458 condi-

410 3465 457 3490 est
487 3463 754 3493 communicabile
785 3473 882 3503 quarn
914 3467 1078 3506 corporale
1109 3468 1229 3499 lumen.
1265 3468 1329 3499 Sed
1358 3469 1469 3500 iumen
1523 3469 1644 3500 tionale
1667 3478 1734 3509 quo
1758 3469 1818 3499 sibi
1839 3474 2035 3499 meruerunt.
2059 3468 2134 3499 Hoc
2157 3470 2244 3500 enim
2267 3470 2368 3501 modo
2384 3471 2444 3501 sibi
2465 3480 2593 3502 merue-

411 3505 593 3543 corporale,
617 3506 699 3536 sicut
728 3507 893 3544 candelae,
918 3511 1062 3548 quamvis
1086 3511 1277 3543 accendatur
1302 3522 1362 3553 pro
1385 3523 1468 3550 uno,
1523 3518 1608 3549 runt,
1624 3518 1661 3543 ut
1683 3513 1742 3543 sibi
1758 3511 1947 3552 prodessent
1963 3512 1988 3542 si
2003 3521 2063 3552 pro
2081 3513 2125 3543 eis
2148 3512 2270 3545 fierent.
2295 3514 2396 3553 Quod
2410 3515 2490 3545 nihil
2505 3515 2591 3546 aliud

409 3552 517 3578 tamen
533 3549 705 3588 aequaliter
721 3551 869 3581 omnibus
885 3552 1014 3592 prodest
1030 3555 1086 3594 qui
1101 3555 1195 3586 simul
1217 3562 1468 3593 commorantur,
1483 3569 1508 3590 75
1524 3556 1584 3587 fuit
1608 3565 1706 3597 quam
1729 3555 1833 3587 facere
1856 3565 1889 3586 se
1911 3556 2032 3587 habiles
2056 3556 2095 3588 ad
2123 3558 2353 3598 recipiendum.
2389 3558 2483 3590 Unde
2505 3564 2592 3599 patet

409 3180 506 3211 ART.
523 3180 590 3210 XII.
614 3191 719 3212 urium
742 3192 913 3214 surrmom
930 3194 1013 3215 aun
1030 3194 1122 3215 rrum·
1138 3195 1197 3216 rao
1215 3195 1278 3216 uno
1296 3195 1470 3223 nerone-ro,

511 3234 602 3256 rums
625 3235 810 3257 moment-NT
833 3237 863 3258 81
886 3238 945 3259 pao
971 3238 1034 3259 auo
1059 3239 1151 3260 rrum
1176 3239 1263 3260 aum
1286 3240 1364 3261 ALus

645 3279 729 3306 Quodl.
744 3280 773 3307 11,
788 3286 826 3308 qu.
843 3287 882 3308 vn,
892 3286 934 3304 nrt.
949 3288 973 3308 ης
990 3282 1052 3310 vul,
1063 3289 1102 3311 qu.
1118 3289 1139 3310 v,
1154 3286 1196 3306 nrt.
1210 3289 1230 3305 2.

2633 467 2643 477 ·
2658 466 2716 488 ὓίιι.
2726 473 2779 493 xm,
2793 473 2844 495 cap.

2633 492 2714 520 Neque
2753 499 2768 515 κ
2800 499 2845 515 an-

2633 519 2769 593 ἒᾌεὲἇῗ
2793 526 2844 575 023:

2633 864 2642 874 '¹
2658 863 2724 885 Ven-
2738 870 2775 885 ιο.

2626 2239 2639 2252 ”
2653 2238 2690 2262 Cf.
2705 2242 2747 2262 ιη.
2764 2245 2785 2262 ¹.
