2918 4088
747 160 1114 207 QUAESTIONES
1142 162 1212 199 DE
1242 162 1657 200 SUSCIPIENTIBUS
1685 162 2075 201 INDULGENTIAS

2427 161 2501 209 367

369 403 943 480 QUAESTIONES
979 406 1090 461 DE
1127 403 1808 462 SUSCIPIENTIBUS
1844 404 2454 461 INDULGENTIAS

1118 533 1453 584 QUAESITUM
1485 534 1707 576 PRIMUM

539 629 610 666 AN,
633 629 835 660 PRAETER
858 628 1069 665 GRATIAM,
1092 627 1377 666 REQUIRATUR
1400 627 1458 656 EX
1480 627 1624 658 PARTE
1647 628 1937 659 SUSCIPIENTIS
1959 628 2285 660 INDULGENTIAS

1132 671 1300 709 ALIQUA
1322 670 1425 700 ALIA
1447 671 1687 703 DISPOSITIO

325 779 460 843 cruca
475 769 683 810 suscipientes
703 768 916 809 indulgentias
935 769 1069 799 dubium
1085 768 1204 808 duplex
1226 768 1381 798 occurrit:

387 814 545 853 primurn,
569 822 626 849 an,
650 818 774 853 praeter
795 813 937 853 gratiam,
960 813 1139 853 requiratur
1161 821 1200 842 ex
1221 816 1311 852 parte
1329 821 1382 842 su—

321 858 483 897 scipientis
498 857 605 897 aliqua
619 857 680 887 alia
695 856 877 897 dispositio;
902 857 1080 887 secundum
1096 862 1152 893 est,
1169 866 1219 892 an,
1236 861 1382 895 tempore

321 910 388 941 quo
411 900 448 932 fit
470 910 554 942 opus
575 909 635 940 pro
658 900 866 941 indulgentia,
891 906 1039 942 oporteat
1061 905 1250 941 operantem
1265 909 1334 931 esse
1348 901 1383 930 in

320 945 419 985 gratia
433 945 461 975 ⁹.

374 988 416 1019 Et
437 990 471 1019 in
493 989 599 1029 primo
623 988 753 1029 quidem
777 989 887 1026 dubio,
911 999 971 1030 pro
994 994 1082 1030 parte
1098 989 1244 1029 negativa
1264 994 1311 1019 est
1327 998 1382 1019 au-

320 1033 448 1064 ctoritas
471 1033 634 1064 docti-luae
657 1034 839 1065 communis
861 1034 998 1065 tenentis
1017 1033 1057 1064 ad
1071 1033 1301 1074 indulgentiam
1318 1032 1383 1063 suf-

318 1076 415 1108 ficere
437 1078 512 1108 tria:
537 1078 758 1109 auctoritatem
780 1079 813 1109 in
837 1079 945 1115 dante,
969 1078 1100 1119 gratiam
1123 1078 1156 1108 in
1180 1078 1382 1117 suscipiente,

319 1121 472 1162 pietatem
495 1122 528 1152 in
552 1131 647 1153 causa
662 1123 688 1153 ⁹.

375 1165 414 1196 In
439 1166 620 1207 oppositum
644 1172 691 1197 est
714 1166 804 1207 quod
823 1166 863 1197 ad
877 1167 1053 1207 plenariam
1068 1166 1289 1197 remissionem
1304 1175 1384 1206 poe-

319 1219 381 1241 nae
403 1219 462 1250 per
483 1211 569 1241 viam
600 1212 789 1241 sacramenti
818 1211 1035 1251 poenitentiae
1057 1220 1125 1241 non
1149 1209 1264 1240 sufficit
1286 1210 1384 1250 gratia

321 1263 360 1285 ex
381 1259 472 1295 parte
494 1255 705 1296 suscipientis.
741 1255 828 1295 Ergo
850 1265 912 1286 nec
935 1255 975 1286 ad
997 1255 1172 1295 plenariam
1198 1253 1385 1284 huiusmodi

320 1298 543 1330 remissionem
565 1308 624 1340 per
644 1300 730 1330 viam
752 1299 969 1339 indulgentiae
991 1299 1108 1330 sufficit
1125 1299 1223 1339 gratia
1241 1307 1279 1328 ex
1295 1303 1384 1338 parte

307 1342 539 1382 ,sincipientisss
555 1361 578 1366 -
600 1343 803 1377 Antecedens
833 1349 880 1374 est
907 1344 1044 1374 clarum:
1079 1343 1223 1383 alioquin
1251 1342 1385 1382 quilibet

321 1385 487 1418 confessus
509 1388 542 1418 in
565 1388 663 1428 gratia
693 1394 944 1428 consequeretur
965 1388 1139 1428 plenariam
1162 1387 1384 1417 remissionem

320 1440 456 1470 poenae.
480 1449 500 1454 -
523 1431 765 1471 Consequentia
786 1441 863 1462 vero
887 1433 1049 1472 probatur.
1074 1432 1161 1462 Turn
1184 1431 1260 1471 quia
1283 1441 1384 1461 sacra-

320 1481 468 1506 mentum
491 1481 538 1506 est
559 1476 667 1515 potius
691 1485 789 1515 quam
812 1475 1018 1516 indulgentia.
1045 1476 1087 1507 Et
1109 1475 1293 1506 distributor
1314 1475 1384 1506 the·
1402 1488 1405 1491 ·

319 1519 404 1550 sauri
426 1529 484 1559 per
501 1525 736 1550 sacramentum
760 1526 806 1550 est
827 1520 924 1560 longe
946 1520 1106 1551 liberalior
1129 1529 1226 1560 quam
1250 1519 1385 1559 quilibet

319 1562 486 1594 Pontifex:
518 1564 674 1603 quoniam
697 1564 866 1595 liberalitas
889 1564 996 1595 divina
1018 1565 1052 1595 in
1074 1563 1237 1594 infinitum
1260 1563 1384 1594 excedit

319 1607 541 1638 liberalitatem
563 1609 748 1639 humanam.

375 1651 412 1682 11.
437 1651 474 1682 In
496 1652 556 1682 hac
575 1653 780 1692 quaestione,
805 1652 880 1692 quia
903 1651 1030 1683 difficile
1052 1651 1227 1682 admittitur
1250 1652 1383 1692 opposi-

319 1700 391 1726 tum
414 1705 528 1727 eorum
551 1706 634 1736 quae
657 1697 903 1733 consuevimus,
931 1705 1097 1727 censorem
1122 1695 1268 1726 desidero
1290 1696 1383 1726 intel-

318 1740 440 1771 lectum
462 1740 624 1771 mundum
646 1741 686 1771 ab
709 1741 926 1781 opinionibus.
960 1740 1096 1771 Videtur
1118 1739 1278 1780 siquidem
1303 1741 1383 1770 mihi

318 1784 547 1815 rationabiliter
569 1784 632 1815 dici
661 1785 752 1825 quod
777 1794 844 1815 non
871 1783 986 1815 sufficit
1011 1784 1080 1814 sola
1105 1785 1203 1824 gratia
1233 1793 1271 1814 ex
1293 1789 1382 1824 parte

319 1829 521 1869 suscipientis
552 1828 592 1859 ad
614 1829 767 1859 veraciter
789 1827 1051 1869 consequendam
1073 1828 1303 1868 indulgenn'am
1327 1838 1382 1859 co-

317 1881 388 1903 ram
403 1873 485 1903 Deo.
506 1872 587 1903 Sunt
602 1872 761 1913 siquidem
776 1872 914 1903 confessi
928 1873 963 1903 in
978 1873 1076 1912 gratia
1092 1872 1228 1913 duplicis
1244 1872 1380 1903 ordinis:

319 1916 452 1958 quidam
475 1917 602 1948 solliciti
625 1916 665 1947 ad
679 1916 936 1948 satisfaciendum
951 1926 1008 1957 per
1023 1917 1145 1957 seipsos
1168 1926 1227 1956 pro
1243 1917 1382 1957 peccatis

319 1961 403 1998 suis;
437 1961 569 2002 quidam
601 1961 796 2001 negligentes
826 1960 1004 1992 satisfacere
1033 1970 1091 2001 per
1117 1961 1249 2001 seipsos.
1284 1961 1382 1992 Primi

319 2004 494 2046 condignas
516 2006 729 2046 poenitentias
750 2006 802 2036 vel
823 2010 939 2046 petunt
961 2015 979 2035 a
995 2005 1232 2036 confessoribus
1247 2006 1306 2036 sibi
1321 2006 1381 2036 im-

318 2050 408 2090 poni,
432 2050 533 2090 parati
556 2059 608 2080 eas
630 2049 780 2089 implere:
804 2049 855 2080 vel
878 2054 994 2089 sponte
1015 2049 1084 2079 illas
1107 2055 1283 2086 assumunt,
1303 2049 1382 2081 dum

319 2095 473 2125 continue
489 2093 618 2124 student
631 2103 689 2134 per
699 2103 757 2124 sua
767 2098 875 2124 sancta
886 2102 985 2133 opera
996 2093 1184 2130 satisfacere,
1195 2093 1380 2142 ieiunando,

318 2138 461 2174 orando,
495 2139 714 2178 eleemosynas
744 2137 860 2174 dando,
877 2142 948 2173 etc„
972 2137 1012 2167 ad
1034 2138 1108 2168 hoc.
1142 2137 1282 2168 Secundi
1304 2148 1381 2169 vero

317 2183 537 2224 parvissimam
559 2182 792 2228 poenitentiam
815 2187 870 2212 aut
887 2186 1011 2221 rogant,
1027 2187 1082 2212 aut
1096 2182 1170 2212 laeti
1186 2183 1380 2222 suscipiunt:

318 2233 360 2264 et,
377 2237 454 2258 cum
471 2227 558 2257 illam
573 2227 784 2266 impleverint,
802 2235 900 2266 quam
914 2226 1019 2256 sciunt
1034 2235 1102 2256 esse
1120 2226 1297 2262 minimam,
1313 2236 1381 2257 non

318 2277 432 2303 curant
454 2271 592 2312 amplius
615 2270 654 2301 de
677 2270 916 2306 satisfaciendo,
946 2275 1128 2310 reputantes
1156 2271 1215 2301 sibi
1237 2270 1382 2302 sufficere

319 2315 410 2357 quod
439 2325 508 2346 non
530 2316 623 2345 ibunt
645 2314 686 2345 ad
706 2314 878 2345 infernum.
912 2314 954 2344 Et
975 2315 1009 2344 hi
1032 2319 1106 2345 sunt
1137 2315 1253 2355 quibus
1276 2315 1381 2346 indul-

317 2361 444 2401 gentiae
466 2369 535 2390 non
557 2364 702 2399 prosunt,
726 2358 848 2389 iudicio
870 2368 956 2389 meo.

374 2404 416 2435 Et
437 2404 533 2434 ratio·
543 2413 626 2443 quae
647 2412 701 2433 me
723 2408 834 2433 movet
856 2408 921 2433 est:
956 2402 1072 2433 Nullus
1101 2402 1250 2443 indignus
1278 2404 1381 2435 aliena

318 2447 532 2483 satisfactione
555 2457 614 2487 pro
638 2457 744 2487 poena
767 2448 825 2477 sibi
848 2446 971 2483 debita,
999 2447 1208 2487 consequitur
1228 2449 1382 2479 veraciter

318 2492 460 2523 fructum
482 2491 710 2531 indulgentiae.
745 2491 808 2522 Sed
835 2491 970 2531 quilibet
997 2492 1032 2522 in
1057 2492 1156 2531 gratia
1188 2493 1380 2524 constitutus

318 2537 483 2577 negligens
506 2535 684 2566 satisfacere
706 2545 764 2575 per
785 2536 941 2575 seipsum,
965 2541 1012 2566 est
1033 2535 1183 2575 indignus
1207 2537 1309 2567 aliena
1332 2547 1380 2567 sa-

317 2580 499 2611 tisfactione
521 2590 581 2620 pro
604 2589 711 2620 poena
725 2580 862 2620 propriis
876 2580 1015 2619 peccatis
1031 2579 1145 2611 debita.
1170 2581 1256 2621 Ergo
1270 2581 1379 2612 nullus

318 2625 511 2656 constitutus
543 2625 577 2655 in
608 2625 706 2664 gratia
737 2624 901 2664 negligens
931 2623 1108 2654 satisfacere
1140 2633 1198 2664 per
1227 2626 1378 2665 seipsum,

319 2670 455 2709 acquirit
477 2669 618 2699 fructum
641 2667 867 2708 indulgentiae.

372 2713 423 2744 ΙΙΙ.
441 2713 544 2743 Maior
559 2713 738 2753 propositio
755 2712 1003 2752 intelligentibus
1013 2713 1168 2743 terminos
1181 2718 1228 2743 est
1239 2713 1378 2744 evidens.

318 2757 518 2798 Indulgentia
541 2757 627 2787 enim
650 2766 707 2796 per
722 2756 968 2786 satisfactionem
984 2755 1130 2792 alienam,
1146 2757 1209 2787 hoc
1225 2762 1273 2787 est
1288 2757 1380 2788 Chri-

317 2802 357 2833 sti
381 2807 412 2832 et
434 2807 635 2837 sanctorum,
664 2801 745 2841 parit
767 2800 907 2831 fructum
935 2800 992 2840 qui
1015 2805 1062 2830 est
1083 2801 1227 2831 remissio
1253 2810 1380 2841 poenae

317 2846 502 2886 temporalis
525 2855 584 2885 pro
608 2845 723 2875 actuali
745 2850 878 2884 peccato
903 2844 1042 2874 debitae:
1067 2854 1103 2874 ac
1126 2854 1184 2884 per
1203 2845 1276 2881 hoc,
1292 2846 1319 2875 si
1334 2851 1382 2876 est

318 2890 432 2931 aliquis
443 2889 594 2929 indignus
606 2890 708 2919 aliena
719 2888 943 2924 satisfactione,
954 2887 1103 2928 indignus
1116 2893 1162 2918 est
1173 2888 1379 2929 indulgentia.

318 2934 470 2975 Indignos
487 2939 595 2964 autem
610 2933 807 2973 indulgentia
822 2942 890 2963 non
906 2933 1062 2972 consequi
1073 2932 1225 2963 veraciter
1239 2932 1380 2964 fructum

317 2976 416 3014 illiu‘s,
446 2984 513 3008 tarn
534 2987 647 3008 verum
671 2987 707 3007 ac
730 2976 935 3007 manifestum
959 2982 1006 3007 est
1035 2982 1071 3006 ut
1093 2977 1283 3016 probatione
1311 2987 1379 3008 non

319 3028 425 3063 egeat,
449 3021 536 3063 apud
558 3022 769 3061 intelligentes
793 3021 1048 3051 distributionem
1071 3019 1253 3051 divinorum
1277 3020 1380 3052 dono-

317 3075 390 3098 rum
413 3068 447 3097 in
470 3067 545 3097 solis
569 3066 728 3106 dispositis
750 3066 866 3095 habere
889 3065 999 3095 locum
1023 3064 1161 3104 (constat
1176 3070 1284 3096 autem
1298 3065 1381 3096 indi-

318 3119 399 3151 gnos
422 3120 490 3141 non
511 3120 579 3141 esse
595 3110 791 3150 dispositos),
808 3115 839 3139 et
854 3108 960 3139 divina
976 3109 1162 3148 operatione
1177 3110 1380 3140 remissiones

317 3154 387 3186 fieri
408 3164 588 3195 poenarum
618 3163 677 3194 per
701 3153 913 3193 indulgentias
945 3153 1088 3183 humano
1116 3153 1292 3183 ministerio
1322 3154 1380 3185 rite

318 3207 496 3229 concessas.

374 3242 427 3273 IV.
450 3242 503 3273 Ad
519 3242 711 3273 evidentiam
728 3247 835 3272 autem
847 3242 990 3277 minoris,
1003 3241 1205 3281 praelibanda
1218 3247 1292 3272 sunt
1303 3241 1380 3272 duo.

318 3287 463 3318 Primum
486 3291 533 3317 est
555 3286 646 3327 quod
668 3286 838 3317 satisfactio
862 3296 921 3326 pro
945 3295 1051 3325 poena
1074 3285 1242 3325 temporali
1265 3286 1380 3316 actuali

318 3336 452 3371 peccato
476 3330 590 3367 debita,
614 3336 661 3361 est
684 3340 767 3362 onus
790 3330 973 3371 personale:
997 3335 1123 3360 tenetur
1138 3330 1224 3359 enim
1239 3330 1308 3369 ipse
1324 3330 1381 3370 qui

318 3375 465 3416 peccavit
482 3374 586 3406 facere
601 3376 684 3405 satis.
707 3392 729 3398 —
753 3374 938 3405 Secundum
955 3379 1001 3404 est
1017 3373 1116 3414 quod,
1133 3373 1207 3403 licet
1221 3379 1286 3403 tam
1302 3383 1380 3404 con-

316 3419 404 3450 tritio
427 3428 526 3459 quam
549 3418 709 3450 confessio
740 3420 779 3449 sit
801 3420 843 3449 ita
866 3418 1040 3458 personalis
1073 3417 1161 3457 quod
1190 3427 1258 3447 non
1280 3419 1381 3457 possit

317 3472 375 3503 per
398 3464 538 3494 amicum
562 3463 712 3503 suppleri,
737 3462 906 3493 satisfactio
926 3468 1042 3498 tamen,
1063 3462 1137 3502 quia
1154 3471 1210 3501 per
1226 3463 1379 3492 exteriora

1437 766 1521 796 bona
1543 767 1590 804 fit,
1614 769 1696 799 inter
1719 778 1802 809 quae
1825 775 2053 809 computantur
2076 771 2179 806 amici,
2203 770 2246 800 ita
2270 775 2316 800 est
2333 779 2415 800 onus
2430 779 2502 810 per-

1437 811 1547 841 sonale
1571 812 1661 851 quod
1685 822 1784 853 capax
1808 819 1854 844 est
1877 814 2050 844 amicabilis
2074 814 2232 845 adiutorii.

1491 855 1618 893 Quibus
1633 857 1824 896 praemissis,
1837 858 1990 897 probatur
2004 859 2120 889 minor.
2139 858 2259 895 Primo,
2275 859 2330 889 sic.
2350 858 2502 898 Indignus

1437 899 1595 930 amicabili
1618 899 1777 931 adiutorio
1805 907 1853 932 est
1874 901 2024 942 indignus
2056 903 2157 933 aliena
2180 902 2404 933 satisfactione.
2439 901 2503 933 Sed

1437 944 1629 974 constitutus
1652 945 1686 975 in
1708 946 1807 985 gratia
1829 946 1993 986 negligens
2016 946 2194 977 satisfacere
2209 957 2267 987 per
2282 947 2433 987 seipsum,
2452 947 2502 977 in-

1436 987 1550 1028 dignus
1575 993 1622 1018 est
1651 990 1809 1020 amicabili
1833 990 2002 1021 adiutorio.
2036 991 2201 1029 Quoniam
2233 991 2388 1022 amicitiae
2420 992 2500 1021 ratio

1437 1033 1542 1071 poscit
1565 1033 1655 1072 quod
1677 1034 1857 1064 amicorum
1879 1034 1923 1065 sit
1945 1034 2027 1065 idem
2050 1035 2132 1066 velle
2155 1041 2186 1066 et
2208 1035 2290 1066 idem
2312 1035 2400 1066 nolle
2414 1036 2444 1065 ⁴²:
2471 1040 2503 1066 et

1434 1082 1616 1116 propterea,
1641 1078 1667 1107 si
1691 1087 1752 1118 ego
1775 1087 1834 1118 pro
1857 1079 1982 1119 meipso
2006 1079 2085 1110 nolo
2109 1079 2296 1116 satisfacere,
2320 1089 2378 1120 par
2396 1085 2443 1110 est
2465 1085 2502 1110 ut

1438 1121 1560 1151 amicus
1584 1130 1717 1162 quoque
1741 1122 1804 1153 hoc
1826 1123 1917 1153 nolit.
1953 1123 2042 1161 Quin
2064 1124 2173 1164 potius
2195 1133 2264 1154 non
2287 1124 2389 1154 amice
2412 1129 2501 1164 pete-

1437 1174 1506 1194 rem
1528 1170 1574 1201 ut,
1598 1175 1651 1196 me
1674 1166 1855 1206 negligente
1877 1167 2064 1204 satisfacere,
2089 1168 2156 1208 ipse
2179 1177 2238 1208 pro
2254 1178 2308 1198 me
2330 1173 2501 1208 pateretur.

1437 1209 1638 1249 Possentque
1652 1215 1738 1240 recte
1752 1211 1940 1242 huiusmodi
1955 1212 2162 1252 negligentes,
2175 1217 2429 1252 quaerentesque
2444 1221 2502 1252 per

1437 1253 1650 1293 indulgentias
1680 1254 1876 1292 satisfacere,
1900 1256 1999 1286 verbo
2028 1256 2162 1286 Domini
2190 1256 2396 1297 reprehendi:
2420 1257 2502 1286 Alli-

1436 1303 1520 1338 gant
1542 1307 1644 1328 onera
1666 1299 1786 1340 gravia
1809 1304 1841 1329 et
1863 1300 2080 1340 importabilia
2103 1300 2136 1330 in
2151 1301 2304 1331 humeros
2324 1301 2501 1337 hominum,

1437 1341 1518 1372 idest
1546 1343 1725 1373 amicorum
1736 1367 1743 1378 ‚
1768 1343 1872 1384 digito
1897 1349 2004 1374 autem
2026 1353 2086 1374 suo
2104 1344 2222 1375 nolunt
2235 1354 2364 1375 movere
2382 1354 2421 1376 ea
2435 1345 2462 1375 “.
2478 1363 2503 1368 —-

1438 1386 1507 1416 Nec
1530 1387 1634 1416 obstat
1657 1387 1747 1427 quod
1770 1388 1870 1418 sancti
1893 1388 1957 1418 iam
1980 1389 2064 1428 passi
2087 1394 2170 1419 sunt.
2202 1389 2368 1426 Quoniam
2391 1389 2502 1419 similis

1438 1436 1485 1460 est
1506 1431 1587 1461 ratio
1618 1431 1657 1461 de
1688 1432 1890 1471 passionibus
1919 1433 2093 1471 praeteritis
2122 1438 2153 1463 et
2176 1432 2305 1463 futuris:
2340 1434 2415 1473 quia
2440 1433 2502 1463 illis

1438 1475 1514 1505 solis
1536 1481 1673 1515 prosunt
1695 1476 1882 1517 praeteritae
1904 1485 1963 1515 pro
1988 1477 2105 1516 quibus
2127 1476 2314 1516 patiendum
2330 1476 2445 1514 fuerat;
2471 1483 2503 1508 et

1437 1518 1522 1555 ideo,
1547 1520 1573 1549 si
1595 1529 1655 1559 pro
1671 1519 1857 1550 huiusmodi
1872 1520 2106 1560 negligentibus
2129 1530 2196 1551 non
2212 1520 2314 1551 fuerat
2335 1522 2373 1551 ab
2393 1522 2502 1552 amicis

1437 1563 1643 1602 patiendum,
1674 1572 1734 1593 nec
1762 1568 1874 1603 postea
1898 1573 1996 1604 quam
2023 1565 2107 1604 passi
2130 1570 2214 1601 sunt,
2238 1565 2299 1595 illis
2323 1566 2502 1596 amicorum

1437 1613 1574 1646 prosunt
1595 1608 1770 1647 passiones.

1493 1651 1643 1682 Secundo
1666 1652 1818 1691 probatur
1842 1651 1953 1682 eadem
1968 1653 2075 1682 minor
2097 1653 2240 1683 similiter
2263 1662 2301 1683 ex
2316 1653 2503 1684 habitudine

1437 1694 1477 1725 ad
1492 1704 1702 1726 communem
1717 1695 1879 1726 Ecclesiae
1894 1696 2089 1726 thesaurum.
2112 1696 2198 1734 Quia
2212 1698 2246 1727 in
2262 1697 2405 1737 qualibet
2418 1698 2502 1728 bene

1437 1739 1581 1770 ordinata
1612 1739 1794 1779 republica,
1830 1745 2119 1780 quantumcunque
2151 1741 2345 1771 rationabilis
2380 1741 2504 1772 adesset

1437 1783 1636 1824 quandoque
1669 1793 1764 1814 causa
1791 1782 1996 1824 dispensandi
2023 1794 2233 1815 communem
2255 1786 2440 1816 thesaurum
2468 1787 2502 1817 in

1437 1828 1521 1858 cives
1544 1833 1690 1868 gravatos
1713 1837 1785 1858 aere
1808 1828 1931 1864 alieno,
1955 1829 2153 1869 negligentes
2175 1835 2284 1859 tamen
2306 1830 2430 1860 solvere
2453 1831 2502 1861 in—

1437 1871 1524 1912 digni
1548 1878 1753 1902 censerentur
1779 1871 1938 1903 adiutorio
1965 1873 2121 1903 thesauri:
2154 1883 2192 1903 ex
2227 1883 2266 1904 eo
2295 1874 2382 1904 enim
2412 1875 2502 1915 quod

1436 1922 1572 1957 possunt
1595 1915 1635 1946 de
1651 1926 1711 1946 suo
1731 1916 1854 1947 solvere
1877 1922 1909 1947 et
1923 1926 1992 1947 non
2008 1917 2130 1953 curant,
2149 1916 2300 1958 indignos
2315 1927 2349 1948 se
2363 1918 2504 1950 reddunt

1435 1961 1490 1991 tali
1512 1961 1741 1991 sublevamine.
1765 1961 1807 1991 Et
1828 1961 1890 1991 nisi
1904 1961 1982 1991 tales
2000 1970 2060 2001 pro
2076 1961 2215 2001 indignis
2233 1962 2434 1999 haberentur,
2451 1963 2502 1994 fo-

1435 2010 1562 2036 veretur
1582 2005 1794 2045 negligentia,
1826 2004 2057 2045 quoniamalii
2079 2006 2197 2036 horum
2221 2007 2369 2046 exemplo
2398 2007 2438 2037 ad
2461 2009 2502 2038 si-

1435 2049 1546 2079 milem
1568 2049 1795 2089 negligentiam
1817 2055 2085 2089 provocarentur:
2109 2050 2187 2089 legis
2211 2056 2319 2081 autem
2335 2056 2382 2081 est
2397 2050 2502 2082 facere

1435 2103 1503 2124 non
1525 2093 1732 2133 negligentes,
1749 2092 1804 2124 sed
1819 2094 1979 2124 virtuosos
1994 2095 2021 2124 ἦ
2047 2093 2133 2124 Cum
2155 2095 2251 2134 igitur
2266 2094 2410 2125 Ecclesia
2425 2096 2465 2126 sit
2483 2106 2502 2126 a

1436 2137 1508 2168 Deo
1532 2137 1692 2174 ordinata,
1722 2147 1864 2178 aequum
1886 2147 1954 2168 non
1978 2143 2024 2168 est
2053 2143 2090 2168 ut
2112 2138 2282 2178 spiritualis
2306 2138 2500 2179 dispensatio

1435 2182 1575 2212 thesauri
1589 2181 1786 2221 negligentes
1801 2181 1980 2212 satisfacere
1995 2191 2055 2222 pro
2072 2182 2174 2222 dignis
2189 2183 2317 2213 habeat:
2334 2184 2398 2214 hoc
2414 2185 2500 2215 enim

1434 2233 1508 2256 vere
1531 2231 1614 2256 esset
1636 2235 1792 2257 enervare
1813 2226 2054 2268 satisfactiones
2070 2227 2320 2267 poenitentiales
2334 2228 2361 2258 ’ἢ

1490 2270 1529 2300 V.
1553 2270 1629 2300 Non
1651 2275 1788 2310 prosunt
1809 2271 1906 2310 igitur
1919 2270 2137 2310 indulgentiae
2158 2271 2337 2302 constitutis
2353 2272 2387 2302 in
2401 2273 2500 2312 gratia

1434 2314 1668 2354 negligentibus
1691 2314 1869 2345 satisfacere
1884 2324 1942 2355 per
1957 2315 2088 2355 seipSOS,
2113 2316 2268 2355 quoniam
2288 2316 2410 2356 indigni
2425 2322 2500 2347 sunt

1434 2358 1647 2398 indulgentia:
1680 2359 1736 2389 sed
1763 2364 1900 2398 oportet,
1931 2359 2013 2389 ultra
2043 2360 2192 2399 gratiam,
2218 2359 2389 2400 dispositos
2412 2361 2499 2401 ipsos

1435 2411 1503 2433 esse
1539 2408 1575 2433 ut
1602 2402 1690 2443 digni
1717 2404 1779 2433 sint
1808 2403 1918 2434 alienis
1951 2402 2228 2434 satisfactionibus.
2263 2405 2360 2435 Fiunt
2391 2411 2499 2436 autem

1434 2446 1521 2486 digni
1543 2456 1601 2487 per
1623 2448 1687 2477 hoc
1711 2446 1801 2487 quod
1819 2453 1894 2478 sunt
1909 2448 2009 2487 parati
2027 2456 2085 2487 per
2099 2449 2221 2488 seipsos
2236 2448 2428 2480 satisfacere:
2453 2451 2499 2480 sic

1434 2491 1521 2521 enim
1553 2497 1628 2522 sunt
1657 2491 1745 2531 digni
1776 2491 1934 2522 amicabili
1966 2491 2124 2522 adiutorio
2159 2492 2199 2522 ad
2229 2493 2496 2525 satisfaciendum.

1433 2535 1536 2566 Parati
1559 2541 1667 2566 autem
1690 2535 1730 2566 ad
1753 2535 2011 2566 satisfaciendum
2032 2546 2090 2576 per
2112 2537 2234 2576 seipsos
2257 2543 2341 2573 sunt,
2357 2547 2426 2568 non
2442 2540 2499 2578 qui

1432 2580 1599 2620 negligunt
1621 2589 1678 2620 per
1701 2580 1823 2620 seipsos
1845 2579 2034 2616 satisfacere,
2058 2580 2114 2611 sed
2136 2581 2183 2611 illi
2201 2581 2262 2611 soli
2285 2591 2426 2621 quorum
2441 2592 2499 2613 vo-

1433 2624 1538 2654 luntas
1560 2625 1606 2654 sic
1629 2629 1676 2654 est
1698 2624 1738 2655 ad
1761 2623 2019 2655 satisfaciendum
2041 2630 2150 2664 parata
2173 2624 2263 2666 quod
2280 2635 2348 2656 non
2363 2626 2499 2657 retardat

1435 2678 1518 2708 opus
1540 2669 1602 2698 nisi
1618 2668 1787 2708 impedita.

1488 2712 1542 2743 VI.
1563 2711 1782 2743 Confirmatur
1797 2718 1905 2743 autem
1920 2714 1984 2744 hoc
2008 2724 2046 2744 ex
2065 2715 2196 2754 antiqua
2210 2714 2314 2744 forma
2329 2714 2497 2754 indulgen-

1432 2757 1504 2793 tiae,
1524 2766 1600 2787 cum
1622 2756 1746 2792 dicitur,
1766 2766 1840 2787 vere
1852 2758 2099 2798 poenitentibus.
2131 2758 2302 2788 Poenitens
2331 2759 2417 2788 enim
2439 2759 2497 2789 du-

1433 2801 1557 2841 pliciter
1580 2800 1704 2831 dicitur.
1720 2801 1780 2831 Vel
1796 2810 1854 2840 per
1875 2802 2095 2832 exclusionem
2110 2803 2269 2838 contrarii,
2287 2803 2362 2842 quia
2377 2803 2498 2834 scilicet

1433 2845 1512 2874 nihil
1534 2845 1630 2875 habet
1652 2845 1686 2874 in
1708 2854 1768 2875 suo
1792 2846 1901 2875 animo
1918 2846 2113 2876 contrarium
2128 2847 2362 2885 poenitentiae:
2387 2852 2418 2877 et
2433 2847 2497 2877 hoc

1433 2888 1534 2919 modo
1567 2888 1702 2928 quilibet
1733 2889 1869 2919 existens
1892 2890 1925 2919 in
1947 2891 2046 2929 gratia
2069 2895 2116 2920 est
2138 2890 2322 2929 poenitenS‚
2352 2891 2447 2920 etiam
2471 2891 2496 2921 si

1433 2934 1472 2963 sit
1487 2933 1650 2972 negligens
1666 2932 1705 2963 ad
1720 2932 1987 2964 satisfaciendum.
2006 2933 2066 2964 Vel
2081 2942 2139 2973 per
2149 2934 2344 2973 positionem
2355 2935 2496 2965 virtualis

1433 2977 1668 3018 poenitentiae:
1694 2977 1769 3016 quia
1792 2977 1911 3007 scilicet
1925 2978 1973 3007 vis
1996 2977 2126 3007 affectus
2145 2978 2382 3017 poenitentialis
2401 2979 2434 3008 in
2455 2989 2495 3009 eo

1434 3019 1613 3052 secundum
1627 3021 1792 3051 veritatem
1807 3021 1902 3060 viget.
1926 3021 1967 3051 Et
1981 3021 2045 3052 hoc
2060 3020 2161 3052 modo
2181 3022 2350 3062 poenitens
2365 3031 2433 3053 non
2450 3027 2498 3053 est

1433 3065 1494 3095 nisi
1516 3064 1671 3095 sollicitus
1700 3063 1740 3095 ad
1761 3074 1820 3105 per
1841 3065 1984 3105 seipsum
2006 3065 2273 3096 satisfaciendum.
2309 3066 2396 3096 Cum
2419 3076 2495 3106 ergo

1434 3108 1558 3145 dicitur,
1582 3118 1657 3139 vere
1673 3109 1920 3149 poenitentibus,
1944 3110 2005 3140 nisi
2027 3109 2189 3149 superflue
2212 3119 2269 3140 seu
2285 3109 2325 3140 ad
2339 3111 2496 3141 maiorem

1435 3153 1672 3193 expressionem
1695 3153 1879 3193 appositum
1902 3153 1942 3183 sit
1964 3153 1997 3194 ly
2019 3163 2102 3188 vere,
2131 3153 2262 3184 denotat
2283 3154 2496 3194 indulgentias

1433 3207 1501 3227 non
1525 3197 1681 3237 consequi
1703 3197 1905 3237 poenitentes
1920 3198 2126 3238 negligentes,
2143 3198 2199 3229 sed
2214 3199 2416 3238 poenitentes
2431 3199 2496 3229 sol-

1433 3241 1552 3277 licitos,
1583 3242 1640 3280 qui
1663 3241 1722 3271 soli
1746 3246 1820 3271 sunt
1840 3251 1915 3272 vere
1937 3242 2156 3282 poenitentes,
2180 3241 2378 3282 significante
2400 3244 2495 3283 parti-

1434 3285 1519 3325 cipio
1543 3290 1651 3315 actum
1673 3285 1870 3325 poenitendi,
1895 3287 1951 3326 qui
1973 3295 2040 3317 non
2055 3287 2216 3317 invenitur
2231 3286 2317 3326 apud
2332 3287 2495 3327 negligen-

1433 3334 1490 3365 tes,
1514 3329 1571 3359 sed
1594 3329 1680 3369 apud
1703 3329 1868 3360 sollicitos.

1489 3372 1687 3403 Manifestius
1711 3383 1844 3414 quoque
1876 3373 2026 3405 suadetur
2048 3375 2111 3405 hoc
2134 3374 2220 3406 idem
2247 3384 2285 3406 ex
2309 3375 2372 3405 alio
2395 3376 2494 3406 verbo

1434 3416 1577 3448 eiusdem
1608 3417 1748 3453 formae,
1780 3427 1855 3448 cum
1879 3417 2011 3455 dicitur,
2041 3419 2080 3450 de
2104 3419 2255 3450 iniunctis
2275 3419 2493 3459 poenitentiis.

1434 3461 1569 3492 Constat
1585 3462 1671 3492 enim
1687 3462 1902 3493 communiter
1917 3463 2093 3503 quemlibet
2108 3464 2328 3503 poenitentem
2348 3469 2494 3504 paratum

2527 1041 2539 1051 ·
2557 1039 2651 1062 Sallust.
2668 1039 2743 1061 Cata-

2527 1066 2600 1089 Iinar.
2616 1072 2667 1094 cap.
2683 1073 2723 1088 xx.

2528 1347 2742 1375 ‘Matth.cap.xxnr,

2527 1380 2588 1396 vers.
2601 1381 2626 1400 4.

2527 2100 2538 2110 ·
2545 2099 2618 2120 Arist.
2627 2099 2647 2121 11
2654 2098 2740 2125 Ethic„

2527 2131 2646 2174 33:1‚11-15.
2652 2136 2662 2141 -
2669 2125 2740 2148 S.'rh.

2525 2231 2536 2240 ¹
2551 2228 2587 2250 cf.
2604 2234 2674 2256 supra
2694 2228 2714 2256 Q
2733 2245 2738 2251 .

2526 2255 2556 2276 de
2564 2255 2645 2277 Causa
2659 2255 2717 2276 Indu
2729 2266 2741 2271 -

2523 2286 2589 2309 gen„
2608 2283 2706 2310 quaesit.
2722 2288 2738 2308 1,

2526 2314 2590 2330 nuru.
2605 2314 2621 2335 1,
2637 2308 2675 2330 fin.
