2918 4088
782 172 852 208 DE
881 171 1294 210 DELECTATIONE
1321 172 1545 210 MOROSA
1572 171 1798 208 TRIPLEX
1826 170 2025 208 DUBIUM

1151 370 1396 413 TERTIUM
1426 369 1654 411 DUBIUM

2421 171 2493 219 375

1868 362 1921 415 ἓ

755 482 817 513 AN
840 482 1129 514 VOLUNTARIA
1151 481 1434 513 DELECTATIO
1458 482 1516 512 DE
1539 481 1637 512 VISA
1658 480 1834 512 PULCRA
1857 479 2052 511 MULIERE

578 526 644 558 SIT
670 526 978 558 COMPUTANDA
1001 526 1134 558 INTER
1156 526 1362 557 PECCATA
1385 525 1615 557 MORTALIA
1637 523 1990 556 DELECTATIONIS
2014 523 2225 554 MOROSAE

372 654 487 675 aarum
522 650 584 681 est,
615 655 656 675 an
685 645 864 676 voluntaria
899 643 1066 674 delectatio
1097 642 1137 674 de
1167 643 1234 674 visa
1268 644 1379 684 pulcra

314 656 506 720 Tmuliere
533 690 573 720 sit
600 688 819 729 computanda
847 689 930 719 inter
959 692 1092 728 peccata
1117 687 1263 718 mortalia
1293 687 1379 718 dele-

312 733 461 764 ctationis
483 741 642 764 morosae.

367 777 408 808 Et
432 782 479 808 est
500 777 580 812 ratio
605 776 704 813 dubii,
728 776 804 816 quIa
825 775 927 806 simile
947 774 1071 806 videtur
1086 774 1243 806 iudicium
1267 774 1306 805 de
1323 775 1377 806 de-

310 821 482 852 lectatione
505 821 610 851 omnis
633 830 754 860 sensus.
778 818 841 851 Sed
863 819 1042 850 voluntaria
1065 819 1233 850 delectatio
1249 819 1377 850 demu-

310 865 386 896 liere
410 870 493 895 tacta
515 869 637 905 spectat
659 863 698 895 ad
721 863 967 895 delectationem
990 873 1164 895 morosam.
1187 863 1273 904 Ergo
1291 869 1322 894 et
1337 863 1376 894 de

310 918 386 939 v1sa.

365 952 403 983 11.
426 952 478 983 Ad
501 953 564 983 hoc
587 951 702 983 dicitur
725 951 829 992 quod,
854 961 930 983 cum
952 952 1040 983 nulla
1063 953 1200 983 sensatio
1225 952 1376 982 naturalis

310 997 351 1027 sit
374 996 553 1028 secundum
576 1006 610 1027 se
638 1001 826 1037 peccatum,
855 997 1009 1037 quoniam
1038 1002 1085 1028 est
1114 1007 1132 1027 a
1154 1001 1266 1027 natura
1289 997 1374 1037 ipsa,

310 1050 387 1072 cum
411 1045 630 1081 consequente
654 1039 876 1077 delectatione,
899 1041 1014 1081 procul
1031 1040 1141 1078 dubio,
1157 1041 1218 1071 nisi
1232 1041 1375 1071 mulieris

309 1085 396 1116 visus
419 1090 474 1116 aut
496 1090 599 1116 tactus
622 1085 662 1115 sit
683 1085 859 1116 mortaliter
881 1085 995 1122 malus,
1012 1084 1180 1116 delectatio
1195 1085 1375 1116 voluntaria

309 1128 350 1160 de
372 1130 442 1170 ipsa
463 1130 530 1160 visa
552 1134 607 1160 aut
629 1134 712 1160 tacta
733 1139 802 1159 non
826 1134 873 1160 est
894 1129 988 1160 mala.
1018 1129 1140 1160 Verum
1169 1130 1251 1160 inter
1272 1134 1375 1160 tactus

310 1178 343 1204 et
365 1173 444 1204 alios
466 1183 578 1205 sensus
601 1179 658 1210 est,
683 1173 791 1214 quoad
812 1174 1032 1214 propositum,
1057 1173 1232 1204 differentia
1254 1174 1288 1204 in
1310 1174 1374 1204 hoc

310 1217 403 1259 quod
423 1218 510 1248 visus
533 1217 675 1249 mulieris
697 1218 842 1258 pulcrae,
872 1217 1051 1248 secundum
1074 1219 1215 1258 seipsum
1239 1217 1375 1249 delecta-

309 1261 392 1299 bilis,
416 1271 485 1293 non
509 1267 556 1293 est
577 1261 767 1293 libidinosus
789 1262 851 1292 nisi
875 1272 912 1293 ex
927 1267 1017 1302 parte
1031 1261 1167 1293 videntis
1190 1261 1230 1293 ad
1252 1262 1375 1293 malum

310 1305 494 1337 ordinetur:
525 1311 628 1342 tactus
652 1311 760 1337 autem
790 1316 848 1347 per
870 1306 980 1337 oscula
1006 1311 1038 1337 et
1056 1307 1240 1347 amplexus,
1269 1311 1305 1337 ut
1328 1312 1375 1338 est

287 1378 290 1379 γ
309 1349 490 1383 secundum
513 1351 634 1382 tactum
657 1351 754 1381 talem
777 1350 980 1387 delectabilis,
1005 1356 1052 1381 est
1069 1350 1268 1387 libidinosus,
1292 1351 1375 1382 sicut

311 1399 344 1426 et
359 1395 561 1432 concubitus,
577 1396 639 1426 nisi
655 1395 798 1435 coniugii
812 1395 901 1426 bono
917 1395 1114 1425 honestetur.
1135 1394 1300 1433 Quoniam
1319 1394 1374 1425 de-

308 1438 438 1470 lectatio
453 1439 609 1470 sensibilis
624 1439 803 1470 secundum
819 1438 981 1480 quendam
995 1443 1127 1475 tactum,
1143 1439 1264 1470 scilicet
1279 1448 1374 1470 oscu-

308 1483 427 1520 lorum,
451 1483 660 1524 amplexuum
683 1489 715 1514 et
736 1482 932 1520 huiusmodi,
956 1488 1004 1514 est
1025 1483 1204 1514 secundum
1227 1492 1260 1513 se
1283 1493 1303 1513 a
1316 1493 1373 1514 na-

308 1532 380 1558 tura
402 1527 548 1559 ordinata
569 1527 610 1559 ad
631 1537 783 1558 venerea:
808 1527 976 1558 delectatio
999 1532 1108 1558 autem
1130 1527 1216 1558 visus
1238 1536 1306 1558 non
1326 1532 1374 1558 est

309 1571 490 1603 secundum
511 1581 546 1603 se
568 1571 609 1603 ad
630 1572 695 1603 hoc
717 1570 871 1602 ordinata.
898 1571 984 1602 Hinc
1007 1571 1094 1602 enim
1116 1570 1153 1601 fit
1175 1576 1212 1601 ut
1233 1571 1300 1607 illa,
1329 1571 1371 1601 ob

307 1615 412 1654 solam
425 1615 671 1647 delectationem
687 1616 863 1652 exercitata,
875 1616 939 1646 sint
952 1614 1138 1646 libidinosa:
1161 1615 1248 1645 visus
1263 1619 1372 1646 autem

307 1659 451 1692 minime.
485 1659 528 1691 Et
548 1665 735 1702 propterea,
764 1660 848 1690 sicut
869 1658 1026 1690 sensibilis
1049 1658 1218 1690 delectatio
1241 1659 1371 1690 osculo-

1432 654 1521 681 rum,
1547 650 1625 681 etc.‚
1650 649 1736 675 extra
1763 643 1951 683 coniugium
1978 642 2088 673 illicita
2118 648 2182 679 est,
2207 648 2238 673 et
2260 641 2439 673 secundum
2463 652 2496 674 se

1431 688 1584 725 mortalis,
1610 693 1648 718 ut
1669 689 1704 718 in
1727 686 1975 718 Commentariis
1997 686 2217 727 praecedentis
2239 687 2327 717 Libri
2342 688 2359 703 ³
2382 686 2496 717 diffuse

1431 731 1627 762 declaratum
1656 737 1721 768 est;
1752 732 1796 761 ita
1825 730 2005 761 voluntaria
2034 730 2203 761 delectatio
2239 730 2279 761 de
2309 730 2497 762 huiusmodi

1431 777 1587 816 cogitatis,
1610 775 1744 806 mortale
1766 780 1937 815 peccatum
1961 780 2007 805 est
2030 774 2250 805 delectationis
2271 784 2430 806 morosae.
2455 775 2496 806 Et

1430 829 1488 860 per
1511 820 1710 860 oppositum,
1727 819 1804 859 quia
1822 818 1930 850 videre
1952 819 2121 849 mulierem
2136 819 2282 859 pulcram
2300 828 2368 849 non
2385 824 2432 850 est
2446 829 2495 850 se-

1431 863 1575 894 eundum
1590 873 1624 894 se
1640 863 1823 894 ordinatum
1839 863 1879 894 ad
1893 872 2039 899 venerea,
2055 862 2130 893 ideo
2147 863 2373 894 delectabiliter
2389 862 2496 894 videre

1429 908 1598 938 mulierem
1613 908 1759 948 pulcram
1775 917 1813 938 ex
1829 917 1888 938 suo
1907 916 2025 948 genere
2040 907 2167 938 nullum
2184 913 2231 938 est
2246 913 2426 948 peccatum.
2446 908 2495 938 Ac

1429 961 1486 992 per
1508 952 1582 988 hoc,
1602 951 1829 982 delectabiliter
1845 953 1983 992 cogitare
2000 950 2040 982 de
2054 952 2121 982 visa
2138 952 2274 983 muliere
2295 952 2417 992 pulcra,
2433 952 2495 983 nisi

1429 997 1534 1027 otiose
1556 996 1608 1027 vel
1631 997 1674 1026 ob
1697 996 1820 1027 malum
1842 995 1907 1032 fiat,
1923 1001 2093 1036 peccatum
2115 996 2243 1027 nullum
2266 1001 2322 1027 est.

1483 1040 1525 1071 Et
1540 1041 1620 1071 haec
1636 1040 1779 1071 similiter
1793 1041 1811 1057 θ
1826 1040 1968 1080 intellige
1984 1039 2024 1071 de
2038 1040 2226 1071 huiusmodi
2241 1041 2363 1071 actibus
2379 1050 2493 1071 secun-

1429 1084 1508 1116 dum
1530 1094 1573 1115 se.
1598 1085 1682 1115 Nam
1705 1084 1883 1115 secundum
1906 1094 2029 1115 annexa
2050 1084 2202 1125 pericula,
2221 1083 2431 1115 iudicandum
2447 1089 2494 1115 est

1427 1129 1516 1160 iuxta
1538 1138 1679 1160 canones
1701 1129 1920 1169 periculorum
1936 1129 1968 1159 ἢ
1993 1128 2087 1159 multi
2110 1129 2196 1159 enirn
2213 1138 2251 1160 ex
2267 1134 2398 1170 aspectu
2420 1138 2493 1160 mu-

1428 1173 1543 1204 lierum
1567 1178 1766 1210 corruerunt,
1790 1178 1826 1204 ut
1848 1178 1935 1214 patet
1959 1172 1998 1204 de
2021 1173 2124 1204 David
2139 1174 2166 1210 ³,
2184 1178 2243 1204 etc.

1484 1261 1532 1292 Er
1548 1271 1630 1292 nanc
1646 1271 1825 1292 surrrcnmr
1841 1271 1900 1302 pro
1917 1262 1981 1292 hoc
1992 1261 2074 1292 libro
2091 1270 2187 1302 super
2198 1261 2307 1291 Tertia
2321 1260 2413 1291 Parte
2429 1260 2495 1292 divi

1429 1305 1592 1336 Thomae:
1615 1315 1652 1336 ac
1666 1315 1725 1346 per
1739 1306 1813 1342 hoc,
1829 1315 1889 1346 pro
1907 1305 2154 1336 Commentariis
2170 1305 2299 1345 integris
2314 1314 2411 1345 super
2425 1310 2495 1336 tota

1429 1349 1563 1381 Summa
1586 1350 1743 1381 eiusdem:
1768 1349 1808 1381 ad
1831 1350 1965 1390 gloriam
1984 1351 2018 1380 in
2039 1350 2150 1390 primis
2173 1349 2406 1389 omnipotentis
2421 1350 2492 1386 Dei,

1428 1394 1544 1425 deinde
1559 1395 1659 1434 ipsius
1675 1394 1740 1424 divi
1752 1394 1909 1430 Thomae,
1925 1394 2095 1424 utilitatem
2110 1399 2218 1424 autem
2233 1394 2413 1430 Ecclesiae;
2433 1394 2492 1424 sub

1428 1439 1629 1469 correctione
1653 1438 1787 1469 Sanctae
1805 1438 1895 1470 Sedis
1909 1438 2127 1479 Apostolicae‚
2150 1438 2184 1468 in
2208 1447 2273 1478 qua
2294 1447 2383 1468 nunc
2405 1437 2495 1469 sedet

1428 1483 1496 1513 Leo
1527 1482 1681 1512 Decimus
1703 1482 1854 1513 Pontifex
1876 1482 2035 1513 Maximus
2050 1483 2078 1519 ὓ,
2095 1483 2148 1513 cui
2171 1487 2203 1512 et
2225 1482 2341 1523 scripta
2364 1487 2396 1512 et
2417 1483 2493 1513 scri-

1427 1525 1532 1557 benda
1555 1527 1664 1557 omnia
1687 1526 1843 1557 submissa
1865 1536 1991 1567 semper
2014 1536 2082 1557 esse
2104 1526 2192 1557 volo.

1480 1571 1616 1606 Romae,
1632 1570 1683 1601 die
1706 1570 1946 1610 undevigesima
1968 1570 2165 1607 Decembris,
2189 1580 2275 1601 anno
2295 1569 2494 1608 Christianae

1426 1614 1542 1645 Salun's
1564 1614 1735 1645 millesimo
1766 1615 2024 1655 quingentesimo
2048 1615 2222 1654 vigesimo,
2252 1615 2361 1646 aetatis
2385 1619 2494 1645 autem

1425 1668 1516 1689 meae
1540 1657 1964 1699 quinquagesimosecundo.
1988 1658 2092 1689 Amm.

2522 691 2532 701 ·
2542 690 2588 718 Qu.
2596 696 2654 718 cuv,
2663 694 2705 713 art.
2711 698 2737 718 4.

2519 1049 2531 1060 ·
2551 1048 2588 1070 Cf.
2610 1047 2708 1070 dubium

2519 1074 2636 1123 graecari„
2642 1081 2707 1097 num.

2518 1217 2580 1233 vers.
2596 1217 2608 1232 2
2624 1217 2676 1239 sqq.

2519 1489 2531 1499 ·
2537 1487 2574 1509 Cf.
2582 1482 2656 1509 Pr'aef.
2666 1487 2694 1509 ad
2702 1488 2736 1509 m

2519 1514 2612 1535 Partem
2617 1513 2737 1536 Editionis

2519 1541 2589 1562 huius
2603 1540 2721 1563 Leouinne
2727 1558 2734 1569 ‚

2519 1573 2574 1595 pag.
2586 1573 2653 1589 mu.
