2918 4088
963 202 1226 250 QUAESTIO
1255 200 1432 247 LXXIV,
1461 198 1752 236 ARTICULUS
1780 200 1794 236 I
2391 201 2459 247 145

665 456 1075 534 QUAESTIO
1113 450 2096 527 SEPTUAGESIMAQUARTA

860 575 943 616 DE
975 573 1253 615 MATERIA
1285 570 1473 613 HUIUS
1506 570 1901 612 SACRAMENTI

0 679 9 726 ἶ
32 703 37 707 -
1109 688 1144 713 m
1173 687 1272 713 ocro
1299 687 1501 713 ARTICULOS
1532 686 1645 712 mvtsA

1460 790 1612 827 Tertio:
1649 797 1781 827 utrum
1815 789 1974 827 materia
2008 790 2124 827 huius
2162 791 2387 828 sacramenti
2423 791 2469 828 sit

1513 849 1624 899 panis
1651 849 1828 887 triticeus.

1464 910 1634 956 Quarto:
1664 917 1796 946 utrum
1825 908 1870 946 sit
1897 909 2008 959 panis
2036 922 2206 959 azymus,
2227 912 2289 947 vel
2307 911 2470 948 fermen-

1514 976 1624 1006 tatus.

1463 1028 1629 1075 Quinto:
1668 1036 1800 1065 utrum
1835 1028 1993 1065 materia
2024 1028 2140 1066 huius
2172 1029 2397 1066 sacramenti
2425 1029 2470 1066 sit

1515 1087 1653 1124 vinum
1681 1087 1728 1124 de
1756 1088 1843 1125 vite.

378 807 484 832 EINDE
519 793 843 832 considerandum
876 799 932 829 est
963 792 1012 829 de
1041 791 1201 828 materia
1237 790 1354 828 huius

118 859 171 903 ἀφ’·
185 859 267 880 mm·
296 805 604 888 Dsacramenti
623 846 654 883 ²¹².
684 847 732 883 Et
758 845 898 895 primo,
926 845 974 882 de
1001 843 1126 893 specie
1153 843 1352 889 materiae;

294 901 477 946 secundo,
506 900 554 936 de
582 898 834 937 conversione
861 897 971 947 panis
991 904 1027 934 et
1044 896 1125 934 vini
1153 896 1192 933 in
1214 909 1355 946 corpus

295 952 434 990 Christi
447 952 483 998 *ς
499 951 619 997 tertio,
631 952 679 988 de
694 951 815 988 modo
830 949 1014 987 existendi
1029 949 1200 999 corporis
1216 955 1232 971 ²
1249 949 1354 987 Chri-

294 1005 339 1042 sti
367 1005 407 1042 in
432 1005 507 1042 hoc
533 1012 771 1042 sacramento
790 1003 828 1050 *ς
859 1010 1007 1053 quarto,
1029 1003 1076 1040 de
1096 1002 1354 1040 accidentibus

292 1058 403 1108 panis
423 1065 459 1095 et
476 1057 556 1094 vini
575 1069 675 1106 quae
694 1056 734 1094 in
753 1058 828 1094 hoe
847 1064 1085 1094 sacramento
1110 1064 1309 1093 remanent
1322 1055 1353 1092 ²¹⁶.

53 854 117 904 {a

295 1110 406 1148 Circa
432 1110 604 1160 primum
632 1117 871 1160 quaeruntur
898 1117 997 1147 octo.

346 1163 498 1201 Pfimo:
537 1171 669 1201 utrum
702 1163 813 1212 panis
848 1170 884 1201 et
915 1163 1054 1200 vinum
1091 1162 1164 1199 sint
1198 1162 1355 1200 materia

400 1216 516 1254 huius
544 1215 782 1254 sacramenti.

349 1270 549 1307 Secundo:
570 1277 702 1307 utrum
716 1269 765 1306 ad
780 1269 980 1306 materiam
995 1268 1110 1306 huius
1130 1267 1356 1306 sacramenti

400 1322 615 1373 requiratur
642 1322 892 1372 determinata
919 1321 1119 1371 quantitas.

1463 1147 1598 1184 Sexto:
1628 1155 1759 1184 utrum
1788 1147 1832 1184 sit
1859 1147 2107 1185 admiscenda
2134 1160 2245 1197 aqua.

1463 1206 1656 1256 Septimo:
1686 1215 1817 1244 utrum
1846 1220 1947 1256 aqua
1974 1207 2020 1244 sit
2048 1208 2095 1244 de
2114 1207 2334 1245 necessitate
2354 1208 2470 1246 huius

1516 1264 1753 1302 sacramenti.

1465 1322 1633 1359 Octavo:
1664 1322 1712 1359 de
1741 1322 1947 1371 quantitate
1976 1335 2099 1372 aquae
2127 1335 2226 1372 quae
2252 1323 2468 1372 apponitur.

1107 1441 1426 1483 ARTICULUS
1456 1441 1662 1483 PRIMUS

722 1535 879 1566 UTRUM
903 1535 1101 1566 MATERIA
1124 1534 1257 1566 HUIUS
1280 1499 1562 1566 SACRAMENTI
1586 1535 1653 1566 SIT
1676 1535 1799 1566 PANIS
1822 1536 1880 1566 ET
1904 1537 2045 1567 VINUM

379 1613 413 1639 1v
433 1613 515 1643 Sent„
536 1613 594 1638 dist.
611 1620 646 1644 11,
665 1620 709 1645 qu.
728 1620 756 1642 ιι,
774 1618 820 1638 art.
841 1619 864 1642 ι,
883 1613 933 1645 qu⁸
955 1620 978 1644 1,
999 1620 1028 1643 23
1048 1613 1082 1638 lv
1103 1614 1180 1638 Cont-
1203 1614 1291 1642 Gent„
1310 1621 1366 1646 cap.
1385 1620 1441 1644 1115
1461 1613 1503 1638 De
1521 1613 1644 1638 Sacram.
1662 1614 1758 1643 Altar„
1778 1622 1833 1646 cap.
1851 1622 1885 1644 1x,
1903 1622 1973 1645 n1x;
1994 1614 2002 1638 I
2021 1615 2058 1639 ad
2079 1616 2148 1645 Cor„
2168 1623 2223 1648 cap.
2241 1617 2345 1647 x1‚lect.
2363 1625 2388 1642 v-

346 1788 350 1797 ἱ
403 1746 475 1805 ,sla
505 1742 666 1780 materia
693 1743 809 1780 huius
829 1743 1055 1781 sacramenti
1084 1755 1165 1780 non
1185 1744 1231 1781 sit
1248 1742 1359 1794 panis

360 1794 383 1843 ζ
409 1795 431 1841 ζ
453 1803 544 1838 (et
561 1795 711 1833 vinum.
740 1796 827 1833 Hoc
847 1795 951 1834 enim
970 1805 1255 1834 sacramentum
1273 1809 1358 1846 per-

351 1843 447 1884 3⁶⁴³>
463 1843 639 1886 fectius
663 1845 784 1887 'debet
821 1857 1104 1899 repraesentare
1137 1850 1359 1900 passionem

296 1902 436 1941 Christi
455 1914 575 1952 quam
593 1910 831 1940 sacramenta
848 1903 986 1940 veteris
1006 1903 1106 1952 legis.
1131 1903 1208 1941 Sed
1226 1915 1359 1940 carnes

295 1955 534 2003 animalium,
563 1967 663 2005 quae
686 1964 792 1993 erant
811 1956 969 1994 materia
987 1955 1003 1986 β
1031 1963 1360 1994 sacramentorum

294 2009 433 2048 veteris
451 2009 554 2058 legis,
584 2009 798 2059 expressius
826 2017 1111 2060 repraesentant
1138 2009 1359 2059 passionem

297 2062 438 2101 Christi
456 2074 577 2112 quam
594 2062 705 2112 panis
720 2070 756 2099 et
769 2062 918 2100 vinum.
946 2064 1048 2112 Ergo
1068 2062 1227 2100 materia
1245 2062 1361 2099 huius

295 2115 523 2155 sacramenti
550 2115 671 2164 magis
699 2115 840 2152 debent
867 2128 949 2153 esse
978 2128 1110 2154 earnes
1136 2115 1361 2153 animalium

296 2181 418 2220 quam
445 2168 555 2218 panis
583 2176 620 2205 et
646 2168 796 2206 vinum.

352 2233 387 2259 2.
422 2223 655 2268 PRAETEREA‚
694 2223 771 2259 hoc
805 2229 1090 2259 sacramentum
1125 2229 1180 2259 est
1216 2221 1360 2271 ubique

297 2276 583 2314 celebrandum.
615 2274 692 2313 Sed
720 2274 759 2312 in
787 2275 916 2312 multis
935 2274 1042 2312 terris
1070 2286 1151 2311 non
1170 2274 1363 2312 invenitur

296 2329 418 2380 panis,
447 2336 484 2366 et
511 2327 550 2365 in
578 2328 707 2365 multis
725 2333 741 2357 Υ
769 2340 849 2365 non
872 2327 1064 2365 invenitur
1081 2327 1229 2364 vinum.
1260 2329 1361 2376 Ergo

297 2381 408 2432 panis
431 2389 467 2419 et
485 2381 623 2426 vinum
642 2393 722 2419 non
742 2389 797 2418 est
815 2381 1050 2418 conveniens
1069 2381 1228 2418 materia
1246 2381 1362 2418 huius

299 2434 536 2473 sacramenti.

355 2488 389 2525 3.
410 2489 643 2535 PRAETEREA,
663 2487 739 2525 hoc
757 2495 1042 2524 sacramentum
1061 2486 1243 2536 competit
1262 2486 1363 2524 sanis

301 2548 338 2579 et
356 2540 529 2578 infirmis.
551 2539 629 2578 Sed
647 2539 785 2577 vinum
804 2548 916 2577 nocet
935 2540 1170 2590 quibusdam
1189 2539 1361 2577 infirmis.

301 2595 404 2642 Ergo
431 2593 583 2631 videtur
610 2593 718 2642 quod
745 2593 882 2630 vinum
909 2606 991 2631 non
1015 2593 1152 2630 debeat
1181 2605 1262 2630 esse
1282 2606 1363 2630 ma-

300 2647 394 2684 teria
421 2646 538 2683 huius
566 2645 803 2683 sacramenti.

356 2700 430 2738 SED
459 2711 604 2736 CONTRA
627 2706 682 2735 est
710 2699 817 2748 quod
840 2699 1056 2736 Alexander
1082 2699 1188 2748 Papa
1206 2698 1226 2720 ’¹‘
1253 2698 1362 2736 dicit:

302 2755 348 2790 In
380 2758 700 2790 sacramentorum
737 2752 980 2789 oblationibus
1007 2753 1120 2801 panis
1153 2757 1295 2788 tantum
1333 2758 1366 2789 et

264 2805 274 2837 ’-
300 2807 430 2844 vinum
458 2818 556 2855 aqua
578 2806 810 2855 permixtum
838 2805 875 2841 in
900 2805 1125 2852 sacrificium
1145 2803 1363 2852 offerantur.

355 2859 580 2896 RESPONDEO
603 2869 785 2895 DICENDUM
813 2857 921 2907 quod
949 2856 1047 2894 circa
1064 2856 1264 2894 materiam
1294 2858 1365 2894 hu-

301 2911 362 2949 ius
403 2910 629 2948 sacramenti
670 2910 787 2960 aliqui
828 2909 1085 2960 multipliciter
1129 2917 1364 2947 erraverunt.

303 2963 476 3012 Quidam
504 2963 620 3010 enim,
651 2963 718 3013 qui
746 2963 926 3000 dicuntur
951 2963 1192 3011 Artotyritae,
1222 2969 1264 2999 ut
1287 2963 1366 2999 Au-

268 3041 274 3048 ·
301 3017 475 3067 gustinus
503 3016 602 3063 dicit,
632 3016 672 3053 in
700 3016 797 3053 libro
825 3017 870 3053 de
896 3017 1126 3053 Haeresibus
1143 3015 1175 3062 ²⁸,
1205 3014 1367 3064 offerunt

301 3082 438 3120 panem
466 3076 500 3107 et
527 3082 675 3107 caseum
708 3069 747 3106 in
775 3070 851 3106 hoc
879 3076 1129 3114 sacramento,
1158 3068 1316 3105 dicentes
1343 3081 1366 3105 a

297 3125 432 3174 primis
459 3124 668 3160 hominibus
695 3123 896 3160 oblationes
924 3122 969 3158 de
991 3122 1173 3169 fructibus
1191 3126 1314 3158 terrae
1334 3127 1367 3158 et

304 3178 428 3215 ovium
445 3177 568 3224 fuisse
594 3176 807 3213 celebratas.
837 3198 862 3202 —
890 3174 963 3212 Alii
990 3186 1096 3222 vero,
1127 3173 1266 3211 scilicet
1294 3173 1366 3211 Ca-

269 3250 276 3261 ,
303 3229 511 3279 taphrygae
546 3236 583 3266 et
618 3227 826 3278 Pepuziani
848 3228 885 3275 ²¹²,
915 3228 960 3265 de
987 3228 1138 3276 infantis
1169 3229 1366 3277 sanguine,

305 3294 413 3333 quem
450 3282 495 3319 de
530 3288 604 3319 toto
641 3283 719 3319 eius
749 3294 909 3331 corpore
943 3282 1092 3317 minutis
1120 3281 1366 3330 punctionum

358 3412 386 3483 αξ
405 3414 534 3446 corporis.
546 3427 567 3433 —·
577 3421 674 3446 corpus
687 3421 780 3438 omnes
793 3411 822 3447 (a
834 3413 907 3446 ponit
918 3419 1015 3445 corpus
1031 3412 1131 3437 Gnristi
1142 3417 1201 3436 ante
1213 3410 1368 3445 existendi).

359 3447 374 3482 β
403 3449 528 3474 materia.
544 3463 564 3468 —-
581 3449 716 3480 EGHabc;
740 3449 871 3474 animalia
894 3448 970 3477 ABC,
994 3455 1047 3472 om.
1073 3448 1103 3477 D,
1129 3447 1258 3472 materiae
1283 3447 1318 3477 1³3
1338 3447 1369 3471 Fl

305 3484 408 3545 {0⁶52ss
421 3484 487 3553 5ἕῖ
491 3484 623 3510 animalia
641 3485 728 3510 occisa
746 3491 814 3517 quae
832 3483 1012 3517 offerebantur
1031 3483 1057 3508 in
1077 3481 1115 3517 (in
1133 3491 1186 3508 om.
1199 3482 1219 3517 1)
1238 3482 1370 3515 sacrificio

447 3572 558 3597 Suum
576 3571 677 3597 Tutor..
690 3571 722 3597 D.
740 3571 856 3596 Tuom:
875 3571 907 3597 T.
926 3571 967 3597 lX.

430 1716 481 1754 13<
505 1703 528 1728 n
557 1702 692 1727 PmMUM
720 1702 773 1727 sm
797 1702 1034 1728 PROCEDITUR.
1063 1690 1225 1728 Videtur
1252 1691 1359 1740 quod
1383 1690 1387 1742 Ι
1411 1692 1624 1729 vulneribus
1658 1698 1896 1741 extorquent,
1935 1694 2042 1742 quasi
2073 1695 2332 1732 eucharistiam
2366 1708 2473 1732 suam

1412 1745 1597 1793 conficere
1624 1746 1887 1794 perhibentur,
1925 1746 2112 1783 miscendo
2136 1744 2149 1768 δ
2184 1759 2268 1784 eum
2295 1748 2472 1795 farinae,

1406 1810 1548 1847 panem
1568 1798 1653 1834 inde
1659 1798 1856 1846 facientes.
1885 1820 1911 1824 -
1940 1798 2110 1846 Quidam
2130 1812 2234 1847 vero,
2255 1800 2322 1850 qui
2341 1800 2473 1838 dicun-

1413 1858 1475 1888 tur
1502 1850 1672 1900 Aquarii,
1697 1863 1840 1900 aquam
1860 1852 1993 1899 solam,
2014 1852 2086 1889 sub
2106 1853 2232 1902 specie
2251 1853 2473 1901 sobrietatis,

1413 1904 1452 1941 in
1481 1905 1557 1941 hoc
1585 1911 1824 1941 sacramento
1853 1904 2021 1942 offerunt
2039 1904 2069 1941 ²¹².

1469 1957 1617 1995 Omnes
1645 1964 1775 1994 autem
1797 1956 1838 1994 hi
1858 1969 2017 2004 errores,
2038 1966 2074 1995 et
2093 1957 2246 2007 simileS,
2267 1960 2475 1998 excludun—

1413 2018 1476 2047 tur
1511 2022 1581 2060 per
1615 2010 1691 2047 hoc
1728 2010 1835 2059 quod
1874 2010 2047 2048 Christus
2081 2012 2158 2048 hoc
2192 2020 2475 2051 sacramentum

1415 2063 1487 2100 sub
1529 2063 1655 2112 specie
1696 2062 1806 2112 panis
1847 2071 1883 2100 et
1916 2063 1996 2100 vini
2033 2063 2206 2111 instituit,
2245 2064 2341 2102 sicut
2373 2074 2476 2115 patet

1414 2117 1549 2153 Matth.
1570 2128 1653 2153 xxw
1671 2115 1702 2152 *.
1732 2116 1844 2153 Unde
1871 2115 1982 2165 panis
2002 2124 2038 2153 et
2055 2116 2192 2154 vinum
2211 2110 2299 2155 s‘unt
2317 2118 2476 2156 materia

1415 2169 1650 2206 conveniens
1678 2168 1794 2205 huius
1822 2169 2059 2206 sacramenti.
2094 2170 2142 2207 Et
2169 2170 2246 2207 hoc
2273 2171 2476 2209 rationabi-

1415 2222 1508 2260 liter.
1548 2221 1678 2259 Primo
1714 2221 1891 2270 quidem,
1921 2229 2111 2273 quantum
2139 2223 2188 2260 ad
2215 2236 2332 2261 usum
2360 2224 2476 2262 huius

1416 2274 1655 2322 sacramenti,
1675 2274 1742 2323 qui
1761 2282 1816 2311 est
1835 2275 2092 2312 manducatio.
2124 2275 2229 2313 Sicut
2248 2276 2352 2313 enim
2376 2290 2478 2327 aqua

1417 2327 1624 2366 assumitur
1638 2327 1689 2364 *in
1718 2336 1956 2365 sacramento
1984 2327 2162 2378 baptismi
2190 2329 2239 2366 ad
2258 2342 2374 2366 usum
2403 2330 2477 2380 spi-

1417 2380 1559 2419 ritualis
1578 2380 1782 2418 ablutionis
1805 2381 1896 2430 quia
1914 2380 2121 2431 corporalis
2139 2381 2282 2419 ablutio
2302 2394 2477 2420 commu-

1417 2434 1514 2472 niter
1532 2433 1575 2470 fit
1593 2433 1634 2470 in
1653 2446 1764 2483 aqua,
1784 2433 1835 2471 ita
1861 2434 1971 2483 panis
1991 2442 2027 2471 et
2045 2434 2195 2482 vinum,
2215 2434 2357 2484 quibus
2375 2448 2478 2473 com-

1417 2486 1575 2524 munius
1604 2486 1782 2524 homines
1810 2486 2046 2535 reficiuntur,
2075 2495 2325 2525 assumuntur
2343 2487 2383 2525 in
2402 2489 2478 2526 hoc

1418 2546 1656 2578 sacramento
1692 2539 1740 2577 ad
1773 2552 1890 2577 usum
1925 2540 2126 2590 spiritualis
2158 2540 2477 2579 manducationis.

1473 2593 1686 2640 Secundo,
1710 2601 1901 2642 quantum
1929 2593 1977 2630 ad
2004 2593 2226 2643 passionem
2254 2593 2410 2641 Christi,
2439 2594 2479 2631 in

1418 2659 1496 2695 qua
1524 2645 1677 2694 sanguis
1697 2658 1720 2684 a
1739 2658 1900 2696 corpore
1929 2654 1984 2684 est
2012 2654 2218 2696 separatus.
2249 2647 2297 2683 Et
2324 2646 2411 2684 ideo
2439 2647 2480 2684 in

1418 2700 1494 2736 hoc
1513 2706 1764 2746 sacramento,
1794 2699 1901 2748 quod
1929 2707 1984 2736 est
2010 2699 2233 2736 memoriale
2253 2699 2480 2737 Dominicae

1417 2751 1623 2802 passionis,
1660 2764 1836 2789 seorsum
1865 2752 2029 2790 sumitur
2054 2752 2164 2802 panis
2196 2760 2239 2789 ut
2266 2765 2480 2790 sacramen-

1418 2813 1503 2842 tum
1531 2805 1723 2854 corporis,
1759 2813 1795 2842 et
1829 2805 1966 2842 vinum
2001 2809 2043 2842 ut
2076 2813 2359 2842 sacramentum
2396 2817 2480 2842 san-

1418 2857 1553 2906 guinis.

1471 2909 1616 2956 Tertio,
1645 2917 1834 2958 quantum
1863 2910 1911 2947 ad
1931 2910 2111 2947 effectum
2130 2909 2414 2947 consideratum
2441 2909 2480 2946 in

1418 2974 1660 3011 unoquoque
1675 2962 1923 3000 sumentium.
1946 2962 2060 3009 Quia,
2076 2970 2119 2999 ut
2131 2961 2360 2999 Ambrosius
2379 2961 2479 3008 dicit,

1420 3027 1537 3064 super
1564 3014 1775 3064 Epistolam
1803 3015 1854 3052 ad
1882 3016 2090 3052 Corinthios
2108 3015 2139 3061 ²⁸,
2165 3016 2240 3052 hoc
2268 3026 2481 3053 sacramen-

1419 3075 1503 3105 tum
1540 3068 1637 3105 valet
1670 3068 1721 3104 ad
1752 3069 1941 3105 tuitionem
1973 3070 2140 3117 corporis
2174 3074 2207 3104 et
2241 3069 2409 3105 animae:
2446 3075 2482 3105 et

1419 3121 1507 3157 ideo
1536 3133 1626 3157 caro
1649 3121 1786 3158 Christi
1811 3120 1882 3157 sub
1902 3120 2027 3170 specie
2049 3120 2159 3170 panis
2172 3133 2247 3170 pro
2265 3121 2382 3158 salute
2399 3133 2481 3157 cor-

1416 3175 1533 3222 poris,
1553 3175 1707 3223 sanguis
1724 3185 1812 3221 vero
1842 3173 1913 3210 sub
1934 3173 2058 3222 specie
2077 3173 2156 3210 vini
2179 3185 2252 3222 pro
2271 3174 2387 3211 salute
2405 3175 2481 3211 ani-

1421 3239 1506 3264 mae
1534 3225 1690 3275 offertur
1707 3226 1739 3274 ²⁸,
1769 3226 1864 3263 sicut
1892 3226 2027 3264 dicitur
2045 3228 2160 3265 Levit.
2180 3239 2250 3264 xvn
2268 3232 2280 3248 ⁸
2299 3226 2351 3274 *²¹2
2375 3227 2482 3276 quod

1421 3278 1595 3317 animalis
1623 3281 1751 3317 anima
1779 3281 1816 3316 in
1844 3281 2030 3329 sanguine
2056 3285 2117 3317 est.

1475 3410 1502 3444 γ)
1522 3411 1620 3437 multis.
1637 3425 1656 3430 -
1674 3411 1764 3436 multis
1782 3411 1863 3436 terris
1880 3411 1992 3441 EGHbc,
2011 3411 2142 3444 aliquibus
2162 3412 2202 3437 ΡΙ.

1476 3446 1489 3471 δ
1521 3447 1662 3472 miscendo.
1679 3461 1699 3465 -
1717 3447 1854 3472 miscentes
1873 3447 1908 3478 1²3
1927 3454 1974 3480 pro
1987 3454 2096 3479 panem,
2112 3453 2262 3479 panemque
2281 3447 2361 3472 tertia.

1476 3446 1500 3517 εξ
1518 3482 1603 3507 Levit.
1622 3482 1711 3508 XVII.
1728 3497 1747 3501 —
1765 3483 1799 3512 P;
1821 3483 1914 3507 Genes.
1933 3482 1968 3507 X.
1995 3496 2014 3500 —
2042 3482 2092 3506 Pro
2116 3482 2241 3507 animalis
2265 3482 2368 3511 anima,
2391 3482 2481 3507 anima

1423 3518 1547 3544 animalis
1566 3518 1585 3542 F
1605 3523 1630 3542 et
1647 3518 1720 3542 tertia
1739 3523 1840 3551 praeter
1857 3518 1885 3547 P,
1905 3525 1972 3550 quae
1990 3517 2081 3542 anima
2099 3518 2197 3542 carnis.

2309 3576 2340 3602 ¹9

2502 1910 2511 1919 '¹
2525 1908 2620 1930 Haeres.
2637 1914 2698 1930 Lxlv.

2503 2120 2513 2129 ·
2529 2117 2593 2139 Vei-s.
2606 2117 2634 2138 26
2649 2123 2700 2145 sqq.

2509 3019 2519 3028 ⁶
2530 3017 2539 3038 1
2552 3016 2586 3038 ad
2597 3017 2660 3043 Cor„
2670 3023 2720 3045 cap.

2509 3050 2541 3070 xt,
2557 3049 2615 3065 vers.
2632 3050 2667 3065 20.

2509 3176 2519 3186 ·
2540 3174 2576 3196 cf.
2599 3174 2659 3202 Mag.
2686 3174 2721 3196 1v

2507 3201 2585 3228 Sent„
2610 3201 2662 3223 dist.
2686 3206 2720 3227 xl,

2509 3233 2560 3255 cap.
2574 3227 2623 3249 Sed
2636 3233 2718 3255 quare.

2509 3291 2530 3301 ⁸*
2543 3289 2610 3311 Vere.
2627 3295 2660 3315 ¹4.
