2878 4088
85 697 95 705 “
111 693 148 716 Cf.
169 693 222 716 lui.
246 700 299 722 cap.

83 726 298 775 ’ἒὲΐᾈὲῗέηζὶ

86 779 119 796 ¹2.

956 172 1220 220 QUAESTIO
1250 172 1385 219 LXXI,
1409 172 1703 211 ARTICULUS
1732 176 1793 221 Vl,
1814 176 1879 211 VII

326 250 416 291 quod
439 249 479 281 de
502 252 638 281 mortuis
661 251 723 282 dici
746 261 814 282 non
837 257 953 292 potest.
978 252 1019 282 Et
1036 252 1111 282 ideo
1126 261 1195 282 non
1212 256 1258 281 est
1282 250 1394 281 eadem

326 304 420 325 causa
444 295 556 325 orandi
580 305 639 336 pro
663 297 799 326 mortuis
823 302 853 326 et
876 306 935 336 pro
959 297 1048 327 vivis.

381 339 432 369 An
457 349 606 369 QUARTUM
629 350 790 370 memnon
813 340 903 380 quod
925 340 1004 371 illud
1028 340 1223 370 adiutorium
1246 348 1314 369 non
1331 343 1395 369 erat

327 382 416 423 quod
439 392 546 423 poena
569 393 683 414 eorum
708 383 947 420 diminueretur,
964 384 1020 414 sed
1042 385 1076 414 in
1099 384 1163 414 hoc
1186 384 1268 419 solo,
1284 388 1322 413 ut
1336 383 1395 413 ibi-

326 427 400 458 dem
425 427 548 464 dicitur,
567 428 666 468 quod,
683 438 723 459 eo
748 434 869 464 orante,
894 427 1130 459 concedebatur
1153 428 1197 458 eis
1220 433 1256 458 ut
1279 432 1395 458 mutuo

326 481 360 502 se
383 471 545 502 viderent:
574 478 606 503 et
628 473 661 503 in
684 473 747 503 hoc
771 472 903 513 aliquod
926 471 1090 512 gaudium,
1113 482 1182 502 non
1204 481 1317 502 verum
1339 470 1396 501 sed

325 516 579 556 phantasticum,
603 517 773 553 habebant,
798 516 876 547 dum
899 517 1091 557 implebatur
1114 517 1178 547 hoc
1201 515 1291 556 quod
1315 514 1396 545 desi-

326 559 487 591 derabant.
512 560 601 591 Sicut
617 566 648 591 et
663 560 836 591 daemones
859 560 998 601 gaudere
1021 560 1171 591 dicuntur
1194 559 1272 590 dum
1291 559 1396 589 homi—

325 613 383 635 nes
399 604 439 635 ad
454 610 623 645 peccatum
638 605 835 645 pertrahunt,
847 605 993 645 quamvis
1008 613 1066 644 per
1081 605 1144 634 hoc
1161 613 1274 634 eorum
1290 612 1397 643 poena

326 648 509 679 nullatenus
531 649 712 679 minuatur:
738 650 820 679 sicut
842 658 910 679 non
933 649 1089 679 minuitur
1112 647 1300 688 angelorum
1319 656 1396 687 gau-

327 692 417 723 dium
439 703 497 733 per
519 694 583 724 hoc
607 692 698 733 quod
720 693 810 723 malis
835 693 951 723 nostris
975 692 1117 732 compati
1140 691 1290 722 dicuntur
1306 691 1332 720 *ἃ

381 737 432 767 An
458 747 598 767 euru-rim
620 747 781 767 nrcnxnuu
804 736 895 777 quod
911 736 950 767 de
966 736 1052 766 facto
1068 735 1198 765 Traiani
1212 735 1276 765 hoc
1295 734 1395 765 modo

326 786 434 821 potest
455 781 663 822 probabiliter
677 781 851 811 aestimari:
876 779 966 820 quod
980 780 1130 820 precibus
1148 779 1232 809 beati
1249 778 1397 819 Gregorii

327 825 367 856 ad
389 826 488 856 vitam
510 824 606 856 fuerit
631 829 816 860 revocatus,
840 829 872 854 et
893 825 937 854 ita
959 824 1092 864 gratiam
1123 828 1316 854 consecutus
1339 823 1394 858 sit,

325 879 383 910 per
407 879 505 910 quam
527 869 749 899 remissionem
772 874 981 908 peccatorum
1003 868 1124 904 habuit,
1149 872 1180 897 et
1203 877 1260 908 per
1284 876 1397 897 conse-

327 923 430 954 quens
448 913 686 943 immunitatem
702 922 720 942 a
735 921 861 952 poena;
885 913 967 943 sicut
983 913 1079 942 etiam
1096 917 1226 952 apparet
1242 912 1274 942 in
1291 912 1396 941 omni-

326 958 386 988 bus
409 957 470 987 illis
493 957 549 997 qui
573 956 704 987 fuerunt
726 957 918 987 miraculose
942 966 959 986 a
983 957 1119 986 mortuis
1142 956 1292 992 suscitati,
1314 965 1397 996 quo-

325 1010 398 1032 rum
427 1001 535 1041 plures
568 1006 693 1031 constat
724 1000 909 1031 idololatras
942 1006 972 1031 et
1004 1000 1172 1031 damnatos
1204 999 1312 1030 fuisse.
1347 1000 1396 1030 De

326 1045 478 1076 omnibus
508 1046 594 1076 enim
626 1045 770 1076 similiter
801 1044 863 1076 dici
893 1050 1021 1086 oportet
1048 1044 1138 1085 quod
1160 1054 1229 1075 non
1252 1049 1341 1075 erant
1362 1044 1397 1074 in

324 1088 452 1120 inferno
475 1088 611 1120 finaliter
634 1089 787 1130 deputati,
807 1089 864 1120 sed
882 1089 1062 1120 secundum
1084 1094 1285 1130 praesentem
1307 1089 1397 1119 iusti-

324 1134 402 1164 tiam
425 1134 631 1174 propriorum
654 1134 854 1165 meritorum.
879 1133 1066 1165 Secundum
1090 1139 1197 1164 autem
1217 1133 1397 1173 superiores

326 1187 453 1214 causas,
478 1178 596 1218 quibus
626 1177 893 1218 praevidebantur
920 1178 960 1209 ad
982 1179 1081 1209 vitam
1111 1177 1300 1213 revocandi,
1332 1182 1397 1208 erat

325 1223 414 1253 aliter
437 1222 478 1252 de
501 1223 546 1253 eis
569 1222 808 1263 disponendum
823 1223 850 1253 ἦ

380 1267 445 1298 Vel
457 1266 641 1303 dicendum,
658 1266 838 1298 secundum
854 1266 1024 1307 quosdam,
1041 1266 1132 1307 quod
1147 1267 1253 1297 anima
1268 1266 1398 1296 Traiani

325 1320 394 1341 non
417 1310 477 1341 fuit
500 1311 685 1351 simpliciter
706 1321 724 1341 a
746 1316 835 1342 reatu
850 1320 976 1352 poenae
1000 1316 1146 1341 aeternae
1170 1311 1324 1346 absoluta,
1341 1309 1398 1340 sed

327 1355 396 1386 eius
410 1364 519 1396 poena
537 1355 598 1386 fuit
613 1365 767 1396 suspensa
782 1355 822 1387 ad
837 1361 975 1396 tempus,
992 1356 1113 1386 scilicet
1135 1365 1240 1395 usque
1256 1354 1296 1385 ad
1311 1354 1398 1384 diem

326 1399 446 1430 iudicii.
470 1399 539 1430 Nec
562 1405 670 1430 tamen
694 1405 824 1440 oportet
847 1399 937 1440 quod
959 1400 1023 1430 hoc
1038 1399 1094 1430 fiat
1110 1399 1326 1430 communiter
1340 1407 1404 1439 per·

327 1442 493 1484 suffragia:
518 1445 594 1484 quia
617 1444 678 1474 alia
701 1449 776 1474 sunt
798 1451 882 1484 quae
904 1444 975 1484 lege
999 1445 1167 1474 communi
1190 1443 1349 1478 accidunt,
1366 1447 1398 1472 et

270 1505 272 1507 >
327 1487 387 1518 alia
410 1497 494 1528 quae
517 1488 716 1528 singulariter
732 1498 770 1519 ex
785 1488 951 1529 privilegio
976 1488 1136 1528 aliquibus
1159 1486 1396 1522 conceduntur;

85 1626 96 1638 ·
110 1624 168 1653 Cup.
183 1631 231 1647 xvi.

85 1932 208 1963 'Cf-qu.
227 1939 299 1961 un,

84 1963 299 2010 &Bra-Mot-

83 2013 124 2062 εἶ’
132 2039 164 2062 ιιι
227 2018 297 2067 ”¹333

86 2065 300 2121 m:

85 2125 152 2169 ²¹⁸3:-
159 2125 193 2174 ἐζ,
202 2151 262 2169 m
275 2146 297 2168 ⁶.

94 2902 105 2913 ·
115 2900 175 2924 mot.
187 2907 241 2928 nv,
250 2907 301 2930 etp.

90 2926 171 2976 w
208 2933 302 2956 negan-

90 2981 102 2992 ·
110 2979 241 3008 Euchira„
250 2986 301 3009 etp.

90 3078 176 3100 ‘Pu-t.
195 3078 302 3105 m,s4.

326 1532 409 1562 sicut
431 1533 491 1563 alii
512 1537 590 1563 sunt
610 1533 829 1563 humanarum
853 1533 969 1563 limites
988 1542 1107 1568 rerum,
1125 1532 1193 1563 alia
1212 1531 1397 1563 divinarum

326 1576 423 1618 signa
447 1577 612 1613 virtutum,
630 1582 666 1607 ut
681 1577 881 1617 Augustinus
905 1576 991 1613 dicit,
1007 1577 1040 1607 in
1064 1577 1146 1607 libro
1169 1576 1209 1607 de
1226 1576 1316 1606 Cura
1331 1584 1396 1616 pro

327 1621 466 1652 mortuis
487 1621 616 1662 agenda
633 1622 659 1650 ⁴⁹.

415 1695 515 1726 ART.
540 1695 593 1726 Vl.
617 1705 723 1726 ornum
736 1705 917 1728 ,surruou
940 1705 1070 1726 raosmr
1093 1705 1308 1726 ssxrsrimrmus

733 1749 765 1769 m
788 1749 988 1770 Pisaea-tomo

653 1789 686 1811 1v
700 1789 773 1817 Seni„
789 1790 842 1812 dist.
857 1796 909 1816 nv,
924 1789 1014 1818 Expos.
1028 1790 1072 1812 litt.

390 1851 411 1872 ι)
434 1851 554 1872 snxwu
577 1850 623 1872 src
646 1850 851 1871 pnoennrrtm.
868 1840 1004 1871 Videtur
1023 1840 1114 1881 quod
1133 1851 1194 1872 nec
1221 1842 1316 1872 etiarn
1333 1843 1397 1872 exi-

327 1853 546 1917 Astentibus
569 1886 600 1916 in
625 1886 822 1926 purgatorio.
851 1885 938 1924 Quia
960 1886 1183 1926 purgatorium
1205 1895 1278 1926 pars
1300 1895 1398 1926 quae-

326 1929 401 1961 dam
423 1929 539 1960 inferni
563 1935 610 1960 est
625 1930 651 1960 “.
677 1929 740 1960 Sed
763 1930 796 1960 in
821 1930 952 1971 inferno
977 1930 1069 1960 nulla
1092 1935 1140 1961 est
1162 1930 1336 1970 redemptio
1353 1931 1397 1961 ⁴⁸.

326 1974 368 2005 Et
382 1974 528 2005 Psalmus
539 1975 556 1991 ⁴*
573 1973 662 2005 dicit:
680 1974 720 2004 In
738 1974 870 2015 inferno
886 1979 994 2005 autem
1009 1974 1082 2015 quis
1097 1975 1301 2016 confitebitur
1317 1974 1373 2005 tibi
1381 1974 1400 2004 P

326 2019 414 2060 Ergo
437 2018 584 2059 suffragia
607 2019 656 2048 his
680 2019 737 2059 qui
760 2023 835 2049 sunt
856 2019 890 2049 in
908 2019 1094 2058 purgatorio
1117 2028 1185 2049 non
1208 2024 1352 2059 prosunt.

384 2073 414 2094 2.
437 2063 636 2099 PRARTRRRA,
652 2072 760 2103 poena
781 2063 956 2103 purgatorii
973 2068 1020 2093 est
1034 2072 1141 2103 poena
1156 2062 1306 2094 finita.·Si
1322 2073 1398 2103 ergo

327 2116 385 2148 per
407 2106 555 2147 suffragia
578 2106 699 2147 aliquid
718 2106 758 2137 de
774 2116 881 2147 poena
904 2106 1082 2143 dimittitur,
1098 2112 1224 2138 tantum
1247 2112 1400 2147 poterunt

327 2151 533 2192 multiplicari
555 2150 704 2191 suffragia
727 2150 818 2191 quod
840 2155 908 2181 tota
931 2151 1070 2182 tolletur.
1100 2151 1141 2182 Et
1164 2152 1207 2182 ita
1229 2157 1400 2191 peccatum

326 2196 505 2227 remanebit
523 2195 663 2226 totaliter
680 2195 889 2236 impunitum.
911 2195 1011 2234 Quod
1029 2195 1154 2226 videtur
1170 2195 1295 2226 divinae
1310 2196 1400 2226 iusn'-

327 2240 390 2271 tiae
412 2249 601 2280 repugnare.

386 2284 416 2315 3.
439 2284 637 2319 Pmrnan,
655 2283 695 2314 ad
715 2284 779 2314 hoc
803 2284 929 2314 animae
951 2285 986 2314 in
1008 2285 1194 2325 purgatorio
1218 2284 1400 2315 detinentur

327 2334 374 2366 ut,
399 2329 444 2359 ibi
466 2333 630 2369 puggatae,
653 2337 754 2368 purae
778 2327 817 2358 ad
839 2329 990 2369 Regnum
1013 2329 1210 2369 perveniant.
1235 2328 1298 2359 Sed
1320 2329 1400 2359 nihil

326 2378 436 2414 potest
457 2373 587 2413 purgari
610 2372 670 2402 nisi
695 2371 816 2412 aliquid
840 2373 923 2403 circa
938 2373 1046 2413 ipsum
1061 2372 1125 2403 fiat.
1150 2373 1237 2413 Ergo
1253 2372 1401 2414 suffragia

327 2417 410 2448 facta
433 2427 490 2458 per
511 2418 603 2447 vivos
626 2426 768 2457 poenam
790 2417 967 2457 purgatorii
989 2426 1058 2447 non
1082 2417 1276 2448 diminuunt.

382 2471 414 2501 4.
438 2462 644 2497 Pmnruan,
668 2462 694 2491 si
727 2459 876 2502 suffragia
908 2462 1115 2492 existentibus
1147 2462 1181 2492 in
1213 2462 1400 2502 purgatorio

327 2505 479 2541 valerent,
502 2506 643 2536 maxime
661 2515 699 2536 ea
713 2504 896 2536 viderentur
918 2505 1022 2536 valere
1046 2515 1130 2546 quae
1152 2511 1228 2536 sunt
1243 2505 1283 2536 ad
1298 2506 1400 2546 impe-

327 2550 412 2580 rium
436 2559 550 2580 eorum
573 2549 666 2581 facta.
690 2548 754 2580 Sed
776 2550 855 2580 haec
878 2559 946 2580 non
970 2559 1097 2590 semper
1114 2550 1230 2580 valent.
1261 2550 1350 2581 Sicut
1374 2551 1401 2581 si

329 2594 443 2634 aliquis
466 2593 625 2624 decedens
648 2593 797 2633 disponat
819 2599 868 2624 tot
891 2593 1039 2634 suffragia
1060 2603 1121 2634 pro
1145 2603 1178 2624 se
1202 2593 1281 2630 fieri,
1306 2604 1399 2635 quae,

328 2639 355 2668 si
373 2637 456 2668 facta
479 2643 594 2674 essent,
610 2637 792 2668 sufficerent
815 2637 855 2668 ad
877 2643 980 2668 totam
997 2647 1139 2678 poenam
1155 2638 1365 2669 abolendam:
1378 2657 1400 2661 -

328 2682 436 2723 posito
453 2691 529 2722 ergo
547 2681 636 2721 quod
651 2681 838 2712 huiusmodi
861 2681 1009 2722 suffragia
1028 2681 1212 2713 differantur
1228 2692 1400 2723 quousque

328 2726 383 2757 ille
405 2735 546 2767 poenam
570 2726 713 2762 evaserit,
729 2726 783 2756 illa
801 2725 950 2766 suffragia
966 2726 1046 2756 nihil
1070 2727 1099 2757 ei
1114 2725 1308 2767 proderunt:
1332 2736 1400 2758 non

330 2771 416 2801 enim
439 2775 547 2811 potest
575 2769 639 2800 dici
662 2769 753 2810 quod
776 2770 806 2800 ei
828 2771 953 2810 prosint
982 2775 1155 2810 antequam
1184 2769 1281 2807 fiant;
1311 2776 1400 2811 post-

330 2824 429 2856 quam
452 2820 561 2845 autem
584 2818 658 2844 sunt
681 2813 773 2850 facta,
790 2814 835 2844 eis
850 2823 919 2845 non
937 2813 1067 2854 indiget,
1093 2815 1168 2855 quia
1190 2815 1256 2845 iam
1277 2824 1400 2855 poenas

1412 662 1438 676 10

1412 881 1435 901 ις

1412 1102 1438 1116 20

1412 1323 1436 1343 25

1413 1543 1439 1563 30

1413 1763 1436 1783 35

1413 1984 1440 2004 4⁰

1414 2209 1438 2229 45

1416 2429 1441 2450 50

1416 2650 1439 2671 55

330 2860 438 2890 evasit.
462 2859 549 2899 Ergo
565 2857 712 2898 suffragia
728 2858 934 2888 existentibus
948 2859 982 2888 in
998 2859 1184 2899 purgatorio
1199 2868 1268 2889 non
1282 2858 1398 2889 valent.
1413 2868 1441 2888 60

386 2903 449 2934 Sim
483 2912 607 2933 com-Ra
639 2912 694 2932 nsi·
726 2901 816 2942 quod
849 2902 964 2933 dicitur
995 2903 1029 2933 in
1060 2902 1164 2933 littera
1181 2903 1199 2919 ⁴*
1226 2912 1264 2933 ex
1296 2903 1399 2933 verbis

328 2947 501 2988 Augustini
517 2949 552 2983 *,
577 2946 667 2987 quod
693 2946 840 2987 suffragia
868 2951 1005 2987 prosunt
1026 2947 1075 2977 his
1099 2947 1156 2987 qui
1178 2951 1254 2977 sunt
1275 2946 1400 2977 medio-

330 2993 423 3023 criter
445 2992 524 3022 boni
552 2991 603 3021 vel
636 2991 721 3021 mali.
756 2990 819 3022 Sed
850 2991 928 3021 tales
957 2996 1032 3021 sunt
1063 2991 1120 3031 qui
1149 2991 1184 3021 in
1213 2991 1399 3031 purgatorio

330 3036 522 3067 detinentur.
546 3035 644 3076 Ergo,
668 3040 728 3065 etc.

387 3089 417 3111 2.
440 3080 638 3115 Primnum,
655 3079 831 3120 Dionysius
854 3078 940 3114 dicit,
960 3088 1004 3109 vu
1020 3088 1090 3119 cap.
1106 3080 1123 3095 ⁴*
1145 3078 1268 3109 Eccles.
1292 3078 1399 3115 Hier„
1413 3087 1438 3113 ες

331 3123 422 3165 quod
444 3124 572 3155 divinus
594 3123 757 3159 sacerdos,
775 3133 841 3163 pro
865 3123 1003 3154 mortuis
1026 3132 1136 3159 orans,
1146 3132 1213 3163 pro
1237 3123 1303 3153 illis
1326 3128 1402 3154 orat

331 3169 387 3209 qui
408 3173 519 3199 sancte
541 3168 695 3199 vixerunt
720 3172 751 3198 et
771 3173 877 3198 tamen
901 3167 1029 3208 aliquas
1051 3167 1197 3198 maculas
1219 3167 1402 3198 habuerunt

331 3221 374 3243 ex
396 3212 583 3253 infirmitate
604 3212 748 3243 humana
771 3216 966 3243 contractas.
991 3211 1054 3243 Sed
1072 3211 1149 3242 tales
1164 3212 1198 3242 in
1213 3212 1399 3252 purgatorio

332 3255 525 3287 detinentur.
548 3256 646 3296 Ergo,
671 3262 731 3287 etc.

386 3300 577 3331 strormzo
599 3309 760 3331 monimina
783 3300 874 3341 quod
896 3309 1004 3341 poena
1022 3300 1197 3341 purgatorii
1214 3304 1261 3330 est
1275 3300 1309 3330 in
1325 3309 1400 3340 sup-

331 3343 534 3384 plementum
555 3343 776 3376 satisfactionis
800 3354 883 3385 quae
898 3354 966 3375 non
982 3344 1085 3375 fuerat
1104 3344 1199 3384 plene
1214 3344 1248 3374 in
1264 3353 1400 3384 corpore

277 3402 304 3413 --
333 3393 565 3418 consummata.
595 3387 637 3418 Et
658 3387 744 3425 iden,
764 3389 850 3429 quia,
867 3389 949 3420 sicut
973 3398 1011 3419 ex
1035 3388 1125 3420 dictis
1141 3389 1158 3405 *
1180 3393 1277 3429 patet,
1302 3397 1401 3429 opera

276 3434 282 3440 “
298 3434 304 3440 ”
332 3432 429 3462 unius
452 3437 589 3472 possunt
602 3432 707 3463 valere
723 3433 812 3464 alteri
827 3432 867 3464 ad
882 3432 1142 3469 satisfactionem,
1159 3433 1224 3463 sive
1239 3433 1319 3463 vivis
1335 3433 1401 3463 sive

1414 3314 1442 3335 7⁰

2438 180 2506 215 155

1503 251 1554 282 Ax>
1578 262 1695 282 Panum
1718 263 1801 283 aneo
1825 264 1984 284 memnon
2007 256 2096 295 quod
2117 258 2286 287 auctoritas
2302 258 2355 288 illa
2370 258 2513 298 loquitur

1449 295 1489 326 de
1504 295 1630 327 inferno
1655 296 1889 334 damnatorum,
1906 299 1939 328 in
1956 308 2021 338 quo
2039 301 2129 330 nulla
2153 306 2200 331 est
2223 301 2395 342 redemptio
2413 312 2513 342 quan-

1449 345 1521 370 tum
1544 340 1584 371 ad
1606 340 1680 371 illos
1704 342 1760 381 qui
1784 347 1858 372 sunt
1881 341 2017 373 finaliter
2039 344 2093 373 tali
2116 354 2241 384 poenae
2265 345 2406 386 deputati
2423 347 2448 376 *.

1505 384 1566 414 Vel
1596 384 1785 422 dicendum,
1810 385 1988 416 secundum
2020 387 2275 425 Damascenum,
2296 390 2329 419 in
2359 389 2514 420 Sermone

1450 428 1489 458 de
1504 429 1747 460 Dormientibus
1761 431 1787 466 *‚
1805 429 1895 470 quod
1909 430 2094 461 huiusmodi
2111 433 2311 463 auctoritates
2328 439 2401 464 sunt
2417 443 2514 474 expo-

1451 472 1575 503 nendae
1598 473 1777 504 secundum
1802 483 1911 504 causas
1942 474 2123 511 inferiores,
2148 475 2228 506 idest
2250 478 2427 508 secundum
2452 479 2515 508 exi-

1450 517 1591 556 gentiam
1622 518 1811 549 meritorum
1843 527 1956 548 eorum
1988 519 2044 558 qui
2073 520 2186 558 poenis
2219 520 2419 560 deputantur.
2453 522 2515 552 Sed

1451 561 1630 592 secundum
1649 561 1789 592 divinam
1808 562 2068 598 misericordiam,
2082 572 2164 602 quae
2182 564 2281 594 vincit
2297 565 2436 595 humana
2448 575 2515 595 me-

1451 604 1519 640 rita,
1536 605 1576 635 ad
1598 615 1709 646 preces
1732 607 1891 637 iustorum
1915 606 2088 646 aliquando
2113 607 2201 637 aliter
2224 607 2403 648 disponitur
2419 619 2515 649 quam

1451 650 1608 679 sententia
1622 649 1855 690 praedictamm
1872 651 2098 681 auctoritatum
2114 652 2285 682 contineat.
2305 653 2394 683 Deus
2409 659 2516 683 autem

1451 697 1555 723 mutat
1576 694 1776 731 sententiam,
1793 695 1849 725 sed
1872 704 1937 725 non
1962 695 2142 731 consilium,
2160 701 2195 725 ut
2215 695 2290 726 dicit
2306 695 2479 736 Gregorius
2490 698 2516 727 *.

1451 736 1545 767 Unde
1567 742 1598 767 et
1612 738 1831 769 Damascenus
1847 739 1940 779 ponit
1955 740 1972 755 ⁴*
1996 738 2035 769 ad
2050 739 2114 769 hoc
2138 740 2283 780 exempla
2299 739 2338 770 de
2358 740 2516 777 Ninivitis,

1450 780 1562 810 Achab
1579 787 1610 812 et
1625 782 1773 819 Ezechia,
1790 783 1823 813 in
1840 783 1956 823 quibus
1980 788 2110 823 apparet
2132 783 2222 823 quod
2237 785 2392 814 sententia
2409 790 2518 815 contra

1451 833 1507 854 eos
1530 824 1593 856 lata
1624 825 1774 857 divinitus
1804 826 1864 858 fuit
1893 836 1951 867 per
1978 826 2118 858 divinam
2152 828 2402 859 misericordiam
2430 838 2518 859 corn-

1450 874 1572 899 mutata
1587 871 1613 900 *.

1506 913 1557 944 AD
1582 924 1744 945 sacursmm
1769 925 1928 946 menmium
1952 915 2041 956 quod
2063 926 2131 946 non
2155 922 2202 947 est
2224 917 2453 947 inconveniens
2477 918 2517 954 si,

1450 957 1670 998 multiplicatis
1702 959 1877 1000 suffragiis,
1901 970 2008 1000 poena
2043 961 2244 991 existentium
2277 961 2310 991 in
2333 963 2517 1001 purgatorio

1451 1002 1653 1033 annihiletur.
1686 1003 1763 1034 Non
1787 1005 1873 1035 enim
1896 1005 2039 1045 sequitur
2063 1004 2152 1045 quod
2175 1011 2305 1045 peccata
2335 1012 2519 1036 remaneant

1450 1047 1628 1086 impunita:
1663 1048 1739 1088 quia
1770 1058 1877 1089 poena
1908 1050 2004 1079 unius
2031 1058 2091 1089 pro
2121 1049 2219 1080 altero
2252 1055 2398 1090 suscepta
2430 1050 2518 1081 alteri

1451 1097 1667 1131 computatur.

1506 1135 1557 1165 An
1582 1146 1716 1166 ran-mm
1739 1146 1900 1167 menmium
1916 1137 2005 1177 quod
2021 1138 2168 1178 purgatio
2185 1138 2310 1169 animae
2325 1148 2383 1178 per
2396 1148 2518 1179 poenas

1450 1181 1626 1220 purgatorii
1641 1190 1709 1211 non
1726 1186 1773 1211 est
1796 1181 1882 1212 aliud
1906 1191 2004 1222 quam
2028 1182 2165 1222 expiatio
2189 1188 2293 1212 reatus
2316 1182 2518 1223 impedientis

1452 1233 1470 1254 a
1492 1225 1700 1265 perceptione
1724 1225 1854 1265 gloriae.
1887 1226 1929 1256 Et
1953 1226 2028 1266 quia
2055 1235 2113 1266 per
2135 1236 2276 1266 poenam
2307 1236 2404 1267 quam
2434 1237 2518 1258 unus

1451 1268 1585 1298 sustinet
1608 1278 1667 1309 pro
1692 1269 1765 1305 alio,
1790 1275 1896 1310 potest
1919 1275 2023 1300 reatus
2046 1270 2172 1301 alterius
2196 1271 2323 1311 expiari,
2340 1276 2376 1301 ut
2397 1270 2518 1302 dictum

1452 1317 1499 1343 est
1513 1313 1540 1348 “,
1557 1322 1625 1343 non
1642 1319 1689 1343 est
1703 1314 1935 1344 inconveniens
1951 1315 1977 1344 si
1992 1323 2050 1354 per
2064 1315 2161 1345 unius
2176 1314 2423 1346 satisfactionem
2439 1316 2518 1346 alius

1450 1362 1614 1397 purgetur.

1506 1401 1556 1431 An
1582 1411 1730 1432 ananum
1752 1411 1913 1432 memnon
1932 1402 2022 1443 quod
2038 1402 2185 1443 suffragia
2201 1413 2239 1433 ex
2256 1403 2383 1434 duobus
2398 1404 2517 1434 valent:

1451 1445 1571 1476 scilicet
1587 1455 1626 1475 ex
1638 1455 1736 1486 opere
1753 1451 1916 1486 operante,
1930 1452 1961 1476 et
1973 1456 2011 1477 ex
2023 1456 2121 1487 opere
2138 1453 2281 1487 operato.
2294 1447 2335 1477 Et
2347 1447 2419 1478 dico
2436 1458 2519 1488 opus

1452 1494 1621 1530 operatum
1644 1499 1712 1520 non
1735 1490 1842 1521 solum
1858 1491 2021 1521 Ecclesiae
2036 1497 2280 1527 sacramentum,
2297 1491 2353 1522 sed
2369 1491 2518 1522 effectum

1452 1533 1652 1564 accidentem
1676 1543 1715 1564 ex
1738 1535 1944 1575 operatione:
1976 1535 2057 1566 sicut
2082 1545 2119 1565 ex
2143 1535 2314 1566 collatione
2343 1536 2519 1578 eleemosy-

1451 1587 1566 1608 narum
1589 1579 1798 1619 consequitur
1826 1588 2006 1619 pauperum
2032 1579 2200 1616 relevatio,
2225 1585 2256 1609 et
2280 1589 2393 1610 eorum
2417 1581 2518 1611 oratio

1451 1631 1511 1662 pro
1536 1621 1689 1652 defuncto
1714 1622 1753 1653 ad
1776 1623 1893 1653 Deum.
1918 1641 1938 1646 -
1962 1623 2112 1654 Similiter
2141 1633 2224 1664 opus
2255 1633 2391 1664 operans
2413 1630 2520 1664 potest

1452 1667 1554 1706 accipi
1577 1666 1627 1696 vel
1651 1676 1688 1697 ex
1712 1672 1800 1707 parte
1824 1667 2006 1707 principalis
2029 1668 2169 1708 agentis3
2201 1668 2251 1697 vel
2275 1677 2313 1698 ex
2336 1674 2424 1708 parte
2448 1678 2519 1699 exe-

1452 1711 1589 1751 quentis.

1507 1754 1590 1784 Dico
1618 1764 1694 1795 ergo
1726 1754 1832 1795 quod,
1857 1764 1955 1795 quam
1985 1756 2049 1786 cito
2079 1756 2220 1786 moriens
2251 1755 2391 1796 disponit
2419 1757 2520 1786 aliena

1452 1797 1599 1839 suffragia
1626 1799 1685 1829 sibi
1711 1798 1790 1835 fieri,
1818 1800 1998 1840 praemium
2029 1799 2252 1840 suffragiorum
2283 1800 2377 1840 plene
2408 1810 2520 1831 conse-

1453 1844 1576 1883 quitur,
1601 1849 1674 1874 ante
1707 1844 1803 1874 etiam
1835 1853 1933 1884 quam
1965 1843 2060 1880 fiant,
2085 1849 2242 1884 quantum
2275 1844 2315 1875 ad
2347 1844 2521 1875 efficaciam

1453 1887 1593 1927 suffragii
1617 1897 1700 1928 quae
1724 1893 1790 1918 erat
1813 1897 1851 1918 ex
1875 1897 1973 1928 opere
1998 1893 2150 1928 operante
2179 1888 2361 1929 principalis
2390 1890 2520 1929 agentis.

1453 1931 1517 1962 Sed
1533 1937 1691 1972 quantum
1707 1931 1747 1962 ad
1763 1931 1936 1962 efficaciam
1959 1932 2183 1973 suffragiorum
2207 1943 2289 1973 quae
2306 1938 2352 1963 est
2369 1942 2407 1963 ex
2423 1943 2520 1973 opere

1454 1981 1605 2016 operato,
1629 1976 1680 2006 vel
1704 1986 1742 2007 ex
1765 1985 1863 2016 opere
1897 1982 2050 2017 operante
2082 1978 2284 2017 exequends,
2308 1986 2375 2007 non
2409 1987 2521 2008 conse-

1454 2021 1563 2060 quitur
1586 2019 1728 2051 fructum
1751 2026 1924 2061 antequam
1947 2020 2094 2061 suffragia
2117 2020 2204 2051 fiant.
2228 2021 2270 2052 Et
2292 2022 2318 2051 si
2336 2022 2424 2061 prius
2443 2031 2520 2052 con-

1453 2065 1554 2104 tingat
1577 2065 1684 2104 ipsum
1700 2074 1718 2094 a
1733 2074 1840 2104 poena
1862 2065 2000 2105 purgari,
2019 2070 2176 2105 quantum
2192 2065 2232 2096 ad
2247 2066 2310 2096 hoc
2326 2064 2521 2096 fraudabitur

1454 2108 1679 2148 suffragiorum
1691 2107 1811 2139 fructu:
1825 2108 1915 2149 quod
1930 2108 2119 2140 redundabit
2134 2110 2167 2139 in
2182 2109 2255 2140 illos
2271 2119 2412 2150 quorum
2427 2110 2522 2150 culpa

1454 2152 1668 2183 defraudatur.
1692 2153 1768 2183 Non
1792 2154 1879 2184 enim
1903 2158 1950 2184 est
1972 2154 2203 2184 inconveniens
2226 2153 2315 2194 quod
2338 2154 2451 2194 aliquis
2467 2154 2521 2184 de-

1454 2196 1618 2228 fraudetur
1651 2207 1709 2237 per
1742 2197 1871 2238 culpam
1905 2198 2032 2228 alterius
2065 2198 2098 2228 in
2130 2198 2359 2238 temporalibus
2372 2222 2380 2234 ,
2415 2208 2521 2239 poena

1455 2247 1563 2272 autem
1598 2242 1773 2282 purgatorii
1799 2242 1983 2282 temporalis
2017 2247 2079 2272 est:
2114 2243 2260 2282 quamvis
2291 2247 2448 2283 quantum
2481 2242 2520 2273 ad

1455 2291 1617 2316 aeternam
1639 2286 1882 2316 retributionem
1912 2286 2020 2317 nullus
2050 2285 2228 2317 defraudari
2257 2287 2358 2327 possit
2381 2287 2441 2317 nisi
2464 2296 2521 2327 per

1454 2330 1618 2370 propriam
1642 2330 1781 2370 culpam.

1584 2418 1685 2450 ART.
1708 2418 1776 2449 VII.
1801 2428 1906 2448 urium
1930 2428 2100 2449 SUFFRAGIA
2122 2428 2266 2449 VALEANT
2288 2428 2393 2449 punms

1797 2473 1829 2492 m
1852 2472 1947 2493 muno
1971 2473 2186 2493 xxxsrmrmus

1456 2560 1540 2624 An
1574 2560 1726 2581 snprnnm
1759 2560 1804 2580 s1c
1843 2560 2047 2581 rnocnm'run.
2088 2550 2221 2581 Videtur
2253 2551 2343 2591 quod
2375 2550 2522 2591 suffragia

1519 2595 1645 2630 valeant
1676 2595 1784 2635 pueris
1814 2595 1846 2625 in
1873 2595 1974 2625 limbo
2013 2595 2229 2625 existentibus.
2265 2595 2351 2633 Quia
2380 2595 2425 2626 illi
2454 2605 2521 2626 non

1455 2638 1638 2670 detinentur
1660 2639 1721 2669 nisi
1743 2648 1803 2679 pro
1826 2643 1960 2679 peccato
1984 2639 2099 2670 alieno.
2133 2639 2219 2679 Ergo
2243 2640 2381 2670 maxime
2405 2639 2521 2670 decens

1455 2689 1502 2714 est
1524 2688 1561 2714 ut
1583 2683 1645 2724 ipsi
1667 2683 1817 2714 iuventur
1840 2682 1995 2723 suffragiis
2018 2684 2137 2714 alienis.

1512 2736 1542 2758 2.
1565 2727 1762 2763 Pmsrnruza,
1778 2727 1812 2757 in
1828 2727 1930 2757 littera
1945 2728 1962 2744 ⁴*
1978 2728 2112 2758 habetur
2128 2737 2166 2758 ex
2182 2728 2285 2757 verbis
2301 2727 2475 2767 Augustini
2486 2729 2520 2744 *⁴*

1454 2771 1545 2812 quod
1560 2771 1707 2811 suffragia
1722 2771 1884 2802 Ecclesiae
1895 2781 1961 2811 pro
1978 2781 2043 2801 non
2060 2771 2154 2802 valde
2169 2771 2264 2802 malis
2272 2771 2522 2811 propitiationes

1453 2820 1538 2846 sunt.
1563 2814 1627 2846 Sed
1644 2816 1736 2855 pueri
1751 2824 1819 2845 non
1835 2820 2064 2855 computantur
2085 2816 2167 2846 inter
2189 2814 2281 2845 valde
2303 2815 2420 2845 malos:
2446 2825 2521 2846 cum

1454 2860 1494 2890 sit
1516 2859 1684 2890 mitissima
1700 2868 1813 2890 eorum
1830 2868 1941 2899 poena
1956 2860 1982 2889 ’ἢ
2007 2859 2093 2899 Ergo
2117 2858 2265 2899 suffragia
2278 2859 2441 2890 Ecclesiae
2465 2869 2521 2890 eos

1453 2904 1573 2934 iuvant.

1509 2947 1572 2978 San
1590 2957 1713 2977 con-riu
1729 2956 1783 2977 nsr
1795 2946 1885 2987 quod
1896 2947 2030 2977 habetur
2041 2947 2074 2977 in
2086 2947 2188 2977 littera
2199 2948 2216 2963 ⁴*
2232 2947 2270 2976 ab
2282 2947 2464 2987 Augustino
2475 2948 2519 2983 st,

1455 2991 1545 3031 quod
1560 2990 1708 3031 suffragia
1722 3000 1790 3021 non
1805 2996 1942 3031 prosunt
1963 2991 2024 3021 illis
2047 2991 2102 3031 qui
2124 2991 2193 3021 sine
2204 2990 2278 3032 fide
2296 2996 2450 3031 operante
2457 3001 2522 3032 per

1454 3035 1657 3066 dilectionem
1679 3035 1755 3065 hinc
1776 3035 1936 3066 exierunt.
1959 3035 2046 3075 Ergo
2069 3034 2216 3075 suffragia
2232 3035 2277 3065 eis
2291 3044 2360 3065 non
2374 3041 2519 3075 prosunt.
2565 3072 2572 3078 ‚

1509 3079 1698 3110 Rnsponnno
1722 3088 1882 3109 meantum
1906 3078 1996 3119 quod
2017 3079 2109 3119 pueri
2131 3088 2199 3109 non
2218 3079 2367 3119 baptizati
2381 3089 2450 3110 non
2466 3079 2520 3110 de-

1454 3124 1595 3154 tinentur
1610 3124 1644 3154 in
1659 3123 1759 3154 limbo
1782 3123 1844 3153 nisi
1867 3123 1942 3163 quia
1965 3122 2119 3153 deficiunt
2133 3133 2151 3153 a
2167 3128 2249 3153 statu
2271 3123 2398 3163 gratiae.
2414 3123 2519 3160 Unde,

1455 3177 1530 3198 cum
1553 3177 1611 3208 per
1633 3176 1732 3207 opera
1761 3167 1909 3197 vivorum
1940 3172 2144 3197 mortuorum
2176 3172 2274 3198 status
2306 3168 2422 3198 mutari
2451 3177 2520 3199 non

1453 3212 1572 3253 possit,
1595 3211 1734 3242 maxime
1763 3216 1921 3251 quantum
1945 3210 1984 3241 ad
2006 3212 2157 3241 meritum
2187 3211 2359 3242 essentialis
2387 3213 2520 3252 praemii

1453 3256 1506 3286 vel
1520 3265 1647 3296 poenae
1658 3256 1685 3291 *,
1701 3254 1849 3295 suffragia
1863 3255 2012 3286 vivorum
2026 3255 2133 3296 pueris
2149 3256 2354 3286 existentibus
2370 3256 2403 3286 in
2419 3256 2519 3287 limbo

1454 3299 1606 3341 prodesse
1628 3309 1697 3330 non
1720 3304 1865 3340 possunt.

1509 3344 1560 3374 An
1584 3353 1701 3374 ramum
1716 3353 1799 3374 aizoo
1815 3353 1975 3374 memnon
1994 3343 2093 3384 quod,
2111 3345 2257 3384 quamvis
2271 3349 2441 3384 peccatum
2457 3345 2520 3374 ori-

1454 3388 1559 3429 ginale
1589 3388 1629 3418 sit
1654 3387 1841 3418 huiusmodi
1867 3387 1957 3428 quod
1979 3397 2039 3428 pro
2064 3397 2103 3418 eo
2126 3389 2228 3428 possit
2257 3387 2371 3428 aliquis
2394 3389 2433 3419 ab
2457 3388 2519 3419 alio

1454 3433 1572 3469 iuvari,
1596 3437 1705 3463 tamen
1727 3432 1853 3462 animae
1875 3441 2051 3472 puerorum
2074 3433 2108 3462 in
2130 3432 2231 3463 limbo
2255 3432 2423 3463 existentes
2446 3438 2520 3463 sunt

333 3476 486 3512 mortuis,
509 3485 578 3506 non
605 3481 652 3507 est
681 3475 816 3508 dubium
848 3478 928 3517 quin
956 3476 1103 3518 suffragia
1126 3486 1183 3518 per
1205 3477 1296 3507 vivos
1319 3476 1401 3507 facta
1454 3477 1489 3507 in
1511 3476 1566 3507 tali
1589 3481 1672 3507 statu
1696 3475 1785 3517 quod
1812 3476 1913 3507 iuvan
1939 3486 2008 3507 non
2038 3482 2191 3516 possunt:
2218 3477 2301 3527 ‘quia
2332 3482 2407 3518 post
2438 3477 2519 3507 hanc

335 3519 541 3551 existentibus
563 3520 597 3550 in
619 3521 805 3560 purgatorio
828 3522 962 3561 prosint.

1414 3534 1439 3555 75
1454 3521 1553 3551 vitam
1576 3530 1644 3551 non
1668 3526 1714 3551 est
1736 3525 1864 3561 tempus
1887 3521 2019 3561 gratiam
2042 3520 2236 3561 acquirendi.

2541 353 2550 362 ·
2561 350 2596 372 Cf.
2607 355 2651 373 art.
2667 357 2751 379 praec„

2541 378 2569 398 ad
2584 383 2603 405 5.

2542 446 2552 455 '
2565 445 2603 466 Al.
2617 445 2652 467 De
2665 445 2703 466 hie
2713 446 2754 472 qui

2542 470 2629 518 Z'ffde
2649 472 2752 492 dormie-

2544 698 2641 720 'Mora1.
2649 698 2753 724 lib.XV1,

2545 730 2596 752 cap.
2614 731 2708 755 xxxvii,
2724 726 2753 746 al.

2545 757 2592 772 xvu
2602 758 2607 776 ;
2619 757 2641 772 in
2650 756 2694 773 vet.
2704 757 2753 778 cap.

2544 783 2608 798 xvin.

2545 805 2555 815 ·
2565 803 2620 825 Loc.
2633 804 2679 829 cn„
2690 810 2754 825 num.

2547 837 2580 856 ¹⁴·

2546 883 2635 904 'Ionae
2650 889 2676 904 αι
2695 899 2700 904 .
2718 889 2755 909 ιιι,

2546 915 2647 935 versam
2658 889 2692 930 Πῗ
2697 909 2755 936 Reg.

2546 942 2572 957 ca
2590 942 2756 964 .xx=‚vers.29:

2545 962 2554 984 1
2587 962 2644 990 Reg.
2654 968 2706 989 cap.
2717 969 2754 988 xx,

2545 995 2604 1011 vern.
2618 995 2639 1017 5,
2654 988 2676 1011 6.

2546 1320 2555 1330 ·
2569 1319 2595 1340 ln
2610 1324 2714 1346 corpore.

2548 2733 2557 2742 ¹
2572 2731 2631 2752 Dist.
2642 2737 2694 2758 uv,
2709 2736 2758 2758 cap.

2549 2756 2629 2804 ἔκηε
2668 2763 2759 2785 negan-

2548 2811 2571 2821 '·
2577 2799 2698 2831 Ericht'rid.
2708 2816 2758 2837 cap.

2548 2841 2685 2891 ςῗῦἰάηοιρ.
2692 2868 2757 2884 xuni.

2548 2952 2558 2962 ·
2572 2950 2629 2972 Loc.
2643 2950 2683 2971 cit.

2547 2975 2759 3003 ''Serm.CLXX11,

2547 3003 2576 3025 al.
2591 3003 2621 3024 de
2638 3002 2703 3025 νει-Ι).
2725 3003 2759 3023 Α-

2544 3029 2758 3058 postfflllsap.

2548 3062 2564 3078 ιι

2547 3259 2556 3270 ·
2572 3258 2608 3280 ef.
2623 3262 2665 3280 nrt.
2679 3265 2700 3287 5.
