2878 4088
182 324 192 334 '
207 324 257 345 Art.
273 329 290 344 ι.

178 850 188 860 ·
203 848 260 870 Ibid.

177 1245 186 1254 ¹
202 1242 235 1264 Cf.
251 1246 291 1263 art.
309 1249 327 1264 ι.

176 1291 186 1300 ·
201 1289 236 1310 Cf.
252 1294 315 1316 corp.
331 1291 372 1309 art.

175 1737 184 1745 “
192 1734 238 1762 Qu.
245 1733 383 1761 avium-th.

174 1824 183 1833 ‘
200 1821 264 1843 Vers.
280 1828 304 1843 22
320 1827 371 1849 sqq.

175 1960 183 1969 ·
193 1957 249 1979 Gen.
257 1964 306 1986 cap.
313 1964 384 1979 xxvn.

174 1987 195 1996 ··
211 1984 276 2006 Vers.
292 1991 318 2007 ιο
334 1991 384 2012 sqq.

176 2031 184 2039 ·
195 2028 251 2050 Gen.
261 2035 286 2050 ca
305 2043 311 2050 .
324 2035 383 2050 xux.

174 2035 383 2083 ··1nloan.}vang.,

175 2086 239 2103 tract.
251 2082 290 2107 XI,
301 2088 322 2103 n.
336 2089 366 2104 ιι.
376 2093 385 2098 -

176 2109 210 2130 Cf.
226 2109 255 2130 de
273 2108 384 2136 Baptism.

175 2138 235 2156 cont.
266 2135 384 2157 Donatisl.

176 2163 214 2183 lib.
235 2163 252 2188 l,
274 2168 341 2190 capp.
356 2169 385 2189 x,

176 2195 213 2215 xv,
228 2195 274 2211 xvr.

177 2395 187 2405 ”
203 2392 238 2414 Cf.
257 2397 296 2419 qu.
317 2398 386 2420 mv,

177 2419 265 2441 Introd.

427 193 496 231 136

420 278 566 311 ternpore
590 271 768 302 secundum
792 281 824 301 se
848 271 970 301 licitum
995 271 1070 307 fuit,
1095 280 1154 301 nec
1179 271 1273 300 etiam
1298 279 1334 298 ex
1359 268 1485 306 dispen-

421 317 552 346 satione.
586 316 674 346 Sicut
698 316 783 345 enim
808 325 845 346 ex
870 315 960 345 dictis
977 317 992 332 ⁴*
1016 321 1111 355 patet,
1137 314 1326 344 concubitus
1350 321 1423 341 cum
1449 320 1485 340 ea

421 370 502 400 quae
524 369 591 390 non
615 365 662 390 est
684 360 890 390 matrimonio
906 360 1024 395 iuncta,
1041 369 1107 389 non
1124 364 1170 388 est
1186 357 1380 387 conveniens
1390 360 1484 404 ‘actus

420 404 459 434 ad
475 405 599 434 bonum
622 404 730 444 proliS,
749 404 837 444 quod
853 410 900 434 est
915 403 1097 443 principalis
1120 402 1192 432 finis
1214 401 1419 430 matrimonii.
1444 398 1484 427 Et

419 448 492 479 ideo
510 453 556 478 est
573 453 682 478 contra
698 449 800 488 prima
816 454 983 488 praecepta
1004 448 1080 486 legis
1100 451 1240 480 naturae,
1258 452 1340 483 quae
1357 442 1483 481 dispen—

420 493 576 523 sationem
599 502 667 522 non
690 493 858 532 recipiunt.
1390 530 1396 536 ι

474 536 568 567 Unde
592 537 790 576 ubicumque
813 537 927 575 legitur
950 536 982 565 in
1006 534 1102 564 veteri
1126 533 1333 562 Testamento
1358 530 1483 579 aliquos

420 581 616 611 concubinas
646 581 793 611 habuisse
825 589 907 619 quos
934 588 1062 608 necesse
1091 578 1128 606 sit
1152 586 1168 605 a
1192 580 1325 615 peccato
1356 573 1483 603 mortali

420 626 578 661 excusari,
603 630 731 665 oportet
754 634 804 654 eas
830 633 896 654 esse
923 621 1127 652 matrimonio
1155 620 1295 654 iunctas,
1321 623 1352 648 et
1375 623 1482 647 tamen

419 670 614 700 concubinas
643 669 705 699 dici
733 669 807 708 quia
835 666 953 706 aliquid
981 665 1138 695 habebant
1162 663 1201 693 de
1225 663 1347 692 ratione
1375 662 1482 692 uxoris

419 719 450 744 et
473 713 593 753 aliquid
616 713 655 743 de
678 714 799 742 ratione
828 710 1036 741 concubinae.
1067 707 1252 738 Secundum
1282 707 1368 737 enim
1393 706 1483 746 quod

418 758 658 788 matrimonium
683 756 844 786 ordinatur
868 754 906 784 ad
929 762 1023 783 suum
1047 751 1256 792 principalem
1284 750 1400 787 finem,
1426 751 1482 791 qui

419 807 465 832 est
488 803 611 831 bonum
638 801 752 840 prolis,
777 809 857 829 uxor
884 799 951 827 viro
980 796 1186 836 coniungitur
1215 796 1379 826 insolubili
1403 804 1482 826 con-

417 847 599 880 iunctione,
623 845 673 874 vel
703 844 812 874 saltem
844 842 1009 876 diuturna,
1038 846 1073 870 ut
1102 850 1140 870 ex
1167 840 1290 870 dictis*
1314 846 1418 880 patet:
1452 845 1482 870 et

418 895 527 920 contra
551 890 612 919 hoc
635 898 702 918 non
727 893 773 917 est
796 887 901 925 aliqua
931 885 1135 924 dispensatio.
1170 884 1233 915 Sed
1261 891 1419 925 quantum
1443 884 1482 914 ad

417 933 593 964 secundum
621 932 728 967 finem,
746 932 801 970 qui
825 935 871 960 est
894 929 1087 969 dispensatio
1116 928 1254 959 familiae
1279 935 1310 959 et
1334 939 1482 959 commu-

415 978 532 1008 nicatio
557 985 701 1016 operum,
726 984 807 1005 uxor
830 974 1036 1013 coniungitur
1058 974 1127 1003 viro
1150 979 1187 1003 ut
1209 973 1306 1003 socia.
1332 973 1394 1004 Sed
1418 974 1482 1003 hoc

416 1021 521 1051 deerat
543 1021 575 1050 in
599 1020 647 1049 his
671 1029 753 1059 quae
778 1018 977 1048 concubinae
1000 1018 1218 1048 nominantur.
1249 1018 1283 1047 In
1307 1018 1370 1048 hoc
1395 1019 1482 1048 enim

414 1070 537 1105 poterat
561 1073 628 1094 esse
653 1063 863 1103 dispensatio:
893 1071 968 1092 cum
992 1063 1031 1092 sit
1054 1062 1261 1092 secundarius
1285 1062 1481 1092 matrimonii

414 1109 494 1139 finis.
520 1109 560 1138 Et
581 1117 619 1138 ex
635 1108 693 1137 hac
717 1112 804 1147 parte
828 1107 987 1136 habebant
1010 1106 1130 1146 aliquid
1154 1106 1256 1136 simile
1281 1107 1480 1143 concubinis,

413 1154 534 1183 ratione
559 1153 649 1182 cuius
673 1152 872 1182 concubinae
895 1152 1113 1181 nominantur.

468 1197 518 1227 AD
541 1206 658 1226 pamm(
681 1205 764 1225 eaeo
791 1205 951 1225 mmmmm
979 1195 1068 1235 quod
1096 1196 1212 1226 habere
1235 1196 1342 1236 plures
1365 1205 1481 1226 uxores

413 1251 479 1271 non
497 1246 543 1271 est
559 1246 669 1270 contra
684 1241 762 1280 legis
777 1245 908 1270 naturae
924 1240 1026 1280 prima
1042 1246 1211 1280 praecepta
1227 1242 1254 1277 ᾖ
1268 1241 1350 1271 sicut
1365 1241 1481 1270 habere

413 1286 626 1315 concubinam
642 1285 668 1314 ὓ.
693 1285 734 1314 Et
756 1284 830 1314 ideo
854 1285 934 1314 ratio
959 1294 1026 1315 non
1051 1286 1204 1324 sequitur.

467 1330 517 1359 An
541 1339 702 1359 sacunnmu
725 1339 885 1358 mmmmm
908 1328 997 1369 quod
1022 1330 1145 1369 antiqui
1165 1330 1282 1367 Patres,
1300 1340 1336 1360 ea
1353 1329 1480 1369 dispen-

412 1375 533 1404 satione
550 1383 613 1413 qua
628 1374 735 1413 plures
751 1383 866 1403 uxores
890 1374 1059 1410 habebant,
1077 1374 1116 1404 ad
1133 1375 1262 1405 ancillas
1286 1373 1481 1405 accedebant

412 1419 525 1448 uxorio
542 1417 666 1448 affeetu.
692 1418 790 1447 Erant
806 1418 893 1448 enim
910 1428 1024 1448 uxores
1041 1424 1199 1458 quantum
1215 1419 1254 1450 ad
1270 1419 1480 1460 principalem

413 1468 443 1493 et
469 1462 654 1503 primarium
685 1461 783 1492 finem
814 1463 1020 1493 matrimonii.
1053 1463 1116 1493 Sed
1146 1473 1214 1494 non
1245 1469 1334 1494 erant
1364 1473 1480 1494 uxores

412 1504 567 1547 quantum
592 1506 632 1536 ad
654 1506 740 1536 illam
764 1507 1030 1537 coniunctionem
1060 1517 1142 1548 quae
1170 1509 1298 1548 respicit
1324 1507 1480 1539 secunda-

412 1552 494 1582 rium
517 1551 632 1587 finem,
658 1552 711 1594 cui
734 1551 877 1582 conditio
907 1549 1065 1582 servitutis
1093 1554 1288 1593 opponitur,
1313 1562 1388 1583 cum
1412 1560 1480 1583 non

411 1597 511 1636 possit
534 1596 627 1626 simul
653 1605 720 1626 esse
744 1596 831 1626 socia
855 1601 886 1626 et
909 1596 1032 1627 ancilla.

465 1641 516 1670 An
540 1650 674 1670 TERTIUM
703 1650 863 1670 monimum
895 1640 998 1681 quod,
1024 1642 1106 1672 sicut
1133 1642 1166 1672 in
1194 1642 1264 1682 lege
1293 1642 1399 1683 Moysi
1423 1651 1480 1682 per

412 1684 681 1725 dispensationem
704 1685 819 1715 licebat
843 1685 916 1715 dare
937 1685 1082 1716 libellum
1098 1686 1222 1726 repudii
1239 1687 1278 1717 ad
1295 1686 1479 1717 evitandum

411 1729 633 1765 uxon'cidium,
650 1735 686 1759 ut
703 1729 826 1759 dicetur
841 1730 876 1766 *3
893 1730 937 1760 ita
953 1739 990 1760 ex
1008 1730 1120 1761 eadem
1137 1730 1374 1771 dispensatione
1390 1732 1480 1762 licuit

412 1774 556 1804 Abrahae
581 1774 694 1804 eiicere
717 1774 816 1814 Agar,
841 1774 880 1804 ad
904 1774 1150 1814 significandum
1179 1777 1366 1817 mysterium
1390 1775 1480 1816 quod

412 1818 587 1858 Apostolus
604 1818 748 1858 explicat,
768 1819 874 1849 Galat.
887 1820 956 1850 ιγ’.
974 1819 1074 1857 Quod
1090 1820 1186 1850 etiam
1205 1821 1258 1851 ille
1281 1820 1366 1851 filius
1389 1821 1479 1851 heres

410 1872 477 1893 non
502 1862 578 1898 fuit,
603 1862 642 1893 ad
665 1863 853 1903 mysterium
881 1864 1033 1904 pertinet,
1058 1869 1094 1895 ut
1117 1864 1236 1895 ibidem
1259 1871 1356 1906 patet.
1391 1865 1480 1896 Sicut

412 1908 506 1937 etiam
530 1907 569 1937 ad
592 1908 779 1948 mysterium
799 1908 936 1947 pertinet
952 1908 1042 1949 quod
1058 1906 1153 1945 Esau,
1171 1909 1255 1940 filius
1279 1910 1406 1946 liberae,
1424 1911 1480 1940 he-

412 1961 460 1982 res
476 1962 542 1982 non
560 1951 618 1982 fuit
634 1953 669 1981 *z
694 1957 730 1982 ut
745 1957 832 1992 patet
843 1953 936 1983 Rom.
954 1963 985 1983 1x
1001 1954 1044 1984 **.
1069 1953 1219 1984 Similiter
1238 1955 1333 1985 etiam
1349 1960 1481 1995 propter

1085 192 1348 239 QUAESTIO
1377 190 1515 234 LXVI,
1536 186 1830 224 ARTICULUS
1858 187 1890 231 Ι,
1911 186 1940 222 ΙΙ

1540 275 1579 295 eo
1597 266 1653 304 qui
1669 265 1776 305 plures
1800 264 1968 294 fornicarie
1992 265 2159 304 cognoscit
2181 273 2279 304 quam
2299 265 2355 304 qui
2370 265 2478 305 plures
2494 275 2609 304 uxores

1539 310 1717 339 successive
1740 309 1845 338 habet.
1870 307 1932 339 Sed
1957 317 1994 338 ex
2018 309 2123 348 primo
2147 318 2215 339 non
2239 308 2374 340 efficitur
2397 309 2512 350 aliquis
2534 311 2610 341 irre-

1539 353 1655 392 gularis
1671 353 1698 382 *.
1723 353 1808 392 Ergo
1832 362 1893 382 nec
1918 362 1955 382 ex
1979 352 2133 383 secundo.

1596 397 1625 427 3.
1650 397 1846 432 PRAETEREA,
1864 397 1887 426 si
1905 397 2043 436 bigamia
2064 396 2325 437 irregularitatem
2342 403 2459 435 causat,
2476 405 2531 430 aut
2546 400 2609 430 hoc

1506 451 1515 471 5
1539 446 1586 470 est
1609 441 1732 471 ratione
1755 439 1958 477 sacramenti,
1984 447 2039 471 aut
2061 442 2184 472 ratione
2211 442 2344 472 carnalis
2366 443 2513 483 copulae.
2548 443 2611 475 Sed

1538 494 1606 514 non
1630 486 1753 515 ratione
1776 486 1889 525 primi:
1925 486 2000 525 quia
2023 486 2084 522 sic,
2110 486 2136 516 si
2160 486 2274 526 aliquis
2297 495 2373 517 cum
2396 497 2462 517 una
2484 494 2609 518 contra·

1538 530 1633 559 xisset
1656 539 1713 569 per
1735 530 1831 560 verba
1852 529 1892 559 de
1907 530 2076 570 praesenti,
2093 536 2134 566 et,
2151 540 2188 560 ea
2203 536 2331 561 mortua
2354 537 2427 562 ante
2451 533 2610 563 carnalem

1539 574 1690 614 copulam
1715 575 1928 609 subsecutam,
1947 574 2077 604 duceret
2092 575 2196 610 aliam,
2214 574 2392 606 efficeretur
2413 576 2609 616 irregularis;

1539 618 1629 658 quod
1653 624 1699 648 est
1722 624 1834 649 contra
1857 618 2048 649 decretalem
2074 619 2253 649 Innocentii
2277 619 2318 650 111
2342 621 2368 650 *.
2402 621 2471 651 Nec
2493 622 2610 652 iterum

1498 672 1524 687 ιο
1538 663 1660 693 ratione
1680 663 1830 693 secundi:
1856 664 1932 703 quia
1947 663 2126 694 secundum
2150 664 2214 694 hoc
2230 665 2325 694 etiam
2350 665 2406 704 qui
2421 665 2530 705 plures
2546 665 2610 696 for-

1537 707 1657 737 nicario
1682 708 1858 738 concubitu
1882 713 2100 748 cognosceret,
2117 708 2294 748 irregularis
2322 715 2422 746 esset;
2447 710 2537 750 quod
2553 709 2610 741 fal-

1538 761 1609 782 sum
1632 757 1678 782 est
1690 753 1716 782 ⁴⁹.
1734 753 1820 792 Ergo
1837 752 1928 782 nullo
1945 752 2046 783 modo
2062 753 2200 793 bigamia
2215 753 2475 793 irregularitatem
2491 760 2609 785 causat.

1592 797 1783 827 Raspommo
1818 807 1978 827 mmmmm
2013 797 2103 837 quod
2137 797 2252 837 aliquis
2286 807 2343 838 per
2375 805 2610 829 sacramentum

1538 840 1658 871 ordinis
1687 842 1832 871 minister
1861 847 2133 872 sacramentorum
2167 843 2388 873 constituitur:
2423 848 2455 873 et
2477 843 2530 874 ille
2553 844 2610 884 qui

1498 894 1521 914 ις
1537 886 1605 916 aliis
1640 891 1836 916 sacramenta
1869 887 2046 917 ministrare
2080 887 2191 922 debet,
2221 887 2350 917 nullum
2384 887 2547 918 defectum
2575 889 2610 918 in

1537 931 1740 960 sacramentis
1764 931 1830 970 pati
1853 930 1957 961 debet.
1982 930 2135 962 Defectus
2158 937 2266 962 autem
2289 932 2323 962 in
2347 937 2546 962 sacramento
2563 938 2610 963 est

1537 974 1668 1014 quando
1685 975 1874 1005 sacramenti
1890 975 2079 1015 significatio
2097 977 2217 1016 integra
2232 985 2301 1006 non
2317 977 2487 1007 invenitur.
2501 976 2610 1007 Sacra-

1536 1024 1684 1049 mentum
1701 1024 1808 1049 autem
1824 1020 2021 1050 matrimonii
2036 1019 2193 1060 significat
2209 1021 2473 1051 coniunctionem
2491 1021 2609 1052 Christi

1537 1062 1576 1093 ad
1601 1063 1778 1093 Ecclesiam
1793 1064 1820 1099 ἦ,
1845 1073 1928 1103 quae
1953 1070 1999 1094 est
2021 1065 2117 1094 unius
2141 1064 2181 1094 ad
2204 1074 2312 1095 unam.
2341 1066 2382 1095 Et
2405 1065 2478 1096 ideo
2502 1067 2609 1106 requi-

1496 1115 1523 1130 20
1536 1108 1614 1137 ritur
1638 1107 1678 1137 ad
1701 1107 1875 1147 perfectam
1899 1107 2166 1148 significationem
2186 1111 2374 1140 sacramenti
2398 1110 2488 1150 quod
2506 1111 2554 1140 vir
2569 1111 2609 1141 sit

1536 1157 1662 1182 tantum
1685 1152 1782 1182 unius
1804 1153 1861 1187 vir,
1879 1157 1910 1182 et
1926 1162 2007 1183 uxor
2026 1153 2066 1183 sit
2088 1158 2213 1183 tantum
2237 1154 2333 1184 unius
2356 1164 2448 1185 uxor.
2473 1155 2514 1185 Et
2533 1155 2607 1186 ideo

1537 1196 1684 1236 bigamia,
1710 1205 1793 1236 quae
1815 1196 1879 1227 hoc
1903 1196 1995 1233 tollit,
2019 1197 2281 1237 irregularitatem
2304 1198 2428 1229 inducit
2442 1199 2470 1229 *.

1591 1240 1633 1270 Et
1656 1246 1730 1271 sunt
1754 1246 1893 1280 quatuor
1915 1241 2006 1271 modi
2029 1242 2196 1282 bigamiae.
2221 1241 2346 1273 Primus
2371 1248 2427 1279 est,
2444 1252 2520 1273 cum
2535 1244 2608 1283 quis

1535 1285 1643 1326 plures
1667 1286 1762 1315 habet
1786 1285 1902 1316 uxores
1926 1285 1965 1316 de
1988 1286 2057 1316 iure
2081 1286 2258 1317 successive
2275 1287 2301 1317 *.
2330 1286 2507 1323 Secundus,
2533 1296 2608 1318 curn

1496 1339 1519 1359 25
1536 1330 1631 1360 simul
1647 1330 1743 1360 habet
1758 1330 1875 1370 plures,
1893 1339 1992 1360 unam
2008 1329 2048 1360 de
2063 1331 2142 1367 iure,
2159 1331 2255 1361 aliam
2271 1331 2310 1362 de
2327 1331 2412 1362 facto
2424 1332 2451 1362 “.
2469 1332 2607 1369 Tertius,

1537 1384 1612 1405 cum
1628 1375 1724 1404 habet
1739 1374 1847 1414 plures
1863 1375 2052 1411 successive,
2065 1384 2164 1405 unam
2177 1375 2216 1406 de
2228 1376 2308 1412 iure,
2321 1376 2416 1407 aliam
2432 1375 2472 1407 de
2484 1374 2569 1407 facto
2579 1378 2607 1407 ⁶.

1536 1419 1687 1457 Quartus,
1713 1418 1844 1459 quando
1867 1419 1999 1450 viduam
2023 1419 2111 1450 ducit
2133 1429 2268 1451 uxorem
2284 1421 2312 1451 ⁴.
2336 1421 2378 1451 Et
2399 1421 2433 1451 in
2457 1421 2608 1452 omnibus

1535 1464 1584 1494 his
1608 1469 1655 1494 est
1677 1463 1888 1504 irregularitas
1911 1463 2061 1494 adiuncta
2076 1465 2103 1494 ⁹.

1590 1508 1662 1538 Alia
1686 1514 1795 1539 autem
1811 1517 1906 1539 causa
1923 1516 2127 1549 consequens
2143 1510 2320 1549 assignatur
2335 1510 2371 1540 *t
2397 1510 2473 1550 quia
2487 1510 2522 1540 in
2545 1510 2608 1541 illis

1495 1561 1521 1581 ιο
1535 1554 1592 1593 qui
1620 1553 1783 1593 accipiunt
1813 1558 2049 1584 sacramentum
2079 1553 2216 1590 ordinis,
2240 1554 2378 1584 maxima
2406 1555 2608 1595 spiritualitas

1535 1597 1630 1628 debet
1657 1607 1828 1638 apparere;
1863 1603 1934 1628 tum
1962 1599 2037 1638 quia
2065 1598 2240 1638 spiritualia
2267 1599 2464 1636 ministrant,
2488 1599 2610 1630 scilicet

1535 1648 1750 1678 sacramenta;
1774 1647 1845 1673 tum
1861 1643 1938 1682 quia
1953 1643 2128 1683 spiritualia
2144 1642 2279 1679 docent;
2297 1649 2328 1674 et
2342 1644 2376 1674 in
2393 1644 2609 1684 spiritualibus

1535 1688 1687 1727 occupari
1710 1686 1837 1717 debent.
1862 1686 1966 1723 Unde,
1984 1697 2059 1718 cum
2076 1688 2339 1728 concupiscentia
2360 1689 2500 1719 maxime
2517 1689 2609 1730 spiri*—

1534 1732 1669 1762 tualitati
1681 1737 1847 1772 repugnet,
1860 1741 1918 1771 per
1934 1741 2031 1772 quam
2048 1737 2134 1763 totus
2145 1733 2242 1762 homo
2258 1741 2337 1763 caro
2350 1732 2493 1774 efficitur
2501 1734 2528 1769 ³,
2539 1742 2609 1764 non

1495 1783 1518 1804 ³5
1535 1775 1630 1806 debet
1655 1776 1788 1816 aliquod
1813 1777 1940 1816 signum
1965 1777 2245 1817 concupiscentiae
2268 1778 2484 1817 permanentis
2506 1778 2540 1808 in
2563 1778 2609 1808 eis

1535 1830 1697 1861 apparere.
1726 1820 1826 1858 Quod
1843 1820 1974 1860 quidem
1990 1827 2122 1862 apparet
2137 1821 2169 1851 in
2186 1821 2330 1862 bigamis,
2347 1822 2405 1862 qui
2427 1831 2492 1852 una
2509 1831 2609 1853 uxore

1536 1866 1679 1896 contenti
1703 1875 1771 1895 esse
1794 1865 1979 1896 noluerunt.
1996 1884 2018 1888 -
2034 1866 2160 1896 Tamen
2181 1866 2284 1906 prima
2311 1867 2391 1896 ratio
2416 1872 2463 1897 est
2481 1867 2608 1898 melior.

1590 1910 1642 1940 Αι)
1675 1919 1792 1940 ramma
1825 1919 1908 1940 eaeo
1942 1919 2102 1940 mmmmm
2136 1910 2227 1950 quod
2257 1910 2433 1941 multitudo
2466 1910 2610 1951 plurium

1535 1963 1675 1984 uxorum
1703 1955 1798 1984 simul
1830 1955 2035 1985 existentium
2063 1960 2110 1985 est
2133 1955 2308 1986 multitudo
2340 1955 2536 1995 simpliciter.
2568 1955 2610 1986 Et

413 1997 598 2037 mysterium
627 1996 747 2026 factum
777 2002 823 2027 est
851 2002 886 2027 ut
909 1997 966 2028 filii
995 1998 1089 2028 Iacob
1114 2008 1151 2028 ex
1176 1999 1297 2029 ancillis
1321 2005 1352 2029 et
1375 1999 1480 2029 liberis
1495 2005 1522 2025 ⁴⁰
1535 1998 1610 2029 ideo
1626 1998 1696 2029 talis
1713 1998 1887 2029 multitudo
1903 1999 2043 2029 totaliter
2058 1998 2284 2039 significationi
2307 2000 2498 2030 sacramenti
2513 2009 2610 2041 repu-

412 2041 476 2071 nati
500 2040 630 2071 heredes
656 2047 759 2071 essent
775 2042 802 2077 *,
819 2046 855 2072 ut
871 2042 1071 2082 Augustinus
1091 2042 1167 2073 dicit
1183 2044 1233 2073 '‘*1
1259 2044 1335 2083 quia
1352 2043 1480 2074 Christo

413 2091 586 2115 nascuntur
610 2086 642 2115 in
666 2086 825 2126 baptismo
853 2085 910 2116 filii
937 2092 1003 2117 tam
1026 2097 1084 2127 per
1107 2088 1228 2124 bonos,
1253 2097 1336 2128 quos
1363 2088 1481 2118 liberae

412 2129 606 2170 significant,
632 2140 730 2170 quam
757 2140 815 2170 per
842 2131 945 2161 malos
976 2132 1154 2168 ministros,
1180 2133 1236 2172 qui
1266 2142 1323 2173 per
1351 2133 1481 2163 ancillas

413 2173 637 2214 significantur.

558 2238 810 2282 QUAESTIO
838 2237 1337 2275 SEXAGESIMASEXTA

464 2298 508 2322 DF.
528 2298 668 2322 fflGANuA
686 2298 732 2322 ET
753 2299 1060 2324 1RREGULAR1TATE
1081 2300 1125 2324 ax
1145 2300 1190 2325 EA
1210 2300 1422 2326 CONTRACTA

476 2361 567 2381 amna
596 2351 863 2383 considerandum
892 2359 939 2383 est
963 2352 1002 2383 de
1026 2354 1163 2394 bigamia
1192 2360 1224 2385 et
1253 2355 1480 2396 irregularitate

476 2405 513 2426 ex
537 2405 573 2425 ea
596 2402 757 2427 contracta
771 2398 798 2427 ⁵.

415 2439 507 2470 Circa
530 2440 619 2480 quod
642 2448 838 2480 quaeruntur
861 2443 1016 2483 quinque.

468 2484 594 2514 Primo:
619 2490 726 2515 utrum
749 2486 794 2516 illi
818 2487 973 2527 bigamiae
997 2497 1080 2528 quae
1104 2493 1151 2518 est
1175 2497 1213 2519 ex
1236 2489 1300 2520 hoc
1319 2489 1409 2529 quod
1425 2490 1480 2520 ali-

503 2530 573 2568 quis
596 2528 673 2560 duas
697 2540 811 2560 uxores
835 2533 1013 2562 successive
1036 2533 1191 2569 habuerit,
1209 2533 1248 2564 sit
1270 2533 1480 2574 irregularitas

502 2582 633 2603 annexa.

470 2617 618 2648 Secundo
631 2629 637 2648 z
662 2624 770 2649 utrum
787 2620 1048 2660 irregularitatem
1064 2622 1230 2652 contrahat
1246 2623 1303 2663 qui
1318 2623 1414 2654 simul
1429 2623 1480 2654 vel

503 2705 542 2736 de
566 2706 661 2737 facto.

469 2750 597 2780 Tertio:
622 2757 730 2781 utrum
760 2753 968 2793 irregularitas
999 2755 1204 2786 contrahatur
1232 2763 1270 2786 ex
1297 2757 1362 2788 hoc
1380 2757 1481 2798 quod

503 2795 574 2834 quis
597 2805 730 2826 uxorem
754 2798 907 2837 virginem
931 2809 998 2830 non
1022 2801 1154 2840 accepit.

469 2837 610 2876 Quarto:
635 2845 742 2871 utrum
767 2842 903 2882 bigamia
926 2853 983 2883 per
1006 2844 1201 2884 baptismum
1224 2845 1374 2877 solvatur.

470 2882 610 2921 Quinto:
635 2890 742 2915 utrum
766 2895 840 2916 cum
865 2887 992 2927 bigamo
1016 2888 1109 2919 liceat
1132 2888 1323 2930 dispensare.

458 2963 556 2993 ART.
582 2963 604 2994 I.
629 2975 733 2994 urium
756 2975 816 2996 1LL1
840 2977 988 2998 ΒῐοΑΜιΑΕ
1013 2979 1095 2999 onan
1119 2979 1173 3000 asr
1196 2979 1236 3000 ax
1259 2980 1323 3001 noc
1347 2981 1435 3002 ouon

590 3018 712 3039 aucuns
737 3016 814 3040 noas
837 3021 955 3042 uxoims
979 3023 1156 3044 succassrva
1180 3025 1305 3052 uanurr,

712 3060 760 3084 ‘SIT
784 3063 1026 3088 IRREGULARITAS
1050 3068 1174 3089 ANNEXA

459 3101 495 3122 *H*
507 3102 563 3129 4ΗΜ,
578 3108 617 3129 qu.
633 3107 753 3135 emman.
768 3111 790 3131 4.
806 3106 833 3126 ad
850 3111 873 3130 2:
889 3106 1009 3132 lvsent„
1025 3107 1078 3130 dist.
1092 3115 1149 3134 ιιι-ιι,
1166 3115 1204 3137 qu.
1221 3115 1254 3134 ιιι,
1270 3111 1311 3132 art.
1327 3110 1391 3137 asad
1405 3117 1433 3138 4:

599 3126 609 3150 Ι
623 3130 656 3151 ad
674 3129 739 3157 Tum„
756 3137 806 3158 cap.
823 3138 857 3159 ιιι,
872 3133 924 3154 lect.
941 3139 961 3157 ι;
977 3133 1014 3155 Ad
1029 3135 1083 3162 Tit„
1100 3141 1151 3163 cap.
1168 3142 1183 3161 ι,
1199 3137 1251 3158 leet.
1267 3143 1292 3158 11.

420 3203 501 3265 An
529 3201 645 3224 paruum
663 3203 714 3224 stc
737 3203 941 3227 monzun-ua.
974 3197 1108 3228 Videtur
1136 3199 1225 3239 quod
1254 3200 1300 3230 illi
1323 3201 1480 3240 bigamiae

416 3254 420 3259 -
483 3246 564 3277 quae
588 3244 634 3268 est
659 3246 697 3268 ex
721 3240 783 3270 hoc
806 3241 896 3281 quod
919 3241 1033 3282 aliquis
1057 3242 1134 3273 duas
1163 3253 1279 3274 uxores
1301 3246 1480 3276 successive

418 3281 542 3317 habuit,
571 3288 639 3312 non
665 3283 706 3313 sit
731 3284 939 3324 irregularitas
971 3293 1102 3317 annexa.
1133 3287 1220 3325 Quia
1247 3289 1421 3320 multitudo
1448 3295 1481 3320 et

1535 2048 1621 2083 gnat.
1642 2043 1683 2073 Et
1698 2049 1830 2084 propter
1845 2043 1909 2074 hoc
1925 2043 2048 2074 tollitur
2063 2049 2308 2074 sacramentum.
2321 2062 2344 2067 -
2358 2043 2422 2075 Sed
2433 2044 2609 2076 multitudo

1535 2097 1675 2118 uxorum
1699 2088 1878 2118 successive
1902 2093 1949 2118 est
1972 2088 2146 2118 multitudo
2170 2087 2350 2119 secundum
2365 2088 2454 2129 quid.
2478 2089 2519 2120 Et
2533 2089 2609 2120 ideo

1536 2140 1604 2163 non
1627 2132 1711 2162 tollit
1733 2131 2002 2172 significationem
2025 2133 2214 2163 sacramenti
2235 2133 2394 2164 totaliter:
2422 2142 2483 2164 nec
2507 2142 2610 2165 saa-a-

1535 2182 1683 2207 mentum
1708 2183 1841 2208 evacuat
1864 2182 2022 2217 quantum
2046 2177 2086 2207 ad
2109 2178 2158 2208 sui
2181 2178 2361 2214 essentiam,
2378 2177 2434 2208 sed
2451 2183 2609 2218 quantum

1495 2227 1520 2248 45
1537 2221 1576 2252 ad
1592 2222 1642 2252 sui
1657 2221 1900 2261 perfectionem.
1922 2221 2015 2259 Quae
2031 2222 2202 2262 requiritur
2217 2222 2250 2252 in
2266 2221 2327 2253 illis
2344 2223 2401 2263 qui
2416 2228 2491 2253 sunt
2506 2231 2609 2254 sacra-

1536 2271 1723 2297 mentorum
1747 2265 1991 2306 dispensatores.

1590 2311 1641 2340 An
1666 2321 1830 2341 sacunnuu
1852 2320 2013 2341 DICENDUM
2029 2310 2129 2351 quod,
2147 2311 2293 2351 quamvis
2316 2311 2356 2342 sit
2374 2312 2408 2341 in
2431 2310 2609 2343 fornicariis

1534 2356 1664 2386 maioris
1688 2355 1969 2396 concupiscentiae
1993 2355 2131 2396 signum,
2151 2365 2219 2385 non
2243 2361 2351 2386 tamen
2375 2357 2609 2397 concupiscen-

1534 2400 1597 2430 tiae
1624 2401 1667 2430 ita
1693 2399 1908 2431 adhaerentis:
1941 2400 2016 2440 quia
2046 2406 2103 2440 per
2133 2399 2381 2431 fornicationem
2408 2410 2493 2431 unus
2519 2400 2608 2432 alteri

1495 2453 1521 2474 5⁰
1534 2454 1603 2475 non
1626 2445 1660 2474 in
1684 2450 1843 2485 perpetuo
1866 2444 2036 2484 obligatur.
2052 2463 2075 2467 —
2099 2445 2140 2475 Et
2163 2445 2279 2475 iterum
2301 2454 2370 2476 non
2394 2451 2441 2475 est
2465 2445 2608 2477 defectus

1535 2494 1802 2564 &effi-‘iignum
1825 2543 1985 2563 nrcaunuu
2009 2533 2109 2574 quod,
2127 2534 2209 2564 sicut
2225 2533 2347 2564 dictum
2364 2539 2411 2565 est
2426 2535 2453 2570 “,
2470 2534 2609 2575 bigamia

1535 2584 1644 2609 causat
1667 2578 1928 2618 irregularitatem
1954 2578 2148 2618 inquantum
2177 2578 2259 2609 tollit
2289 2578 2465 2619 perfectam
2487 2578 2608 2619 signifi·

2638 362 2647 372 '¹
2667 360 2703 383 Cs.
2721 366 2770 383 οιιι.
2809 361 2849 383 uia

2636 387 2761 437 aaa?
2774 388 2794 410 Β
2821 394 2849 410 ‘²'

2633 629 2850 683 ..esaeiae

2637 761 2647 771 ·
2663 759 2699 782 Cf.
2714 766 2762 788 arg.
2777 766 2798 782 2.

2637 1071 2790 1100 'ssdEphe-n„
2799 1077 2849 1099 cap.

2636 1105 2659 1126 v,
2674 1104 2733 1120 ven.
2747 1104 2782 1127 32.

2636 1205 2787 1260 aaa?
2795 1206 2852 1255 ἓξὲξ

2636 1258 2724 1284 ΧΧῊ;
2736 1258 2767 1280 de
2775 1260 2806 1281 Bi
2822 1265 2850 1281 a-

2635 1285 2801 1314 mieeteafflorp
2810 1291 2850 1308 ura

2636 1318 2663 1350 ἓ·
2672 1317 2850 1388 afferrent,

2636 1371 2700 1388 caus.
2759 1365 2799 1392 XI,
2808 1372 2847 1394 qu.

2635 1398 2851 1448 &immanem-

2635 1445 2715 1500 {ng-dg..
2723 1471 2812 1500 Nuper,
2821 1472 2852 1494 de

2635 1498 2667 1520 Bi
2682 1498 2744 1520 anis
2758 1503 2804 1521 ete.

2635 1527 2646 1537 ⁸
2709 1542 2712 1546 .
2728 1525 2850 1552 Ser-mim,

2635 1552 2690 1591 {¹⁵⁸¹-
2706 1551 2813 1584 ΧΧΧΙΙΙ..

2637 1578 2851 1632 αιῖῗὶκκιῖαοῗιιῖ

2635 1631 2816 1691 ἷιζῗῗῖιιινῖ
2822 1659 2851 1681 ate

2635 1685 2853 1742 Βιιέηωὺωέιῗηροι·

2635 1718 2652 1751 2
2661 1738 2699 1762 Cf.
2713 1739 2737 1762 b.
2775 1739 2850 1766 thern,

2636 1765 2669 1788 1v
2691 1765 2772 1792 Sene„
2795 1767 2851 1789 dist.

2636 1798 2708 1820 nvn,
2722 1796 2763 1815 an.
2779 1799 2814 1816 τι.

2637 1825 2647 1836 ·
2669 1825 2708 1846 Au
2726 1840 2731 1845 .
2760 1822 2835 1846 Sem.

2637 1850 2676 1873 CL
2750 1850 2779 1872 ιΙ.
2790 1850 2836 1872 fra-

2636 1883 2685 1905 gm.
2699 1883 2735 1904 ιιι,
2750 1883 2773 1899 ιι.
2788 1883 2801 1899 2

2635 2541 2646 2552 ·
2659 2541 2686 2563 In
2700 2545 2809 2569 corpore.

1536 2623 1697 2653 canonem
1727 2623 1940 2658 matrimonii.
1965 2632 2049 2663 quae
2080 2622 2212 2663 quidem
2242 2623 2388 2654 consistit
2413 2628 2446 2654 et
2468 2623 2502 2654 in
2529 2632 2608 2654 eon·
2657 2627 2659 2629 '

504 2662 679 2692 successive
703 2663 780 2693 duas
804 2674 919 2696 uxores
942 2666 1068 2703 habuit,
1093 2675 1191 2697 unam
1215 2666 1255 2697 de
1278 2668 1361 2704 iure,
1386 2668 1480 2698 aliam
1495 2675 1519 2697 55
1534 2668 1701 2698 iunctione
1725 2667 1918 2703 animorum,
1943 2676 2026 2707 quae
2049 2667 2085 2698 fit
2109 2677 2166 2708 per
2189 2676 2395 2704 consensum,
2417 2673 2450 2698 et
2471 2668 2505 2698 in
2528 2677 2607 2699 con-

1534 2712 1701 2743 iunctione
1734 2721 1909 2751 corporum
1925 2712 1952 2742 *.
1986 2710 2028 2742 Et
2050 2712 2125 2742 ideo
2158 2713 2281 2743 ratione
2313 2713 2480 2752 utriusque
2509 2712 2606 2743 simul

1535 2762 1664 2797 oportet
1687 2766 1755 2787 esse
1778 2756 1950 2796 bigamiam
1978 2765 2062 2797 quae
2084 2757 2346 2797 irregularitatem
2375 2756 2478 2788 faciat.
2510 2755 2606 2788 Unde

1534 2810 1592 2842 per
1615 2801 1806 2831 decretalem
1831 2801 2010 2831 Innocentii
2034 2801 2074 2831 111
2098 2800 2269 2841 derogatur
2292 2802 2320 2832 ei
2345 2800 2436 2842 quod
2457 2801 2607 2842 Magister

1533 2846 1567 2876 in
1590 2846 1693 2876 littera
1708 2846 1725 2862 ³
1749 2845 1835 2881 dicit,
1859 2845 1979 2876 scilicet
2003 2845 2093 2886 quod
2116 2845 2204 2876 solus
2231 2855 2408 2876 consensus
2430 2855 2488 2886 per
2508 2845 2606 2877 verba

1493 2892 1521 2913 6⁰
1535 2890 1575 2921 de
1597 2890 1757 2930 praesenti
1780 2889 1896 2920 sufficit
1919 2889 1959 2920 ad
1981 2890 2244 2930 irregularitatem
2266 2889 2492 2921 inducendam.

1594 2956 1693 2987 ART.
1720 2956 1757 2986 11.
1782 2966 1887 2986 uranu
1909 2965 2154 2987 mansuum-ras
2177 2966 2223 2987 srr
2246 2965 2371 2987 mnan
2393 2963 2543 2987 nmmum

1559 3011 1641 3031 QUAE
1666 3010 1835 3031 common
1855 3010 1894 3031 ax
1912 3003 1976 3031 Hoc
2001 3010 2088 3031 ouon
2111 3010 2202 3032 nomo
2225 3010 2327 3032 mar
2350 3010 2429 3031 Duas
2451 3009 2582 3037 exous,

1580 3055 1669 3076 simun
1692 3055 1751 3076 var.
1775 3055 1968 3082 successum,
1993 3054 2078 3075 mmm
2102 3055 2142 3076 nn
2165 3052 2252 3081 nme,
2276 3054 2372 3076 ΑιιΑκ
2394 3054 2435 3076 na
2459 3054 2560 3076 ωσι-ο

1494 3114 1519 3140 ⁶⁵
1538 3120 1620 3185 Αι)
1645 3120 1808 3142 sacunnmn
1831 3121 1877 3142 stc
1900 3120 2105 3143 noenum-12¹2.
2121 3110 2261 3142 Videtur
2282 3109 2373 3152 quod
2395 3111 2607 3152 aregium

1600 3166 1668 3187 non
1692 3157 1731 3187 sit
1754 3166 1875 3187 annexa
1899 3156 2055 3197 bigamiae
2083 3165 2167 3196 quae
2195 3156 2352 3196 contingit
2375 3164 2414 3186 ex
2428 3156 2492 3186 hoc
2516 3155 2607 3196 quod

1535 3201 1636 3231 homo
1661 3201 1756 3231 habet
1780 3200 1861 3231 duas
1887 3209 2014 3237 uxores,
2036 3200 2134 3231 simul
2155 3198 2207 3230 vei
2228 3200 2419 3236 successive,
2442 3208 2543 3232 unam
2566 3200 2606 3231 de

1534 3246 1615 3282 iure,
1640 3245 1734 3276 aliam
1754 3245 1798 3276 de
1821 3244 1917 3276 facto.
1947 3245 2038 3283 Quia
2060 3243 2117 3275 ubi
2134 3244 2266 3275 nullum
2288 3250 2336 3275 est
2359 3250 2606 3282 sacramentum,

1535 3298 1603 3320 non
1626 3295 1734 3330 potest
1755 3299 1824 3320 esse
1848 3288 1992 3320 defectus
2014 3289 2216 3319 sacramenti.
2250 3288 2313 3320 Sed
2337 3288 2468 3329 quando
2490 3287 2606 3330 anquis

417 3325 521 3354 unitas
544 3332 786 3366 consequuntur
807 3335 874 3358 ens.
899 3329 984 3369 Ergo
1001 3339 1057 3360 ens
1074 3336 1105 3361 et
1119 3341 1187 3362 non
1204 3342 1259 3363 ens
1275 3342 1342 3363 non
1359 3333 1481 3364 faciunt
1494 3340 1522 3362 ἰο
1535 3335 1695 3365 contrahit
1717 3333 1758 3364 de
1780 3333 1867 3364 facto
1891 3341 1966 3364 cum
1990 3333 2096 3373 aliqua
2120 3338 2151 3363 et
2169 3341 2242 3363 non
2256 3333 2297 3364 de
2313 3334 2392 3370 iure,
2408 3342 2476 3364 non
2500 3339 2548 3365 est
2560 3332 2607 3364 ibi

418 3369 656 3399 multitudinem
680 3371 829 3410 aliquam.
854 3372 916 3402 Sed
931 3373 983 3403 ille
1004 3375 1060 3414 qui
1083 3375 1178 3406 habet
1200 3378 1378 3408 successive
1398 3378 1480 3409 vduas

419 3419 544 3448 uxores,
569 3412 698 3452 quando
722 3421 787 3444 una
809 3421 855 3445 est
878 3416 911 3446 in
935 3426 1012 3453 esse,
1030 3418 1089 3448 alia
1104 3427 1172 3449 non
1188 3421 1282 3451 estin
1299 3430 1376 3452 esse.
1394 3422 1479 3463 Ergo

1536 3378 1668 3418 aliquod
1691 3383 1945 3409 sacramentum:
1970 3378 2045 3418 quia
2066 3377 2138 3407 talis
2160 3378 2350 3409 coniunctio
2364 3386 2433 3408 non
2448 3377 2607 3418 significat

1535 3423 1800 3454 coniunctionem
1824 3421 1943 3453 Christi
1966 3421 2006 3452 ad
2026 3421 2213 3452 Ecclesiam.
2237 3421 2335 3463 Ergo,
2356 3431 2432 3453 cum
2452 3422 2606 3462 irregula-

179 3472 394 3501 ·1aai·1m.‚cap.
421 3464 458 3485 ex
481 3456 544 3486 hoc
566 3466 634 3486 non
658 3457 791 3488 efficitur
806 3460 852 3488 vir
869 3469 933 3489 non
958 3462 1053 3492 unius
1077 3464 1200 3498 uxoris,
1219 3466 1284 3504 qui,
1301 3466 1480 3497 secundum
1535 3468 1609 3497 ritas
1639 3476 1708 3498 non
1736 3472 1953 3507 consequatur
1983 3466 2154 3507 bigamiam
2186 3466 2247 3497 nisi
2279 3472 2412 3507 propter
2443 3465 2606 3497 defectum

181 3506 216 3526 ¹¹¹,
234 3506 292 3522 vers.
315 3506 340 3526 ²³
361 3500 395 3522 aa
420 3499 615 3539 Apostolum
630 3502 662 3536 *‚
686 3502 724 3530 ab
749 3502 935 3542 episcopatu
957 3506 1153 3543 prohibetur.

182 3527 230 3575 g'lt.
243 3533 295 3555 cap.
306 3533 322 3555 1,
333 3533 393 3549 vers.

1535 3511 1733 3547 sacramenti,
1749 3510 1875 3542 videtur
1891 3509 1981 3551 quod
1996 3510 2093 3546 talem
2117 3511 2289 3551 bigamiam
2311 3511 2521 3551 irregularitas
2536 3519 2605 3541 non

475 3552 507 3573 2.
531 3542 726 3580 pamniam,
747 3546 851 3576 maius
874 3548 1000 3586 signum
1023 3549 1272 3582 incontinentiae
1295 3560 1425 3593 apparet
1447 3555 1481 3585 in
1494 3564 1519 3586 ἰς
1535 3561 1761 3595 consequatur.

2634 2717 2644 2728 ⁶
2659 2716 2698 2739 cf.
2711 2722 2762 2744 cap.
2777 2716 2848 2738 Deu-

2633 2745 2681 2792 Ξ
2687 2742 2846 2798 ιιξῖἶῖω”

2633 2846 2643 2856 ·
2650 2844 2822 2871 Bithunum
2839 2859 2846 2867 .

2631 2871 2810 2895 Scau-denam

2633 2897 2784 2928 tendendum
2804 2900 2847 2921 est.
