2918 4088
79 707 293 763 Rhoan-'5¹1¹'

74 1783 168 1808 ‘Vm
183 1791 203 1808 1.

27 2180 29 2183 ,
73 2157 88 2169 ·
106 2155 175 2179 Ven.
192 2162 227 2183 aa,

75 2188 288 2212 columna-nst.

73 2317 168 2341 ‘Ven-
183 2323 216 2348 ²3·

79 2843 173 2873 “vm
185 2854 221 2873 ιι.

182 2883 293 2934 fiiuf'if·

85 3405 98 3417 ·
110 3390 191 3428 naith.
201 3411 228 3427 οι
246 3421 252 3427 .
293 3421 299 3432 ,

85 3437 146 3454 ven.
169 3431 208 3458 «ὃς

86 3463 298 3513 maffia&

982 209 1245 256 QUAESTIO
1274 208 1412 255 LXIX,
1443 205 1734 244 ARTICULUS
1762 207 1827 243 VII

319 289 390 325 ritu
419 289 554 324 Sancto
582 290 788 325 renascitur
816 290 887 325 nisi
907 288 1044 325 volens.
1075 287 1194 334 Quod
1222 298 1303 323 non
1330 286 1378 322 de

318 340 499 390 parvulis,
538 341 605 377 sed
641 341 689 377 de
725 341 863 378 adultis
900 340 1187 388 intelligendum
1223 346 1288 376 est.
1331 339 1380 374 Et

319 392 489 430 similiter
511 392 559 429 de
579 393 715 430 adultis
743 393 1028 442 intelligendum
1048 400 1103 430 est
1130 391 1238 441 quod
1256 392 1378 427 homo

319 457 342 483 a
370 445 521 483 Christo
549 447 630 483 sine
657 448 735 496 ipso
764 459 838 484 non
867 448 1094 494 iustificatur.

372 498 492 545 Quod
519 506 650 536 autem
676 499 827 549 parvuli
853 497 1080 548 baptizandi,
1100 504 1216 546 prout
1233 495 1379 532 viribus

317 559 490 600 possunt,
519 553 767 600 reluctantur,
797 564 871 589 non
900 553 951 588 eis
978 552 1197 599 imputatur,
1227 550 1312 598 quia
1341 549 1378 584 in

318 609 460 641 tantum
484 607 648 642 nesciunt
667 605 923 654 quidfaciunt,
944 609 982 640 ut
1000 615 1068 639 nec
1075 603 1213 650 facere
1230 602 1379 638 videan-

318 662 400 694 tur:
433 664 476 694 ut
502 657 737 706 Augustinus
765 657 872 702 dicit,
901 656 941 692 in
969 655 1065 692 libro
1093 655 1139 692 de
1164 655 1379 691 Praesentia

318 710 393 746 Dei
418 710 469 747 ad
493 711 718 748 Dardanum
736 709 767 746 ²⁸².

372 763 429 799 AD
457 775 616 801 Tem-mm
643 774 824 800 111οΕΝοοΜ
852 761 978 811 quod,
1015 760 1110 797 sicut
1144 759 1380 808 Augustinus

202 840 244 869 -Ap
261 830 291 862 ,ζ
319 814 408 852 dicit
426 815 457 862 ²¹²,
481 816 652 865 parvulis
678 821 798 852 mater
818 815 984 852 Ecclesia
1012 813 1172 850 aliorum
1186 812 1300 862 pedes
1318 824 1380 849 ac-

318 869 528 905 commodat
561 874 598 905 ut
628 869 795 913 veniant,
829 867 989 904 aliorum
1018 878 1085 903 cor
1104 871 1121 887 ‘²
1150 871 1187 902 ut
1214 865 1377 911 credant,

317 921 478 958 aliorum
506 921 676 971 linguam
704 926 743 957 ut
758 921 966 968 fateantur.
1009 920 1058 956 Et
1085 918 1135 955 ita
1162 917 1273 967 pueri
1300 930 1379 954 cre-

318 973 430 1020 dunt,
459 985 540 1010 non
567 985 638 1023 per
664 980 793 1010 actum
820 971 1038 1022 proprium,
1068 971 1136 1008 sed
1163 983 1233 1020 per
1259 970 1380 1007 fidem

370 1095 399 1130 α)
417 1103 472 1121 cor.
490 1109 510 1114 —
528 1095 641 1126 PBDF1;
661 1095 754 1121 corda.

2417 217 2482 242 111

1432 284 1633 331 Ecclesiae,
1658 297 1757 333 quae
1778 284 1830 321 eis
1849 285 2167 322 communicatur.
2198 287 2245 322 Et
2264 285 2379 323 huius
2397 285 2488 323 fidei

1431 337 1569 374 virtute
1597 337 1846 374 conferuntur
1873 337 1926 373 eis
1953 337 2069 384 gratia
2097 346 2132 374 et
2159 338 2326 375 virtutes.

1485 391 1542 426 AD
1571 401 1742 432 QUARTUM
1774 401 1954 426 DICENDUM
1992 390 2098 438 quod
2136 391 2293 427 carnalis
2330 390 2486 428 intentio

1432 442 1685 479 deferentium
1704 454 1846 491 pueros
1865 442 1914 478 ad
1933 442 2168 491 baptismum
2183 442 2342 480 nihileis
2357 451 2486 480 nocet:

1432 494 1528 533 sicut
1555 507 1627 532 nec
1654 496 1767 544 culpa
1793 493 1909 532 unius
1937 502 2049 531 nocet
2077 494 2197 541 alteri,
2231 494 2302 531 nisi
2329 507 2488 532 consen-

1432 547 1507 584 tiat.
1546 547 1656 585 Unde
1686 546 1920 595 Augustinus
1948 547 2047 592 dicit,
2077 547 2116 583 in
2144 547 2313 595 Epistola
2340 549 2390 584 ad
2415 550 2488 584 Bo-

1433 601 1612 648 nifacium
1635 600 1675 636 *t
1711 601 1802 637 Non
1840 600 1932 637 illud
1965 605 1999 636 te
2030 606 2175 636 moveat
2213 600 2311 648 quod
2342 601 2489 649 quidam
2516 606 2541 652 f„
2566 612 2587 654 ¹¹
2623 611 2638 626 ¹²

1433 665 1506 690 non
1536 665 1580 690 ea
1597 653 1681 701 fide
1707 653 1758 690 ad
1774 654 1995 702 baptismum
2009 653 2289 701 percipiendum
2312 653 2491 701 parvulos

1421 706 1556 753 ferunt
1584 711 1622 742 ut
1648 707 1774 755 gratia
1800 706 1984 755 spirituali
2009 705 2060 741 ad
2085 707 2197 742 vitam
2226 711 2492 754 regenerentur

1432 764 1635 804 aeternam,
1663 758 1730 795 sed
1754 759 1824 795 hoc
1843 770 1904 795 eos
1924 763 2057 807 putant
2076 758 2237 795 remedio
2258 758 2490 807 corporalem

1432 813 1590 848 retinere
1603 811 1662 848 vel
1675 813 1840 860 recipere
1852 812 2056 848 sanitatem.
2077 811 2166 847 Non
2183 812 2280 847 enim
2294 817 2491 859 propterea

1433 865 1487 901 illi
1513 876 1587 900 non
1617 869 1906 913 regenerantur,
1943 865 2028 913 quia
2058 875 2131 900 non
2161 865 2208 900 ab
2236 865 2309 899 istis
2340 864 2410 900 hac
2438 865 2492 900 in-

1432 919 1592 954 tentione
1619 916 1838 965 offeruntur.

1097 1248 1418 1291 ARTICULUS
1448 1248 1715 1290 SEPTIMUS

639 1351 796 1383 UTRUM
820 1350 1045 1383 EFFECTUS
1068 1351 1269 1382 BAPTISMI
1293 1351 1359 1382 sn·
1383 1350 1571 1382 APERTIO
1596 1351 1759 1383 IANUAE
1782 1351 1915 1382 REGNI
1939 1351 2174 1383 CAELEsrls

433 1442 526 1474 Supra,
544 1449 589 1474 qu.
606 1448 688 1470 xxxlx.
707 1445 754 1466 art.
775 1439 804 1471 5;
823 1440 853 1465 111
874 1440 956 1470 8εη1.,
977 1440 1036 1466 (1151.
1054 1447 1124 1469 xvm.
1144 1445 1194 1465 art.
1212 1438 1237 1469 6,
1257 1439 1307 1472 qu·
1328 1439 1351 1470 3,
1370 1439 1402 1464 ad
1423 1446 1451 1469 23
1470 1439 1512 1470 IV,
1533 1440 1592 1464 dist.
1611 1447 1644 1470 iv,
1663 1447 1707 1472 qu.
1726 1447 1752 1470 11,
1772 1445 1820 1466 art.
1841 1447 1864 1470 2,
1884 1440 1933 1473 qua
1952 1439 1982 1470 6;
2001 1440 2035 1465 1v
2055 1441 2131 1466 Cont.
2153 1442 2239 1470 Gent„
2259 1448 2313 1474 cap.
2333 1449 2382 1467 ux.

355 1538 359 1547 ⁴
404 1539 410 1560 ;
454 1549 473 1559 2·
527 1533 550 1557 D
565 1531 744 1558 SEPTIMUM
763 1531 815 1556 Slc
835 1530 1072 1556 PROCEDrrUR.
1092 1518 1254 1555 Videtur
1272 1518 1379 1567 quod

466 1573 687 1666 §effectus
719 1571 900 1632 baptismi
932 1583 1021 1630 ‘non
1058 1571 1104 1608 sit
1142 1570 1288 1620 apertio
1328 1570 1379 1607 ia-

317 1730 396 1769 Sed
422 1729 539 1768 ianua
566 1730 672 1780 regni
699 1730 868 1768 caelestis
896 1737 952 1767 est
979 1738 1109 1779 aperta
1140 1742 1210 1779 per
1236 1729 1380 1779 passio-

316 1795 409 1822 nem
429 1783 584 1822 Christi:
623 1783 728 1821 unde
755 1785 872 1834 Apoc.
893 1795 928 1820 1v
945 1782 966 1805 ’¹‘
993 1783 1149 1820 dicitur:
1178 1785 1264 1820 Post
1289 1784 1382 1820 haec

315 1837 394 1883 vidi
418 1838 550 1875 ostium
577 1849 762 1887 magnum
789 1842 959 1887 apertum
987 1838 1024 1874 in
1053 1837 1168 1874 caelo.
1206 1837 1299 1874 Non
1327 1844 1383 1873 est

317 1902 408 1939 ergo
436 1890 594 1928 effectus
622 1889 800 1940 baptismi
825 1889 969 1940 apertio
998 1889 1136 1927 ianuae
1165 1889 1271 1938 regni
1298 1901 1381 1926 eae-

317 1941 430 1982 lestis.

308 2003 324 2041 ss
371 2007 406 2034 2.
427 1996 658 2043 PRAETEREA,
678 1995 894 2045 baptismus
913 1995 1022 2033 omni
1040 2003 1215 2045 tempore
1236 2007 1282 2032 ex
1301 2007 1381 2044 quo

315 2048 508 2086 institutus
528 2054 546 2071 α
571 2049 652 2097 fuit,
681 2049 797 2086 habet
824 2061 941 2086 suum
969 2049 1162 2086 effectum.
1193 2049 1271 2086 Sed
1298 2048 1381 2098 qui-

315 2102 408 2141 dam
444 2102 622 2152 baptizati
650 2109 738 2140 sunt
774 2101 966 2151 baptismo
1001 2101 1140 2139 Christi
1177 2109 1263 2138 ante
1299 2102 1382 2138 eius

282 2163 288 2184 ³
314 2154 549 2205 passionem,
569 2163 612 2193 ut
639 2155 802 2193 habetur
829 2156 933 2192 Ioan.
949 2167 982 2192 111
1000 2154 1035 2192 =¹⁶:
1066 2155 1220 2204 quibus,
1241 2155 1272 2192 si
1290 2163 1382 2192 tunc

314 2208 576 2255 decessissent,
606 2208 781 2246 introitus
805 2207 911 2257 regni
929 2208 1098 2246 caelestis
1116 2220 1198 2245 non
1215 2208 1381 2258 patebat,

315 2260 357 2299 in
384 2261 493 2311 quod
520 2262 648 2299 nullus
683 2269 770 2299 ante
807 2261 1004 2298 Christum
1038 2261 1217 2308 introivit,
1247 2274 1382 2298 secun-

285 2341 290 2347 ·
316 2314 414 2352 dum
441 2314 535 2352 illud
562 2315 681 2352 Mich.
702 2327 724 2352 11
742 2314 779 2351 =¹²:
807 2315 982 2351 Ascendit
1004 2315 1175 2364 pandens
1203 2316 1271 2351 iter
1298 2321 1383 2352 ante

317 2366 391 2406 eos.
429 2367 523 2405 Non
551 2375 607 2404 est
633 2379 724 2416 ergo
759 2367 918 2405 effectus
945 2367 1125 2417 baptismi
1157 2367 1302 2417 apertio
1331 2368 1382 2405 13-

317 2432 419 2459 nuae
438 2419 454 2450 β
481 2420 586 2469 rbgni
614 2420 794 2458 caelestis.

373 2472 408 2510 3.
438 2474 684 2522 ΡκΑετΕκεΑ,
722 2473 900 2523 baptizati
937 2473 1065 2511 adhuc
1102 2481 1191 2510 sunt
1227 2473 1384 2511 obnoxii

319 2525 435 2563 morti
463 2534 499 2564 et
526 2526 607 2564 aliis
634 2526 928 2577 poenalitatibus
955 2526 1055 2564 vitae
1083 2527 1314 2576 praesentis,
1343 2534 1385 2564 ut

320 2591 438 2629 supra
454 2579 475 2601 *
501 2579 643 2617 dictum
674 2588 740 2617 est.
771 2580 848 2618 Sed
875 2579 969 2617 nulli
997 2588 1052 2618 est
1079 2588 1233 2629 apertus
1261 2580 1384 2618 aditus

321 2630 427 2682 regni
463 2632 632 2670 caelestis
669 2633 843 2682 quandiu
881 2641 936 2670 est
977 2633 1169 2670 obnoxius
1212 2645 1383 2683 poenae:

321 2683 418 2723 sicut
444 2693 548 2735 patet
575 2686 623 2723 de
649 2685 720 2723 illis
752 2685 820 2736 qui
847 2694 936 2723 sunt
966 2685 1005 2723 in
1030 2686 1263 2736 purgatorio.
1293 2687 1386 2724 Non

321 2749 412 2787 ergo
446 2746 502 2776 est
533 2739 692 2777 effectus
728 2738 907 2788 baptismi
934 2739 1079 2789 apertio
1115 2739 1253 2777 ianuae
1281 2739 1386 2789 regni

320 2791 500 2829 caelestis.

375 2845 450 2883 SED
485 2857 631 2882 CONTRA
667 2857 732 2882 EST
770 2845 878 2894 quod
912 2857 1029 2895 super
1055 2845 1149 2883 illud
1185 2847 1281 2883 Luc.
1302 2859 1336 2884 111
1353 2846 1385 2893 *,

320 2898 502 2949 Apertum
525 2905 576 2936 est
593 2899 751 2945 caelum,
772 2898 861 2935 dicit
880 2898 1017 2936 Glossa
1035 2898 1056 2920 ²¹⁸
1082 2898 1228 2936 Bedae:
1267 2901 1387 2937 Virtus

375 3013 403 3047 α)
423 3014 569 3040 institutus.
587 3028 606 3032 -
625 3013 692 3044 PF13
712 3013 872 3039 institurum.

375 3049 402 3085 β)
421 3051 527 3076 ianuae.
543 3064 563 3068 —-
581 3050 642 3075 Om.
662 3050 685 3073 H
705 3054 731 3074 et
749 3049 883 3074 editiones.

1431 1520 1491 1556 hic
1524 1520 1751 1580 baptismatis
1785 1519 2004 1556 ostenditur.-
2040 1519 2086 1557 de
2120 1533 2192 1569 quo
2227 1523 2378 1571 quisque
2411 1535 2495 1560 cum

1432 1572 1633 1621 egreditur,
1662 1573 1698 1608 ei
1724 1573 1835 1622 regni
1860 1572 2022 1610 caelestis
2049 1575 2164 1611 ianua
2192 1577 2367 1624 aperitur.

1487 1625 1712 1662 RESPONDEO
1733 1637 1915 1662 nicENDUM
1937 1626 2044 1674 quod
2059 1627 2205 1675 aperire
2220 1627 2377 1666 ianuam
2392 1630 2497 1678 regni

1434 1677 1604 1714 caelestis
1632 1685 1687 1714 est
1715 1690 1898 1715 amovere
1918 1678 2241 1728 impedimentum
2263 1693 2342 1730 quo
2362 1682 2497 1732 aliquis

1434 1730 1643 1780 impeditur
1674 1742 1836 1779 regnum
1868 1733 2027 1769 caeleste
2061 1732 2211 1771 intrare.
2253 1734 2340 1772 Hoc
2367 1744 2497 1774 autern

1434 1783 1758 1833 impedimentum
1772 1792 1828 1821 est
1846 1786 1959 1834 culpa
1978 1793 2014 1822 et
2033 1794 2159 1823 reatus
2177 1799 2338 1836 poenae.
2361 1789 2496 1827 Osten-

1435 1849 1523 1874 sum
1559 1845 1614 1874 est
1650 1845 1780 1874 autem
1818 1850 1934 1887 supra
1959 1838 1979 1860 '¹‘
2015 1839 2123 1888 quod
2158 1852 2229 1889 per
2262 1840 2497 1891 baptismum
2524 1851 2534 1860 '

1434 1889 1595 1927 totaliter
1621 1895 1636 1918 Υ
1673 1890 1799 1928 omnis
1836 1893 1950 1941 culpa
1986 1899 2022 1928 et
2059 1892 2172 1929 etiam
2208 1894 2336 1931 omnis
2372 1902 2498 1932 reatus

1434 1955 1584 1993 poenae
1612 1943 1765 1980 tollitur.
1794 1944 1906 1982 Unde
1925 1957 2168 1994 consequens
2187 1954 2243 1983 est
2270 1948 2378 1996 quod
2407 1948 2496 1985 effe-

1435 2004 1517 2033 ctus
1544 1996 1724 2046 baptismi
1753 1996 1798 2034 sit
1825 1998 1970 2046 apertio
1999 1998 2101 2047 regni
2123 1997 2342 2037 ⁸caelestis.

1488 2050 1545 2086 AD
1575 2062 1710 2087 PmMUM
1738 2062 1836 2087 ERGO
1856 2063 2037 2088 111οΕΝοοΜ
2066 2052 2173 2100 quod
2201 2053 2413 2102 baptismus
2441 2053 2497 2090 in-

1434 2109 1584 2139 tantum
1619 2102 1739 2152 aperit
1773 2103 1961 2152 baptizato
1999 2104 2156 2142 ianuam
2184 2105 2288 2153 regni
2312 2106 2496 2152 caelestis,

1435 2154 1667 2214 inquantum
1695 2155 1913 2205 incorporat
1941 2169 2030 2194 eum
2059 2157 2229 2206 passioni
2250 2158 2402 2205 Christi,
2422 2159 2496 2196 vir-

1435 2215 1557 2245 tutem
1585 2207 1667 2245 eius
1695 2208 1844 2246 homini
1872 2209 2111 2259 applicando.

1489 2262 1545 2297 An
1574 2273 1763 2299 SECUNDUM
1797 2274 1977 2300 DICENDUM
2015 2264 2143 2312 quod,
2176 2265 2333 2313 quando
2370 2265 2496 2314 passio
2558 2254 2562 2257 ”

1437 2313 1576 2351 Christi
1589 2314 1765 2351 nondum
1787 2322 1866 2351 erat
1885 2315 2031 2352 realiter
2048 2317 2213 2365 perfecta
2231 2318 2298 2354 sed
2317 2318 2467 2355 solum
2458 2330 2497 2355 111

1436 2367 1513 2404 fide
1542 2367 1793 2414 credentium,
1818 2368 2030 2427 baptismus
2057 2370 2391 2418 proportionaliter
2409 2383 2497 2408 cau-

1437 2420 1544 2458 sabat
1580 2420 1718 2457 ianuae
1756 2421 2014 2469 apertionem,
2057 2434 2137 2459 non
2174 2422 2332 2472 quidem
2369 2423 2407 2460 in
2445 2436 2497 2469 re,

1438 2473 1505 2510 sed
1534 2472 1572 2509 in
1601 2485 1679 2522 spe.
1723 2474 1908 2523 Baptizati
1937 2474 2041 2511 enim
2074 2482 2166 2512 tunc
2200 2476 2425 2513 decedentes
2453 2489 2500 2514 ex

1438 2533 1540 2564 certa
1577 2538 1644 2575 spe
1673 2525 1871 2564 introitum
1904 2527 2009 2575 regni
2036 2528 2205 2565 caelestis
2237 2529 2496 2578 expectabant.

1492 2581 1548 2616 AD
1577 2591 1736 2617 TERTIUM
1763 2593 1944 2618 111οΕΝοοΜ
1973 2581 2079 2630 quod
2108 2581 2318 2641 baptizatus
2345 2594 2426 2619 non
2445 2590 2500 2619 est

1439 2632 1630 2670 obnoxius
1658 2632 1772 2670 morti
1801 2641 1837 2670 et
1863 2634 2156 2683 poenalitatibus
2175 2634 2274 2671 vitae
2293 2636 2500 2684 praesentis

1439 2693 1597 2736 propter
1618 2693 1767 2723 reatum
1794 2698 1993 2740 personae,
2015 2688 2082 2724 sed
2100 2695 2257 2737 propter
2275 2695 2415 2726 statum
2434 2700 2500 2726 na-

1439 2747 1558 2776 turae.
1589 2739 1637 2776 Et
1659 2738 1747 2776 ideo
1775 2748 1932 2789 propter
1950 2741 2026 2778 hoc
2053 2752 2133 2778 non
2152 2740 2359 2790 impeditur
2377 2741 2454 2778 ab
2445 2754 2500 2778 111-

1439 2792 1555 2830 troitu
1583 2792 1688 2840 regni
1716 2793 1897 2840 caelestis,
1926 2794 2084 2842 quando
2112 2793 2242 2831 anima
2265 2802 2461 2843 separatur
2478 2808 2501 2833 a

1441 2858 1603 2896 corpore
1617 2858 1687 2895 per
1700 2854 1882 2883 mortem:
1903 2847 2013 2896 quasi
2032 2846 2109 2884 iam
2122 2848 2317 2896 persoluto
2333 2860 2379 2884 eo
2394 2849 2501 2897 quod

1441 2907 1600 2937 naturae
1629 2899 1851 2936 debebatur.

1493 3014 1521 3048 γ)
1541 3015 1670 3040 totaliter.
1687 3029 1707 3033 -
1725 3015 1829 3039 tollitur
1847 3014 1887 3038 ed.
1906 3022 1931 3043 a,
1950 3022 2003 3039 om.
2023 3014 2066 3039 Pc.
2085 3014 2135 3039 Pro
2153 3017 2180 3039 et
2197 3014 2286 3043 etiam,
2306 3017 2333 3039 et
2351 3014 2409 3039 ideo
2428 3014 2456 3044 F,
2475 3017 2503 3039 et

1441 3050 1485 3076 Pe.
1509 3050 1676 3075 ostensum...
1695 3052 1786 3074 reatus
1801 3056 1904 3081 poenae
1922 3057 1975 3074 om.
1994 3049 2025 3074 H.

1494 3084 1520 3119 δ)
1540 3085 1627 3119 regni.
1644 3100 1664 3104 —
1681 3085 1778 3110 ianuae
1797 3085 1826 3114 F.
1845 3085 1942 3110 ianuae
1960 3085 2037 3118 regni
2054 3084 2135 3110 tertia.

999 3162 1335 3196 Commentariis
1358 3162 1610 3197 Cardinalis
1631 3163 1833 3197 Caietam

327 3253 375 3316 IN
399 3244 594 3284 quaestionis
617 3244 938 3294 sexagesimaenonae
968 3243 1077 3283 primis
1105 3248 1229 3283 septem
1251 3243 1389 3274 articulis

354 3288 435 3318 nihil
458 3289 596 3319 occurrit
611 3287 825 3324 scribendum,
839 3288 909 3324 nisi,
925 3297 985 3338 pro
1007 3287 1144 3328 septimo
1164 3287 1308 3324 articulo,
1329 3297 1389 3318 no-

324 3331 460 3363 tandum
483 3332 573 3372 quod
595 3333 717 3373 aperire
740 3332 869 3362 ianuam
891 3332 981 3372 regni
998 3331 1140 3362 caelestis
1162 3341 1220 3371 per
1235 3341 1269 3362 se
1283 3332 1388 3372 primo

326 3381 374 3407 est
396 3375 527 3407 effectus
549 3377 661 3407 mortis
680 3376 807 3407 Christi.
831 3376 1023 3407 Attribuitur
1038 3381 1146 3406 autem
1162 3376 1332 3415 baptismo,
1349 3385 1389 3407 eo

291 3447 298 3454 .
327 3419 417 3461 quod
439 3420 473 3450 in
496 3420 546 3451 sui
567 3421 766 3451 institutione
797 3421 879 3451 caeli
902 3420 1006 3461 aperti
1028 3420 1177 3460 leguntur
1192 3421 1227 3456 *3
1260 3425 1291 3450 et
1314 3421 1389 3460 quia

327 3470 560 3495 sacramentum
577 3470 624 3495 est
638 3465 803 3501 inchoans,
821 3464 929 3505 quoad
944 3465 1010 3495 vim
1026 3464 1239 3504 obligativam‚
1253 3474 1271 3494 a
1285 3470 1389 3495 morte

328 3508 460 3546 Christi;
489 3514 521 3540 et
543 3510 619 3549 quia
641 3508 833 3540 sufficienter
861 3514 968 3540 causat
998 3509 1196 3549 apertionem
1221 3508 1299 3539 caeli
1323 3509 1390 3539 cui-

1442 3244 1520 3274 libet
1542 3244 1714 3284 baptizat0‚
1739 3244 1817 3275 dum
1840 3244 1922 3274 tollit
1941 3253 2072 3274 omnem
2088 3243 2215 3283 culpam
2232 3249 2263 3273 et
2278 3252 2416 3283 poenam
2437 3249 2501 3273 tam

1443 3298 1600 3328 personae
1631 3298 1729 3328 quam
1760 3293 1909 3323 naturae,
1943 3297 2011 3318 non
2038 3288 2142 3318 statim
2171 3287 2370 3327 assequendo
2397 3292 2501 3317 totum

1443 3341 1540 3363 suum
1563 3332 1722 3368 effectum,
1747 3332 1803 3363 sed
1825 3338 1970 3372 tempore
1994 3341 2148 3371 congruo.
2173 3331 2217 3361 Ita
2240 3331 2338 3371 quod,
2355 3337 2390 3361 ut
2405 3332 2439 3361 in
2454 3340 2501 3361 ar—

1443 3376 1542 3407 ticulo
1566 3377 1659 3407 tertio
1683 3382 1779 3416 patet,
1797 3377 1877 3407 sicut
1893 3377 2006 3406 virtute
2022 3376 2169 3416 baptismi
2185 3374 2366 3406 auferentur
2381 3385 2398 3405 a
2413 3375 2501 3405 iustis

1443 3421 1477 3451 in
1500 3421 1730 3451 resurrectione
1761 3430 1873 3451 omnes
1904 3420 2129 3460 poenalitates,
2154 3420 2196 3449 ita
2218 3420 2332 3449 virtute
2355 3418 2501 3458 baptismi

1444 3465 1583 3505 aperitur
1610 3466 1705 3495 ianua
1738 3465 1879 3495 caelestis
1909 3470 2054 3503 ternpore
2085 3473 2228 3503 congruo
2256 3463 2430 3493 exhibitura
2453 3463 2500 3492 in-

1444 3518 1596 3549 gressum.
1622 3509 1662 3539 Et
1684 3514 1853 3549 propterea
1876 3508 2023 3548 baptizati
2047 3513 2118 3537 ante
2146 3512 2282 3537 mortem
2303 3506 2418 3537 Christi
2434 3515 2500 3535 non
