<?xml version="1.0" encoding="UTF-8"?>
<!DOCTYPE html PUBLIC "-//W3C//DTD XHTML 1.0 Transitional//EN"
    "http://www.w3.org/TR/xhtml1/DTD/xhtml1-transitional.dtd">
<html xmlns="http://www.w3.org/1999/xhtml" xml:lang="en" lang="en">
 <head>
  <title>
</title>
<meta http-equiv="Content-Type" content="text/html;charset=utf-8" />
  <meta name='ocr-system' content='tesseract 3.04.00' />
  <meta name='ocr-capabilities' content='ocr_page ocr_carea ocr_par ocr_line ocrx_word'/>
</head>
<body>
  <div class='ocr_page' id='page_1' title='image "./operaomniaiussui12thom/operaomniaiussui12thom_0018.png"; bbox 0 0 2678 4126; ppageno 0'>
   <div class='ocr_carea' id='block_1_1' title="bbox 273 186 331 210">
    <p class='ocr_par' dir='ltr' id='par_1_1' title="bbox 273 186 331 210">
     <span class='ocr_line' id='line_1_1' title="bbox 273 186 331 210; baseline 0.017 -1"><span class='ocrx_word' id='word_1_1' title='bbox 273 186 331 210; x_wconf 88' lang='lat' dir='ltr'>XIV</span> 
     </span>
    </p>
   </div>
   <div class='ocr_carea' id='block_1_2' title="bbox 265 254 2450 3456">
    <p class='ocr_par' dir='ltr' id='par_1_2' title="bbox 273 254 2440 432">
     <span class='ocr_line' id='line_1_2' title="bbox 396 254 2439 310; baseline 0 -16"><span class='ocrx_word' id='word_1_2' title='bbox 396 254 517 303; x_wconf 92' lang='lat' dir='ltr'>Ibid.,</span> <span class='ocrx_word' id='word_1_3' title='bbox 542 261 615 296; x_wconf 84' lang='lat' dir='ltr'>art.</span> <span class='ocrx_word' id='word_1_4' title='bbox 641 256 681 303; x_wconf 91' lang='lat'>6,</span> <span class='ocrx_word' id='word_1_5' title='bbox 706 255 748 295; x_wconf 93' lang='lat' dir='ltr'>in</span> <span class='ocrx_word' id='word_1_6' title='bbox 783 267 918 310; x_wconf 89' lang='lat' dir='ltr'>corp.:</span> <span class='ocrx_word' id='word_1_7' title='bbox 959 273 976 293; x_wconf 84' lang='lat'>‹</span> <span class='ocrx_word' id='word_1_8' title='bbox 1006 255 1192 308; x_wconf 99' lang='lat' dir='ltr'>Quidam</span> <span class='ocrx_word' id='word_1_9' title='bbox 1216 255 1377 309; x_wconf 86' lang='lat' dir='ltr'>antiqui</span> <span class='ocrx_word' id='word_1_10' title='bbox 1413 255 1612 295; x_wconf 89' lang='lat' dir='ltr'>doctores</span> <span class='ocrx_word' id='word_1_11' title='bbox 1637 255 1834 295; x_wconf 88' lang='lat' dir='ltr'>dixerunt</span> <span class='ocrx_word' id='word_1_12' title='bbox 1866 255 1985 309; x_wconf 90' lang='lat' dir='ltr'>quod</span> <span class='ocrx_word' id='word_1_13' title='bbox 2019 255 2098 295; x_wconf 85' lang='lat' dir='ltr'>hae</span> <span class='ocrx_word' id='word_1_14' title='bbox 2133 255 2242 295; x_wconf 85' lang='lat' dir='ltr'>duae</span> <span class='ocrx_word' id='word_1_15' title='bbox 2265 254 2439 300; x_wconf 85' lang='lat' dir='ltr'>formae,</span> 
     </span>
     <span class='ocr_line' id='line_1_3' title="bbox 273 314 2440 372; baseline -0 -16"><span class='ocrx_word' id='word_1_16' title='bbox 273 316 431 356; x_wconf 88' lang='lat' dir='ltr'>scilicet</span> <span class='ocrx_word' id='word_1_17' title='bbox 464 316 795 357; x_wconf 91' lang='lat' dir='ltr'>consecrationis</span> <span class='ocrx_word' id='word_1_18' title='bbox 828 318 950 371; x_wconf 89' lang='lat' dir='ltr'>panis</span> <span class='ocrx_word' id='word_1_19' title='bbox 984 324 1025 358; x_wconf 88' lang='lat' dir='ltr'>et</span> <span class='ocrx_word' id='word_1_20' title='bbox 1057 317 1156 365; x_wconf 90' lang='lat' dir='ltr'>vini,</span> <span class='ocrx_word' id='word_1_21' title='bbox 1181 330 1227 357; x_wconf 94' lang='lat' dir='ltr'>se</span> <span class='ocrx_word' id='word_1_22' title='bbox 1261 317 1444 357; x_wconf 89' lang='lat' dir='ltr'>invicem</span> <span class='ocrx_word' id='word_1_23' title='bbox 1479 323 1703 371; x_wconf 83' lang='lat' dir='ltr'><strong>expectant</strong></span> <span class='ocrx_word' id='word_1_24' title='bbox 1736 317 1776 356; x_wconf 91' lang='lat' dir='ltr'>in</span> <span class='ocrx_word' id='word_1_25' title='bbox 1810 316 2005 372; x_wconf 89' lang='lat' dir='ltr'>agendo;</span> <span class='ocrx_word' id='word_1_26' title='bbox 2041 316 2097 356; x_wconf 90' lang='lat' dir='ltr'>ita</span> <span class='ocrx_word' id='word_1_27' title='bbox 2130 316 2288 356; x_wconf 92' lang='lat' dir='ltr'>scilicet</span> <span class='ocrx_word' id='word_1_28' title='bbox 2321 314 2440 368; x_wconf 91' lang='lat' dir='ltr'>quod</span> 
     </span>
     <span class='ocr_line' id='line_1_4' title="bbox 273 378 1924 432; baseline 0.001 -14"><span class='ocrx_word' id='word_1_29' title='bbox 273 378 408 432; x_wconf 88' lang='lat' dir='ltr'>prima</span> <span class='ocrx_word' id='word_1_30' title='bbox 441 391 527 418; x_wconf 93' lang='lat' dir='ltr'>non</span> <span class='ocrx_word' id='word_1_31' title='bbox 561 378 722 432; x_wconf 87' lang='lat' dir='ltr'>perficit</span> <span class='ocrx_word' id='word_1_32' title='bbox 754 392 879 419; x_wconf 91' lang='lat' dir='ltr'>suum</span> <span class='ocrx_word' id='word_1_33' title='bbox 914 379 1109 419; x_wconf 89' lang='lat' dir='ltr'>effectum</span> <span class='ocrx_word' id='word_1_34' title='bbox 1143 385 1371 432; x_wconf 85' lang='lat' dir='ltr'>antequam</span> <span class='ocrx_word' id='word_1_35' title='bbox 1405 379 1593 419; x_wconf 91' lang='lat' dir='ltr'>secunda</span> <span class='ocrx_word' id='word_1_36' title='bbox 1625 378 1861 432; x_wconf 86' lang='lat' dir='ltr'>proferatur</span> <span class='ocrx_word' id='word_1_37' title='bbox 1888 395 1924 419; x_wconf 80' lang='lat'>».</span> 
     </span>
    </p>

    <p class='ocr_par' dir='ltr' id='par_1_3' title="bbox 274 437 2440 618">
     <span class='ocr_line' id='line_1_5' title="bbox 396 437 2440 494; baseline -0.001 -15"><span class='ocrx_word' id='word_1_38' title='bbox 396 441 540 481; x_wconf 91' lang='lat' dir='ltr'>Innoc.</span> <span class='ocrx_word' id='word_1_39' title='bbox 564 441 631 488; x_wconf 92' lang='lat' dir='ltr'>III,</span> <span class='ocrx_word' id='word_1_40' title='bbox 657 440 727 482; x_wconf 92' lang='lat' dir='ltr'>lib.</span> <span class='ocrx_word' id='word_1_41' title='bbox 753 440 813 479; x_wconf 92' lang='lat' dir='ltr'>IV</span> <span class='ocrx_word' id='word_1_42' title='bbox 846 440 898 480; x_wconf 91' lang='lat' dir='ltr'>de</span> <span class='ocrx_word' id='word_1_43' title='bbox 930 441 974 482; x_wconf 78' lang='lat' dir='ltr'>S.</span> <span class='ocrx_word' id='word_1_44' title='bbox 998 440 1171 480; x_wconf 88' lang='lat' dir='ltr'>Altaris</span> <span class='ocrx_word' id='word_1_45' title='bbox 1202 441 1416 492; x_wconf 86' lang='lat' dir='ltr'>Mysterio,</span> <span class='ocrx_word' id='word_1_46' title='bbox 1450 454 1540 494; x_wconf 91' lang='lat' dir='ltr'>cap.</span> <span class='ocrx_word' id='word_1_47' title='bbox 1565 453 1667 488; x_wconf 85' lang='lat' dir='ltr'>xxn,</span> <span class='ocrx_word' id='word_1_48' title='bbox 1705 441 1758 480; x_wconf 89' lang='lat' dir='ltr'>de</span> <span class='ocrx_word' id='word_1_49' title='bbox 1792 441 1870 480; x_wconf 89' lang='lat' dir='ltr'>hac</span> <span class='ocrx_word' id='word_1_50' title='bbox 1904 439 2107 493; x_wconf 87' lang='lat' dir='ltr'>opinione</span> <span class='ocrx_word' id='word_1_51' title='bbox 2139 444 2304 486; x_wconf 88' lang='lat' dir='ltr'>tractat,</span> <span class='ocrx_word' id='word_1_52' title='bbox 2340 437 2440 478; x_wconf 87' lang='lat' dir='ltr'>nihil</span> 
     </span>
     <span class='ocr_line' id='line_1_6' title="bbox 274 501 2440 551; baseline -0.001 -10"><span class='ocrx_word' id='word_1_53' title='bbox 274 501 608 549; x_wconf 91' lang='lat' dir='ltr'>determinando,</span> <span class='ocrx_word' id='word_1_54' title='bbox 634 515 711 541; x_wconf 94' lang='lat' dir='ltr'>nec</span> <span class='ocrx_word' id='word_1_55' title='bbox 745 501 835 542; x_wconf 89' lang='lat' dir='ltr'>eius</span> <span class='ocrx_word' id='word_1_56' title='bbox 869 502 1115 542; x_wconf 88' lang='lat' dir='ltr'>defensores</span> <span class='ocrx_word' id='word_1_57' title='bbox 1149 502 1426 542; x_wconf 92' lang='lat' dir='ltr'>nominando.</span> <span class='ocrx_word' id='word_1_58' title='bbox 1462 502 1510 543; x_wconf 90' lang='lat' dir='ltr'>B.</span> <span class='ocrx_word' id='word_1_59' title='bbox 1537 502 1752 550; x_wconf 91' lang='lat' dir='ltr'>Albertus,</span> <span class='ocrx_word' id='word_1_60' title='bbox 1777 502 1837 541; x_wconf 93' lang='lat' dir='ltr'>IV</span> <span class='ocrx_word' id='word_1_61' title='bbox 1871 502 1999 548; x_wconf 69' lang='lat' dir='ltr'>Sent„</span> <span class='ocrx_word' id='word_1_62' title='bbox 2036 501 2132 542; x_wconf 89' lang='lat' dir='ltr'>dist.</span> <span class='ocrx_word' id='word_1_63' title='bbox 2169 511 2253 547; x_wconf 87' lang='lat' dir='ltr'>vm,</span> <span class='ocrx_word' id='word_1_64' title='bbox 2289 505 2363 540; x_wconf 90' lang='lat' dir='ltr'>art.</span> <span class='ocrx_word' id='word_1_65' title='bbox 2399 512 2440 551; x_wconf 90' lang='lat'>9,</span> 
     </span>
     <span class='ocr_line' id='line_1_7' title="bbox 275 561 2274 618; baseline -0.001 -16"><span class='ocrx_word' id='word_1_66' title='bbox 275 562 400 603; x_wconf 87' lang='lat' dir='ltr'>docet</span> <span class='ocrx_word' id='word_1_67' title='bbox 432 563 589 603; x_wconf 88' lang='lat' dir='ltr'>formas</span> <span class='ocrx_word' id='word_1_68' title='bbox 623 563 712 603; x_wconf 92' lang='lat' dir='ltr'>illas</span> <span class='ocrx_word' id='word_1_69' title='bbox 747 563 916 603; x_wconf 86' lang='lat' dir='ltr'>divisim</span> <span class='ocrx_word' id='word_1_70' title='bbox 950 564 1118 618; x_wconf 89' lang='lat' dir='ltr'>explere</span> <span class='ocrx_word' id='word_1_71' title='bbox 1152 563 1326 604; x_wconf 87' lang='lat' dir='ltr'>effectus</span> <span class='ocrx_word' id='word_1_72' title='bbox 1359 577 1474 611; x_wconf 90' lang='lat' dir='ltr'>suos,</span> <span class='ocrx_word' id='word_1_73' title='bbox 1501 570 1542 603; x_wconf 88' lang='lat' dir='ltr'>et</span> <span class='ocrx_word' id='word_1_74' title='bbox 1574 577 1701 604; x_wconf 91' lang='lat' dir='ltr'>unam</span> <span class='ocrx_word' id='word_1_75' title='bbox 1736 577 1823 604; x_wconf 89' lang='lat' dir='ltr'>non</span> <span class='ocrx_word' id='word_1_76' title='bbox 1857 569 2102 617; x_wconf 87' lang='lat' dir='ltr'>exspectare</span> <span class='ocrx_word' id='word_1_77' title='bbox 2135 561 2274 602; x_wconf 90' lang='lat' dir='ltr'>aliam.</span> 
     </span>
    </p>

    <p class='ocr_par' dir='ltr' id='par_1_4' title="bbox 274 621 2443 801">
     <span class='ocr_line' id='line_1_8' title="bbox 398 621 2441 679; baseline -0.001 -15"><span class='ocrx_word' id='word_1_78' title='bbox 398 624 479 676; x_wconf 93' lang='lat' dir='ltr'>Qu.</span> <span class='ocrx_word' id='word_1_79' title='bbox 503 637 633 672; x_wconf 82' lang='lat' dir='ltr'>Lxxx,</span> <span class='ocrx_word' id='word_1_80' title='bbox 659 630 733 666; x_wconf 92' lang='lat' dir='ltr'>art.</span> <span class='ocrx_word' id='word_1_81' title='bbox 759 626 798 672; x_wconf 86' lang='lat'>3,</span> <span class='ocrx_word' id='word_1_82' title='bbox 823 625 864 664; x_wconf 91' lang='lat' dir='ltr'>in</span> <span class='ocrx_word' id='word_1_83' title='bbox 899 637 1037 679; x_wconf 90' lang='lat' dir='ltr'>corp.:</span> <span class='ocrx_word' id='word_1_84' title='bbox 1077 642 1095 662; x_wconf 83' lang='lat'>‹</span> <span class='ocrx_word' id='word_1_85' title='bbox 1125 625 1248 665; x_wconf 90' lang='lat' dir='ltr'>Circa</span> <span class='ocrx_word' id='word_1_86' title='bbox 1280 625 1362 665; x_wconf 92' lang='lat' dir='ltr'>hoc</span> <span class='ocrx_word' id='word_1_87' title='bbox 1396 625 1571 678; x_wconf 91' lang='lat' dir='ltr'>quidam</span> <span class='ocrx_word' id='word_1_88' title='bbox 1605 625 1765 679; x_wconf 89' lang='lat' dir='ltr'>antiqui</span> <span class='ocrx_word' id='word_1_89' title='bbox 1801 630 2068 671; x_wconf 89' lang='lat' dir='ltr'>erraverunt,</span> <span class='ocrx_word' id='word_1_90' title='bbox 2094 623 2283 663; x_wconf 88' lang='lat' dir='ltr'>dicentes</span> <span class='ocrx_word' id='word_1_91' title='bbox 2321 621 2441 675; x_wconf 93' lang='lat' dir='ltr'>quod</span> 
     </span>
     <span class='ocr_line' id='line_1_9' title="bbox 274 683 2443 740; baseline -0.001 -15"><span class='ocrx_word' id='word_1_92' title='bbox 274 699 427 740; x_wconf 91' lang='lat' dir='ltr'>corpus</span> <span class='ocrx_word' id='word_1_93' title='bbox 463 686 615 726; x_wconf 85' lang='lat' dir='ltr'>Christi</span> <span class='ocrx_word' id='word_1_94' title='bbox 651 699 727 726; x_wconf 92' lang='lat' dir='ltr'>nec</span> <span class='ocrx_word' id='word_1_95' title='bbox 762 686 886 726; x_wconf 84' lang='lat' dir='ltr'>etiam</span> <span class='ocrx_word' id='word_1_96' title='bbox 920 700 944 726; x_wconf 88' lang='lat' dir='ltr'>a</span> <span class='ocrx_word' id='word_1_97' title='bbox 977 686 1272 740; x_wconf 90' lang='lat' dir='ltr'>peccatoribus</span> <span class='ocrx_word' id='word_1_98' title='bbox 1306 686 1663 726; x_wconf 83' lang='lat' dir='ltr'>sacramentaliter</span> <span class='ocrx_word' id='word_1_99' title='bbox 1689 687 1868 727; x_wconf 90' lang='lat' dir='ltr'>sumitur</span> <span class='ocrx_word' id='word_1_100' title='bbox 1895 703 1932 728; x_wconf 80' lang='lat'>».</span> <span class='ocrx_word' id='word_1_101' title='bbox 1974 686 2134 726; x_wconf 86' lang='lat' dir='ltr'>Contra</span> <span class='ocrx_word' id='word_1_102' title='bbox 2168 685 2247 725; x_wconf 93' lang='lat' dir='ltr'>hos</span> <span class='ocrx_word' id='word_1_103' title='bbox 2281 683 2443 723; x_wconf 87' lang='lat' dir='ltr'>invehit</span> 
     </span>
     <span class='ocr_line' id='line_1_10' title="bbox 275 747 1954 801; baseline 0.002 -14"><span class='ocrx_word' id='word_1_104' title='bbox 275 747 574 795; x_wconf 90' lang='lat' dir='ltr'>Guitmundus,</span> <span class='ocrx_word' id='word_1_105' title='bbox 598 747 651 787; x_wconf 92' lang='lat' dir='ltr'>de</span> <span class='ocrx_word' id='word_1_106' title='bbox 687 747 807 801; x_wconf 88' lang='lat' dir='ltr'>Corp.</span> <span class='ocrx_word' id='word_1_107' title='bbox 832 750 876 787; x_wconf 93' lang='lat' dir='ltr'>et</span> <span class='ocrx_word' id='word_1_108' title='bbox 904 748 1037 801; x_wconf 81' lang='lat' dir='ltr'>Sang.</span> <span class='ocrx_word' id='word_1_109' title='bbox 1067 748 1230 788; x_wconf 76' lang='lat' dir='ltr'>Christi</span> <span class='ocrx_word' id='word_1_110' title='bbox 1257 749 1375 788; x_wconf 88' lang='lat' dir='ltr'>verit.</span> <span class='ocrx_word' id='word_1_111' title='bbox 1399 748 1442 787; x_wconf 93' lang='lat' dir='ltr'>in</span> <span class='ocrx_word' id='word_1_112' title='bbox 1470 749 1763 796; x_wconf 86' lang='lat' dir='ltr'>Eucharistia,</span> <span class='ocrx_word' id='word_1_113' title='bbox 1789 749 1860 790; x_wconf 92' lang='lat' dir='ltr'>lib.</span> <span class='ocrx_word' id='word_1_114' title='bbox 1885 749 1954 790; x_wconf 91' lang='grc' dir='ltr'><strong>ΙΙΙ.</strong></span> 
     </span>
    </p>

    <p class='ocr_par' dir='ltr' id='par_1_5' title="bbox 273 806 2442 1034">
     <span class='ocr_line' id='line_1_11' title="bbox 395 806 2442 865; baseline -0.001 -16"><span class='ocrx_word' id='word_1_115' title='bbox 395 809 514 856; x_wconf 89' lang='lat' dir='ltr'>Ibid.,</span> <span class='ocrx_word' id='word_1_116' title='bbox 540 815 615 850; x_wconf 91' lang='lat' dir='ltr'>art.</span> <span class='ocrx_word' id='word_1_117' title='bbox 641 808 679 857; x_wconf 90' lang='lat'>5,</span> <span class='ocrx_word' id='word_1_118' title='bbox 704 823 792 863; x_wconf 87' lang='lat' dir='ltr'>arg.</span> <span class='ocrx_word' id='word_1_119' title='bbox 814 821 862 849; x_wconf 92' lang='lat'>2:</span> <span class='ocrx_word' id='word_1_120' title='bbox 902 825 920 846; x_wconf 86' lang='lat'><strong>‹</strong></span> <span class='ocrx_word' id='word_1_121' title='bbox 949 809 1241 862; x_wconf 89' lang='lat' dir='ltr'>Hieronymus</span> <span class='ocrx_word' id='word_1_122' title='bbox 1272 809 1371 849; x_wconf 91' lang='lat' dir='ltr'>dicit</span> <span class='ocrx_word' id='word_1_123' title='bbox 1397 809 1438 849; x_wconf 93' lang='lat' dir='ltr'>in</span> <span class='ocrx_word' id='word_1_124' title='bbox 1471 809 1658 863; x_wconf 88' lang='lat' dir='ltr'>quadarn</span> <span class='ocrx_word' id='word_1_125' title='bbox 1691 811 1892 865; x_wconf 88' lang='lat' dir='ltr'>epistola:</span> <span class='ocrx_word' id='word_1_126' title='bbox 1922 807 2063 862; x_wconf 78' lang='lat' dir='ltr'>‘Quid</span> <span class='ocrx_word' id='word_1_127' title='bbox 2091 808 2167 849; x_wconf 89' lang='lat' dir='ltr'>tibi</span> <span class='ocrx_word' id='word_1_128' title='bbox 2201 821 2297 848; x_wconf 90' lang='lat' dir='ltr'>cum</span> <span class='ocrx_word' id='word_1_129' title='bbox 2320 806 2442 848; x_wconf 84' lang='lat' dir='ltr'>femi-</span> 
     </span>
     <span class='ocr_line' id='line_1_12' title="bbox 273 868 2442 925; baseline -0 -16"><span class='ocrx_word' id='word_1_130' title='bbox 273 870 349 918; x_wconf 91' lang='lat' dir='ltr'>nis,</span> <span class='ocrx_word' id='word_1_131' title='bbox 374 870 446 924; x_wconf 91' lang='lat' dir='ltr'>qui</span> <span class='ocrx_word' id='word_1_132' title='bbox 479 869 534 910; x_wconf 92' lang='lat' dir='ltr'>ad</span> <span class='ocrx_word' id='word_1_133' title='bbox 567 871 696 910; x_wconf 90' lang='lat' dir='ltr'>altare</span> <span class='ocrx_word' id='word_1_134' title='bbox 730 884 826 911; x_wconf 90' lang='lat' dir='ltr'>cum</span> <span class='ocrx_word' id='word_1_135' title='bbox 860 871 1052 911; x_wconf 87' lang='lat' dir='ltr'>Domino</span> <span class='ocrx_word' id='word_1_136' title='bbox 1086 871 1313 911; x_wconf 86' lang='lat' dir='ltr'>fabularis?</span> <span class='ocrx_word' id='word_1_137' title='bbox 1346 871 1439 919; x_wconf 88' lang='lat' dir='ltr'>Dic,</span> <span class='ocrx_word' id='word_1_138' title='bbox 1464 871 1688 920; x_wconf 89' lang='lat' dir='ltr'>sacerdos;</span> <span class='ocrx_word' id='word_1_139' title='bbox 1724 872 1803 920; x_wconf 91' lang='lat' dir='ltr'>dic,</span> <span class='ocrx_word' id='word_1_140' title='bbox 1829 873 1989 920; x_wconf 90' lang='lat' dir='ltr'>clerice,</span> <span class='ocrx_word' id='word_1_141' title='bbox 2016 871 2196 925; x_wconf 89' lang='lat' dir='ltr'>qualiter</span> <span class='ocrx_word' id='word_1_142' title='bbox 2228 883 2324 910; x_wconf 89' lang='lat' dir='ltr'>curn</span> <span class='ocrx_word' id='word_1_143' title='bbox 2359 868 2442 909; x_wconf 91' lang='lat' dir='ltr'>eis-</span> 
     </span>
     <span class='ocr_line' id='line_1_13' title="bbox 273 931 2441 986; baseline 0 -15"><span class='ocrx_word' id='word_1_144' title='bbox 273 931 370 972; x_wconf 87' lang='lat' dir='ltr'>dem</span> <span class='ocrx_word' id='word_1_145' title='bbox 406 932 528 972; x_wconf 91' lang='lat' dir='ltr'>labiis</span> <span class='ocrx_word' id='word_1_146' title='bbox 563 932 718 971; x_wconf 88' lang='lat' dir='ltr'>Filium</span> <span class='ocrx_word' id='word_1_147' title='bbox 752 932 835 972; x_wconf 92' lang='lat' dir='ltr'>Dei</span> <span class='ocrx_word' id='word_1_148' title='bbox 869 932 1085 979; x_wconf 89' lang='lat' dir='ltr'>oscularis,</span> <span class='ocrx_word' id='word_1_149' title='bbox 1109 932 1266 986; x_wconf 92' lang='lat' dir='ltr'>quibus</span> <span class='ocrx_word' id='word_1_150' title='bbox 1301 933 1517 973; x_wconf 83' lang='lat' dir='ltr'>osculatus</span> <span class='ocrx_word' id='word_1_151' title='bbox 1552 946 1597 973; x_wconf 88' lang='lat' dir='ltr'>es</span> <span class='ocrx_word' id='word_1_152' title='bbox 1631 934 1760 974; x_wconf 89' lang='lat' dir='ltr'>filiam</span> <span class='ocrx_word' id='word_1_153' title='bbox 1793 933 2037 974; x_wconf 87' lang='lat' dir='ltr'>meretricis.</span> <span class='ocrx_word' id='word_1_154' title='bbox 2073 933 2112 972; x_wconf 94' lang='lat' dir='ltr'>O</span> <span class='ocrx_word' id='word_1_155' title='bbox 2146 932 2264 980; x_wconf 88' lang='lat' dir='ltr'>Iuda,</span> <span class='ocrx_word' id='word_1_156' title='bbox 2290 931 2441 972; x_wconf 92' lang='lat' dir='ltr'>osculo</span> 
     </span>
     <span class='ocr_line' id='line_1_14' title="bbox 273 988 916 1034; baseline 0.003 -2"><span class='ocrx_word' id='word_1_157' title='bbox 273 993 423 1033; x_wconf 85' lang='lat' dir='ltr'>Filium</span> <span class='ocrx_word' id='word_1_158' title='bbox 459 993 643 1033; x_wconf 92' lang='lat' dir='ltr'>hominis</span> <span class='ocrx_word' id='word_1_159' title='bbox 677 988 848 1033; x_wconf 88' lang='lat' dir='ltr'>tradisl’</span> <span class='ocrx_word' id='word_1_160' title='bbox 879 1010 916 1034; x_wconf 67' lang='grc' dir='ltr'>ιι.</span> 
     </span>
    </p>

    <p class='ocr_par' dir='ltr' id='par_1_6' title="bbox 267 1054 2449 1600">
     <span class='ocr_line' id='line_1_15' title="bbox 394 1054 2441 1111; baseline 0 -17"><span class='ocrx_word' id='word_1_161' title='bbox 394 1054 534 1094; x_wconf 90' lang='lat' dir='ltr'>Prima</span> <span class='ocrx_word' id='word_1_162' title='bbox 567 1068 676 1107; x_wconf 89' lang='lat' dir='ltr'>pars,</span> <span class='ocrx_word' id='word_1_163' title='bbox 700 1068 758 1096; x_wconf 90' lang='lat' dir='ltr'>se.</span> <span class='ocrx_word' id='word_1_164' title='bbox 785 1054 906 1106; x_wconf 72' lang='lat' dir='ltr'>Quid</span> <span class='ocrx_word' id='word_1_165' title='bbox 933 1055 1059 1095; x_wconf 74' lang='lat' dir='ltr'>tibi...</span> <span class='ocrx_word' id='word_1_166' title='bbox 1077 1055 1314 1108; x_wconf 84' lang='lat' dir='ltr'>fabularis,</span> <span class='ocrx_word' id='word_1_167' title='bbox 1341 1062 1405 1096; x_wconf 89' lang='lat' dir='ltr'>est</span> <span class='ocrx_word' id='word_1_168' title='bbox 1438 1069 1491 1096; x_wconf 90' lang='lat' dir='ltr'>ex</span> <span class='ocrx_word' id='word_1_169' title='bbox 1521 1056 1802 1110; x_wconf 88' lang='lat' dir='ltr'>Hieronymo,</span> <span class='ocrx_word' id='word_1_170' title='bbox 1828 1057 1947 1111; x_wconf 89' lang='lat' dir='ltr'>epist.</span> <span class='ocrx_word' id='word_1_171' title='bbox 1971 1057 2101 1104; x_wconf 91' lang='lat' dir='ltr'>XLII,</span> <span class='ocrx_word' id='word_1_172' title='bbox 2125 1056 2188 1096; x_wconf 90' lang='lat' dir='ltr'>ad</span> <span class='ocrx_word' id='word_1_173' title='bbox 2211 1056 2441 1096; x_wconf 80' lang='lat' dir='ltr'>Oceanum.</span> 
     </span>
     <span class='ocr_line' id='line_1_16' title="bbox 271 1115 2441 1172; baseline 0.001 -18"><span class='ocrx_word' id='word_1_174' title='bbox 271 1116 430 1155; x_wconf 90' lang='lat' dir='ltr'>Totum</span> <span class='ocrx_word' id='word_1_175' title='bbox 453 1115 534 1155; x_wconf 91' lang='lat' dir='ltr'>sub</span> <span class='ocrx_word' id='word_1_176' title='bbox 562 1115 735 1155; x_wconf 90' lang='lat' dir='ltr'>nomine</span> <span class='ocrx_word' id='word_1_177' title='bbox 758 1116 1012 1169; x_wconf 91' lang='lat' dir='ltr'>Hieronymi</span> <span class='ocrx_word' id='word_1_178' title='bbox 1035 1117 1227 1157; x_wconf 90' lang='lat' dir='ltr'>invenies</span> <span class='ocrx_word' id='word_1_179' title='bbox 1250 1117 1364 1171; x_wconf 90' lang='lat' dir='ltr'>apud</span> <span class='ocrx_word' id='word_1_180' title='bbox 1388 1117 1432 1158; x_wconf 89' lang='lat' dir='ltr'>S.</span> <span class='ocrx_word' id='word_1_181' title='bbox 1457 1118 1683 1166; x_wconf 91' lang='lat' dir='ltr'>Thomam‚</span> <span class='ocrx_word' id='word_1_182' title='bbox 1709 1119 1769 1158; x_wconf 93' lang='lat' dir='ltr'>IV</span> <span class='ocrx_word' id='word_1_183' title='bbox 1792 1118 1921 1167; x_wconf 67' lang='lat' dir='ltr'>Sent„</span> <span class='ocrx_word' id='word_1_184' title='bbox 1954 1118 2050 1160; x_wconf 91' lang='lat' dir='ltr'>dist.</span> <span class='ocrx_word' id='word_1_185' title='bbox 2073 1131 2131 1166; x_wconf 85' lang='lat' dir='ltr'>IX,</span> <span class='ocrx_word' id='word_1_186' title='bbox 2157 1124 2233 1158; x_wconf 90' lang='lat' dir='ltr'>art.</span> <span class='ocrx_word' id='word_1_187' title='bbox 2263 1119 2303 1166; x_wconf 88' lang='grc'>3,</span> <span class='ocrx_word' id='word_1_188' title='bbox 2328 1125 2376 1172; x_wconf 88' lang='lat' dir='ltr'>qa</span> <span class='ocrx_word' id='word_1_189' title='bbox 2402 1115 2441 1164; x_wconf 90' lang='lat'>5,</span> 
     </span>
     <span class='ocr_line' id='line_1_17' title="bbox 270 1176 2441 1234; baseline 0.002 -19"><span class='ocrx_word' id='word_1_190' title='bbox 270 1190 358 1230; x_wconf 86' lang='lat' dir='ltr'>arg.</span> <span class='ocrx_word' id='word_1_191' title='bbox 385 1189 433 1216; x_wconf 90' lang='lat'>2:</span> <span class='ocrx_word' id='word_1_192' title='bbox 470 1182 510 1216; x_wconf 89' lang='lat' dir='ltr'>et</span> <span class='ocrx_word' id='word_1_193' title='bbox 535 1176 649 1229; x_wconf 92' lang='lat' dir='ltr'>apud</span> <span class='ocrx_word' id='word_1_194' title='bbox 673 1177 918 1225; x_wconf 86' lang='lat' dir='ltr'>Halensem,</span> <span class='ocrx_word' id='word_1_195' title='bbox 943 1178 1149 1218; x_wconf 81' lang='lat' dir='ltr'>Summae</span> <span class='ocrx_word' id='word_1_196' title='bbox 1170 1192 1210 1232; x_wconf 93' lang='lat' dir='ltr'>p.</span> <span class='ocrx_word' id='word_1_197' title='bbox 1234 1179 1307 1227; x_wconf 90' lang='lat' dir='ltr'>IV,</span> <span class='ocrx_word' id='word_1_198' title='bbox 1333 1192 1404 1232; x_wconf 92' lang='lat' dir='ltr'>qu.</span> <span class='ocrx_word' id='word_1_199' title='bbox 1423 1192 1480 1227; x_wconf 88' lang='lat' dir='ltr'>x1,</span> <span class='ocrx_word' id='word_1_200' title='bbox 1499 1180 1656 1219; x_wconf 90' lang='lat' dir='ltr'>memb.</span> <span class='ocrx_word' id='word_1_201' title='bbox 1678 1192 1716 1228; x_wconf 91' lang='lat'>2,</span> <span class='ocrx_word' id='word_1_202' title='bbox 1734 1186 1808 1220; x_wconf 91' lang='lat' dir='ltr'>art.</span> <span class='ocrx_word' id='word_1_203' title='bbox 1829 1193 1867 1228; x_wconf 90' lang='lat'>2,</span> <span class='ocrx_word' id='word_1_204' title='bbox 1887 1183 1910 1231; x_wconf 67' lang='grc' dir='ltr'>ξ</span> <span class='ocrx_word' id='word_1_205' title='bbox 1930 1193 1967 1227; x_wconf 83' lang='grc'>2,</span> <span class='ocrx_word' id='word_1_206' title='bbox 1987 1186 2151 1234; x_wconf 88' lang='lat' dir='ltr'>quaest.</span> <span class='ocrx_word' id='word_1_207' title='bbox 2175 1193 2350 1234; x_wconf 90' lang='lat' dir='ltr'>conseq.</span> <span class='ocrx_word' id='word_1_208' title='bbox 2369 1179 2441 1219; x_wconf 90' lang='lat' dir='ltr'>ult.</span> 
     </span>
     <span class='ocr_line' id='line_1_18' title="bbox 269 1237 2449 1296; baseline 0.003 -20"><span class='ocrx_word' id='word_1_209' title='bbox 269 1237 461 1277; x_wconf 91' lang='lat' dir='ltr'>Thomas</span> <span class='ocrx_word' id='word_1_210' title='bbox 495 1238 763 1285; x_wconf 90' lang='lat' dir='ltr'>Hibernicus,</span> <span class='ocrx_word' id='word_1_211' title='bbox 788 1238 942 1278; x_wconf 85' lang='lat' dir='ltr'>Flores</span> <span class='ocrx_word' id='word_1_212' title='bbox 971 1240 1219 1287; x_wconf 79' lang='lat' dir='ltr'>Doctorum,</span> <span class='ocrx_word' id='word_1_213' title='bbox 1245 1240 1450 1294; x_wconf 87' lang='lat' dir='ltr'>Lugduni</span> <span class='ocrx_word' id='word_1_214' title='bbox 1479 1242 1606 1293; x_wconf 88' lang='lat'>1678,</span> <span class='ocrx_word' id='word_1_215' title='bbox 1633 1246 1677 1281; x_wconf 91' lang='lat' dir='ltr'>ut</span> <span class='ocrx_word' id='word_1_216' title='bbox 1700 1254 1753 1281; x_wconf 87' lang='lat' dir='ltr'>ex</span> <span class='ocrx_word' id='word_1_217' title='bbox 1773 1242 2002 1282; x_wconf 88' lang='lat' dir='ltr'>Bernardo</span> <span class='ocrx_word' id='word_1_218' title='bbox 2023 1242 2067 1281; x_wconf 91' lang='lat' dir='ltr'>in</span> <span class='ocrx_word' id='word_1_219' title='bbox 2090 1241 2268 1296; x_wconf 84' lang='lat' dir='ltr'>epistola</span> <span class='ocrx_word' id='word_1_220' title='bbox 2278 1256 2292 1282; x_wconf 91' lang='grc'>.·</span> <span class='ocrx_word' id='word_1_221' title='bbox 2327 1240 2449 1294; x_wconf 73' lang='lat' dir='ltr'>Quid</span> 
     </span>
     <span class='ocr_line' id='line_1_19' title="bbox 269 1298 2443 1355; baseline 0.002 -17"><span class='ocrx_word' id='word_1_222' title='bbox 269 1298 347 1338; x_wconf 86' lang='lat' dir='ltr'>tibi</span> <span class='ocrx_word' id='word_1_223' title='bbox 374 1312 470 1339; x_wconf 92' lang='lat' dir='ltr'>cum</span> <span class='ocrx_word' id='word_1_224' title='bbox 489 1298 673 1352; x_wconf 89' lang='lat' dir='ltr'>feminis</span> <span class='ocrx_word' id='word_1_225' title='bbox 705 1300 782 1351; x_wconf 87' lang='lat' dir='ltr'>qui</span> <span class='ocrx_word' id='word_1_226' title='bbox 810 1299 874 1339; x_wconf 91' lang='lat' dir='ltr'>ad</span> <span class='ocrx_word' id='word_1_227' title='bbox 900 1299 1042 1340; x_wconf 90' lang='lat' dir='ltr'>altare</span> <span class='ocrx_word' id='word_1_228' title='bbox 1063 1313 1159 1340; x_wconf 91' lang='lat' dir='ltr'>cum</span> <span class='ocrx_word' id='word_1_229' title='bbox 1190 1301 1376 1341; x_wconf 90' lang='lat' dir='ltr'>Domino</span> <span class='ocrx_word' id='word_1_230' title='bbox 1387 1301 1635 1355; x_wconf 90' lang='lat' dir='ltr'>familiaris</span> <span class='ocrx_word' id='word_1_231' title='bbox 1657 1301 1730 1342; x_wconf 83' lang='lat' dir='ltr'>es?</span> <span class='ocrx_word' id='word_1_232' title='bbox 1762 1302 1966 1354; x_wconf 67' lang='lat' dir='ltr'>Qualiter</span> <span class='ocrx_word' id='word_1_233' title='bbox 1985 1302 2142 1343; x_wconf 87' lang='lat' dir='ltr'>eisdem</span> <span class='ocrx_word' id='word_1_234' title='bbox 2175 1302 2301 1343; x_wconf 88' lang='lat' dir='ltr'>labiis</span> <span class='ocrx_word' id='word_1_235' title='bbox 2322 1316 2443 1343; x_wconf 90' lang='lat' dir='ltr'>oscu-</span> 
     </span>
     <span class='ocr_line' id='line_1_20' title="bbox 269 1360 2443 1416; baseline 0.002 -17"><span class='ocrx_word' id='word_1_236' title='bbox 269 1360 376 1400; x_wconf 90' lang='lat' dir='ltr'>laris</span> <span class='ocrx_word' id='word_1_237' title='bbox 396 1361 440 1400; x_wconf 91' lang='lat' dir='ltr'>in</span> <span class='ocrx_word' id='word_1_238' title='bbox 474 1360 611 1400; x_wconf 91' lang='lat' dir='ltr'>altari</span> <span class='ocrx_word' id='word_1_239' title='bbox 629 1360 791 1400; x_wconf 88' lang='lat' dir='ltr'>Filium</span> <span class='ocrx_word' id='word_1_240' title='bbox 820 1361 1026 1414; x_wconf 88' lang='lat' dir='ltr'>Virginis,</span> <span class='ocrx_word' id='word_1_241' title='bbox 1053 1362 1207 1414; x_wconf 85' lang='lat' dir='ltr'>quibus</span> <span class='ocrx_word' id='word_1_242' title='bbox 1228 1362 1437 1402; x_wconf 85' lang='lat' dir='ltr'>oscularis</span> <span class='ocrx_word' id='word_1_243' title='bbox 1458 1363 1502 1402; x_wconf 89' lang='lat' dir='ltr'>in</span> <span class='ocrx_word' id='word_1_244' title='bbox 1525 1362 1734 1416; x_wconf 89' lang='lat' dir='ltr'>lupanari</span> <span class='ocrx_word' id='word_1_245' title='bbox 1736 1363 1886 1415; x_wconf 79' lang='lat' dir='ltr'>filiam</span> <span class='ocrx_word' id='word_1_246' title='bbox 1909 1363 2173 1404; x_wconf 84' lang='lat' dir='ltr'>meretricis?</span> <span class='ocrx_word' id='word_1_247' title='bbox 2205 1364 2349 1404; x_wconf 87' lang='lat' dir='ltr'>Innoc.</span> <span class='ocrx_word' id='word_1_248' title='bbox 2373 1364 2443 1411; x_wconf 92' lang='lat' dir='ltr'>III,</span> 
     </span>
     <span class='ocr_line' id='line_1_21' title="bbox 269 1421 2439 1477; baseline 0.002 -16"><span class='ocrx_word' id='word_1_249' title='bbox 269 1422 406 1463; x_wconf 80' lang='lat' dir='ltr'>Serm.</span> <span class='ocrx_word' id='word_1_250' title='bbox 431 1421 483 1462; x_wconf 92' lang='lat' dir='ltr'>de</span> <span class='ocrx_word' id='word_1_251' title='bbox 512 1422 652 1475; x_wconf 87' lang='lat' dir='ltr'>Temp.</span> <span class='ocrx_word' id='word_1_252' title='bbox 677 1422 768 1470; x_wconf 93' lang='lat' dir='ltr'>XII,</span> <span class='ocrx_word' id='word_1_253' title='bbox 804 1422 881 1462; x_wconf 88' lang='lat' dir='ltr'>etsi</span> <span class='ocrx_word' id='word_1_254' title='bbox 917 1436 1004 1463; x_wconf 92' lang='lat' dir='ltr'>non</span> <span class='ocrx_word' id='word_1_255' title='bbox 1038 1423 1092 1463; x_wconf 92' lang='lat' dir='ltr'>ad</span> <span class='ocrx_word' id='word_1_256' title='bbox 1135 1423 1337 1471; x_wconf 89' lang='lat' dir='ltr'>verbum,</span> <span class='ocrx_word' id='word_1_257' title='bbox 1372 1424 1678 1464; x_wconf 89' lang='lat' dir='ltr'>sententialiter</span> <span class='ocrx_word' id='word_1_258' title='bbox 1713 1430 1856 1466; x_wconf 91' lang='lat' dir='ltr'>tamen</span> <span class='ocrx_word' id='word_1_259' title='bbox 1890 1425 2005 1466; x_wconf 91' lang='lat' dir='ltr'>idem</span> <span class='ocrx_word' id='word_1_260' title='bbox 2042 1425 2192 1465; x_wconf 91' lang='lat' dir='ltr'>habet:</span> <span class='ocrx_word' id='word_1_261' title='bbox 2236 1425 2439 1477; x_wconf 72' lang='lat' dir='ltr'>Quidam,</span> 
     </span>
     <span class='ocr_line' id='line_1_22' title="bbox 267 1483 2443 1540; baseline 0.002 -17"><span class='ocrx_word' id='word_1_262' title='bbox 267 1483 416 1537; x_wconf 89' lang='lat' dir='ltr'>inquit,</span> <span class='ocrx_word' id='word_1_263' title='bbox 439 1487 557 1524; x_wconf 88' lang='lat' dir='ltr'>nocte</span> <span class='ocrx_word' id='word_1_264' title='bbox 572 1484 722 1537; x_wconf 89' lang='lat' dir='ltr'>filiam</span> <span class='ocrx_word' id='word_1_265' title='bbox 760 1485 939 1524; x_wconf 89' lang='lat' dir='ltr'>Veneris</span> <span class='ocrx_word' id='word_1_266' title='bbox 971 1486 1145 1538; x_wconf 88' lang='lat' dir='ltr'>agitant</span> <span class='ocrx_word' id='word_1_267' title='bbox 1172 1486 1216 1525; x_wconf 92' lang='lat' dir='ltr'>in</span> <span class='ocrx_word' id='word_1_268' title='bbox 1251 1485 1401 1533; x_wconf 54' lang='lat' dir='ltr'>cubili}</span> <span class='ocrx_word' id='word_1_269' title='bbox 1433 1499 1560 1526; x_wconf 90' lang='lat' dir='ltr'>mane</span> <span class='ocrx_word' id='word_1_270' title='bbox 1586 1486 1749 1527; x_wconf 88' lang='lat' dir='ltr'>Filium</span> <span class='ocrx_word' id='word_1_271' title='bbox 1788 1487 1982 1540; x_wconf 78' lang='lat' dir='ltr'>Virginis</span> <span class='ocrx_word' id='word_1_272' title='bbox 2003 1487 2193 1540; x_wconf 87' lang='lat' dir='ltr'>offerunt</span> <span class='ocrx_word' id='word_1_273' title='bbox 2220 1487 2264 1526; x_wconf 91' lang='lat' dir='ltr'>in</span> <span class='ocrx_word' id='word_1_274' title='bbox 2298 1487 2443 1528; x_wconf 88' lang='lat' dir='ltr'>altari.</span> 
     </span>
     <span class='ocr_line' id='line_1_23' title="bbox 267 1544 2058 1600; baseline 0.003 -16"><span class='ocrx_word' id='word_1_275' title='bbox 267 1546 403 1585; x_wconf 82' lang='lat' dir='ltr'><em>Nocte</em></span> <span class='ocrx_word' id='word_1_276' title='bbox 440 1546 645 1586; x_wconf 77' lang='lat' dir='ltr'>Venerem</span> <span class='ocrx_word' id='word_1_277' title='bbox 678 1546 1009 1599; x_wconf 87' lang='lat' dir='ltr'>amplexantur,·</span> <span class='ocrx_word' id='word_1_278' title='bbox 1042 1560 1168 1587; x_wconf 91' lang='lat' dir='ltr'>mane</span> <span class='ocrx_word' id='word_1_279' title='bbox 1205 1547 1427 1600; x_wconf 80' lang='lat' dir='ltr'>Virginem</span> <span class='ocrx_word' id='word_1_280' title='bbox 1458 1551 1730 1589; x_wconf 82' lang='lat' dir='ltr'>venerantur.</span> <span class='ocrx_word' id='word_1_281' title='bbox 2052 1544 2058 1550; x_wconf 58' lang='lat'>⁸</span> 
     </span>
    </p>

    <p class='ocr_par' dir='ltr' id='par_1_7' title="bbox 267 1607 2445 1852">
     <span class='ocr_line' id='line_1_24' title="bbox 391 1607 2442 1666; baseline 0.002 -19"><span class='ocrx_word' id='word_1_282' title='bbox 391 1607 510 1655; x_wconf 90' lang='lat' dir='ltr'>Ibid.,</span> <span class='ocrx_word' id='word_1_283' title='bbox 538 1614 612 1648; x_wconf 88' lang='lat' dir='ltr'>art.</span> <span class='ocrx_word' id='word_1_284' title='bbox 649 1620 713 1654; x_wconf 89' lang='lat'>12,</span> <span class='ocrx_word' id='word_1_285' title='bbox 744 1608 986 1650; x_wconf 91' lang='lat' dir='ltr'>Comment.</span> <span class='ocrx_word' id='word_1_286' title='bbox 1017 1609 1161 1656; x_wconf 90' lang='lat' dir='ltr'>Caiet.,</span> <span class='ocrx_word' id='word_1_287' title='bbox 1193 1623 1263 1662; x_wconf 93' lang='lat' dir='ltr'>qu.</span> <span class='ocrx_word' id='word_1_288' title='bbox 1282 1622 1308 1657; x_wconf 88' lang='lat'>1,</span> <span class='ocrx_word' id='word_1_289' title='bbox 1333 1623 1447 1650; x_wconf 88' lang='lat' dir='ltr'>num.</span> <span class='ocrx_word' id='word_1_290' title='bbox 1471 1622 1521 1650; x_wconf 90' lang='lat'>11:</span> <span class='ocrx_word' id='word_1_291' title='bbox 1562 1626 1580 1647; x_wconf 82' lang='lat'><strong>«</strong></span> <span class='ocrx_word' id='word_1_292' title='bbox 1609 1610 1836 1650; x_wconf 88' lang='lat' dir='ltr'>Nestorius</span> <span class='ocrx_word' id='word_1_293' title='bbox 1860 1616 1902 1650; x_wconf 89' lang='lat' dir='ltr'>et</span> <span class='ocrx_word' id='word_1_294' title='bbox 1923 1611 2125 1666; x_wconf 89' lang='lat' dir='ltr'>Pelagius</span> <span class='ocrx_word' id='word_1_295' title='bbox 2153 1624 2250 1651; x_wconf 92' lang='lat' dir='ltr'>cum</span> <span class='ocrx_word' id='word_1_296' title='bbox 2284 1624 2442 1665; x_wconf 90' lang='lat' dir='ltr'>sequa-</span> 
     </span>
     <span class='ocr_line' id='line_1_25' title="bbox 268 1669 2445 1726; baseline 0.002 -18"><span class='ocrx_word' id='word_1_297' title='bbox 268 1669 388 1709; x_wconf 91' lang='lat' dir='ltr'>cibus</span> <span class='ocrx_word' id='word_1_298' title='bbox 421 1669 721 1709; x_wconf 85' lang='lat' dir='ltr'>adstruxerunt</span> <span class='ocrx_word' id='word_1_299' title='bbox 753 1670 1048 1710; x_wconf 90' lang='lat' dir='ltr'>universaliter</span> <span class='ocrx_word' id='word_1_300' title='bbox 1079 1671 1336 1711; x_wconf 90' lang='lat' dir='ltr'>servandam</span> <span class='ocrx_word' id='word_1_301' title='bbox 1371 1671 1720 1712; x_wconf 89' lang='lat' dir='ltr'>communionem</span> <span class='ocrx_word' id='word_1_302' title='bbox 1755 1672 1835 1712; x_wconf 93' lang='lat' dir='ltr'>sub</span> <span class='ocrx_word' id='word_1_303' title='bbox 1869 1678 2050 1726; x_wconf 91' lang='lat' dir='ltr'>utraque</span> <span class='ocrx_word' id='word_1_304' title='bbox 2083 1673 2237 1726; x_wconf 92' lang='lat' dir='ltr'>specie,</span> <span class='ocrx_word' id='word_1_305' title='bbox 2274 1672 2445 1713; x_wconf 90' lang='lat' dir='ltr'>diversa</span> 
     </span>
     <span class='ocr_line' id='line_1_26' title="bbox 267 1731 2444 1788; baseline 0.002 -18"><span class='ocrx_word' id='word_1_306' title='bbox 267 1737 408 1771; x_wconf 91' lang='lat' dir='ltr'>tamen</span> <span class='ocrx_word' id='word_1_307' title='bbox 443 1731 606 1771; x_wconf 88' lang='lat' dir='ltr'>ratione</span> <span class='ocrx_word' id='word_1_308' title='bbox 640 1731 744 1771; x_wconf 90' lang='lat' dir='ltr'>moti</span> <span class='ocrx_word' id='word_1_309' title='bbox 786 1738 862 1772; x_wconf 87' lang='lat' dir='ltr'>etc.</span> <span class='ocrx_word' id='word_1_310' title='bbox 892 1748 927 1771; x_wconf 80' lang='lat'>›.</span> <span class='ocrx_word' id='word_1_311' title='bbox 963 1733 1010 1772; x_wconf 91' lang='lat' dir='ltr'>B.</span> <span class='ocrx_word' id='word_1_312' title='bbox 1035 1733 1217 1773; x_wconf 91' lang='lat' dir='ltr'>Ioannes</span> <span class='ocrx_word' id='word_1_313' title='bbox 1252 1733 1304 1772; x_wconf 91' lang='lat' dir='ltr'>de</span> <span class='ocrx_word' id='word_1_314' title='bbox 1338 1733 1534 1788; x_wconf 88' lang='lat' dir='ltr'>Ragusio</span> <span class='ocrx_word' id='word_1_315' title='bbox 1570 1733 1674 1774; x_wconf 91' lang='lat' dir='ltr'>Ord.</span> <span class='ocrx_word' id='word_1_316' title='bbox 1709 1733 1881 1782; x_wconf 77' lang='lat' dir='ltr'>Praed,</span> <span class='ocrx_word' id='word_1_317' title='bbox 1915 1733 1958 1774; x_wconf 93' lang='lat' dir='ltr'>in</span> <span class='ocrx_word' id='word_1_318' title='bbox 1997 1734 2190 1775; x_wconf 91' lang='lat' dir='ltr'>oratione</span> <span class='ocrx_word' id='word_1_319' title='bbox 2223 1734 2369 1775; x_wconf 88' lang='lat' dir='ltr'>habita</span> <span class='ocrx_word' id='word_1_320' title='bbox 2401 1734 2444 1774; x_wconf 92' lang='lat' dir='ltr'>in</span> 
     </span>
     <span class='ocr_line' id='line_1_27' title="bbox 269 1792 2367 1852; baseline 0.002 -21"><span class='ocrx_word' id='word_1_321' title='bbox 269 1792 462 1832; x_wconf 90' lang='lat' dir='ltr'>Concilio</span> <span class='ocrx_word' id='word_1_322' title='bbox 491 1793 726 1833; x_wconf 90' lang='lat' dir='ltr'>Basileensi</span> <span class='ocrx_word' id='word_1_323' title='bbox 761 1793 928 1845; x_wconf 85' lang='lat' dir='ltr'>(Mansi,</span> <span class='ocrx_word' id='word_1_324' title='bbox 953 1795 1109 1841; x_wconf 92' lang='lat' dir='ltr'>XXIX,</span> <span class='ocrx_word' id='word_1_325' title='bbox 1137 1796 1236 1847; x_wconf 87' lang='lat'>768,</span> <span class='ocrx_word' id='word_1_326' title='bbox 1265 1795 1380 1848; x_wconf 91' lang='lat'>769),</span> <span class='ocrx_word' id='word_1_327' title='bbox 1407 1795 1557 1835; x_wconf 93' lang='lat' dir='ltr'>eadem</span> <span class='ocrx_word' id='word_1_328' title='bbox 1592 1795 1757 1836; x_wconf 86' lang='lat' dir='ltr'>dixerat</span> <span class='ocrx_word' id='word_1_329' title='bbox 1790 1795 1843 1836; x_wconf 90' lang='lat' dir='ltr'>de</span> <span class='ocrx_word' id='word_1_330' title='bbox 1867 1795 2071 1836; x_wconf 91' lang='lat' dir='ltr'>Nestorio</span> <span class='ocrx_word' id='word_1_331' title='bbox 2102 1802 2144 1836; x_wconf 89' lang='lat' dir='ltr'>et</span> <span class='ocrx_word' id='word_1_332' title='bbox 2175 1796 2367 1852; x_wconf 88' lang='lat' dir='ltr'>Pelagio.</span> 
     </span>
    </p>

    <p class='ocr_par' dir='ltr' id='par_1_8' title="bbox 266 1854 2444 1972">
     <span class='ocr_line' id='line_1_28' title="bbox 391 1854 2444 1912; baseline 0.002 -18"><span class='ocrx_word' id='word_1_333' title='bbox 391 1854 473 1905; x_wconf 93' lang='lat' dir='ltr'>Qu.</span> <span class='ocrx_word' id='word_1_334' title='bbox 492 1867 638 1902; x_wconf 83' lang='lat' dir='ltr'>Lxxx1,</span> <span class='ocrx_word' id='word_1_335' title='bbox 657 1861 730 1894; x_wconf 88' lang='lat' dir='ltr'>art.</span> <span class='ocrx_word' id='word_1_336' title='bbox 751 1868 788 1902; x_wconf 92' lang='lat'>2,</span> <span class='ocrx_word' id='word_1_337' title='bbox 809 1855 850 1894; x_wconf 93' lang='lat' dir='ltr'>in</span> <span class='ocrx_word' id='word_1_338' title='bbox 874 1855 957 1895; x_wconf 90' lang='lat' dir='ltr'>fine</span> <span class='ocrx_word' id='word_1_339' title='bbox 981 1869 1118 1910; x_wconf 86' lang='lat' dir='ltr'>corp.:</span> <span class='ocrx_word' id='word_1_340' title='bbox 1149 1872 1166 1893; x_wconf 81' lang='lat'>‹</span> <span class='ocrx_word' id='word_1_341' title='bbox 1192 1857 1247 1897; x_wconf 86' lang='lat' dir='ltr'>Et</span> <span class='ocrx_word' id='word_1_342' title='bbox 1269 1856 1367 1896; x_wconf 95' lang='lat' dir='ltr'>ideo</span> <span class='ocrx_word' id='word_1_343' title='bbox 1392 1857 1621 1897; x_wconf 91' lang='lat' dir='ltr'>dicendum</span> <span class='ocrx_word' id='word_1_344' title='bbox 1645 1863 1720 1905; x_wconf 91' lang='lat' dir='ltr'>est,</span> <span class='ocrx_word' id='word_1_345' title='bbox 1740 1857 1860 1911; x_wconf 92' lang='lat' dir='ltr'>quod</span> <span class='ocrx_word' id='word_1_346' title='bbox 1878 1857 2005 1898; x_wconf 91' lang='lat' dir='ltr'>Iudas</span> <span class='ocrx_word' id='word_1_347' title='bbox 2029 1871 2126 1898; x_wconf 91' lang='lat' dir='ltr'>cum</span> <span class='ocrx_word' id='word_1_348' title='bbox 2149 1858 2240 1898; x_wconf 89' lang='lat' dir='ltr'>aliis</span> <span class='ocrx_word' id='word_1_349' title='bbox 2264 1858 2444 1912; x_wconf 91' lang='lat' dir='ltr'>discipu-</span> 
     </span>
     <span class='ocr_line' id='line_1_29' title="bbox 266 1915 2443 1972; baseline 0.002 -17"><span class='ocrx_word' id='word_1_350' title='bbox 266 1915 316 1955; x_wconf 93' lang='lat' dir='ltr'>lis</span> <span class='ocrx_word' id='word_1_351' title='bbox 340 1929 494 1969; x_wconf 91' lang='lat' dir='ltr'>corpus</span> <span class='ocrx_word' id='word_1_352' title='bbox 518 1916 694 1956; x_wconf 91' lang='lat' dir='ltr'>Domini</span> <span class='ocrx_word' id='word_1_353' title='bbox 719 1922 760 1956; x_wconf 92' lang='lat' dir='ltr'>et</span> <span class='ocrx_word' id='word_1_354' title='bbox 781 1917 1034 1971; x_wconf 91' lang='lat' dir='ltr'>sanguinem</span> <span class='ocrx_word' id='word_1_355' title='bbox 1058 1918 1266 1972; x_wconf 90' lang='lat' dir='ltr'>suscepit:</span> <span class='ocrx_word' id='word_1_356' title='bbox 1298 1924 1343 1958; x_wconf 89' lang='lat' dir='ltr'>ut</span> <span class='ocrx_word' id='word_1_357' title='bbox 1366 1919 1466 1958; x_wconf 90' lang='lat' dir='ltr'>dicit</span> <span class='ocrx_word' id='word_1_358' title='bbox 1488 1918 1739 1972; x_wconf 91' lang='lat' dir='ltr'>Dionysius,</span> <span class='ocrx_word' id='word_1_359' title='bbox 1759 1919 1800 1959; x_wconf 91' lang='lat' dir='ltr'>in</span> <span class='ocrx_word' id='word_1_360' title='bbox 1823 1919 1893 1959; x_wconf 94' lang='lat' dir='ltr'>lib.</span> <span class='ocrx_word' id='word_1_361' title='bbox 1916 1919 2077 1960; x_wconf 89' lang='lat' dir='ltr'>Eccles.</span> <span class='ocrx_word' id='word_1_362' title='bbox 2095 1920 2386 1960; x_wconf 68' lang='lat' dir='ltr'>lasierarchiae</span> <span class='ocrx_word' id='word_1_363' title='bbox 2407 1935 2443 1960; x_wconf 85' lang='lat'>›.</span> 
     </span>
    </p>

    <p class='ocr_par' dir='ltr' id='par_1_9' title="bbox 265 1978 2450 2344">
     <span class='ocr_line' id='line_1_30' title="bbox 391 1978 2444 2037; baseline 0.002 -21"><span class='ocrx_word' id='word_1_364' title='bbox 391 1978 456 2017; x_wconf 89' lang='lat' dir='ltr'>En</span> <span class='ocrx_word' id='word_1_365' title='bbox 489 1978 623 2017; x_wconf 89' lang='lat' dir='ltr'>verba</span> <span class='ocrx_word' id='word_1_366' title='bbox 656 1978 856 2031; x_wconf 90' lang='lat' dir='ltr'>Dionysii</span> <span class='ocrx_word' id='word_1_367' title='bbox 891 1979 972 2019; x_wconf 94' lang='lat' dir='ltr'>huc</span> <span class='ocrx_word' id='word_1_368' title='bbox 1005 1980 1251 2033; x_wconf 87' lang='lat' dir='ltr'>spectantia,</span> <span class='ocrx_word' id='word_1_369' title='bbox 1275 1980 1512 2020; x_wconf 90' lang='lat' dir='ltr'>secundum</span> <span class='ocrx_word' id='word_1_370' title='bbox 1546 1982 1765 2034; x_wconf 92' lang='lat' dir='ltr'>antiquam</span> <span class='ocrx_word' id='word_1_371' title='bbox 1800 1981 1919 2022; x_wconf 88' lang='lat' dir='ltr'>Scoti</span> <span class='ocrx_word' id='word_1_372' title='bbox 1949 1981 2162 2037; x_wconf 87' lang='lat' dir='ltr'>Erigenae</span> <span class='ocrx_word' id='word_1_373' title='bbox 2201 1981 2444 2022; x_wconf 89' lang='lat' dir='ltr'>translatio-</span> 
     </span>
     <span class='ocr_line' id='line_1_31' title="bbox 267 2039 2450 2096; baseline 0.003 -18"><span class='ocrx_word' id='word_1_374' title='bbox 267 2051 386 2079; x_wconf 91' lang='lat' dir='ltr'>nem:</span> <span class='ocrx_word' id='word_1_375' title='bbox 421 2040 553 2080; x_wconf 87' lang='lat' dir='ltr'>luxta</span> <span class='ocrx_word' id='word_1_376' title='bbox 586 2039 703 2092; x_wconf 87' lang='lat' dir='ltr'>quod</span> <span class='ocrx_word' id='word_1_377' title='bbox 729 2043 772 2080; x_wconf 92' lang='lat' dir='ltr'>et</span> <span class='ocrx_word' id='word_1_378' title='bbox 798 2041 1084 2092; x_wconf 82' lang='lat' dir='ltr'>symbolorum</span> <span class='ocrx_word' id='word_1_379' title='bbox 1116 2042 1206 2095; x_wconf 80' lang='lat' dir='ltr'>ipse</span> <span class='ocrx_word' id='word_1_380' title='bbox 1245 2042 1436 2083; x_wconf 85' lang='lat' dir='ltr'>conditor</span> <span class='ocrx_word' id='word_1_381' title='bbox 1468 2043 1667 2096; x_wconf 87' lang='lat' dir='ltr'>partitur</span> <span class='ocrx_word' id='word_1_382' title='bbox 1705 2043 1990 2090; x_wconf 86' lang='lat' dir='ltr'>sanctissime,</span> <span class='ocrx_word' id='word_1_383' title='bbox 2026 2056 2109 2083; x_wconf 90' lang='lat' dir='ltr'>non</span> <span class='ocrx_word' id='word_1_384' title='bbox 2152 2046 2299 2084; x_wconf 87' lang='lat' dir='ltr'>sancte</span> <span class='ocrx_word' id='word_1_385' title='bbox 2337 2044 2379 2084; x_wconf 90' lang='lat' dir='ltr'>ei</span> <span class='ocrx_word' id='word_1_386' title='bbox 2406 2046 2450 2084; x_wconf 90' lang='lat' dir='ltr'>et</span> 
     </span>
     <span class='ocr_line' id='line_1_32' title="bbox 266 2101 2445 2159; baseline 0.003 -20"><span class='ocrx_word' id='word_1_387' title='bbox 266 2101 463 2140; x_wconf 85' lang='lat' dir='ltr'>unimode</span> <span class='ocrx_word' id='word_1_388' title='bbox 494 2114 623 2141; x_wconf 88' lang='lat' dir='ltr'>sacra</span> <span class='ocrx_word' id='word_1_389' title='bbox 656 2105 1001 2148; x_wconf 88' lang='lat' dir='ltr'>concaenantem,</span> <span class='ocrx_word' id='word_1_390' title='bbox 1038 2103 1190 2143; x_wconf 92' lang='lat' dir='ltr'>docens</span> <span class='ocrx_word' id='word_1_391' title='bbox 1218 2103 1358 2157; x_wconf 91' lang='lat' dir='ltr'>facile</span> <span class='ocrx_word' id='word_1_392' title='bbox 1395 2104 1532 2144; x_wconf 89' lang='lat' dir='ltr'>simul</span> <span class='ocrx_word' id='word_1_393' title='bbox 1558 2108 1601 2144; x_wconf 91' lang='lat' dir='ltr'>et</span> <span class='ocrx_word' id='word_1_394' title='bbox 1638 2104 1906 2158; x_wconf 81' lang='lat' dir='ltr'>deiformiter</span> <span class='ocrx_word' id='word_1_395' title='bbox 1941 2104 2147 2157; x_wconf 88' lang='lat' dir='ltr'>quomodo</span> <span class='ocrx_word' id='word_1_396' title='bbox 2180 2106 2275 2159; x_wconf 87' lang='lat' dir='ltr'>ipsa</span> <span class='ocrx_word' id='word_1_397' title='bbox 2317 2106 2445 2146; x_wconf 88' lang='lat' dir='ltr'>iuxta</span> 
     </span>
     <span class='ocr_line' id='line_1_33' title="bbox 265 2162 2444 2222; baseline 0.003 -21"><span class='ocrx_word' id='word_1_398' title='bbox 265 2162 459 2202; x_wconf 85' lang='lat' dir='ltr'>habitum</span> <span class='ocrx_word' id='word_1_399' title='bbox 491 2175 593 2202; x_wconf 87' lang='lat' dir='ltr'>vera</span> <span class='ocrx_word' id='word_1_400' title='bbox 626 2163 669 2202; x_wconf 92' lang='lat' dir='ltr'>in</span> <span class='ocrx_word' id='word_1_401' title='bbox 703 2163 849 2203; x_wconf 81' lang='lat' dir='ltr'>divina</span> <span class='ocrx_word' id='word_1_402' title='bbox 882 2166 1117 2218; x_wconf 80' lang='lat' dir='ltr'>assumptio</span> <span class='ocrx_word' id='word_1_403' title='bbox 1155 2165 1219 2206; x_wconf 90' lang='lat' dir='ltr'>ad</span> <span class='ocrx_word' id='word_1_404' title='bbox 1255 2165 1576 2206; x_wconf 82' lang='lat' dir='ltr'>similitudinem</span> <span class='ocrx_word' id='word_1_405' title='bbox 1621 2179 1766 2206; x_wconf 91' lang='lat' dir='ltr'>eorum</span> <span class='ocrx_word' id='word_1_406' title='bbox 1810 2167 2145 2207; x_wconf 85' lang='lat' dir='ltr'>communionem</span> <span class='ocrx_word' id='word_1_407' title='bbox 2178 2168 2284 2222; x_wconf 90' lang='lat' dir='ltr'>ipsis</span> <span class='ocrx_word' id='word_1_408' title='bbox 2315 2167 2444 2208; x_wconf 88' lang='lat' dir='ltr'>adve-</span> 
     </span>
     <span class='ocr_line' id='line_1_34' title="bbox 265 2223 2443 2283; baseline 0.003 -20"><span class='ocrx_word' id='word_1_409' title='bbox 265 2224 475 2264; x_wconf 85' lang='lat' dir='ltr'>nientibus</span> <span class='ocrx_word' id='word_1_410' title='bbox 506 2223 646 2264; x_wconf 89' lang='lat' dir='ltr'>donat.</span> <span class='ocrx_word' id='word_1_411' title='bbox 685 2225 746 2265; x_wconf 87' lang='lat' dir='ltr'>Cf.</span> <span class='ocrx_word' id='word_1_412' title='bbox 778 2226 825 2265; x_wconf 89' lang='grc' dir='ltr'>Β.</span> <span class='ocrx_word' id='word_1_413' title='bbox 852 2226 1016 2266; x_wconf 89' lang='lat' dir='ltr'>Albert.</span> <span class='ocrx_word' id='word_1_414' title='bbox 1056 2227 1283 2267; x_wconf 85' lang='lat' dir='ltr'>Comment.</span> <span class='ocrx_word' id='word_1_415' title='bbox 1318 2228 1362 2267; x_wconf 95' lang='lat' dir='ltr'>in</span> <span class='ocrx_word' id='word_1_416' title='bbox 1391 2228 1566 2280; x_wconf 84' lang='lat' dir='ltr'>Dionys.</span> <span class='ocrx_word' id='word_1_417' title='bbox 1588 2228 1640 2268; x_wconf 91' lang='lat' dir='ltr'>de</span> <span class='ocrx_word' id='word_1_418' title='bbox 1672 2228 1833 2269; x_wconf 89' lang='lat' dir='ltr'>Eccles.</span> <span class='ocrx_word' id='word_1_419' title='bbox 1862 2229 2107 2277; x_wconf 72' lang='lat' dir='ltr'>Hz’erarch,</span> <span class='ocrx_word' id='word_1_420' title='bbox 2145 2241 2236 2283; x_wconf 89' lang='lat' dir='ltr'>cap.</span> <span class='ocrx_word' id='word_1_421' title='bbox 2270 2242 2326 2278; x_wconf 94' lang='lat'>111,</span> <span class='ocrx_word' id='word_1_422' title='bbox 2355 2232 2378 2280; x_wconf 68' lang='grc' dir='ltr'>ξ</span> <span class='ocrx_word' id='word_1_423' title='bbox 2403 2231 2443 2278; x_wconf 92' lang='lat'>8,</span> 
     </span>
     <span class='ocr_line' id='line_1_35' title="bbox 266 2286 1998 2344; baseline 0.003 -19"><span class='ocrx_word' id='word_1_424' title='bbox 266 2286 338 2339; x_wconf 93' lang='lat' dir='ltr'>qui</span> <span class='ocrx_word' id='word_1_425' title='bbox 373 2286 527 2326; x_wconf 90' lang='lat' dir='ltr'>eodem</span> <span class='ocrx_word' id='word_1_426' title='bbox 561 2299 689 2326; x_wconf 91' lang='lat' dir='ltr'>sensu</span> <span class='ocrx_word' id='word_1_427' title='bbox 724 2300 812 2340; x_wconf 90' lang='lat' dir='ltr'>quo</span> <span class='ocrx_word' id='word_1_428' title='bbox 846 2288 900 2327; x_wconf 93' lang='lat' dir='ltr'>D.</span> <span class='ocrx_word' id='word_1_429' title='bbox 925 2289 1117 2329; x_wconf 83' lang='lat' dir='ltr'>Thomas</span> <span class='ocrx_word' id='word_1_430' title='bbox 1151 2289 1255 2329; x_wconf 91' lang='lat' dir='ltr'>haec</span> <span class='ocrx_word' id='word_1_431' title='bbox 1289 2289 1489 2342; x_wconf 93' lang='lat' dir='ltr'>Dionysii</span> <span class='ocrx_word' id='word_1_432' title='bbox 1523 2290 1657 2330; x_wconf 86' lang='lat' dir='ltr'>verba</span> <span class='ocrx_word' id='word_1_433' title='bbox 1691 2290 1998 2344; x_wconf 86' lang='lat' dir='ltr'>interpretatur.</span> 
     </span>
    </p>

    <p class='ocr_par' dir='ltr' id='par_1_10' title="bbox 266 2347 2444 2524">
     <span class='ocr_line' id='line_1_36' title="bbox 390 2347 2444 2406; baseline 0.003 -19"><span class='ocrx_word' id='word_1_434' title='bbox 390 2347 471 2399; x_wconf 91' lang='lat' dir='ltr'>Qu.</span> <span class='ocrx_word' id='word_1_435' title='bbox 497 2359 658 2395; x_wconf 81' lang='lat' dir='ltr'>Lxxxn,</span> <span class='ocrx_word' id='word_1_436' title='bbox 684 2354 757 2388; x_wconf 91' lang='lat' dir='ltr'>art.</span> <span class='ocrx_word' id='word_1_437' title='bbox 789 2361 853 2395; x_wconf 91' lang='lat'>10,</span> <span class='ocrx_word' id='word_1_438' title='bbox 880 2349 919 2388; x_wconf 91' lang='lat' dir='ltr'>in</span> <span class='ocrx_word' id='word_1_439' title='bbox 945 2363 1082 2404; x_wconf 89' lang='lat' dir='ltr'>corp.:</span> <span class='ocrx_word' id='word_1_440' title='bbox 1124 2367 1142 2387; x_wconf 89' lang='lat'>‹</span> <span class='ocrx_word' id='word_1_441' title='bbox 1165 2350 1351 2402; x_wconf 90' lang='lat' dir='ltr'>Quidam</span> <span class='ocrx_word' id='word_1_442' title='bbox 1376 2351 1573 2392; x_wconf 88' lang='lat' dir='ltr'>dixerunt</span> <span class='ocrx_word' id='word_1_443' title='bbox 1596 2351 1715 2406; x_wconf 92' lang='lat' dir='ltr'>quod</span> <span class='ocrx_word' id='word_1_444' title='bbox 1738 2352 1941 2392; x_wconf 89' lang='lat' dir='ltr'>sacerdos</span> <span class='ocrx_word' id='word_1_445' title='bbox 1963 2358 2108 2406; x_wconf 90' lang='lat' dir='ltr'>potest</span> <span class='ocrx_word' id='word_1_446' title='bbox 2130 2353 2308 2393; x_wconf 90' lang='lat' dir='ltr'>omnino</span> <span class='ocrx_word' id='word_1_447' title='bbox 2332 2353 2444 2393; x_wconf 92' lang='lat' dir='ltr'>licite</span> 
     </span>
     <span class='ocr_line' id='line_1_37' title="bbox 266 2409 2442 2468; baseline 0.003 -20"><span class='ocrx_word' id='word_1_448' title='bbox 266 2424 290 2448; x_wconf 89' lang='lat' dir='ltr'>a</span> <span class='ocrx_word' id='word_1_449' title='bbox 323 2409 644 2449; x_wconf 88' lang='lat' dir='ltr'>consecratione</span> <span class='ocrx_word' id='word_1_450' title='bbox 678 2409 903 2458; x_wconf 90' lang='lat' dir='ltr'>abstinere,</span> <span class='ocrx_word' id='word_1_451' title='bbox 929 2411 1007 2451; x_wconf 88' lang='lat' dir='ltr'>nisi</span> <span class='ocrx_word' id='word_1_452' title='bbox 1042 2418 1246 2460; x_wconf 86' lang='lat' dir='ltr'>teneatur,</span> <span class='ocrx_word' id='word_1_453' title='bbox 1272 2426 1324 2452; x_wconf 88' lang='lat' dir='ltr'>ex</span> <span class='ocrx_word' id='word_1_454' title='bbox 1358 2426 1458 2453; x_wconf 91' lang='lat' dir='ltr'>cura</span> <span class='ocrx_word' id='word_1_455' title='bbox 1491 2413 1572 2453; x_wconf 87' lang='lat' dir='ltr'>sibi</span> <span class='ocrx_word' id='word_1_456' title='bbox 1607 2414 1859 2462; x_wconf 90' lang='lat' dir='ltr'>commissa,</span> <span class='ocrx_word' id='word_1_457' title='bbox 1894 2414 2110 2455; x_wconf 90' lang='lat' dir='ltr'>celebrare</span> <span class='ocrx_word' id='word_1_458' title='bbox 2143 2427 2222 2468; x_wconf 92' lang='lat' dir='ltr'>pro</span> <span class='ocrx_word' id='word_1_459' title='bbox 2256 2415 2442 2468; x_wconf 90' lang='lat' dir='ltr'>populo,</span> 
     </span>
     <span class='ocr_line' id='line_1_38' title="bbox 267 2471 905 2524; baseline 0.005 -15"><span class='ocrx_word' id='word_1_460' title='bbox 267 2477 308 2509; x_wconf 90' lang='lat' dir='ltr'>et</span> <span class='ocrx_word' id='word_1_461' title='bbox 341 2476 604 2510; x_wconf 88' lang='lat' dir='ltr'>sacramenta</span> <span class='ocrx_word' id='word_1_462' title='bbox 637 2471 841 2524; x_wconf 89' lang='lat' dir='ltr'>praebere</span> <span class='ocrx_word' id='word_1_463' title='bbox 870 2489 905 2512; x_wconf 86' lang='lat'>».</span> 
     </span>
    </p>

    <p class='ocr_par' dir='ltr' id='par_1_11' title="bbox 267 2532 2448 3078">
     <span class='ocr_line' id='line_1_39' title="bbox 390 2532 2444 2590; baseline 0.004 -19"><span class='ocrx_word' id='word_1_464' title='bbox 390 2532 636 2572; x_wconf 87' lang='lat' dir='ltr'>Alexander</span> <span class='ocrx_word' id='word_1_465' title='bbox 669 2533 881 2582; x_wconf 92' lang='lat' dir='ltr'>Halensis,</span> <span class='ocrx_word' id='word_1_466' title='bbox 907 2534 1114 2575; x_wconf 78' lang='lat' dir='ltr'>Summae</span> <span class='ocrx_word' id='word_1_467' title='bbox 1146 2549 1186 2589; x_wconf 92' lang='lat' dir='ltr'>p.</span> <span class='ocrx_word' id='word_1_468' title='bbox 1210 2536 1284 2583; x_wconf 91' lang='lat' dir='ltr'>IV,</span> <span class='ocrx_word' id='word_1_469' title='bbox 1309 2550 1380 2590; x_wconf 88' lang='lat' dir='ltr'>qu.</span> <span class='ocrx_word' id='word_1_470' title='bbox 1403 2550 1459 2585; x_wconf 78' lang='lat' dir='ltr'>xl,</span> <span class='ocrx_word' id='word_1_471' title='bbox 1485 2538 1642 2578; x_wconf 88' lang='lat' dir='ltr'>memb.</span> <span class='ocrx_word' id='word_1_472' title='bbox 1670 2550 1708 2585; x_wconf 90' lang='lat'>2,</span> <span class='ocrx_word' id='word_1_473' title='bbox 1732 2544 1808 2578; x_wconf 89' lang='lat' dir='ltr'>art.</span> <span class='ocrx_word' id='word_1_474' title='bbox 1833 2550 1872 2588; x_wconf 88' lang='lat'>4,</span> <span class='ocrx_word' id='word_1_475' title='bbox 1905 2540 1928 2588; x_wconf 66' lang='grc' dir='ltr'><strong><em>ξ</em></strong></span> <span class='ocrx_word' id='word_1_476' title='bbox 1958 2551 1990 2586; x_wconf 92' lang='lat'>1,</span> <span class='ocrx_word' id='word_1_477' title='bbox 2022 2538 2075 2578; x_wconf 91' lang='lat' dir='ltr'>de</span> <span class='ocrx_word' id='word_1_478' title='bbox 2114 2538 2357 2579; x_wconf 87' lang='lat' dir='ltr'>Cessatione</span> <span class='ocrx_word' id='word_1_479' title='bbox 2389 2539 2444 2580; x_wconf 85' lang='lat' dir='ltr'>ab</span> 
     </span>
     <span class='ocr_line' id='line_1_40' title="bbox 267 2593 2442 2651; baseline 0.004 -18"><span class='ocrx_word' id='word_1_480' title='bbox 267 2596 365 2633; x_wconf 87' lang='lat' dir='ltr'>actu</span> <span class='ocrx_word' id='word_1_481' title='bbox 399 2593 711 2634; x_wconf 82' lang='lat' dir='ltr'>manducandi:</span> <span class='ocrx_word' id='word_1_482' title='bbox 749 2611 767 2631; x_wconf 81' lang='lat'><strong>‹</strong></span> <span class='ocrx_word' id='word_1_483' title='bbox 790 2596 1016 2642; x_wconf 72' lang='lat' dir='ltr'>Existimo,</span> <span class='ocrx_word' id='word_1_484' title='bbox 1045 2597 1192 2650; x_wconf 90' lang='lat' dir='ltr'>inquit,</span> <span class='ocrx_word' id='word_1_485' title='bbox 1227 2598 1344 2650; x_wconf 87' lang='lat' dir='ltr'>quod</span> <span class='ocrx_word' id='word_1_486' title='bbox 1369 2598 1412 2638; x_wconf 88' lang='lat' dir='ltr'>si</span> <span class='ocrx_word' id='word_1_487' title='bbox 1434 2599 1531 2651; x_wconf 86' lang='lat' dir='ltr'>quis</span> <span class='ocrx_word' id='word_1_488' title='bbox 1561 2599 1763 2640; x_wconf 88' lang='lat' dir='ltr'>sacerdos</span> <span class='ocrx_word' id='word_1_489' title='bbox 1783 2612 1867 2639; x_wconf 91' lang='lat' dir='ltr'>non</span> <span class='ocrx_word' id='word_1_490' title='bbox 1902 2600 2065 2640; x_wconf 80' lang='lat' dir='ltr'>habens</span> <span class='ocrx_word' id='word_1_491' title='bbox 2086 2613 2238 2640; x_wconf 91' lang='lat' dir='ltr'>curam</span> <span class='ocrx_word' id='word_1_492' title='bbox 2271 2602 2442 2641; x_wconf 81' lang='lat' dir='ltr'>a‘nima-</span> 
     </span>
     <span class='ocr_line' id='line_1_41' title="bbox 268 2655 2442 2713; baseline 0.005 -20"><span class='ocrx_word' id='word_1_493' title='bbox 268 2668 374 2702; x_wconf 87' lang='lat' dir='ltr'>rum,</span> <span class='ocrx_word' id='word_1_494' title='bbox 399 2668 475 2694; x_wconf 90' lang='lat' dir='ltr'>nec</span> <span class='ocrx_word' id='word_1_495' title='bbox 507 2655 703 2709; x_wconf 87' lang='lat' dir='ltr'>officium,</span> <span class='ocrx_word' id='word_1_496' title='bbox 728 2669 804 2696; x_wconf 90' lang='lat' dir='ltr'>nec</span> <span class='ocrx_word' id='word_1_497' title='bbox 836 2657 1090 2710; x_wconf 82' lang='lat' dir='ltr'>beneficium,</span> <span class='ocrx_word' id='word_1_498' title='bbox 1108 2662 1291 2713; x_wconf 87' lang='lat' dir='ltr'>propter</span> <span class='ocrx_word' id='word_1_499' title='bbox 1320 2660 1438 2712; x_wconf 87' lang='lat' dir='ltr'>quod</span> <span class='ocrx_word' id='word_1_500' title='bbox 1453 2661 1633 2701; x_wconf 84' lang='lat' dir='ltr'>haberet</span> <span class='ocrx_word' id='word_1_501' title='bbox 1661 2675 1828 2701; x_wconf 88' lang='lat' dir='ltr'>necesse</span> <span class='ocrx_word' id='word_1_502' title='bbox 1850 2662 2074 2709; x_wconf 83' lang='lat' dir='ltr'>celebrare,</span> <span class='ocrx_word' id='word_1_503' title='bbox 2099 2665 2143 2702; x_wconf 88' lang='lat' dir='ltr'>et</span> <span class='ocrx_word' id='word_1_504' title='bbox 2170 2662 2220 2703; x_wconf 86' lang='lat' dir='ltr'>ob</span> <span class='ocrx_word' id='word_1_505' title='bbox 2254 2675 2442 2703; x_wconf 83' lang='lat' dir='ltr'>reveren-</span> 
     </span>
     <span class='ocr_line' id='line_1_42' title="bbox 267 2717 2448 2777; baseline 0.005 -22"><span class='ocrx_word' id='word_1_506' title='bbox 267 2717 372 2757; x_wconf 88' lang='lat' dir='ltr'>tiam</span> <span class='ocrx_word' id='word_1_507' title='bbox 404 2718 670 2757; x_wconf 89' lang='lat' dir='ltr'>sacramenti</span> <span class='ocrx_word' id='word_1_508' title='bbox 697 2720 741 2757; x_wconf 90' lang='lat' dir='ltr'>et</span> <span class='ocrx_word' id='word_1_509' title='bbox 769 2718 962 2759; x_wconf 88' lang='lat' dir='ltr'>timorem</span> <span class='ocrx_word' id='word_1_510' title='bbox 1003 2733 1110 2760; x_wconf 89' lang='lat' dir='ltr'>suae</span> <span class='ocrx_word' id='word_1_511' title='bbox 1155 2721 1426 2773; x_wconf 76' lang='lat' dir='ltr'>indignitatis</span> <span class='ocrx_word' id='word_1_512' title='bbox 1467 2726 1657 2763; x_wconf 89' lang='lat' dir='ltr'>cessaret</span> <span class='ocrx_word' id='word_1_513' title='bbox 1683 2726 1869 2776; x_wconf 86' lang='lat' dir='ltr'>semper,</span> <span class='ocrx_word' id='word_1_514' title='bbox 1905 2724 1993 2763; x_wconf 88' lang='lat' dir='ltr'>nisi</span> <span class='ocrx_word' id='word_1_515' title='bbox 2027 2724 2327 2777; x_wconf 89' lang='lat' dir='ltr'>iniungeretur</span> <span class='ocrx_word' id='word_1_516' title='bbox 2362 2725 2448 2765; x_wconf 83' lang='lat' dir='ltr'>sibi</span> 
     </span>
     <span class='ocr_line' id='line_1_43' title="bbox 267 2779 2440 2835; baseline 0.004 -18"><span class='ocrx_word' id='word_1_517' title='bbox 267 2779 531 2818; x_wconf 89' lang='lat' dir='ltr'>contrarium</span> <span class='ocrx_word' id='word_1_518' title='bbox 553 2792 581 2818; x_wconf 91' lang='lat' dir='ltr'>a</span> <span class='ocrx_word' id='word_1_519' title='bbox 602 2779 829 2832; x_wconf 73' lang='lat' dir='ltr'>superiore,</span> <span class='ocrx_word' id='word_1_520' title='bbox 855 2781 972 2833; x_wconf 84' lang='lat' dir='ltr'>quod</span> <span class='ocrx_word' id='word_1_521' title='bbox 988 2795 1070 2822; x_wconf 92' lang='lat' dir='ltr'>non</span> <span class='ocrx_word' id='word_1_522' title='bbox 1084 2785 1289 2835; x_wconf 74' lang='lat' dir='ltr'>peccaret</span> <span class='ocrx_word' id='word_1_523' title='bbox 1307 2784 1548 2824; x_wconf 89' lang='lat' dir='ltr'>mortaliter</span> <span class='ocrx_word' id='word_1_524' title='bbox 1568 2801 1603 2825; x_wconf 80' lang='lat'>».</span> <span class='ocrx_word' id='word_1_525' title='bbox 1629 2785 1673 2825; x_wconf 88' lang='lat' dir='ltr'>S.</span> <span class='ocrx_word' id='word_1_526' title='bbox 1693 2785 2008 2833; x_wconf 87' lang='lat' dir='ltr'>Bonaventura,</span> <span class='ocrx_word' id='word_1_527' title='bbox 2029 2786 2090 2825; x_wconf 92' lang='lat' dir='ltr'>IV</span> <span class='ocrx_word' id='word_1_528' title='bbox 2106 2786 2235 2835; x_wconf 64' lang='lat' dir='ltr'>Sent„</span> <span class='ocrx_word' id='word_1_529' title='bbox 2258 2786 2353 2826; x_wconf 91' lang='lat' dir='ltr'>dist.</span> <span class='ocrx_word' id='word_1_530' title='bbox 2370 2798 2440 2834; x_wconf 79' lang='grc' dir='ltr'>ΧΠ,</span> 
     </span>
     <span class='ocr_line' id='line_1_44' title="bbox 268 2841 2442 2901; baseline 0.004 -22"><span class='ocrx_word' id='word_1_531' title='bbox 268 2855 306 2893; x_wconf 93' lang='lat' dir='ltr'>p.</span> <span class='ocrx_word' id='word_1_532' title='bbox 331 2853 371 2888; x_wconf 91' lang='lat'>11,</span> <span class='ocrx_word' id='word_1_533' title='bbox 401 2846 476 2880; x_wconf 89' lang='lat' dir='ltr'>art.</span> <span class='ocrx_word' id='word_1_534' title='bbox 509 2853 546 2888; x_wconf 93' lang='lat'>2,</span> <span class='ocrx_word' id='word_1_535' title='bbox 579 2854 647 2893; x_wconf 93' lang='lat' dir='ltr'>qu.</span> <span class='ocrx_word' id='word_1_536' title='bbox 678 2853 703 2888; x_wconf 92' lang='lat'>1,</span> <span class='ocrx_word' id='word_1_537' title='bbox 728 2841 781 2880; x_wconf 93' lang='lat' dir='ltr'>ad</span> <span class='ocrx_word' id='word_1_538' title='bbox 807 2841 852 2882; x_wconf 91' lang='lat'>5:</span> <span class='ocrx_word' id='word_1_539' title='bbox 893 2859 911 2879; x_wconf 89' lang='lat'>‹</span> <span class='ocrx_word' id='word_1_540' title='bbox 938 2843 1191 2892; x_wconf 87' lang='lat' dir='ltr'>Dicendum,</span> <span class='ocrx_word' id='word_1_541' title='bbox 1215 2845 1333 2897; x_wconf 87' lang='lat' dir='ltr'>quod</span> <span class='ocrx_word' id='word_1_542' title='bbox 1359 2845 1546 2899; x_wconf 88' lang='lat' dir='ltr'>officium</span> <span class='ocrx_word' id='word_1_543' title='bbox 1567 2846 1834 2887; x_wconf 89' lang='lat' dir='ltr'>sacerdotale</span> <span class='ocrx_word' id='word_1_544' title='bbox 1865 2860 1949 2887; x_wconf 93' lang='lat' dir='ltr'>non</span> <span class='ocrx_word' id='word_1_545' title='bbox 1972 2848 2213 2901; x_wconf 87' lang='lat' dir='ltr'>imponitur,</span> <span class='ocrx_word' id='word_1_546' title='bbox 2239 2850 2290 2887; x_wconf 89' lang='lat' dir='ltr'>ut</span> <span class='ocrx_word' id='word_1_547' title='bbox 2316 2848 2442 2888; x_wconf 91' lang='lat' dir='ltr'>homo</span> 
     </span>
     <span class='ocr_line' id='line_1_45' title="bbox 267 2902 2447 2962; baseline 0.004 -22"><span class='ocrx_word' id='word_1_548' title='bbox 267 2902 504 2941; x_wconf 85' lang='lat' dir='ltr'>necessario</span> <span class='ocrx_word' id='word_1_549' title='bbox 537 2905 785 2955; x_wconf 83' lang='lat' dir='ltr'>exequatur,</span> <span class='ocrx_word' id='word_1_550' title='bbox 825 2904 905 2944; x_wconf 91' lang='lat' dir='ltr'>sed</span> <span class='ocrx_word' id='word_1_551' title='bbox 923 2907 1007 2958; x_wconf 85' lang='lat' dir='ltr'>pro</span> <span class='ocrx_word' id='word_1_552' title='bbox 1040 2905 1127 2946; x_wconf 91' lang='lat' dir='ltr'>loco</span> <span class='ocrx_word' id='word_1_553' title='bbox 1160 2909 1203 2946; x_wconf 87' lang='lat' dir='ltr'>et</span> <span class='ocrx_word' id='word_1_554' title='bbox 1232 2909 1435 2960; x_wconf 87' lang='lat' dir='ltr'>tempore,</span> <span class='ocrx_word' id='word_1_555' title='bbox 1471 2911 1521 2948; x_wconf 91' lang='lat' dir='ltr'>ut</span> <span class='ocrx_word' id='word_1_556' title='bbox 1547 2909 1633 2948; x_wconf 85' lang='lat' dir='ltr'>sibi</span> <span class='ocrx_word' id='word_1_557' title='bbox 1663 2908 1876 2948; x_wconf 84' lang='lat' dir='ltr'>videbitur</span> <span class='ocrx_word' id='word_1_558' title='bbox 1913 2908 2114 2962; x_wconf 86' lang='lat' dir='ltr'>expedire</span> <span class='ocrx_word' id='word_1_559' title='bbox 2123 2924 2141 2956; x_wconf 82' lang='lat'>,·</span> <span class='ocrx_word' id='word_1_560' title='bbox 2186 2912 2230 2949; x_wconf 90' lang='lat' dir='ltr'>et</span> <span class='ocrx_word' id='word_1_561' title='bbox 2257 2909 2369 2956; x_wconf 91' lang='lat' dir='ltr'>ideo,</span> <span class='ocrx_word' id='word_1_562' title='bbox 2404 2909 2447 2950; x_wconf 90' lang='lat' dir='ltr'>si</span> 
     </span>
     <span class='ocr_line' id='line_1_46' title="bbox 267 2963 2440 3023; baseline 0.004 -21"><span class='ocrx_word' id='word_1_563' title='bbox 267 2963 520 3003; x_wconf 88' lang='lat' dir='ltr'>conscientia</span> <span class='ocrx_word' id='word_1_564' title='bbox 562 2963 702 3011; x_wconf 88' lang='lat' dir='ltr'>dictat,</span> <span class='ocrx_word' id='word_1_565' title='bbox 727 2965 845 3017; x_wconf 87' lang='lat' dir='ltr'>quod</span> <span class='ocrx_word' id='word_1_566' title='bbox 869 2966 928 3006; x_wconf 90' lang='lat' dir='ltr'>sit</span> <span class='ocrx_word' id='word_1_567' title='bbox 955 2967 1253 3008; x_wconf 87' lang='lat' dir='ltr'>abstinendum</span> <span class='ocrx_word' id='word_1_568' title='bbox 1286 2969 1335 3008; x_wconf 85' lang='lat' dir='ltr'>ob</span> <span class='ocrx_word' id='word_1_569' title='bbox 1367 2969 1440 3009; x_wconf 91' lang='lat' dir='ltr'>sui</span> <span class='ocrx_word' id='word_1_570' title='bbox 1457 2970 1756 3023; x_wconf 82' lang='lat' dir='ltr'>indignitatem</span> <span class='ocrx_word' id='word_1_571' title='bbox 1789 2973 1832 3010; x_wconf 88' lang='lat' dir='ltr'>et</span> <span class='ocrx_word' id='word_1_572' title='bbox 1861 2971 2142 3011; x_wconf 87' lang='lat' dir='ltr'>reverentiam</span> <span class='ocrx_word' id='word_1_573' title='bbox 2168 2972 2440 3020; x_wconf 89' lang='lat' dir='ltr'>sacramenti,</span> 
     </span>
     <span class='ocr_line' id='line_1_47' title="bbox 267 3027 2443 3078; baseline 0.003 -14"><span class='ocrx_word' id='word_1_574' title='bbox 267 3038 350 3064; x_wconf 90' lang='lat' dir='ltr'>non</span> <span class='ocrx_word' id='word_1_575' title='bbox 376 3027 530 3078; x_wconf 87' lang='lat' dir='ltr'>peccat</span> <span class='ocrx_word' id='word_1_576' title='bbox 554 3041 589 3065; x_wconf 83' lang='lat'>».</span> <span class='ocrx_word' id='word_1_577' title='bbox 1866 3050 1869 3052; x_wconf 68' lang='lat'><strong><em>—</em></strong></span> <span class='ocrx_word' id='word_1_578' title='bbox 2439 3047 2443 3052; x_wconf 85' lang='lat'>·</span> 
     </span>
    </p>

    <p class='ocr_par' dir='ltr' id='par_1_12' title="bbox 269 3086 2441 3208">
     <span class='ocr_line' id='line_1_48' title="bbox 394 3086 2441 3147; baseline 0.005 -23"><span class='ocrx_word' id='word_1_579' title='bbox 394 3086 475 3136; x_wconf 92' lang='lat' dir='ltr'>Qu.</span> <span class='ocrx_word' id='word_1_580' title='bbox 499 3098 675 3135; x_wconf 78' lang='lat' dir='ltr'>Lxxxm,</span> <span class='ocrx_word' id='word_1_581' title='bbox 700 3094 774 3128; x_wconf 92' lang='lat' dir='ltr'>art.</span> <span class='ocrx_word' id='word_1_582' title='bbox 802 3102 838 3137; x_wconf 88' lang='lat'>2,</span> <span class='ocrx_word' id='word_1_583' title='bbox 865 3089 918 3129; x_wconf 91' lang='lat' dir='ltr'>ad</span> <span class='ocrx_word' id='word_1_584' title='bbox 945 3102 992 3130; x_wconf 92' lang='lat'>2:</span> <span class='ocrx_word' id='word_1_585' title='bbox 1033 3107 1051 3127; x_wconf 84' lang='lat'>‹</span> <span class='ocrx_word' id='word_1_586' title='bbox 1081 3091 1267 3142; x_wconf 91' lang='lat' dir='ltr'>Quidam</span> <span class='ocrx_word' id='word_1_587' title='bbox 1303 3092 1458 3140; x_wconf 90' lang='lat' dir='ltr'>dicunt,</span> <span class='ocrx_word' id='word_1_588' title='bbox 1484 3093 1604 3146; x_wconf 91' lang='lat' dir='ltr'>quod</span> <span class='ocrx_word' id='word_1_589' title='bbox 1637 3106 1713 3147; x_wconf 91' lang='lat' dir='ltr'>per</span> <span class='ocrx_word' id='word_1_590' title='bbox 1745 3093 2054 3133; x_wconf 89' lang='lat' dir='ltr'>immissionem</span> <span class='ocrx_word' id='word_1_591' title='bbox 2082 3093 2312 3147; x_wconf 89' lang='lat' dir='ltr'>particulae</span> <span class='ocrx_word' id='word_1_592' title='bbox 2346 3107 2441 3134; x_wconf 91' lang='lat' dir='ltr'>cor-</span> 
     </span>
     <span class='ocr_line' id='line_1_49' title="bbox 269 3146 1777 3208; baseline 0.006 -23"><span class='ocrx_word' id='word_1_593' title='bbox 269 3147 385 3200; x_wconf 90' lang='lat' dir='ltr'>poris</span> <span class='ocrx_word' id='word_1_594' title='bbox 419 3146 604 3200; x_wconf 86' lang='lat' dir='ltr'>(Christi)</span> <span class='ocrx_word' id='word_1_595' title='bbox 639 3148 680 3188; x_wconf 93' lang='lat' dir='ltr'>in</span> <span class='ocrx_word' id='word_1_596' title='bbox 713 3150 872 3198; x_wconf 90' lang='lat' dir='ltr'>vinum,</span> <span class='ocrx_word' id='word_1_597' title='bbox 898 3158 1170 3193; x_wconf 90' lang='lat' dir='ltr'>convertatur</span> <span class='ocrx_word' id='word_1_598' title='bbox 1201 3153 1350 3194; x_wconf 91' lang='lat' dir='ltr'>vinum</span> <span class='ocrx_word' id='word_1_599' title='bbox 1383 3154 1425 3193; x_wconf 93' lang='lat' dir='ltr'>in</span> <span class='ocrx_word' id='word_1_600' title='bbox 1458 3154 1714 3208; x_wconf 90' lang='lat' dir='ltr'>sanguinem</span> <span class='ocrx_word' id='word_1_601' title='bbox 1742 3166 1777 3194; x_wconf 66' lang='lat'>»2</span> 
     </span>
    </p>

    <p class='ocr_par' dir='ltr' id='par_1_13' title="bbox 270 3208 2447 3456">
     <span class='ocr_line' id='line_1_50' title="bbox 393 3208 2439 3270; baseline 0.006 -24"><span class='ocrx_word' id='word_1_602' title='bbox 393 3208 439 3247; x_wconf 93' lang='lat' dir='ltr'>In</span> <span class='ocrx_word' id='word_1_603' title='bbox 475 3209 664 3262; x_wconf 89' lang='lat' dir='ltr'>margine</span> <span class='ocrx_word' id='word_1_604' title='bbox 699 3210 1003 3252; x_wconf 86' lang='lat' dir='ltr'>indicavimus:</span> <span class='ocrx_word' id='word_1_605' title='bbox 1037 3214 1107 3252; x_wconf 91' lang='lat' dir='ltr'>De</span> <span class='ocrx_word' id='word_1_606' title='bbox 1128 3214 1274 3254; x_wconf 88' lang='lat' dir='ltr'>Divin.</span> <span class='ocrx_word' id='word_1_607' title='bbox 1298 3215 1418 3268; x_wconf 88' lang='lat' dir='ltr'>Offic.</span> <span class='ocrx_word' id='word_1_608' title='bbox 1436 3221 1540 3268; x_wconf 91' lang='lat' dir='ltr'>part.</span> <span class='ocrx_word' id='word_1_609' title='bbox 1565 3216 1636 3263; x_wconf 93' lang='lat' dir='ltr'>IX,</span> <span class='ocrx_word' id='word_1_610' title='bbox 1663 3229 1751 3270; x_wconf 87' lang='lat' dir='ltr'>cap.</span> <span class='ocrx_word' id='word_1_611' title='bbox 1776 3226 1970 3256; x_wconf 85' lang='lat' dir='ltr'>xV111.-—</span> <span class='ocrx_word' id='word_1_612' title='bbox 1989 3216 2096 3256; x_wconf 91' lang='lat' dir='ltr'>inter</span> <span class='ocrx_word' id='word_1_613' title='bbox 2119 3217 2231 3270; x_wconf 92' lang='lat' dir='ltr'>Opp.</span> <span class='ocrx_word' id='word_1_614' title='bbox 2256 3217 2439 3259; x_wconf 92' lang='lat' dir='ltr'>Alcuini.</span> 
     </span>
     <span class='ocr_line' id='line_1_51' title="bbox 271 3268 2447 3332; baseline 0.006 -25"><span class='ocrx_word' id='word_1_615' title='bbox 271 3268 545 3316; x_wconf 91' lang='lat' dir='ltr'>Addendum‚</span> <span class='ocrx_word' id='word_1_616' title='bbox 572 3270 690 3322; x_wconf 87' lang='lat' dir='ltr'>quod</span> <span class='ocrx_word' id='word_1_617' title='bbox 725 3271 768 3312; x_wconf 87' lang='lat' dir='ltr'>S.</span> <span class='ocrx_word' id='word_1_618' title='bbox 794 3273 1048 3322; x_wconf 88' lang='lat' dir='ltr'>Bernardus,</span> <span class='ocrx_word' id='word_1_619' title='bbox 1073 3275 1151 3328; x_wconf 90' lang='lat' dir='ltr'>Ep.</span> <span class='ocrx_word' id='word_1_620' title='bbox 1175 3275 1328 3323; x_wconf 90' lang='lat' dir='ltr'>LXIX,</span> <span class='ocrx_word' id='word_1_621' title='bbox 1357 3276 1421 3316; x_wconf 91' lang='lat' dir='ltr'>ad</span> <span class='ocrx_word' id='word_1_622' title='bbox 1455 3277 1691 3318; x_wconf 86' lang='lat' dir='ltr'>Guidonem</span> <span class='ocrx_word' id='word_1_623' title='bbox 1730 3277 1912 3325; x_wconf 56' lang='lat' dir='ltr'>Abbati,</span> <span class='ocrx_word' id='word_1_624' title='bbox 1951 3277 2071 3318; x_wconf 91' lang='lat' dir='ltr'>dicit:</span> <span class='ocrx_word' id='word_1_625' title='bbox 2111 3278 2295 3327; x_wconf 91' lang='lat' dir='ltr'>Deinde,</span> <span class='ocrx_word' id='word_1_626' title='bbox 2330 3279 2447 3332; x_wconf 87' lang='lat' dir='ltr'>quod</span> 
     </span>
     <span class='ocr_line' id='line_1_52' title="bbox 270 3332 2440 3394; baseline 0.006 -25"><span class='ocrx_word' id='word_1_627' title='bbox 270 3333 493 3384; x_wconf 87' lang='lat' dir='ltr'>comperta,</span> <span class='ocrx_word' id='word_1_628' title='bbox 516 3344 611 3371; x_wconf 86' lang='lat' dir='ltr'>sero</span> <span class='ocrx_word' id='word_1_629' title='bbox 644 3332 746 3379; x_wconf 87' lang='lat' dir='ltr'>licet,</span> <span class='ocrx_word' id='word_1_630' title='bbox 772 3334 1050 3386; x_wconf 89' lang='lat' dir='ltr'>negligentia,</span> <span class='ocrx_word' id='word_1_631' title='bbox 1085 3336 1232 3376; x_wconf 88' lang='lat' dir='ltr'>vinum</span> <span class='ocrx_word' id='word_1_632' title='bbox 1253 3337 1419 3390; x_wconf 88' lang='lat' dir='ltr'>fudisti</span> <span class='ocrx_word' id='word_1_633' title='bbox 1443 3339 1487 3378; x_wconf 94' lang='lat' dir='ltr'>in</span> <span class='ocrx_word' id='word_1_634' title='bbox 1520 3339 1694 3379; x_wconf 88' lang='lat' dir='ltr'>calicem</span> <span class='ocrx_word' id='word_1_635' title='bbox 1725 3341 1857 3392; x_wconf 86' lang='lat' dir='ltr'>super</span> <span class='ocrx_word' id='word_1_636' title='bbox 1886 3339 2051 3379; x_wconf 77' lang='lat' dir='ltr'>hostiae</span> <span class='ocrx_word' id='word_1_637' title='bbox 2070 3343 2272 3380; x_wconf 88' lang='lat' dir='ltr'>sacratae</span> <span class='ocrx_word' id='word_1_638' title='bbox 2294 3342 2440 3394; x_wconf 87' lang='lat' dir='ltr'>parti-</span> 
     </span>
     <span class='ocr_line' id='line_1_53' title="bbox 271 3391 2440 3456; baseline 0.006 -26"><span class='ocrx_word' id='word_1_639' title='bbox 271 3391 422 3438; x_wconf 87' lang='lat' dir='ltr'>culam,</span> <span class='ocrx_word' id='word_1_640' title='bbox 457 3392 696 3440; x_wconf 88' lang='lat' dir='ltr'>laudamus,</span> <span class='ocrx_word' id='word_1_641' title='bbox 721 3407 797 3434; x_wconf 89' lang='lat' dir='ltr'>nec</span> <span class='ocrx_word' id='word_1_642' title='bbox 828 3395 906 3435; x_wconf 85' lang='lat' dir='ltr'>sub</span> <span class='ocrx_word' id='word_1_643' title='bbox 929 3398 1047 3436; x_wconf 89' lang='lat' dir='ltr'>tanto</span> <span class='ocrx_word' id='word_1_644' title='bbox 1069 3398 1250 3437; x_wconf 90' lang='lat' dir='ltr'>articulo</span> <span class='ocrx_word' id='word_1_645' title='bbox 1282 3399 1434 3439; x_wconf 88' lang='lat' dir='ltr'>melius</span> <span class='ocrx_word' id='word_1_646' title='bbox 1439 3400 1549 3452; x_wconf 92' lang='lat' dir='ltr'>fieri</span> <span class='ocrx_word' id='word_1_647' title='bbox 1568 3401 1762 3454; x_wconf 88' lang='lat' dir='ltr'>potuisse</span> <span class='ocrx_word' id='word_1_648' title='bbox 1775 3402 1995 3453; x_wconf 78' lang='lat' dir='ltr'>putamus,</span> <span class='ocrx_word' id='word_1_649' title='bbox 2021 3401 2284 3442; x_wconf 83' lang='lat' dir='ltr'>arbitrantes</span> <span class='ocrx_word' id='word_1_650' title='bbox 2306 3402 2440 3456; x_wconf 88' lang='lat' dir='ltr'>liquo-</span> 
     </span>
    </p>
   </div>
   <div class='ocr_carea' id='block_1_3' title="bbox 270 3454 2438 3574">
    <p class='ocr_par' dir='ltr' id='par_1_14' title="bbox 270 3454 2438 3574">
     <span class='ocr_line' id='line_1_54' title="bbox 272 3454 2438 3514; baseline 0.006 -23"><span class='ocrx_word' id='word_1_651' title='bbox 272 3466 379 3500; x_wconf 90' lang='lat' dir='ltr'>rem,</span> <span class='ocrx_word' id='word_1_652' title='bbox 415 3454 496 3493; x_wconf 90' lang='lat' dir='ltr'>etsi</span> <span class='ocrx_word' id='word_1_653' title='bbox 523 3467 606 3493; x_wconf 87' lang='lat' dir='ltr'>non</span> <span class='ocrx_word' id='word_1_654' title='bbox 639 3468 694 3494; x_wconf 90' lang='lat' dir='ltr'>ex</span> <span class='ocrx_word' id='word_1_655' title='bbox 726 3458 1036 3497; x_wconf 86' lang='lat' dir='ltr'>consecratione</span> <span class='ocrx_word' id='word_1_656' title='bbox 1055 3460 1240 3512; x_wconf 90' lang='lat' dir='ltr'>propria</span> <span class='ocrx_word' id='word_1_657' title='bbox 1273 3464 1400 3513; x_wconf 86' lang='lat' dir='ltr'>atque</span> <span class='ocrx_word' id='word_1_658' title='bbox 1430 3462 1613 3502; x_wconf 89' lang='lat' dir='ltr'>solemni</span> <span class='ocrx_word' id='word_1_659' title='bbox 1639 3462 1683 3501; x_wconf 93' lang='lat' dir='ltr'>in</span> <span class='ocrx_word' id='word_1_660' title='bbox 1716 3462 1983 3514; x_wconf 79' lang='lat' dir='ltr'>Sanguinem</span> <span class='ocrx_word' id='word_1_661' title='bbox 2022 3462 2186 3503; x_wconf 76' lang='lat' dir='ltr'>Christi</span> <span class='ocrx_word' id='word_1_662' title='bbox 2214 3467 2438 3512; x_wconf 90' lang='lat' dir='ltr'>mutatum,</span> 
     </span>
     <span class='ocr_line' id='line_1_55' title="bbox 270 3515 1462 3574; baseline 0.008 -21"><span class='ocrx_word' id='word_1_663' title='bbox 270 3527 442 3555; x_wconf 89' lang='lat' dir='ltr'>sacrum</span> <span class='ocrx_word' id='word_1_664' title='bbox 475 3518 616 3555; x_wconf 89' lang='lat' dir='ltr'>tamen</span> <span class='ocrx_word' id='word_1_665' title='bbox 636 3515 782 3569; x_wconf 88' lang='lat' dir='ltr'>fuisse</span> <span class='ocrx_word' id='word_1_666' title='bbox 814 3531 869 3557; x_wconf 87' lang='lat' dir='ltr'>ex</span> <span class='ocrx_word' id='word_1_667' title='bbox 901 3522 1094 3560; x_wconf 91' lang='lat' dir='ltr'>contactu</span> <span class='ocrx_word' id='word_1_668' title='bbox 1133 3520 1306 3574; x_wconf 87' lang='lat' dir='ltr'>Coporis</span> <span class='ocrx_word' id='word_1_669' title='bbox 1335 3523 1462 3563; x_wconf 90' lang='lat' dir='ltr'>sacri.</span> 
     </span>
    </p>
   </div>
  </div>
 </body>
</html>
