2918 4088
203 1311 212 1319 ·
229 1308 264 1329 Cf.
283 1314 332 1329 can.
351 1307 417 1329 Nulli

203 1337 239 1356 est
253 1335 282 1355 de
295 1334 414 1361 Consecr.‚

204 1361 257 1382 dist.
273 1361 311 1383 IV.

204 1574 213 1584 “
232 1572 295 1593 ioan.
314 1577 365 1599 cap.
380 1577 415 1598 ιιι,

203 1604 262 1620 vers.
278 1605 296 1626 5.

205 1710 213 1719 ·
228 1708 305 1730 Tract.
327 1707 417 1734 XXVI,

204 1741 268 1756 num.
286 1741 315 1762 ¹5-

205 1841 215 1851 ·
229 1839 299 1861 Num.
314 1845 337 1860 ει
353 1844 403 1870 sqq.

206 2016 216 2026 '
231 2015 286 2036 Can.
305 2014 411 2042 Denique

206 2042 259 2063 dist.
280 2041 340 2062 xXI.
357 2052 367 2056 -
383 2030 418 2062 εἰ.

206 2068 418 2116 ἓῖρὲῗᾷἒῗῗῖἵξῖ

207 2124 230 2143 et
245 2121 266 2142 F
266 2121 298 2142 id.
312 2120 419 2144 Cathol.‚·

207 2154 256 2169 can.
271 2148 290 2169 A
309 2148 375 2168 recta
409 2156 420 2162 -

207 2175 243 2201 de,
254 2174 323 2196 Caus.
334 2172 377 2195 XX
412 2189 419 2200 ,

207 2207 276 2259 ῗὲἴὲὲῑ
298 2232 362 2248 num.
387 2231 419 2252 n,

207 2258 269 2280 init:
285 2260 348 2275 num.
364 2259 398 2274 111.

209 2463 275 2494 [Cf.
302 2468 365 2484 num.
389 2468 420 2488 n,

210 2493 272 2515 1nit.;
288 2495 352 2510 num.
367 2495 402 2510 ιιι.

209 2774 219 2785 ·
234 2772 302 2794 Num.
317 2776 333 2792 ι.

210 2798 281 2830 ξῄίίἷ.
301 2803 365 2819 num.
383 2802 422 2823 vr,

210 2829 259 2847 init.

217 3265 226 3275 ·
250 3263 320 3284 Num.
343 3268 366 3289 ι,
387 3261 429 3282 Se-

216 3290 299 3311 cundo.

440 165 515 212 248

438 244 509 274 liter
532 249 766 274 sacramentum
790 243 933 283 corporis
950 248 981 273 et
997 242 1169 282 sanguinis,
1193 243 1346 282 intelligat
1370 241 1503 272 eandem

439 289 605 318 veritatem
628 289 735 318 minus
759 293 851 318 caute
875 287 982 317 forsan
1002 286 1223 326 significatam:
1242 285 1437 326 designando
1455 285 1504 315 vel

439 338 562 373 partem
586 342 603 362 a
626 338 713 367 toto,
738 341 813 361 nam
840 332 873 361 in
897 331 1051 371 spirituali
1078 331 1263 370 sumptione
1288 331 1504 360 Eucharistiae

441 377 598 406 clauditur
621 382 652 406 et
675 376 844 416 spiritualis
868 375 1010 415 sumptio
1035 374 1152 404 Christi
1176 380 1207 404 et
1229 374 1399 414 spiritualis
1418 384 1504 404 surn-

439 421 508 460 ptio
534 420 651 450 Christi
675 421 733 450 sub
758 424 975 455 sacramento;
999 418 1050 448 vel
1074 419 1233 458 signatum
1257 428 1274 448 a
1298 419 1405 458 signo,
1429 428 1504 448 nam

439 474 488 495 res
511 474 579 494 non
603 469 754 494 contenta
781 462 836 493 sed
859 462 1034 503 significata
1064 468 1262 493 sacramento
1289 463 1504 493 Eucharistiae

440 514 486 539 est
502 509 606 539 unitas
629 508 755 549 mystici
772 507 890 538 Christi
914 507 1058 547 corporis
1073 507 1147 543 vivi,
1165 516 1263 547 quam
1278 506 1504 537 manducando

440 553 641 593 spiritualiter
665 551 829 582 Christum
853 552 1068 591 assequimur3
1092 551 1144 581 vel
1166 560 1286 591 purum
1308 551 1504 591 intelligibile

440 607 497 627 seu
524 596 685 637 spirituale
702 606 719 626 a
734 597 850 636 partim
873 596 1062 635 intelligibili
1079 601 1110 625 et
1125 596 1240 635 partim
1263 595 1413 631 sensibili,
1429 604 1505 625 nam

439 641 646 671 manducatio
677 640 846 681 spiritualis
877 639 996 670 Christi
1027 646 1073 670 est
1103 649 1183 680 pure
1213 639 1418 680 intelligibilis
1448 649 1505 670 seu

440 685 620 726 spirituali5‚
637 684 842 715 manducatio
867 689 974 714 autem
998 684 1168 724 spiritualis
1191 684 1408 714 Eucharistiae
1423 684 1457 714 in
1472 693 1506 714 re

439 730 490 760 vel
506 730 539 760 in
554 735 632 760 voto
657 734 704 759 est
726 730 841 769 partim
864 728 1033 768 spiritualis
1051 734 1082 759 et
1096 728 1311 768 intelligibilis,
1336 728 1411 768 quia
1427 737 1505 758 con-

440 774 519 804 sistit
545 775 579 804 in
605 773 808 804 interioribus
839 773 962 803 actibus
992 771 1067 803 fidei
1095 778 1125 803 et
1152 773 1305 808 caritatis,
1333 778 1364 803 et
1390 773 1505 812 partim

441 818 606 854 sensibilis,
624 818 699 858 quia
722 816 824 848 tendit
839 817 879 847 ad
894 822 1130 847 sacramentum
1153 817 1310 847 sensibile.
1335 817 1376 846 Et
1391 817 1503 857 procul

441 862 540 893 dubio
564 863 694 892 rationis
718 861 798 892 ordo
822 861 927 901 poscit
949 867 1001 897 ut,
1027 861 1233 892 existentibus
1260 861 1383 891 duabus
1407 870 1505 901 expo-

441 907 609 937 sitionibus
633 915 770 946 quarum
793 915 857 936 una
881 906 919 935 sit
943 905 1074 936 indubie
1092 915 1166 936 vera
1183 910 1213 935 et
1228 906 1322 946 plana
1339 910 1370 935 et
1386 906 1522 945 absque

442 951 699 991 quaestionibus,
727 950 786 980 alia
816 959 892 979 vero
925 949 1021 979 dubia
1049 955 1079 979 et
1105 949 1222 979 multas
1251 949 1399 989 ingerens
1425 948 1506 979 diffi-

442 995 591 1030 cultates,
622 994 675 1024 illa
698 992 789 1033 vquae
819 992 951 1023 indubie
983 998 1030 1023 est
1046 1003 1133 1032 ,vera
1164 998 1195 1023 et
1225 993 1320 1032 plane
1351 998 1507 1023 consonat

441 1039 562 1078 absque
585 1038 697 1078 glossis
724 1038 855 1072 litterae,
879 1036 1074 1076 acceptanda
1097 1038 1136 1066 sit
1158 1046 1218 1076 pro
1242 1045 1337 1066 sensu
1361 1037 1504 1067 litterali:

442 1088 473 1112 et
495 1088 584 1112 tanto
611 1081 711 1121 magis
734 1081 767 1110 in
791 1081 959 1120 proposito
988 1086 1110 1120 quanto
1140 1080 1317 1110 indubitata
1348 1081 1505 1120 expositio

440 1126 724 1161 universalissime‚
748 1130 784 1155 ut
811 1130 920 1160 sonat,
949 1124 1047 1154 salvat
1074 1123 1191 1154 Christi
1223 1125 1327 1164 legem
1355 1129 1386 1154 et
1408 1125 1506 1154 totius

440 1170 603 1201 Ecclesiae
621 1169 807 1200 Catholicae
829 1178 944 1204 usum:
969 1168 1065 1198 altera
1081 1177 1157 1198 vero
1181 1168 1423 1208 particularibus
1437 1174 1506 1198 tan-

441 1221 511 1245 tum
535 1218 692 1244 consonat
714 1212 807 1243 sectis
831 1218 886 1243 aut
909 1213 1127 1252 opinionibus.

495 1257 620 1288 Deinde
643 1258 797 1298 probatur
820 1256 906 1287 idem
930 1266 1041 1287 sensus
1065 1257 1252 1287 auctoritate
1270 1256 1452 1296 Augustini,
1465 1256 1508 1286 ad

441 1303 651 1344 Bonifacium
671 1303 702 1338 ’Β
736 1302 926 1341 exponentis
949 1301 1031 1331 hanc
1054 1301 1188 1332 Domini
1212 1301 1317 1341 legem
1341 1300 1508 1341 adimpleri

440 1348 474 1377 in
498 1346 670 1377 infantibus
694 1346 869 1386 baptizatis,
893 1344 1048 1376 dicendo:
1077 1346 1168 1376 Tunc
1191 1345 1408 1386 unusquisque
1420 1345 1508 1386 fide-

442 1391 521 1422 lium
544 1391 692 1431 corporis
715 1395 746 1420 et
768 1389 940 1431 sanguinis
962 1390 1097 1419 Domini
1113 1390 1279 1430 particeps
1290 1390 1353 1431 fit,
1377 1389 1507 1430 quando

442 1436 475 1466 in
499 1436 654 1476 baptismo
679 1434 853 1465 membrum
879 1434 1000 1464 Christi
1023 1434 1173 1475 efficitur.
1199 1434 1262 1465 Ubi
1285 1434 1393 1465 videre
1415 1439 1508 1474 potes

442 1485 631 1520 utrumque:
663 1479 783 1509 scilicet
807 1478 897 1518 quod
925 1477 964 1508 de
996 1478 1190 1509 manducare
1219 1483 1250 1508 et
1279 1479 1387 1508 bibere
1418 1479 1508 1519 spiri-

441 1524 567 1555 tualiter
590 1533 707 1564 corpus
738 1528 769 1553 et
797 1523 986 1563 sanguinem
1009 1522 1128 1553 Christi
1158 1523 1344 1562 intelligitur
1366 1522 1417 1552 lex
1441 1522 1508 1553 Do-

441 1569 538 1605 mini3
563 1573 595 1598 et
615 1567 705 1608 quod
719 1567 770 1598 lex
786 1567 839 1598 illa
862 1566 1003 1598 extendit
1018 1576 1051 1597 se
1068 1566 1108 1597 ad
1127 1576 1250 1603 omnes,
1268 1567 1350 1597 sicut
1366 1572 1397 1597 et
1412 1567 1466 1597 illa
1481 1568 1508 1603 ὕ,

442 1613 516 1643 Nisi
546 1612 618 1653 quis
648 1617 780 1642 renatus
801 1611 913 1653 suerit
943 1621 985 1642 ex
1010 1621 1097 1652 aqua
1127 1616 1158 1642 et
1181 1611 1314 1651 Spiritu,
1339 1616 1399 1642 etc.
1423 1629 1446 1634 —
1469 1611 1510 1642 Et

444 1657 584 1688 eundern
600 1665 730 1687 sensum
753 1656 889 1696 explicat
911 1655 998 1686 idem
1014 1656 1213 1696 Augustinus
1228 1665 1326 1696 super
1341 1656 1509 1692 Ioannem,

444 1701 552 1732 dicens
567 1702 600 1731 ⁴⁶:
630 1700 730 1731 Hunc
753 1701 857 1731 cibum
880 1705 911 1731 et
926 1705 1042 1741 potum
1070 1700 1255 1731 societatem
1279 1700 1348 1731 vult
1371 1701 1511 1742 intelligi

444 1746 592 1786 corporis
615 1750 646 1776 et
667 1745 883 1775 membrorum
910 1754 1061 1780 suorum,
1086 1744 1174 1785 quod
1196 1750 1243 1775 est
1263 1745 1425 1780 Ecclesia,
1450 1750 1510 1775 etc.

500 1790 548 1820 Ex
572 1790 689 1830 quibus
713 1790 873 1825 omnibus,
899 1789 1079 1819 coniunctis
1103 1798 1179 1819 cum
1203 1788 1345 1819 dicendis
1368 1789 1402 1819 in
1425 1789 1512 1819 solu-

445 1835 534 1865 tione
550 1839 813 1874 argumentorum
825 1834 852 1870 ξ
869 1832 1075 1864 manifestum
1098 1833 1288 1873 relinquitur
1312 1833 1401 1873 quod
1425 1842 1513 1864 com-

445 1879 559 1909 munio
583 1879 642 1909 sub
658 1883 794 1918 utraque
809 1878 915 1918 specie
938 1887 1007 1908 non
1023 1882 1070 1908 est
1084 1878 1262 1908 necessaria
1277 1877 1392 1908 adultis
1408 1878 1514 1908 omni-

445 1924 522 1954 bus:
548 1932 623 1953 cum
645 1923 772 1953 nullum
796 1922 836 1953 ad
858 1923 922 1952 hoc
944 1922 1098 1952 habeatur
1112 1927 1335 1962 praeceptum3
1359 1922 1514 1962 nullaque

446 1967 486 1998 ad
508 1967 572 1997 hoc
595 1967 675 1997 ratio
700 1971 812 2007 cogat3
837 1972 868 1997 et
890 1967 1077 1996 innumerae
1102 1966 1221 1996 Christi
1244 1966 1413 2002 ecclesiae,
1439 1975 1514 1997 cum

446 2012 654 2042 ecclesiarum
672 2011 814 2041 omnium
833 2011 993 2051 magistra
1009 2010 1159 2040 Romana
1177 2010 1325 2041 Ecclesia
1341 2011 1368 2046 ⁵,
1382 2011 1515 2051 opposi-

446 2061 516 2086 tum
540 2055 677 2086 doceant
700 2065 736 2086 ac
759 2054 886 2085 faciant.
902 2073 927 2077 —
948 2054 1038 2084 Haec
1062 2054 1101 2084 de
1126 2060 1250 2094 quarto.

499 2100 552 2130 IX.
577 2099 696 2138 Quoad
720 2099 879 2139 quintum,
897 2108 938 2129 an
961 2098 1151 2129 communio
1175 2099 1234 2129 sub
1255 2103 1392 2139 utraque
1408 2099 1514 2139 specie

446 2145 485 2176 sit
507 2144 684 2175 necessaria
707 2144 858 2174 omnibus
881 2142 1099 2174 sacerdotibus
1115 2143 1150 2173 *z
1176 2143 1251 2183 quia
1274 2143 1337 2174 hoc
1363 2142 1516 2174 coincidit

447 2199 522 2220 cum
546 2189 734 2229 quaestione
757 2188 825 2224 illa,
850 2197 890 2218 an
914 2187 1048 2227 quilibet
1075 2187 1221 2218 sacerdos
1245 2192 1391 2218 teneatur
1414 2197 1516 2228 quan—

447 2234 556 2274 doque
580 2233 757 2269 celebrare;
782 2237 814 2263 et
835 2232 899 2262 hoc
923 2241 961 2262 ex
984 2232 1153 2271 proposito
1177 2232 1361 2262 tractabitur
1384 2231 1516 2263 inferius

446 2279 479 2309 in
503 2277 636 2308 articulo
660 2277 776 2307 ultimo
800 2276 997 2317 quaestionis
1021 2275 1417 2315 octogesimaesecundae;
1441 2276 1516 2307 ideo

445 2332 533 2353 nunc
559 2320 848 2363 pertranseundum
875 2325 932 2356 est,
959 2329 1000 2350 ne
1027 2319 1114 2350 idem
1141 2321 1267 2361 saepius
1297 2326 1467 2361 repetatur.
1498 2338 1518 2343 —

446 2367 536 2397 Haec
561 2366 600 2396 de
624 2366 749 2406 quinto.

501 2411 541 2441 X.
559 2409 678 2448 Quoad
693 2415 828 2446 sextum,
843 2419 883 2439 an
898 2409 1087 2439 communio
1113 2409 1172 2439 sub
1195 2413 1332 2449 utraque
1355 2409 1462 2450 specie
1478 2410 1518 2440 sit

445 2456 622 2486 necessaria
638 2455 788 2485 omnibus
805 2453 1066 2484 consecrantibus
1077 2454 1104 2489 *,
1119 2453 1201 2484 clare
1217 2459 1304 2494 patet
1320 2454 1518 2494 quaestionis

447 2501 566 2531 solutio
586 2509 624 2529 ex
641 2499 769 2530 decreto
790 2498 908 2529 Gelasii
923 2498 1039 2538 Papae,
1064 2498 1103 2528 de
1122 2498 1285 2535 Consecr.,
1303 2498 1373 2528 dist.
1391 2498 1429 2534 ΙΙ,
1447 2508 1516 2539 cap.

450 2544 681 2584 Comperimus,
698 2544 754 2574 ubi
769 2542 898 2584 grande
913 2542 1124 2585 sacrilegium
1141 2551 1208 2573 esse
1225 2542 1340 2573 dicitur
1356 2542 1518 2573 celebran-

447 2594 514 2619 tem
537 2597 663 2619 sumere
679 2588 738 2618 sub
755 2587 851 2618 altera
872 2592 998 2617 tantum
1021 2587 1147 2628 specie;
1173 2592 1204 2617 et
1219 2587 1253 2617 in
1269 2587 1373 2627 capite
1388 2596 1518 2627 praece-

449 2633 536 2664 denti
560 2632 752 2663 damnantur
775 2631 970 2662 celebrantes
995 2636 1026 2662 et
1048 2633 1081 2662 in
1104 2631 1194 2661 nulla
1214 2631 1321 2671 specie
1345 2637 1518 2662 sumentes.

449 2677 490 2708 Et
513 2677 668 2717 quoniam
698 2677 761 2706 hoc
791 2676 825 2706 in
849 2675 985 2706 dubium
1012 2685 1081 2706 non
1104 2676 1254 2712 vertitur,
1279 2675 1353 2706 ideo
1377 2676 1456 2706 haec
1479 2675 1519 2706 de

450 2727 540 2753 sexto
565 2720 732 2751 sufficiant.

504 2765 558 2796 XI.
575 2765 627 2796 Ad
642 2765 784 2805 primum
801 2773 876 2804 ergo
892 2764 927 2794 in
943 2764 1132 2804 oppositum
1148 2765 1165 2780 ⁸*
1185 2773 1223 2794 ex
1247 2762 1339 2794 dictis
1358 2764 1392 2780 Μ*
1411 2769 1520 2804 patere

449 2815 556 2851 potest
578 2810 756 2850 responsio,
776 2809 953 2839 consistens
969 2809 1003 2838 in
1021 2808 1095 2844 hoc,
1116 2807 1205 2848 quod
1227 2813 1437 2848 praeceptum
1453 2809 1521 2839 Do-

449 2855 530 2886 mini
561 2854 747 2894 intelligitur
770 2852 810 2883 de
834 2853 907 2883 cibo
932 2858 963 2883 et
985 2858 1068 2893 potu
1091 2852 1247 2893 spirituali
1270 2853 1372 2883 carnis
1395 2858 1427 2883 et
1450 2863 1521 2883 san-

450 2899 555 2940 guinis
579 2898 722 2929 Domini.
747 2898 788 2928 Et
811 2897 886 2927 licet
903 2897 1099 2928 manducare
1115 2897 1319 2937 spiritualiter
1341 2906 1521 2928 sacramen-

450 2949 521 2974 tum
557 2943 700 2983 corporis
728 2947 759 2972 et
786 2942 948 2981 sanguinis
976 2941 1094 2973 Christi
1127 2941 1253 2972 claudat
1279 2942 1312 2972 in
1344 2951 1378 2972 se
1407 2947 1521 2972 votum

451 2986 667 3018 manducandi
698 2991 729 3017 et
756 2985 886 3016 bibendi
916 2986 1202 3022 sacramentaliter,
1238 2995 1306 3016 non
1337 2991 1384 3016 est
1413 2991 1521 3017 tamen

451 3041 564 3062 verum
595 3030 685 3071 quod
708 3030 902 3061 manducare
926 3036 958 3061 et
980 3031 1088 3062 bibere
1111 3030 1315 3071 spiritualiter
1339 3039 1467 3061 carnem
1491 3036 1522 3061 et

453 3076 641 3116 sanguinem
671 3074 788 3106 Christi
819 3074 945 3106 claudat
976 3076 1010 3106 in
1037 3085 1070 3106 se
1096 3080 1210 3105 votum
1243 3074 1458 3105 manducandi
1491 3080 1522 3105 et

453 3119 583 3151 bibendi
606 3119 889 3150 sacramentaliter:
914 3119 970 3150 sed
989 3119 1108 3150 claudit
1122 3120 1156 3150 in
1172 3128 1206 3150 se
1221 3118 1415 3150 beneficium
1432 3118 1522 3159 quod

454 3163 649 3204 significatur
672 3169 703 3194 et
726 3162 890 3194 confertur
913 3164 1055 3204 corporis
1079 3169 1110 3194 et
1126 3164 1288 3204 sanguinis
1311 3169 1521 3200 sacramento,

455 3208 575 3239 scilicet
598 3217 665 3238 esse
690 3207 807 3238 Christi
831 3213 862 3238 et
884 3208 1046 3238 Ecclesiae
1069 3208 1252 3238 membrum
1275 3208 1396 3238 vivum.

510 3252 578 3282 XII.
599 3251 650 3282 Ad
666 3251 844 3282 secundum
860 3253 887 3288 ἦ
905 3251 943 3282 de
961 3251 1078 3282 Christi
1093 3251 1256 3288 mandato,
1272 3251 1348 3282 Hoc
1362 3251 1470 3293 facite
1489 3251 1521 3281 in

456 3305 560 3327 meam
586 3296 932 3331 commemorationem,
960 3294 1182 3335 respondetur,
1208 3295 1247 3325 ad
1269 3296 1334 3326 hoc
1357 3300 1393 3325 ut
1416 3295 1522 3325 omnis

458 3340 614 3372 cavillatio
638 3339 776 3375 tollatur,
802 3338 1060 3379 quadrupliciter.
1088 3339 1215 3374 Primo,
1241 3338 1330 3379 quod
1353 3339 1406 3369 illa
1427 3339 1523 3369 verba

457 3384 591 3415 Domini
613 3384 732 3414 habent
754 3383 911 3423 triplicem
934 3383 1010 3413 vim.
1042 3382 1124 3413 Sunt
1147 3383 1233 3413 enim
1255 3383 1447 3412 institutoria
1471 3392 1522 3412 ce-

457 3428 641 3459 lebrationis
663 3428 880 3458 Eucharistiae
902 3428 935 3457 in
959 3427 1111 3463 Ecclesia,
1136 3431 1173 3456 ut
1190 3431 1287 3466 patet.
1311 3426 1393 3457 Sunt
1410 3432 1440 3456 et
1457 3426 1523 3456 col—

458 3473 552 3504 lativa
567 3473 730 3513 potestatis
747 3471 948 3502 sacerdotalis
964 3471 1003 3501 ad
1016 3470 1265 3502 consecrandam
1276 3470 1522 3501 Eucharistiam:

459 3517 674 3548 communiter
697 3517 783 3547 enim
806 3515 942 3546 fatemur
964 3525 1022 3556 per
1044 3516 1122 3546 haec
1137 3515 1233 3545 verba
1255 3514 1432 3555 Apostolos
1456 3523 1524 3545 esse

1095 163 1358 211 QUAESTIO
1387 162 1548 209 LXXX,
1578 160 1871 198 ARTICULUS
1900 161 1966 198 X11

1559 240 1721 271 ordinatos
1753 239 1787 269 in
1810 238 2000 269 sacerdotes.
2033 239 2116 270 Sunt
2139 244 2170 269 et
2191 240 2410 279 praeceptiva,
2434 248 2501 269 non
2525 238 2626 279 ipsius

1559 285 1675 325 operis,
1700 283 1755 314 sed
1779 283 1898 313 ordinis
1922 283 1961 313 ad
1983 293 2075 314 suam
2096 284 2449 319 commemorationem,
2474 282 2564 323 quod
2579 287 2627 313 est

1558 329 1741 370 praecipere
1765 327 1911 358 ordinem
1935 327 2042 368 operis
2064 327 2097 357 in
2121 328 2171 357 sui
2194 328 2402 358 memoriam:
2426 333 2463 358 ut
2481 327 2626 358 Ecclesia

1559 379 1732 409 attestatur,
1756 377 1850 402 utens
1873 372 1921 402 his
1937 372 2069 402 Domini
2084 372 2186 401 verbis
2202 372 2235 401 in
2250 372 2346 402 missa
2361 372 2420 402 sub
2436 372 2495 402 hac
2511 371 2626 408 forma,

1558 418 1653 448 Haec
1676 417 1934 458 quotiescumque
1948 415 2109 458 feceritis,
2135 416 2166 446 in
2191 416 2254 446 mei
2269 416 2457 446 memoriam
2471 415 2607 458 facietis
2615 423 2628 452 ;

1558 463 1614 492 ubi
1642 461 1809 492 manifeste
1840 461 2014 500 explicatur
2041 460 2182 500 praecipi
2208 469 2276 490 non
2306 469 2389 500 opus
2415 460 2540 500 ipsum,
2571 459 2627 490 sed

1560 506 1795 537 ordinationem
1812 505 1918 545 operis
1941 505 1975 534 in
1990 505 2040 535 sui
2059 504 2260 534 memoriam.

1615 551 1655 580 Et
1678 551 1704 580 si
1728 555 1837 589 arguat
1861 549 1932 589 quis
1963 558 2000 579 ex
2023 549 2055 578 vi
2082 548 2292 578 institutoria:
2325 548 2446 578 scilicet
2475 547 2565 588 quod
2589 557 2627 579 ex

1559 595 1622 625 hoc
1647 595 1717 635 ipso
1750 593 1838 634 quod
1861 593 2022 623 Dominus
2053 592 2189 622 instituit
2210 592 2274 622 hoc
2304 596 2539 622 sacramentum
2568 592 2627 622 sub

1559 644 1695 679 utraque
1718 639 1839 678 specie,
1864 637 2044 678 obligamur
2067 636 2107 667 ad
2137 635 2329 666 servandum
2358 636 2426 666 eius
2454 636 2629 666 institutio-

1559 693 1652 713 nem:
1676 701 1699 705 —-
1721 682 1813 713 facile
1830 687 1916 722 patet
1931 682 2058 712 nullitas
2079 681 2268 721 argumenti.
2304 680 2391 710 Tum
2415 680 2491 720 quia
2513 679 2630 710 sufficit

1561 727 1650 767 quod
1680 727 1743 757 hoc
1774 732 1915 757 servetur
1938 727 1976 756 ab
2000 726 2159 765 aliquibus
2190 724 2230 755 de
2260 724 2402 755 Ecclesia
2416 747 2424 760 ‚
2447 724 2511 754 hoc
2542 729 2589 754 est
2610 733 2630 754 a

1560 771 1776 802 sacerdotibus
1793 771 2035 805 celebrantibus,
2048 769 2088 800 ad
2100 779 2183 810 quos
2195 769 2282 799 solos
2297 769 2330 798 in
2342 768 2507 808 Apostolis
2523 777 2628 798 sermo

1560 816 1751 846 Dominicus
1779 821 1857 846 tunc
1886 815 2096 855 dirigebatur:
2127 819 2164 844 ut
2192 823 2230 844 ex
2253 814 2316 843 hoc
2339 818 2427 853 patet
2457 811 2547 853 quod
2569 811 2628 842 soli

1560 859 1740 891 sacerdotes
1755 864 1892 900 possunt
1910 859 1974 890 hoc
1997 858 2101 889 facere
2125 857 2215 898 quod
2231 857 2377 888 Christus
2400 856 2485 892 fecit,
2510 856 2631 887 scilicet

1561 914 1747 935 consecrare
1772 909 2007 934 sacramentum
2031 903 2174 943 corporis
2202 907 2233 932 et
2259 901 2421 941 sanguinis
2444 900 2588 931 Domini.
2607 918 2631 923 —

1561 949 1648 979 Tum
1665 949 1740 988 quia
1763 948 1803 978 ad
1826 947 2015 988 obligandos
2031 947 2175 987 singulos
2194 946 2233 977 de
2257 946 2400 976 Ecclesia
2423 946 2482 976 sub
2500 954 2631 986 praece-

1560 998 1628 1032 pto,
1649 993 1721 1032 plus
1752 993 1923 1032 requiritur
1946 1001 2044 1031 quam
2074 991 2231 1021 institutio
2256 990 2461 1020 sacramenti:
2485 994 2522 1020 ut
2543 994 2632 1030 patet

1561 1036 1601 1066 de
1620 1042 1818 1066 sacramento
1839 1035 2091 1066 confirmationis
2115 1040 2146 1065 et
2170 1039 2329 1065 extremae
2350 1034 2523 1070 unctionis,
2547 1042 2631 1073 quo-

1561 1089 1633 1110 rum
1655 1086 1807 1110 neutrum
1832 1085 1879 1110 est
1902 1079 1941 1109 de
1964 1079 2153 1110 necessitate
2184 1078 2311 1114 salutis3
2347 1078 2493 1118 quamvis
2517 1086 2631 1108 eorum

1562 1129 1768 1163 contemptus
1785 1129 1867 1154 esset
1882 1123 2080 1153 damnabilis.

1616 1168 1658 1197 Et
1680 1167 1726 1197 sic
1750 1177 1787 1197 ex
1813 1167 1862 1197 his
1885 1167 1990 1197 verbis
2012 1166 2146 1196 Domini
2173 1175 2242 1195 non
2266 1166 2401 1196 habetur
2422 1170 2633 1206 praeceptum
2666 1183 2668 1186 >

1561 1211 1711 1242 sumendi
1733 1212 1792 1242 sub
1816 1216 1952 1251 utraque
1975 1211 2100 1250 specie:
2124 1209 2181 1239 sed
2204 1209 2293 1249 quod
2321 1214 2485 1240 sumentes
2505 1214 2634 1239 sumant

1561 1256 1594 1286 in
1618 1256 1668 1286 sui
1691 1256 1893 1291 memoriam,
1917 1255 1980 1285 hoc
2005 1259 2061 1290 est,
2085 1254 2112 1284 si
2135 1253 2303 1289 sumimus,
2327 1253 2361 1283 in
2383 1253 2484 1293 ipsius
2507 1262 2634 1283 memo-

1561 1301 1641 1330 riam
1662 1309 1844 1335 sumamus;
1872 1299 1959 1329 iuxta
1983 1299 2146 1329 Ecclesiae
2170 1297 2418 1337 expositionem,
2438 1296 2534 1327 Haec
2554 1305 2635 1337 quo-

1561 1345 1755 1385 tiescumque
1769 1343 1930 1386 feceritis,
1957 1343 1989 1373 in
2015 1342 2077 1373 mei
2100 1342 2291 1372 memoriam
2304 1341 2451 1383 facietis.

1618 1388 1766 1420 Secundo
1790 1388 1911 1418 dicitur
1933 1386 2042 1427 quod,
2073 1387 2181 1427 posito
2213 1385 2303 1426 quod
2333 1386 2548 1426 praecipiatur
2577 1393 2636 1425 per

1562 1434 1642 1464 haec
1665 1434 1798 1464 Domini
1821 1433 1917 1463 verba
1940 1432 2048 1472 ipsum
2071 1440 2164 1471 opus,
2188 1440 2256 1460 non
2279 1435 2450 1471 propterea
2465 1438 2636 1470 argumen-

1562 1484 1633 1510 tum
1655 1483 1757 1518 urget.
1793 1477 1959 1515 Quoniam
1986 1476 2019 1517 ly
2042 1475 2103 1506 hoc
2133 1484 2201 1505 non
2232 1474 2430 1506 demonstrat
2460 1479 2637 1514 utrumque

1564 1532 1647 1565 opus
1671 1521 1761 1562 quod
1785 1521 1931 1552 Christus
1954 1521 2070 1561 legitur
2093 1519 2222 1555 fecisse,
2250 1519 2371 1550 scilicet
2395 1527 2581 1549 consecrare
2604 1523 2637 1549 et

1562 1567 1685 1599 tradere
1709 1565 1914 1597 sumendum.
1950 1565 1992 1595 Et
2014 1565 2094 1595 ratio
2118 1569 2166 1594 est
2189 1564 2281 1604 quia,
2313 1564 2339 1594 si
2362 1563 2395 1604 ly
2417 1563 2479 1594 hoc
2501 1562 2636 1594 demon-

1563 1617 1674 1644 straret
1696 1616 1872 1651 utrumque
1897 1618 1981 1650 opus
2004 1614 2041 1639 ut
2063 1613 2272 1649 praeceptum
2296 1617 2314 1638 a
2337 1607 2497 1644 Domino,
2521 1615 2638 1648 seque-

1562 1663 1649 1689 retur
1672 1654 1763 1696 quod
1786 1654 1922 1695 quilibet
1945 1653 2108 1684 celebrans
2126 1655 2288 1683 teneretur
2302 1652 2362 1683 sub
2378 1656 2552 1692 praecepto
2568 1651 2639 1682 Do·

1564 1702 1644 1733 mini
1668 1699 1708 1730 ad
1730 1698 1922 1730 tradendum
1937 1698 2001 1728 hoc
2017 1703 2253 1728 sacramentum
2268 1696 2347 1727 aliis.
2371 1696 2472 1735 Quod
2488 1697 2638 1727 omnium

1565 1745 1773 1777 ecclesiarum
1796 1743 1865 1784 pias
1888 1751 1980 1773 aures
2003 1741 2157 1773 offendit:
2182 1750 2258 1772 cum
2282 1746 2408 1771 constet
2429 1740 2550 1771 multos
2565 1750 2638 1771 san-

1564 1796 1634 1822 ctos
1657 1788 1849 1824 sacerdotes,
1874 1791 2017 1818 carentes
2041 1795 2117 1817 cura
2133 1786 2322 1821 animarum,
2340 1790 2371 1815 et
2386 1785 2420 1815 in
2435 1785 2639 1816 monasteriis

1566 1841 1597 1866 et
1621 1839 1717 1869 extra,
1738 1841 1834 1872 saepe
1858 1831 2032 1862 celebrasse
2056 1836 2088 1861 et
2109 1839 2279 1870 nunquam
2294 1829 2475 1866 tradidisse;
2500 1834 2532 1860 et
2554 1838 2639 1870 quo-

1564 1879 1642 1910 tidie
1665 1878 1710 1908 sic
1732 1876 1788 1907 fiat
1811 1876 1850 1907 ab
1873 1876 2050 1911 innumeris
2069 1874 2287 1905 sacerdotibus
2310 1873 2638 1914 irreprehensibiliter.

1566 1924 1607 1954 Et
1623 1921 1803 1953 secundum
1817 1921 1892 1956 hoc,
1911 1929 1980 1950 non
1995 1920 2130 1950 habetur
2145 1919 2220 1949 hinc
2235 1923 2444 1959 praeceptum
2459 1917 2640 1949 traditionis

1566 1968 1625 1998 sub
1649 1972 1785 2006 utraque
1809 1965 1926 2006 specie.
1950 1964 1999 1994 Ac
2022 1973 2080 2004 per
2102 1963 2177 1999 hoc,
2200 1972 2269 1993 non
2292 1963 2427 1993 habetur
2448 1962 2525 1992 hinc
2547 1971 2640 2003 prae·

1567 2016 1699 2052 ceptum
1722 2008 1917 2050 suscipiendi
1941 2008 1980 2038 ab
1997 2008 2065 2038 aliis
2081 2008 2140 2038 sub
2156 2012 2293 2047 utraque
2308 2007 2432 2047 specie:
2457 2015 2533 2037 nam
2555 2015 2639 2038 non·-

1567 2054 1798 2087 celebrantium
1810 2053 1953 2093 sumptio
1966 2051 2172 2083 traditionem
2187 2051 2430 2092 praesupponit,
2443 2059 2519 2081 cum
2530 2051 2641 2083 nullus

1567 2100 1681 2131 talium
1705 2103 1810 2129 sumat
1832 2098 1894 2128 nisi
1919 2097 1979 2127 sibi
2002 2095 2149 2127 traditam
2172 2095 2415 2126 Eucharistiam.

1627 2143 1737 2174 Tertio
1761 2142 1882 2173 dicitur
1905 2140 2012 2182 quod,
2046 2140 2120 2171 dato
2146 2139 2236 2181 quod
2262 2139 2295 2180 ly
2318 2139 2380 2171 hoc
2408 2138 2640 2171 demonstraret

1569 2197 1667 2220 omne
1690 2197 1785 2228 opus,
1802 2187 1923 2217 scilicet
1938 2194 2136 2221 consecrare,
2153 2193 2280 2215 sumere
2297 2188 2328 2214 et
2342 2183 2465 2215 tradere
2479 2184 2539 2215 sub
2555 2189 2641 2215 utra·

1569 2242 1634 2274 que
1656 2232 1781 2273 specie;
1806 2236 1838 2261 et
1861 2229 1951 2271 quod
1974 2229 2168 2270 intelligatur
2182 2228 2324 2270 praecipi
2340 2237 2438 2259 omne
2453 2228 2640 2260 huiusmodi

1570 2286 1668 2318 opus:
1693 2275 1798 2306 adhuc
1814 2280 2040 2315 argumentum
2056 2283 2124 2304 non
2141 2274 2238 2314 cogit.
2262 2272 2438 2310 Quoniam,
2456 2281 2532 2304 cum
2549 2281 2642 2314 prae-

1570 2327 1701 2362 ceptum
1723 2321 1788 2351 hoc
1811 2320 1851 2350 sit
1873 2318 2115 2354 affirmativum:
2141 2323 2172 2348 et
2194 2322 2366 2358 praecepta
2381 2316 2568 2348 affirmativa
2582 2317 2642 2348 ob-

1569 2367 1669 2407 ligent
1692 2374 1818 2405 semper
1841 2363 1897 2394 sed
1920 2372 1989 2394 non
2011 2372 2072 2403 pro
2091 2371 2228 2403 semper,
2253 2361 2310 2393 sed
2331 2370 2392 2402 pro
2415 2366 2563 2402 tempore
2584 2370 2643 2392 ne-

1571 2410 1741 2442 cessitatis:
1775 2417 1978 2448 consequens
2006 2412 2053 2437 est
2082 2413 2119 2437 ut
2150 2416 2188 2437 ex
2214 2407 2278 2438 hoc
2305 2406 2439 2436 Domini
2467 2411 2643 2446 praecepto

1571 2453 1751 2486 sacerdotes
1777 2462 1845 2483 non
1867 2457 2037 2483 teneantur
2059 2451 2182 2481 tradere
2210 2452 2269 2482 sub
2292 2455 2428 2490 utraque
2451 2451 2560 2491 specie
2580 2449 2643 2481 nisi

1570 2499 1741 2530 necessitas
1764 2495 2027 2528 communicandi
2048 2496 2107 2526 sub
2125 2501 2260 2536 utraque
2276 2495 2383 2536 specie
2399 2493 2570 2525 advenerit.
2593 2493 2643 2525 Ac

1570 2553 1628 2584 per
1650 2543 1732 2578 hoc,
1758 2542 1783 2572 si
1806 2540 1994 2572 huiusmodi
2017 2541 2189 2571 necessitas
2213 2540 2331 2571 alicubi
2354 2547 2523 2579 nunquam
2545 2538 2644 2570 inter-

1570 2588 1668 2623 venit,
1688 2595 1857 2626 nunquam
1881 2584 2030 2615 sacerdos
2048 2593 2121 2615 reus
2137 2584 2248 2615 violati
2266 2583 2429 2625 praecepti
2445 2588 2501 2614 est.
2525 2582 2644 2614 Exem-

1571 2632 1673 2673 plum.
1706 2631 1917 2670 Praeceptum
1941 2629 1980 2660 de
2004 2628 2201 2659 honorandis
2231 2628 2416 2669 parentibus
2439 2626 2542 2664 facto,
2566 2627 2644 2668 quia

1573 2681 1620 2707 est
1643 2675 1877 2710 affirmativum,
1901 2673 2088 2714 intelligitur
2111 2678 2257 2714 tempore
2275 2672 2489 2703 necessitatis:
2514 2676 2546 2702 et
2567 2679 2643 2712 pro-

1572 2726 1691 2761 pterea,
1716 2720 1742 2750 si
1765 2727 1935 2759 nunquam
1959 2717 2116 2758 contingit
2138 2722 2286 2758 parentes
2308 2725 2400 2747 meos
2422 2715 2643 2747 necessitatem

1573 2765 1690 2796 habere
1721 2763 1942 2794 subventionis
1973 2771 2081 2798 meae,
2105 2771 2275 2802 nunquam
2302 2770 2362 2801 ego
2385 2769 2458 2791 reus
2480 2759 2643 2800 praecepti

1574 2819 1656 2840 sum.
1681 2808 1722 2839 Et
1746 2808 1822 2848 quia
1841 2807 1874 2837 in
1890 2807 2067 2837 innumeris
2083 2805 2202 2837 Christi
2217 2805 2368 2841 ecclesiis,
2385 2797 2566 2835 Romanam
2580 2803 2643 2835 Ec-

1574 2854 1703 2884 clesiam
1726 2851 1942 2887 imitantibus,
1974 2859 2143 2891 nunquam
2167 2850 2325 2890 contingit
2351 2849 2446 2879 alicui
2468 2857 2536 2878 non
2559 2847 2643 2878 cele-

1574 2898 1677 2928 branti
1700 2897 1871 2927 necessitas
1896 2894 2158 2926 communicandi
2181 2894 2240 2925 sub
2264 2899 2399 2934 utraque
2418 2892 2535 2932 specie,
2559 2900 2643 2932 quo-

1574 2943 1672 2978 niam,
1696 2941 1834 2971 docente
1857 2939 1978 2980 Spiritu
2002 2939 2130 2975 Sancto,
2155 2938 2298 2969 contenti
2314 2936 2642 2968 sunt.communione

1575 2986 1634 3017 sub
1658 2986 1766 3027 specie
1788 2985 1900 3025 panis:
1924 2983 1998 3022 ideo
2022 2983 2130 3014 nullus
2153 2981 2301 3013 sacerdos
2323 2982 2358 3012 in
2380 2979 2567 3011 huiusmodi
2591 2989 2644 3011 ec-

1576 3031 1678 3062 clesiis
1701 3039 1774 3060 reus
1799 3034 1846 3059 est
1868 3028 1979 3059 violati
2001 3027 2164 3068 praecepti
2187 3025 2360 3057 Dominici.

1634 3074 1761 3111 Quarto
1785 3073 1914 3108 dicitur,
1940 3081 1977 3103 ex
2000 3073 2072 3111 ipso
2088 3070 2200 3101 ordine
2222 3075 2326 3100 textus
2342 3069 2536 3109 EvangelicL
2554 3068 2644 3109 quod

1575 3120 1639 3150 hoc
1662 3118 1796 3148 Domini
1818 3120 2025 3157 praeceptum
2054 3114 2168 3145 nullibi
2190 3114 2352 3144 invenitur
2374 3123 2392 3143 a
2415 3113 2559 3143 Domino
2581 3118 2644 3144 tra-

1576 3163 1679 3194 ditum
1702 3162 1763 3192 nisi
1785 3165 1934 3201 respectu
1957 3159 2145 3190 sacramenti
2175 3159 2234 3189 sub
2258 3158 2364 3198 specie
2386 3157 2478 3198 panis
2501 3162 2642 3188 tantum:

1576 3208 1619 3238 ita
1642 3205 1732 3247 quod
1754 3206 1787 3247 ly
1809 3205 1871 3235 hoc
1892 3203 1972 3235 nihil
1995 3202 2192 3234 demonstrat
2215 3202 2254 3233 de
2278 3202 2510 3242 pertinentibus
2534 3201 2574 3232 ad
2593 3210 2644 3232 ca-

1576 3251 1681 3281 licem.
1706 3250 1747 3280 Et
1770 3253 1939 3290 propterea
1964 3256 2002 3277 ex
2025 3247 2087 3277 isto
2110 3251 2283 3287 praecepto
2308 3251 2533 3286 argumentum
2556 3254 2644 3277 sum·

1576 3300 1679 3335 ptum,
1704 3294 1730 3324 si
1754 3292 1864 3323 efficax
1888 3296 1944 3327 est,
1968 3290 2091 3331 gladius
2115 3296 2162 3321 est
2185 3290 2316 3322 Goliath
2331 3291 2365 3320 ἐ
2391 3290 2546 3330 quoniam
2568 3290 2644 3321 hinc

1577 3338 1722 3378 sequitur
1745 3336 1835 3377 quod
1861 3336 1930 3366 sola
1952 3336 2043 3376 panis
2066 3336 2166 3366 saneti
2191 3335 2380 3365 communio
2404 3339 2575 3375 praecepta
2597 3340 2645 3365 est

1576 3381 1737 3412 tradenda.
1762 3381 1802 3411 Et
1825 3380 1978 3420 probatur
1994 3379 2083 3420 quod
2099 3378 2245 3415 dicimus,
2269 3380 2385 3419 primo,
2403 3388 2442 3409 ex
2457 3379 2644 3410 auctoritate

1577 3425 1752 3466 Evangelii.
1777 3425 1871 3455 Solus
1895 3424 1981 3454 enim
1996 3424 2079 3454 inter
2093 3424 2310 3464 Evangelistas
2333 3424 2437 3454 Lucas
2452 3423 2548 3454 verba
2565 3423 2644 3454 haec

1577 3471 1696 3510 posuit,
1719 3470 1753 3499 in
1777 3478 1845 3509 cap.
1863 3478 1926 3499 xxn
1941 3469 1968 3504 ἡ
1992 3469 2048 3498 ubi
2072 3477 2218 3508 expresse
2240 3467 2336 3499 refert
2358 3468 2548 3504 Dominum,
2571 3471 2644 3498 ante

1578 3514 1853 3544 consecrationem
1877 3512 1992 3549 calicis,
2017 3518 2090 3553 post
2112 3517 2220 3543 tamen
2245 3512 2519 3543 consecrationem
2541 3511 2644 3552 panis,

2671 3300 2681 3310 ·
2702 3298 2713 3321 ¹
2734 3298 2809 3328 Rq„

2670 3330 2727 3353 xvn,
2741 3331 2802 3349 ven.
2815 3331 2848 3355 5¹.
2879 3346 2881 3350 Α

2671 3476 2681 3486 ·
2695 3473 2763 3496 Ven.
2779 3479 2814 3503 ις.
