2918 4088
1307 310 1783 366 APPENDIX

1523 433 1569 457 AD

1198 519 1572 563 CARDINALIS
1612 517 1902 560 CAIETANI

970 627 1474 695 QUAESTIONES
1510 626 1593 677 DE
1631 624 2129 678 SACRAMENTIS

488 742 764 802 QUAESTIO
793 741 1036 794 SEPTIMA
1063 740 1141 791 EX
1168 740 1412 792 EIUSDEM
1439 738 1728 791 OPUSCULO
1757 736 2188 788 VIGINTISEPTEM
2208 734 2617 796 ‘QUAESTIONUM

1142 859 1189 884 AD
1222 858 1330 883 FIDEM
1362 858 1538 883 Em'rloms
1571 856 1816 883 LUGDUNENSIS
1849 856 1959 881 MDXLI

1446 948 1659 976 -—-·‹‡›w—

834 1051 1096 1103 QUANDO
1131 1050 1273 1102 QUIS
1308 1050 1659 1091 OBLIGETUR
1692 1049 1778 1091 AD
1813 1049 2280 1091 CONTRITIONEM

1101 1120 1560 1160 PECCATORUM

1598 1119 2006 1160 MORTALIUM

946 1224 1037 1261 Vide
1063 1235 1190 1272 supra,
1226 1223 1465 1264 Quaestiones
1492 1221 1538 1258 de
1568 1222 1809 1267 Contritione,
1843 1221 2058 1264 Quaesitum
2085 1222 2163 1258 III.

1341 1326 1593 1350 ———->Q<

536 1484 691 1506 mentun
714 1478 841 1507 utrum,
866 1471 994 1511 quoties
1023 1469 1210 1501 recordatur
1233 1470 1306 1510 quis
1329 1470 1379 1499 sui
1404 1470 1529 1510 peccati

537 1519 691 1554 mortalis,
714 1521 861 1548 teneatur
883 1516 1000 1545 habere
1023 1515 1264 1545 contritionem.

515 1566 556 1596 Et
572 1570 618 1595 est
633 1563 713 1593 ratio
730 1561 819 1592 dubii
834 1561 861 1596 ⁴,
877 1565 948 1590 tum
965 1560 1040 1600 quia
1054 1564 1178 1600 partem
1193 1558 1413 1589 affirmativam
1436 1558 1530 1588 multi

460 1618 569 1642 tenere
598 1608 765 1642 videntur,
801 1614 839 1635 ex
866 1605 971 1634 verbis
1002 1604 1104 1634 sancti
1131 1603 1279 1634 Thomae
1310 1604 1344 1633 in
1367 1603 1411 1634 IV
1429 1603 1529 1638 Sent„

462 1656 532 1687 dist.
556 1663 629 1689 xvn,
654 1661 709 1693 qu.
732 1660 777 1686 m,
801 1654 857 1679 art.
877 1656 905 1685 ι,
923 1650 982 1689 qu·
997 1657 1028 1688 4,
1052 1648 1203 1679 dicentis:
1228 1648 1279 1679 Ad
1301 1647 1530 1678 contritionem

462 1704 589 1732 tenetur
610 1698 705 1728 homo
729 1693 859 1735 quando
876 1698 1014 1734 peccata
1037 1693 1215 1723 memoriae
1237 1697 1433 1728 occurrunt,
1458 1701 1530 1722 cum

456 1743 633 1786 praecipue
656 1741 688 1771 in
706 1738 857 1780 periculo
882 1738 996 1768 mortis
1019 1738 1146 1773 existit,
1177 1742 1235 1768 aut
1258 1737 1290 1767 in
1315 1737 1426 1778 aliquo
1450 1737 1531 1767 arti-

463 1789 547 1824 culo,
565 1793 624 1818 etc.

518 1833 605 1863 Tum
621 1831 697 1871 quia
719 1829 811 1863 sicut,
829 1827 956 1867 quoties
980 1827 1119 1857 occurrit
1142 1831 1313 1866 peccatum
1336 1825 1471 1856 mortale
1494 1831 1530 1855 ut

463 1888 480 1908 a
496 1887 529 1908 se
545 1872 823 1907 committendum.
842 1876 969 1902 tenetur
984 1871 1085 1902 homo
1102 1870 1238 1901 refutare
1255 1870 1529 1905 commissionem,

462 1923 514 1958 ita,
532 1921 658 1961 quoties
677 1925 713 1949 ut
736 1928 754 1948 a
777 1926 810 1947 se
835 1916 1055 1951 commissum,
1076 1921 1202 1946 tenetur
1224 1914 1305 1945 illud
1328 1914 1484 1945 detestari.
1555 1893 1558 1959 Ι

516 1966 604 1996 Tum
628 1964 703 2004 quia
725 1971 786 1993 nec
801 1970 858 2001 per
874 1965 1078 1991 momentum
1101 1960 1226 1990 licitum
1242 1965 1289 1990 est
1308 1965 1389 1989 stare
1405 1959 1438 1989 in
1454 1968 1529 1999 pec-

462 2017 532 2042 cato
555 2009 692 2040 mortali.
716 2007 764 2038 Ac
787 2015 845 2046 per
865 2006 939 2041 hoc,
963 2005 1069 2035 statim
1085 2010 1121 2035 ut
1137 2005 1284 2040 occurrit,
1309 2009 1435 2034 tenetur
1450 2003 1530 2034 illud

461 2055 586 2095 fugere:
604 2054 691 2084 iuxta
711 2050 791 2082 illud
805 2050 907 2080 Eccli.
920 2059 972 2080 xm
987 2050 1018 2079 ἐ
1046 2048 1149 2085 Quasi
1165 2058 1185 2080 a
1192 2049 1288 2091 facie
1303 2048 1430 2079 colubri
1439 2048 1531 2090 suge

455 2104 600 2142 peccata.

516 2144 555 2174 In
581 2141 761 2183 oppositum
785 2145 892 2170 autem
917 2143 982 2168 est:
1014 2144 1084 2169 tum
1109 2139 1184 2178 quia
1214 2143 1401 2178 sequeretur
1428 2136 1528 2177 quod,

461 2188 730 2229 quotiescumque
763 2184 877 2224 aliquis
907 2182 946 2213 de
975 2183 1148 2213 commisso
1177 2187 1310 2223 peccato
1341 2187 1528 2213 occurrente

460 2234 519 2264 sibi
535 2236 728 2266 attereretur,
745 2233 891 2269 peccaret
906 2227 1091 2264 mortaliter,
1109 2228 1184 2268 quia
1207 2237 1275 2257 non
1298 2227 1428 2257 haberet
1451 2236 1529 2257 con-

460 2279 634 2309 tritionem.

515 2322 603 2352 Turn
626 2320 702 2360 quia
725 2318 835 2349 efficax
859 2317 938 2347 ratio
962 2326 1030 2347 non
1053 2321 1184 2356 apparet
1206 2316 1368 2356 praecepti
1392 2315 1431 2346 ad
1451 2325 1529 2347 con-

460 2367 623 2397 tritionem
646 2373 705 2405 pro
729 2363 783 2393 tali
806 2367 962 2401 ternpore,
986 2361 1107 2391 scilicet
1129 2361 1304 2391 memoriae
1327 2361 1461 2400 peccati.

515 2411 552 2441 Il.
572 2409 624 2440 Ad
641 2407 832 2439 evidentiam
847 2406 943 2436 huius
962 2404 1179 2441 dubitationis,
1196 2404 1466 2445 praemittendum
1482 2411 1530 2436 est

462 2454 551 2496 quod
573 2463 641 2485 non
665 2457 712 2483 est
733 2452 787 2482 hic
810 2451 955 2491 quaestio
980 2449 1019 2480 de
1035 2455 1169 2490 peccato
1185 2450 1313 2480 mortali
1336 2450 1435 2480 semel
1451 2459 1528 2480 con-

460 2501 545 2530 trito.
576 2498 742 2536 Quoniam
763 2496 828 2526 hoc
858 2495 922 2525 iam
946 2494 1088 2525 deletum
1116 2495 1219 2534 prima
1242 2494 1434 2525 contritione
1464 2499 1528 2525 est:

463 2550 503 2580 et,
528 2543 609 2574 sicut
627 2546 798 2582 peccatum
813 2539 912 2570 semel
928 2539 986 2569 rite
1003 2539 1187 2570 confessum
1202 2548 1270 2569 non
1286 2543 1412 2569 tenetur
1426 2538 1527 2569 horno

461 2590 578 2619 iterum
602 2586 757 2621 confiteri,
782 2583 895 2615 eadem
918 2584 1040 2614 ratione
1064 2583 1103 2614 de
1119 2589 1253 2624 peccato
1274 2583 1373 2614 semel
1389 2584 1528 2614 contrito

461 2642 529 2663 non
552 2636 677 2662 tenetur
700 2631 801 2660 homo
816 2629 933 2659 iterum
949 2629 1090 2664 conteri;
1116 2637 1180 2658 non
1198 2628 1285 2658 enim
1301 2627 1426 2658 iudicat
1438 2628 1529 2659 Deus

462 2677 509 2708 bis
533 2677 565 2706 in
590 2675 743 2716 idipsum,
768 2679 804 2704 ut
828 2672 943 2704 dicitur
965 2673 1095 2704 Nahum
1115 2683 1127 2702 1
1146 2673 1173 2708 *,
1201 2677 1266 2702 tarn
1294 2671 1403 2712 quoad
1426 2671 1528 2703 vindi-

463 2727 546 2752 ctam
580 2720 784 2754 exteriorem,
812 2728 911 2758 quam
933 2727 990 2758 per
1013 2716 1231 2747 confessorem
1256 2722 1398 2752 exercet,
1430 2726 1528 2757 quam

462 2764 571 2806 quoad
594 2763 765 2794 vindictam
789 2763 984 2798 interiorem,
1010 2771 1108 2802 quam
1131 2770 1188 2801 per
1204 2766 1311 2791 actum
1334 2761 1434 2801 ipsius
1450 2771 1529 2801 poe-

461 2809 590 2840 nitentis
614 2806 809 2838 conterendo
834 2812 1002 2848 peccatum
1029 2811 1164 2836 exercet.
1189 2805 1312 2836 Sufficit
1327 2806 1413 2836 enim
1430 2805 1529 2836 semel

463 2854 600 2885 contrito
634 2851 723 2892 quod
745 2861 813 2882 non
836 2852 982 2892 placeant
1012 2851 1071 2881 sibi
1095 2851 1267 2880 commissa
1289 2860 1307 2880 a
1330 2859 1363 2880 se
1387 2855 1527 2890 peccata.

462 2899 503 2929 Et
526 2898 589 2928 hoc
613 2898 678 2927 sive
702 2897 851 2926 contritio
876 2895 970 2926 fuerit
993 2895 1033 2926 de
1057 2895 1166 2935 aliquo
1190 2894 1317 2924 mortali
1333 2895 1366 2924 in
1386 2895 1526 2935 speciali,

463 2943 528 2972 sive
551 2942 585 2972 in
608 2941 764 2981 generali:
790 2940 969 2971 dummodo
993 2939 1088 2970 fuerit
1118 2939 1267 2969 contritio
1292 2939 1345 2969 illa
1368 2938 1528 2969 sufficiens

464 2986 503 3016 ad
519 2986 654 3016 salutern
669 2994 773 3024 usque
797 2984 836 3014 ad
858 2990 986 3024 tempus
1003 2983 1225 3019 confessionis,
1243 2983 1385 3023 quando,
1403 2984 1526 3023 singula

464 3029 649 3060 detestando
666 3029 699 3059 in
715 3029 929 3064 confessione,
943 3033 1125 3059 conteretur
1141 3028 1174 3057 in
1191 3027 1331 3068 speciali.
1348 3028 1404 3058 Est
1420 3034 1527 3058 autern

465 3074 614 3104 contritio
629 3073 783 3113 generalis
807 3072 967 3103 sufficiens
991 3072 1030 3102 ad
1053 3072 1188 3102 salutem
1212 3081 1315 3111 usque
1339 3071 1378 3102 ad
1402 3071 1527 3102 confes-

465 3118 589 3148 sionem
620 3118 673 3147 illa
701 3126 764 3156 qua
786 3117 904 3152 homo,
929 3116 1041 3147 dolens
1065 3116 1104 3147 de
1129 3117 1279 3146 omnibus
1303 3115 1432 3146 offensis
1456 3116 1526 3152 Dei,

465 3167 567 3192 mutat
590 3161 759 3191 deliberate
784 3170 839 3190 cor
863 3160 902 3191 ad
932 3160 1198 3201 praeponendum
1227 3161 1335 3190 Deum
1359 3161 1526 3196 omnibus,

467 3206 562 3235 etiam
577 3205 724 3245 propriae
748 3205 841 3240 vitae,
857 3205 1025 3234 intendens
1045 3214 1189 3244 congruo
1209 3210 1355 3244 ternpore
1372 3203 1526 3234 confiteri.

466 3249 508 3280 Et
531 3254 577 3279 est
600 3258 704 3279 sermo
729 3248 767 3278 de
792 3249 984 3278 contritione
1008 3249 1107 3288 ipsius
1134 3249 1257 3289 peccati
1281 3248 1460 3279 secundum
1483 3258 1527 3284 se,

466 3302 534 3323 non
551 3292 728 3323 secundum
752 3301 847 3322 suum
864 3291 1023 3328 effectum,
1048 3293 1104 3332 qui
1122 3299 1168 3323 est
1196 3292 1364 3323 retardatio
1388 3302 1405 3322 a
1429 3292 1528 3322 felici-

467 3342 541 3372 tate,
557 3337 679 3366 ratione
696 3337 786 3366 cuius
810 3341 915 3366 toturn
937 3341 1064 3376 tempus
1087 3337 1259 3376 praesentis
1275 3336 1358 3366 vitae
1382 3341 1428 3366 est
1447 3341 1528 3366 tem—

467 3389 529 3420 pus
545 3380 754 3415 contritionis,
772 3380 846 3419 quia
861 3385 988 3419 tempus
1009 3386 1141 3419 peccato
1166 3385 1361 3420 occupatum
1377 3380 1528 3420 irrepara-

468 3424 532 3454 bile
556 3423 705 3454 effectum
729 3429 775 3453 est
801 3433 860 3463 pro
885 3423 1042 3453 felicitate.

523 3468 591 3498 Nec
608 3473 654 3498 est
676 3468 728 3498 hic
752 3467 896 3507 quaestio
917 3467 956 3497 de
971 3468 1162 3497 contritione
1178 3468 1211 3497 in
1227 3469 1366 3503 veritate,
1391 3468 1454 3498 hoc
1471 3472 1527 3502 est,

469 3512 508 3543 de
532 3511 643 3542 dolore
668 3512 794 3542 caritate
818 3511 1000 3543 informato.
1025 3511 1207 3549 Quoniam,
1233 3521 1308 3542 cum
1332 3521 1424 3541 nemo
1447 3511 1530 3541 sciat

222 1568 234 1578 ⁶
250 1567 285 1589 cf.
305 1572 368 1588 num.
382 1570 434 1592 vm,

223 1599 254 1615 ix.

220 2059 230 2070 ⁶
246 2058 312 2080 Vers.
328 2063 348 2079 2.

223 2677 233 2687 ·
251 2675 317 2697 vers.
332 2682 355 2703 9,
372 2675 435 2697 iuxta

220 2702 352 2724 versionem
364 2702 434 2724 Lxx.

1582 1474 1691 1499 utrum
1707 1477 1820 1499 amore
1835 1469 1887 1500 vel
1910 1468 1986 1499 odio
2002 1468 2124 1511 dignus
2146 1468 2189 1499 sit
2203 1469 2230 1504 *,
2259 1469 2285 1499 si
2301 1469 2478 1509 exigeretur
2493 1469 2652 1503 certitudo
2679 1476 2691 1487 ·
2703 1474 2779 1498 Ecde-
2794 1481 2847 1504 σιν·
2859 1482 2896 1503 1¹.

1581 1523 1675 1544 verae
1699 1514 1911 1549 contritionis,
1927 1522 2055 1554 semper
2077 1518 2160 1544 esset
2174 1514 2276 1544 homo
2293 1513 2474 1554 perplexus,
2491 1520 2547 1546 aut
2568 1524 2652 1547 nun·
2678 1507 2739 1524 ’ω’
2754 1509 2774 1526 ¹·

1583 1567 1681 1599 quam
1698 1563 1833 1588 cessaret
1855 1558 2010 1598 obligatio
2034 1558 2253 1588 contritionis:
2278 1558 2368 1598 quod
2384 1563 2432 1589 est
2446 1558 2572 1591 falsum.
2589 1559 2654 1592 sed

1582 1608 1630 1633 est
1653 1602 1798 1643 quaestio
1822 1601 1863 1633 de
1886 1602 2079 1633 contritione
2109 1607 2268 1643 quantum
2295 1608 2343 1633 est
2365 1612 2405 1633 ex
2426 1608 2516 1644 parte
2538 1605 2652 1645 poeni-

1581 1648 1677 1678 tentis
1691 1648 1725 1678 *z
1750 1647 1813 1678 hoc
1830 1652 1877 1677 est
1895 1646 1997 1687 quod,
2014 1652 2173 1687 quantum
2197 1651 2244 1678 est
2259 1656 2298 1678 ex
2313 1653 2403 1688 parte
2426 1647 2653 1682 conditionum
2679 1653 2736 1677 ‘cz
2745 1660 2832 1703 m
2848 1654 2895 1683 Qq.

1581 1693 1807 1733 requisitarum
1831 1690 1871 1722 ad
1887 1691 2115 1722 contritionem
2131 1700 2170 1722 ex
2185 1697 2275 1732 parte
2283 1692 2496 1732 poenitentis,
2517 1698 2564 1724 est
2577 1702 2654 1726 vera
2680 1680 2778 1737 ἴῃξῃ,
2791 1713 2808 1730 ι,
2829 1687 2890 1709 oue,

1582 1737 1745 1772 contritio,
1763 1736 1910 1777 quamvis
1932 1736 2092 1766 nesciatur
2108 1745 2148 1766 an
2164 1736 2203 1767 sit
2219 1737 2347 1767 caritate
2369 1736 2551 1774 informata,
2577 1739 2654 1780 quia

1580 1782 1721 1812 nescitur
1744 1781 1923 1821 praesentia
1951 1780 2097 1811 caritatis.
2128 1780 2170 1810 Et
2195 1781 2340 1812 similiter
2366 1786 2413 1824 est
2440 1783 2585 1822 quaesn'o
2613 1782 2653 1815 de

1581 1831 1716 1866 peccato
1747 1825 1875 1856 mortali
1903 1835 1921 1855 a
1945 1834 1978 1855 se
2009 1825 2184 1855 commisso
2216 1834 2385 1866 nunquam
2415 1827 2554 1858 contrito
2586 1828 2652 1859 sive

1581 1870 1761 1901 secundum
1784 1870 1950 1900 veritatem
1973 1869 2039 1900 sive
2063 1868 2243 1900 secundum
2266 1871 2531 1902 aestimationem.

1637 1915 1689 1946 111.
1714 1915 1842 1952 Quibus
1870 1914 2068 1957 praemissis,
2101 1913 2268 1945 sciendum
2293 1920 2339 1945 est
2365 1921 2575 1956 praeceptum
2597 1916 2653 1947 ha-

1582 1959 1705 1990 bendae
1730 1959 1931 1990 contritionis
1955 1963 1987 1989 et
2009 1968 2077 1989 esse
2101 1968 2158 1999 per
2181 1968 2214 1989 se
2237 1959 2343 1999 primo
2367 1958 2600 1997 affirman’vum,
2623 1967 2655 1992 et

1583 2003 1730 2035 claudere
1746 2004 1779 2034 in
1795 2013 1829 2034 se
1845 2008 2054 2043 praeceptum
2065 2003 2260 2043 negativum.
2276 2003 2360 2034 Nam
2374 2004 2530 2044 praecipit
2546 2010 2654 2036 actum
2686 2040 2690 2041 ⁷

1582 2049 1784 2079 contritionis
1813 2046 2016 2082 habendum,
2046 2052 2077 2078 et
2105 2057 2162 2088 per
2184 2048 2248 2078 hoc
2276 2053 2323 2079 est
2350 2047 2590 2080 affirmativum:
2622 2055 2655 2081 et

1582 2093 1737 2134 praecipit
1767 2101 1835 2122 non
1865 2101 1933 2122 esse
1961 2091 2165 2122 retinendum
2195 2091 2308 2123 odium
2334 2092 2413 2129 Dei,
2444 2093 2478 2123 in
2502 2093 2592 2134 quod
2615 2103 2654 2126 ex

1581 2142 1716 2179 peccato
1741 2136 1868 2167 mortali
1891 2137 2072 2173 incurritur,
2097 2142 2129 2167 et
2151 2146 2209 2177 per
2223 2137 2287 2167 hoc
2311 2142 2358 2167 est
2372 2143 2581 2178 praeceptum
2596 2148 2654 2170 ne-

1581 2183 1734 2223 gativum.
1770 2181 1811 2212 Et
1838 2186 2008 2221 propterea
2034 2181 2140 2221 primo
2163 2180 2365 2212 tractandum
2389 2187 2435 2212 est
2458 2181 2498 2213 de
2521 2183 2652 2214 vinculo
2751 2199 2759 2214 x

1582 2228 1650 2258 eius
1683 2231 1840 2267 quatenus
1864 2231 1911 2256 est
1939 2225 2179 2262 affirmativum
2215 2231 2246 2256 et
2275 2225 2391 2257 deinde
2421 2232 2580 2267 quatenus
2606 2233 2654 2258 est

1581 2271 1767 2312 negativum
1778 2271 1811 2306 ἡ
1829 2275 1860 2300 et
1876 2269 2008 2300 demum
2021 2274 2179 2310 quatenus
2192 2275 2239 2300 est
2255 2279 2293 2300 ex
2304 2275 2444 2311 utroque
2459 2271 2597 2303 mixtum
2606 2273 2651 2303 ”.

1637 2316 1887 2355 Praeceptorum
1902 2315 1997 2354 igitur
2013 2313 2275 2345 affirmativorum
2298 2320 2410 2345 natura
2433 2325 2508 2346 cum
2531 2317 2571 2347 sit
2594 2317 2652 2348 ob-

1582 2361 1679 2401 ligare
1703 2359 1835 2400 quidem
1858 2368 1994 2399 semper,
2019 2358 2075 2389 sed
2097 2368 2165 2389 non
2189 2358 2228 2389 ad
2248 2368 2384 2399 semper,
2408 2359 2464 2390 sed
2487 2359 2527 2390 ad
2550 2360 2653 2392 deter-

1582 2406 1741 2436 minatum
1764 2409 1908 2444 tempus,
1940 2403 2004 2433 hoc
2028 2409 2093 2439 est,
2118 2408 2246 2443 tempus
2268 2404 2474 2440 necessitatis,
2502 2409 2538 2435 ut
2561 2404 2653 2437 divus

1582 2450 1737 2485 Thomas,
1761 2449 1795 2479 in
1815 2448 1858 2478 IV
1873 2447 1972 2483 Sent„
1996 2446 2067 2478 dist.
2089 2457 2162 2483 xvn.
2180 2457 2235 2487 qu.
2252 2458 2296 2484 111,
2313 2453 2369 2478 art.
2390 2456 2418 2484 1,
2435 2450 2494 2489 qu‘
2509 2458 2541 2488 4,
2559 2449 2652 2487 dicit;

1582 2503 1786 2534 consequens
1810 2499 1856 2523 est
1879 2497 1915 2523 ut
1930 2497 2139 2532 praeceptum
2159 2491 2198 2522 de
2215 2493 2408 2523 contritione
2423 2493 2570 2524 habenda
2585 2503 2654 2526 non

1582 2538 1703 2579 obliget
1721 2538 1782 2569 nisi
1801 2536 1841 2568 ad
1859 2542 1987 2576 tempus
2003 2546 2120 2576 urgens
2140 2535 2179 2566 ad
2195 2537 2433 2568 contritionem.
2458 2537 2558 2575 Quod
2574 2548 2653 2570 con-

1582 2589 1642 2615 stat
1665 2592 1733 2613 esse
1756 2587 1885 2622 tempus
1908 2586 1973 2611 tam
1996 2582 2118 2617 mortis,
2143 2581 2220 2620 quia
2242 2590 2369 2612 summa
2384 2587 2431 2612 est
2449 2587 2527 2612 tunc
2542 2591 2654 2614 neces-

1582 2628 1655 2658 sitas
1679 2626 1899 2661 contritionis,
1927 2626 2083 2666 quoniam
2106 2635 2174 2656 non
2198 2631 2342 2656 remanet
2364 2626 2502 2666 amplius
2525 2632 2654 2668 tempus

1581 2670 1784 2713 poenitendi;
1809 2679 1908 2711 quam
1928 2675 2055 2710 tempus
2079 2675 2152 2700 ante
2168 2671 2357 2701 sacramenti
2373 2671 2530 2711 cuiusque
2546 2680 2654 2702 susce-

1581 2717 1727 2757 ptionem
1755 2720 1809 2746 aut
1833 2713 2160 2750 administrationem,
2185 2715 2357 2755 quoniam,
2386 2715 2447 2745 nisi
2470 2721 2548 2746 tunc
2572 2721 2654 2760 esset

1581 2761 1747 2796 contritus,
1771 2759 1946 2789 mortaliter
1969 2764 2116 2799 peccaret
2135 2759 2313 2799 suscipiens
2329 2765 2573 2796 sacramentum,
2597 2765 2654 2791 aut

1582 2814 1732 2836 exercens
1744 2810 1852 2834 actum
1869 2813 1967 2843 quem
1983 2804 2051 2834 sine
2067 2809 2201 2843 peccato
2214 2803 2342 2834 mortali
2354 2809 2483 2844 oportet
2495 2812 2650 2835 exercere.

1636 2850 1782 2889 Tempus
1815 2853 1923 2879 autem
1953 2857 2125 2883 occursus,
2154 2848 2230 2888 quia
2253 2847 2373 2878 scilicet
2399 2848 2574 2879 memoriae
2597 2857 2653 2879 oc-

1581 2894 1678 2925 currit
1701 2894 1911 2924 commissum
1934 2898 2113 2932 peccatum,
2139 2893 2235 2923 etiam
2250 2893 2399 2932 practice,
2415 2897 2493 2932 puta
2508 2897 2544 2922 ut
2564 2891 2652 2923 dete-

1580 2938 1730 2969 standum
1754 2947 1811 2968 seu
1827 2936 2070 2972 conterendum,
2094 2936 2182 2967 nulla
2198 2941 2328 2977 apparet
2343 2937 2466 2966 ratione
2489 2945 2556 2966 esse
2571 2941 2652 2967 tem-

1581 2993 1641 3023 pus
1665 2982 1874 3013 necessitatis:
1901 2981 2056 3021 quoniam
2078 2990 2152 3011 cum
2172 2980 2225 3011 tali
2243 2989 2379 3011 occursu
2402 2985 2462 3010 stat
2484 2980 2652 3012 hominem

1580 3038 1613 3058 se
1637 3028 1752 3058 habere
1769 3027 1852 3057 circa
1868 3026 2078 3065 commissum
2094 3030 2263 3065 peccatum
2278 3024 2471 3060 neutraliter,
2489 3034 2525 3054 ac
2541 3025 2568 3055 si
2583 3034 2652 3056 non

1580 3072 1788 3106 meminisset,
1810 3080 1846 3101 ac
1865 3071 1892 3100 si
1907 3069 2069 3100 dormiret.
2093 3069 2187 3103 Nam,
2204 3074 2392 3099 occurrente
2407 3074 2541 3108 peccato
2561 3078 2652 3100 com-

1579 3117 1677 3146 misso
1696 3121 1730 3146 ut
1749 3115 1881 3145 materia
1897 3113 2115 3144 detestationis
2135 3112 2300 3143 habendae
2323 3122 2342 3143 a
2367 3122 2431 3148 me,
2448 3122 2581 3152 possum
2597 3114 2651 3144 tri-

1579 3160 1704 3200 pliciter
1719 3169 1772 3190 me
1789 3159 1921 3189 habere:
1946 3158 1997 3188 vel
2013 3156 2246 3188 consentiendo
2262 3157 2295 3187 in
2312 3156 2574 3194 detestationem
2598 3157 2650 3189 vel

1580 3203 1779 3244 aspernando
1804 3202 2064 3238 detestationem;
2088 3201 2139 3231 vel
2161 3210 2222 3231 nec
2245 3200 2468 3241 amplectendo
2492 3211 2552 3232 nec
2572 3206 2663 3233 con-'

1580 3247 1772 3283 temnendo,
1804 3246 1860 3277 sed
1887 3246 1938 3276 vel
1963 3245 2090 3276 nullum
2121 3251 2228 3276 actum
2251 3245 2423 3275 voluntatis
2453 3246 2536 3276 circa
2562 3246 2650 3277 illam

1581 3291 1769 3326 exercendo,
1788 3296 1818 3321 et
1834 3296 1910 3321 tunc
1930 3299 2032 3320 essem
2054 3295 2185 3326 neuter;
2209 3290 2259 3320 vel
2283 3289 2430 3320 habendo
2455 3295 2563 3321 actum
2584 3290 2651 3321 vel-

1580 3336 1693 3366 leitatis
1717 3336 1799 3366 circa
1822 3334 1918 3370 illam,
1936 3339 2013 3374 puta
2033 3334 2108 3373 quia
2130 3334 2245 3364 vellem
2268 3334 2384 3364 habere
2409 3335 2649 3371 contritionem,

1581 3380 1727 3419 quamvis
1753 3380 1787 3409 in
1810 3379 1940 3409 veritate
1962 3387 2030 3408 non
2053 3377 2167 3414 velim,
2201 3378 2275 3418 quia
2305 3388 2373 3408 non
2396 3378 2529 3409 intendo
2553 3379 2650 3409 absti-

1579 3433 1665 3459 nere,
1684 3429 1742 3454 etc.
1776 3423 1809 3453 Si
1833 3431 2004 3452 occurrens
2028 3431 2103 3461 ergo
2127 3422 2283 3452 memoria
2306 3432 2374 3453 non
2396 3423 2566 3453 necessitat
2588 3423 2649 3453 ho-

1580 3468 1702 3497 minem
1725 3466 1765 3496 ad
1788 3466 1958 3496 articulum
1983 3466 2123 3505 aliquem
2147 3476 2214 3506 quo
2239 3472 2386 3507 oporteat
2409 3467 2516 3507 ipsum
2540 3472 2649 3497 actum

1580 3511 1720 3550 aliquem
1737 3520 1892 3546 exercere,
1915 3519 1981 3550 quo
1998 3515 2093 3550 pacto
2109 3516 2237 3551 tempus
2253 3512 2448 3541 necessitatis
2465 3511 2649 3548 constituit;

2679 2277 2689 2288 ·
2703 2276 2775 2299 Num.
2789 2283 2823 2300 tv.

2679 2304 2701 2315 ⁶·
2715 2303 2787 2326 Num.
2801 2310 2825 2326 v.
