2918 4088
67 517 79 527 ·
93 515 129 538 Cf.
138 518 180 537 ιη.
188 521 210 543 7,
219 514 278 537 adz.

0 572 12 606 i
68 567 156 590 'Cam
181 566 210 589 Ut

67 593 145 648 Ξῑὲἕέ
155 593 250 642 ⁶5¹5.st
224 599 267 641 v.'‘

29 1213 34 1215 ·
66 1202 210 1226 'Vm-20.

68 1622 167 1652 mvi-t.
181 1622 282 1652 ηερξ-

161 1649 281 1703 Ἢ,

54 1668 280 1752 ὶῶιτμωι.

961 166 1223 215 QUAESTIO
1251 167 1408 213 LXXII,

360 261 395 285 2.
426 249 657 295 PRAETEREA,
688 247 783 284 sicut
804 248 879 284 hoc
900 252 1183 283 sacramentum
1211 243 1368 293 requirit

307 300 553 339 devotionem
583 308 619 337 et
646 300 769 337 dantis
798 307 834 337 et
861 297 1084 348 recipientis,
1113 297 1163 334 ita
1189 296 1303 333 etiam
1332 304 1368 332 et

307 361 591 391 sacramentum
609 352 800 413 baptismi.
832 353 909 390 Sed
929 351 969 389 in
988 357 1226 389 sacramento
1246 349 1367 398 bapti-

307 406 380 444 smi
408 418 488 443 non
516 405 721 455 requiritur
751 405 859 456 quod
886 417 910 442 a
935 403 1072 443 ieiunis
1104 410 1280 440 sumatur
1305 403 1368 440 vel

307 458 533 497 conferatur.
563 459 664 507 Ergo
683 458 836 495 videtur
854 456 1166 495 inconvenienter
1184 462 1367 492 statutum

306 511 347 549 in
374 511 638 548 Aurelianensi
668 511 879 549 Concilio*
907 517 944 548 ut
971 511 1084 548 ieiuni
1101 509 1152 546 ad
1168 510 1367 557 confirma-

267 566 443 602 ’tionem
470 566 638 609 veniant;
666 572 702 601 et
729 564 768 601 in
791 562 963 601 Concilio
982 561 1172 600 Meldensi
1190 561 1210 583 ’¹‘
1238 567 1276 598 ut
1294 562 1367 610 epi-

257 566 409 667 ¹*scopi
435 630 509 654 non
531 619 602 654 nisi
627 619 741 654 ieiuni
760 629 833 667 per
851 618 1116 666 impositionem
1135 627 1269 652 manus
1288 616 1367 664 Spi-

307 672 418 707 ritum
446 671 623 708 Sanctum
649 670 807 708 tradant.

363 722 397 760 3.
431 724 669 770 Pmraam,
708 722 876 760 chrisma
903 729 958 759 est
985 721 1185 771 quoddam
1214 721 1367 770 signum

306 775 553 825 plenitudinis
587 775 749 825 Spiritus
785 774 930 821 Sancti,
963 782 1005 811 ut
1039 786 1156 823 supra
1173 773 1193 795 '¹‘
1221 773 1367 811 dictum

307 837 373 865 est.
404 829 480 866 Sed
507 828 705 878 plenitudo
735 827 896 878 Spiritus
925 826 1052 865 Sancti
1079 827 1167 864 data
1190 834 1246 863 est
1272 826 1366 864 fide-

306 881 406 919 libus
421 881 560 919 Christi
574 881 614 918 in
627 881 689 918 die
704 882 956 928 Pentecostes‚
977 887 1019 917 ut
1032 880 1196 917 habetur
1213 879 1365 917 Act.11*.

306 934 429 982 Magis
457 946 546 982 ergo
575 934 731 971 deberet
757 933 924 971 chrisma
960 932 1100 970 confici
1127 940 1164 969 et
1191 932 1367 970 benedici

306 987 347 1024 in
373 987 467 1024 festo
495 988 737 1024 Pentecostes
765 999 884 1036 quam
913 986 952 1024 in
981 986 1087 1023 Cena
1114 986 1284 1023 Domini.

360 1040 434 1078 SED
462 1052 607 1077 CONTRA
634 1052 699 1077 EST
730 1052 825 1077 usus
853 1039 1063 1086 Ecclesiae,
1099 1051 1199 1088 quae
1232 1051 1255 1076 a
1283 1039 1366 1089 Spi-

307 1092 382 1130 ritu
411 1093 550 1130 Sancto
578 1092 822 1141 gubernatur.

359 1146 583 1183 Responnzo
619 1158 801 1184 DICENDUM
838 1145 945 1195 quod
981 1145 1191 1190 Dominus,
1229 1145 1365 1182 Matth.

306 1197 437 1245 xv111*,
466 1198 644 1236 fidelibus
669 1199 748 1236 suis
765 1198 941 1248 promisit
959 1198 1106 1235 dicens:
1142 1199 1214 1236 Ubi
1219 1199 1368 1246 fuerint

307 1251 380 1289 duo
407 1251 466 1290 vel
492 1257 565 1288 tres
591 1254 815 1302 congregati
840 1253 877 1288 in
907 1253 1057 1288 nomine
1083 1263 1179 1297 meo,
1208 1253 1260 1289 ibi
1284 1264 1366 1288 sum

307 1305 344 1341 in
374 1305 494 1342 medio
523 1317 664 1341 eorum.
694 1305 742 1342 Et
769 1304 856 1342 ideo
885 1303 1046 1341 firmiter
1071 1304 1284 1341 tenendum
1312 1312 1368 1341 est

307 1357 416 1406 quod
432 1357 693 1395 ordinationes
712 1357 904 1395 Ecclesiae
923 1356 1133 1405 dirigantur
1151 1357 1367 1394 secundum

307 1409 534 1459 sapientiam
563 1410 712 1451 Christi.
749 1411 796 1447 Et
823 1417 979 1460 propter
1006 1411 1082 1447 hoc
1109 1418 1256 1447 certum
1285 1422 1366 1447 esse

307 1462 422 1501 debet
449 1463 542 1500 ritus
569 1475 669 1512 quos
697 1463 866 1500 Ecclesia
887 1463 1065 1500 observat
1092 1462 1132 1500 in
1159 1464 1235 1500 hoc
1262 1470 1299 1499 et
1327 1462 1367 1500 in

307 1515 388 1554 aliis
416 1516 672 1563 sacramentiS,
706 1528 788 1553 esse
816 1515 1100 1554 convenientes.

359 1569 418 1606 An
437 1581 571 1606 ptumum
590 1580 688 1606 ERGO
707 1580 888 1606 monimum
916 1569 1035 1618 quod,
1065 1568 1161 1605 sicut
1187 1568 1366 1605 Melchia-

307 1621 375 1660 ἀῶ
403 1622 510 1671 Papa
535 1620 624 1658 dicit
642 1621 672 1668 *,
701 1623 752 1658 ita
779 1623 976 1658 coniuncta
993 1627 1077 1658 sunt
1098 1622 1191 1657 haec
1217 1621 1290 1657 duo
1308 1633 1366 1658 sa-

307 1679 527 1720 eramenta,
546 1673 685 1711 scilicet
710 1673 890 1723 baptismi
918 1681 955 1710 et
981 1673 1301 1719 confirmationis,
1330 1679 1368 1710 ut

289 1728 356 1766 ab
377 1728 534 1766 inmkem
563 1727 634 1764 nisi
649 1732 769 1764 morte
780 1728 1044 1776 praeveniente
1062 1726 1268 1763 nullatenus
1281 1738 1368 1776 pos-

1440 166 1729 204 ARTICULUS
1757 167 1823 203 XII

1422 256 1495 280 non
1520 244 1645 293 possit.
1675 244 1722 280 Et
1742 243 1828 280 ideo
1858 244 1994 280 eadem
2014 252 2187 293 tempora
2207 253 2293 282 sunt
2311 246 2480 295 praefixa

1420 296 1611 345 baptismo
1650 296 1869 332 solemniter
1895 296 2123 333 celebrando
2159 305 2194 333 et
2235 297 2325 334 huic
2359 311 2479 336 sacra-

1420 357 1564 386 mento.
1596 349 1672 386 Sed
1701 348 1791 397 quia
1819 349 1894 385 hoc
1925 357 2206 386 sacramentum
2235 363 2257 386 a
2285 351 2373 387 solis
2401 351 2479 400 epi-

1420 402 1545 451 scopis
1564 402 1686 447 datur,
1707 401 1772 451 qui
1801 413 1882 438 non
1901 409 1990 438 sunt
2008 413 2160 450 semper
2178 411 2393 450 praesentes
2412 404 2479 441 ubi

1420 453 1631 505 presbyteri
1658 453 1861 503 baptizant,
1882 453 2061 502 oportuit,
2083 462 2273 502 quantum
2301 456 2349 491 ad
2374 468 2479 492 com-

1421 520 1583 545 munem
1602 519 1730 554 usum,
1747 514 2030 544 sacramentum
2049 506 2352 543 confirmationis
2367 508 2480 544 etiam

1421 560 1460 598 in
1485 560 1556 598 alia
1583 568 1759 609 tempora
1787 559 1940 596 differri.

1474 615 1531 651 An
1560 625 1749 651 SECUNDUM
1777 624 1959 650 DICENDUM
1998 612 2104 661 quod
2140 612 2188 648 ab
2220 611 2281 649 illa
2312 612 2481 661 prohibi-

1421 666 1525 704 tione
1560 668 1797 716 excipiuntur
1831 666 1973 715 infirmi
2005 671 2038 702 et
2064 671 2184 701 morte
2214 665 2482 714 periclitantes:

1422 720 1518 757 sicut
1550 719 1589 756 in
1626 726 1763 756 statuto
1795 717 2005 756 Meldensis
2043 717 2203 754 Concilii
2240 717 2384 765 legitur.
2434 719 2482 755 Et

1421 773 1520 819 ideo,
1549 780 1716 832 propter
1733 771 2019 809 multitudinem
2045 770 2231 815 fidelium,
2265 778 2301 807 et
2327 779 2483 820 propter

1420 826 1591 876 pericula
1609 824 1860 872 imminentia,
1889 824 2096 862 sustinetur
2113 831 2155 860 ut
2173 824 2249 860 hoc
2268 835 2482 861 sacramen-

1421 887 1523 926 tum,
1557 879 1665 928 quod
1699 890 1779 915 non
1814 877 1886 915 nisi
1922 878 1972 915 ab
2006 875 2195 926 episcopis
2229 876 2311 914 dari
2345 884 2481 926 potest,

1421 932 1536 970 etiarn
1571 944 1594 969 a
1621 944 1702 968 non
1729 931 1866 968 ieiunis
1894 931 2006 968 detur
2031 931 2094 967 vel
2126 929 2352 979 accipiatur:
2392 929 2483 979 quia

1421 998 1523 1023 unus
1537 984 1752 1034 episcopus,
1772 984 1977 1033 praecipue
1997 983 2036 1020 in
2051 994 2191 1030 magna
2204 982 2382 1029 dioecesi,
2402 994 2482 1020 non

1422 1039 1612 1076 sufficeret
1645 1038 1694 1074 ad
1726 1049 1863 1074 omnes
1889 1035 1903 1066 β
1931 1035 2239 1081 confirmandos,
2268 1035 2299 1073 si
2327 1035 2362 1073 ei
2388 1043 2481 1072 tem-

1420 1104 1494 1142 pus
1531 1098 1748 1128 arctaretur.
1796 1089 1870 1128 Ubi
1906 1097 2037 1126 tamen
2078 1100 2249 1148 congrue
2287 1088 2482 1126 observari

1420 1152 1565 1195 potest,
1600 1142 1890 1181 convenientius
1926 1150 1981 1179 est
2015 1150 2058 1179 ut
2085 1155 2107 1179 a
2135 1141 2271 1178 ieiunis
2308 1142 2419 1178 detur
2446 1149 2483 1179 et

1421 1196 1674 1247 accipiaturff‘.

1474 1252 1532 1287 An
1558 1262 1718 1287 TERTIUM
1745 1261 1926 1287 DICENDUM
1959 1248 2080 1297 quod,
2111 1247 2206 1285 sicut
2234 1259 2280 1284 ex
2309 1246 2481 1284 Concilio

1420 1303 1576 1342 Martini
1608 1304 1735 1352 Papae
1754 1302 1775 1324 ‘¹‘
1809 1302 1989 1348 habetur,
2020 1302 2124 1338 omni
2155 1307 2318 1351 tempore
2352 1301 2520 1337 licebat

1420 1358 1583 1394 chrisma
1610 1357 1804 1404 conficere.
1835 1355 1911 1392 Sed
1937 1354 2028 1403 quia
2055 1353 2236 1390 solemnis
2255 1353 2480 1402 baptismus,

1422 1410 1470 1446 ad
1507 1421 1626 1458 quem
1658 1407 1863 1457 requiritur
1900 1419 1991 1444 usus
2026 1406 2256 1452 chrismatis,
2290 1406 2330 1443 in
2357 1406 2482 1454 vigilia

1421 1463 1591 1500 Paschae
1620 1461 1846 1507 celebratur,
1876 1472 2044 1508 congrue
2072 1459 2292 1498 ordinatum
2320 1467 2376 1496 est
2393 1459 2413 1481 '¹‘
2440 1467 2483 1496 ut

1421 1527 1491 1564 per
1513 1514 1678 1551 biduum
1701 1521 1787 1551 ante
1811 1513 1859 1550 ab
1879 1512 2062 1562 episcopo
2090 1512 2257 1549 chrisma
2282 1511 2482 1550 benedica-

1421 1575 1494 1614 tur,
1510 1574 1552 1604 ut
1566 1566 1684 1615 possit
1697 1578 1767 1615 per
1780 1565 1988 1603 dioecesim
2002 1565 2191 1602 destinari.
2211 1587 2237 1592 -
2262 1564 2353 1602 Dies
2368 1565 2483 1602 etiam
2512 1593 2514 1597 .

1422 1620 1482 1657 ille
1502 1619 1590 1657 satis
1609 1618 1784 1667 congruit
1802 1619 1851 1655 ad
1870 1617 2047 1655 materias
2070 1625 2400 1655 sacramentorum
2418 1617 2483 1654 be-

1423 1672 1674 1718 nedicendas,
1704 1671 1744 1708 in
1771 1683 1851 1720 quo
1879 1671 1949 1708 fuit
1976 1670 2236 1708 Eucharistiae
2269 1682 2483 1708 sacramen-

1423 1733 1507 1763 tum
1530 1724 1756 1770 institutum,
1777 1724 1826 1761 ad
1854 1723 1962 1773 quod
1989 1723 2122 1761 omnia
2149 1723 2221 1760 alia
2248 1731 2484 1760 sacramenta

2407 169 2476 217 137

305 1781 379 1819 sint
396 1784 415 1803 ⁸
438 1781 655 1830 segregari,
685 1786 718 1816 et
745 1792 860 1816 unum
887 1781 967 1816 sine
993 1779 1109 1816 altero
1142 1781 1210 1816 rite
1235 1781 1371 1827 perfici
1395 1798 1398 1824 1
1423 1778 1719 1828 quodammodo
1748 1776 1994 1823 ordinantur,
2024 1776 2120 1813 sicut
2147 1776 2293 1813 dictum
2325 1783 2380 1813 est
2397 1776 2429 1813 ’ἦ

360 1910 389 1946 α)
402 1911 516 1944 possim.
533 1925 553 1930 —
571 1910 703 1936 Editiones
722 1916 748 1936 et
765 1917 798 1940 a:
812 1911 899 1944 possit
917 1911 947 1942 Ε,
956 1914 1067 1944 possent
1085 1911 1103 1942 1,
1118 1915 1234 1944 possunt
1252 1911 1338 1937 ceteri.
1351 1925 1370 1930 -

301 1946 391 1980 pouit
407 1947 441 1979 t>;
456 1950 555 1979 potest.

1462 1909 1505 1971 ΛΞ)
1525 1918 1624 1936 omnes.
1637 1925 1656 1929 -
1674 1910 1709 1941 F;
1730 1913 1770 1935 tot
1788 1910 1906 1935 homines
1925 1909 1964 1939 ΡΙ,
1977 1909 2096 1935 homines
2115 1910 2228 1936 ceteri.—
2247 1910 2297 1935 Pro
2315 1910 2347 1940 ei,
2360 1910 2398 1935 eis
2416 1910 2484 1941 PHc,

1424 1954 1466 1972 em
1503 1966 1509 1972 .

979 2026 1313 2062 commentaria
1336 2027 1588 2060 cardinalis
1610 2026 1810 2061 Caietam

308 2116 359 2180 ln
377 2106 511 2138 arficulo
528 2106 723 2137 duodecimo
738 2106 802 2137 hoc
818 2106 924 2138 solum
939 2106 1065 2137 videtur
1080 2106 1263 2143 dicendum,
1280 2105 1370 2147 quod
1425 2105 1731 2142 confirmandorum,
1756 2115 1838 2146 quos
1861 2106 1956 2136 simul
1980 2111 2108 2146 oportet
2126 2104 2316 2141 confirmari,
2341 2110 2372 2136 et
2394 2114 2484 2145 sepa-

1423 2151 1516 2180 ratim
1546 2149 1743 2190 quandoque
1772 2155 1904 2190 propter
1931 2151 2122 2181 continuum
2145 2149 2325 2190 periculum
2347 2150 2484 2179 incertae

1423 2195 1550 2231 mortis3
1582 2194 1731 2224 adiuncta
1753 2194 1891 2226 maxima
1913 2194 2177 2226 incommoditate
2200 2190 2337 2224 habendi
2360 2194 2484 2233 episco-

1423 2248 1503 2279 pum
1527 2238 1567 2269 ad
1589 2244 1712 2270 votum.

337 2151 422 2184 circa
443 2151 602 2182 ieiunium
624 2156 690 2182 tam
706 2149 938 2182 confirmatoris
954 2160 1052 2191 quam
1072 2150 1284 2181 confirmandi
1305 2160 1370 2181 ser-

305 2194 410 2229 vanda
430 2194 556 2226 videtur
583 2195 740 2235 cuiusque
763 2195 915 2226 ecclesiae
938 2194 1157 2226 consuetudo:
1189 2195 1253 2226 hoe
1283 2195 1370 2226 enim

307 2245 356 2271 est
377 2238 418 2271 de
440 2239 510 2270 iure
531 2239 682 2280 positivo.
706 2239 748 2270 Et
770 2239 804 2270 in
826 2240 936 2280 paucis
955 2239 1038 2270 forte
1054 2239 1195 2270 ecclesiis
1218 2244 1368 2275 servatur,

307 2288 440 2327 propter
462 2293 572 2314 causas
602 2283 636 2314 in
658 2283 761 2314 littera
783 2283 948 2324 allegatas:
981 2283 1220 2314 multitudinem
1251 2283 1370 2314 scilicet
1394 2281 1398 2315 Ι

452 3532 562 3558 Summa
580 3532 682 3558 Tuon.
700 3532 732 3558 D.
745 3532 860 3558 Tnonn
879 3533 912 3558 T.
931 3533 973 3559 lx,

2310 3529 2343 3555 18

2509 1203 2562 1225 'D-
2576 1202 2627 1231 380.

2534 1304 2590 1332 Cap.
2607 1310 2630 1326 u
2651 1304 2709 1326 inter

2509 1336 2577 1358 capp.
2617 1330 2708 1353 Martini

2508 1357 2663 1379 Baeti-ensis.
2697 1369 2708 1373 -

2509 1383 2710 1440 ἓῇρῖᾚέέΐήΜ

2509 1442 2579 1463 secra,
2596 1436 2649 1458 dist.
2667 1436 2707 1457 1v.

2509 1462 2564 1485 'Cf.
2571 1468 2620 1484 mn.
2615 1462 2721 1511 {³222-

2509 1490 2601 1511 vestris.

2509 1521 2578 1543 s.‚ecr
2593 1505 2646 1537 d’ist.
2661 1515 2701 1537 111.

2512 1783 2522 1792 '¹
2533 1781 2579 1808 Qu.
2590 1787 2643 1808 uv,
2653 1785 2694 1803 art.
2702 1787 2723 1810 3.
