2878 4088
332 179 406 215 262
1346 168 1510 206 INDEX

577 253 770 289 QUAESTIO
797 250 1148 290 SEXAGESIMANONA

477 306 526 334 De
540 305 596 333 his
613 310 700 340 quae
715 303 878 339 spectant
892 301 937 330 ad
950 300 1252 330 resurrectionem.

449 346 493 375 Et
514 345 634 381 prime,
650 343 691 372 de
713 344 789 372 loco
812 342 1002 371 animarum
1017 340 1100 377 post
1120 341 1278 369 mortem.

1452 371 1510 391 ΛΒΤ

328 414 398 436 ART.
420 414 439 433 1.
501 405 603 432 Utrum
630 402 782 430 animabus
809 407 874 437 post
900 406 1023 427 mortem
1050 397 1229 435 receptacula
1494 414 1509 429 ,

540 443 730 480 assignentur.
763 458 1225 469 ................
1254 446 1327 476 pag.
1344 436 1395 471 143
1494 454 1509 469 ,

373 498 387 512 »
420 493 451 513 11.
503 485 606 512 Utrum
628 482 722 510 statim
746 488 811 518 post
833 487 955 509 mortem
978 480 1091 516 aliquae
1113 478 1225 507 animae

542 524 720 551 deducantur
742 522 779 550 ad
801 521 895 550 caelos
917 520 960 548 vel
982 521 1018 548 ad
1044 519 1227 547 infernum..
1283 528 1297 542 >›
1360 516 1397 543 ib.
1496 534 1510 549 „

373 577 387 592 x
420 573 461 592 m.
504 564 607 592 Utrum
634 563 747 591 animae
776 561 806 589 in
832 561 965 598 paradiso
994 559 1038 587 vel
1059 559 1089 587 in
1117 558 1228 586 inferno

541 603 693 632 existentes
711 602 808 640 egredi
828 602 942 630 valeant
945 619 1227 628 ..........
1283 608 1297 623 ιο
1344 605 1399 631 144
1495 615 1510 630 »

374 658 388 672 a>
421 653 460 673 1v.
502 645 604 672 Utrum
631 643 736 671 limbus
761 642 863 670 inferni
889 641 924 668 sit
946 641 1021 668 idem
1048 639 1128 677 quod
1150 638 1229 666 sinus

542 685 676 713 Abrahae
679 699 1228 712 ...................
1283 688 1298 703 >v
1345 676 1396 712 145
1497 695 1511 710 »

374 737 389 752 »
422 734 450 753 v.
503 725 605 753 Utrum
626 724 731 752 limbus
753 723 789 751 sit
816 722 892 750 idem
922 722 1002 758 quod
1024 721 1151 748 infernus
1179 720 1228 746 da-

543 771 709 793 mnatorum
713 780 1227 792 ..................
1284 769 1298 784 »
1361 757 1401 784 ib.
1497 776 1511 791 ‚

375 818 389 833 »
421 814 461 834 Vt.
503 806 606 834 Utrum
627 805 732 833 limbus
746 812 904 840 puerorum
923 802 959 830 sit
979 801 1057 829 idem
1072 801 1152 838 quod
1166 799 1229 827 lim-

543 847 597 873 bus
615 847 731 873 Patrum
736 861 1227 871 .................
1283 849 1298 864 »
1347 837 1400 872 146
1498 856 1513 872 ,

376 898 390 913 »
423 895 474 914 vn.
507 887 610 914 Utrum
633 885 757 912 debeant
778 891 821 912 tot
847 882 1027 920 receptacula
1054 879 1198 917 distingui.
1220 900 1227 907 .
1284 889 1298 904 »
1362 877 1400 906 ib.

1498 937 1512 951 D

613 970 807 1005 QUAESTIO
830 967 1122 996 SEPTUAGESIMA

363 1024 411 1053 De
429 1023 596 1060 qualitate
610 1021 747 1050 animae
769 1018 957 1048 existentis
974 1025 996 1045 a
1011 1023 1157 1052 corpore
1172 1015 1372 1051 separatae,

499 1064 534 1092 et
554 1068 667 1099 poena
688 1061 720 1089 ei
741 1060 870 1088 inflicta
892 1059 935 1088 ab
957 1058 1036 1093 igne
1057 1062 1236 1093 corporeo.

1456 1099 1525 1119 ΛΒΤ.

333 1141 401 1162 aar.
423 1141 442 1160 1.
504 1129 628 1158 Utrum'
622 1138 652 1156 111
673 1127 770 1157 anima
785 1133 915 1163 separata
935 1130 1106 1153 remaneant
1127 1129 1230 1160 poten·
1499 1142 1514 1157 ,

543 1170 599 1199 tiae
614 1168 765 1197 sensitivae
768 1184 1230 1196 ................
1285 1172 1300 1187 ›
1349 1171 1401 1198 147

377 1224 391 1239 ιι
424 1221 453 1242 11.
505 1212 610 1240 Utrum
631 1211 661 1237 in
683 1209 779 1236 anima
806 1213 937 1244 separata
964 1211 1132 1234 remaneant
1152 1209 1233 1232 actus
1500 1223 1515 1238 ,

544 1250 742 1280 sensitivamm
774 1247 979 1284 potentiarum.
1012 1265 1231 1274 ........
1285 1253 1300 1268 ι
1349 1242 1402 1277 148

377 1304 391 1319 »
423 1301 464 1321 111.
506 1292 607 1320 Utrum
635 1290 733 1319 anima
760 1293 892 1325 separata
920 1286 978 1324 pati
999 1285 1090 1323 possit
1110 1285 1146 1313 ab
1168 1284 1233 1322 igne

544 1340 686 1368 corporeo
691 1345 1230 1358 ...................
1286 1334 1300 1350 ›
1349 1331 1403 1359 149

557 1401 751 1438 QUAESTIO
774 1397 1187 1428 SEPTUAGESIMAPRIMA
1458 1402 1526 1422 ΛΒΤ.

623 1454 673 1482 De
694 1450 871 1487 suffr-agile
893 1450 1116 1479 mortuorum.
1501 1486 1516 1501 ²

335 1525 404 1546 ΛΚΤ.
425 1525 444 1544 1.
506 1515 608 1543 Utrum
637 1511 771 1557 suffragia
798 1518 848 1547 per
875 1518 966 1537 unum
996 1508 1068 1536 facta
1090 1506 1137 1534 alii
1165 1515 1232 1542 pro-

545 1555 626 1582 desse
658 1552 769 1589 possint
772 1567 1231 1579 ................
1286 1555 1300 1570 :v
1348 1545 1398 1572 151
1503 1566 1517 1581 „

379 1609 393 1624 ι
425 1605 455 1625 11.
509 1596 611 1623 Utrum
645 1591 750 1621 mortui
782 1590 894 1627 possint
925 1588 1015 1617 iuvari
1037 1597 1070 1616 ex
1097 1586 1233 1623 operibus

545 1634 686 1662 vivorum.
714 1648 1231 1660 ..................
1287 1636 1302 1651 »
1349 1624 1403 1652 152

379 1688 393 1703 »
426 1685 466 1705 111.
508 1676 610 1704 Utrum
633 1672 768 1710 suffragia
792 1670 866 1699 facta
886 1679 938 1707 per
963 1676 1129 1706 peccatores
1155 1676 1233 1695 mor·
1366 1705 1372 1710 ·

546 1714 602 1743 tuis
630 1713 742 1750 prosint
745 1728 1231 1740 .................
1284 1717 1300 1732 »
1365 1706 1404 1733 ib.

378 1767 393 1783 ›
427 1765 466 1786 ιν.
507 1756 611 1784 Utrum
639 1752 774 1790 suffragia
801 1760 875 1787 quae
897 1760 914 1779 a
934 1750 1004 1779 vivis
1029 1758 1082 1787 pro
1111 1746 1233 1776 mortuis

548 1795 629 1829 fiunt,
652 1793 821 1822 facientibus
842 1790 954 1828 prosint
956 1809 1233 1819 ..........
1286 1797 1302 1813 ι
1351 1785 1402 1813 153
1461 1799 1530 1820 ART.

380 1847 395 1863 ›
427 1846 455 1865 v.
506 1836 611 1864 Utrum
638 1833 773 1869 suffragia
798 1832 910 1870 prosint
935 1829 1119 1858 existentibus
1141 1828 1171 1856 in
1192 1827 1235 1855 in·
1367 1864 1373 1869 .

550 1876 632 1903 ferno
635 1888 1232 1902 .....................
1286 1876 1302 1892 ›
1366 1865 1404 1892 ib.

381 1928 396 1944 »
430 1925 469 1945 v1.
511 1916 613 1944 Utrum
636 1912 771 1950 suffragia
785 1911 896 1949 prosint
909 1909 1095 1938 existentibus
1116 1909 1146 1936 in
1167 1917 1234 1944 pur·
1504 1922 1518 1937 „

551 1954 673 1993 gatorio.
707 1968 1233 1981 ..................
1289 1956 1304 1972 ιν
1352 1944 1403 1972 155
1504 1962 1518 1978 »

383 2008 397 2023 ›
431 2005 480 2025 vn.
513 1996 614 2023 Utrum
647 1993 782 2030 suffragia
813 1992 925 2020 xaleant
953 1989 1049 2026 pueris
1081 1989 1111 2016 in
1144 1987 1235 2016 limbo
1367 2023 1373 2028 ¹

552 2034 738 2063 existentibus
741 2047 1234 2061 .................
1287 2035 1303 2051 ι
1366 2025 1405 2051 1b.
1505 2041 1519 2056 2.

383 2087 398 2103 ι
430 2085 492 2106 vm.
513 2077 616 2104 Utrum
638 2072 773 2110 suffragia
800 2071 898 2109 aliquo
927 2071 1017 2098 modo
1039 2068 1151 2106 prosint
1171 2076 1236 2095 san-

551 2115 603 2144 ctis
625 2113 810 2143 existentibus
838 2112 867 2140 in
894 2110 987 2148 patria
989 2128 1236 2138 .........
1289 2116 1304 2131 »
1352 2104 1406 2132 156

384 2169 398 2183 ²>
431 2165 470 2186 ix.
511 2157 614 2185 Utrum
630 2155 724 2183 solum
742 2152 922 2182 orationibus
932 2149 1087 2196 Ecclesiae,
1102 2155 1130 2177 et
1150 2146 1236 2176 sacri-

551 2196 617 2224 ficio
629 2194 743 2228 Altaris,
759 2200 787 2222 et
802 2193 946 2228 eleemos)
948 2191 992 2219 nis
1006 2190 1120 2219 animae
1136 2188 1236 2216 defun-

552 2243 664 2265 ctorum
693 2234 841 2269 iuventur3
863 2232 907 2261 vel
928 2231 969 2260 eis
994 2231 1128 2259 iuventur
1154 2236 1237 2265 prae·
1462 2253 1531 2274 ART.

552 2283 644 2319 cipue.
677 2294 1236 2310 ...................
1290 2283 1305 2298 ²
1368 2272 1406 2299 lb.

383 2344 398 2359 2·
431 2340 460 2360 x.
513 2331 616 2359 Utrum
630 2327 825 2374 indulgentiae
837 2335 909 2364 quas
923 2323 1050 2354 Ecclesia
1064 2323 1140 2358 facit,
1153 2322 1238 2350 etiam
1504 2337 1519 2352 ,

550 2369 673 2398 mortuis
688 2367 800 2405 prosint
802 2384 1235 2396 ...............
1290 2374 1304 2388 »
1352 2364 1405 2401 157

382 2423 397 2439 »
430 2421 469 2441 XI.
511 2411 614 2439 Utrum
636 2409 728 2437 cultus
750 2405 936 2444 exequiarum
958 2406 1094 2434 defuncto
1116 2402 1236 2441 prosint.
1289 2414 1304 2430 ι
1368 2404 1406 2432 11).
1505 2418 1520 2434 »

383 2464 398 2478 »
430 2460 480 2480 x11.
513 2451 616 2479 Utrum
638 2448 773 2486 suffragia
794 2455 868 2484 quae
883 2447 956 2475 fiunt
978 2455 1031 2483 pro
1053 2453 1113 2473 uno
1134 2443 1236 2472 defun-

551 2497 612 2523 cto,
635 2489 725 2526 magis
756 2486 908 2525 proficiant
935 2485 960 2514 ei
991 2495 1045 2523 pro
1077 2494 1136 2522 quo
1165 2478 1238 2512 fiunt

556 2539 643 2568 quarn
675 2529 737 2557 aliis
740 2545 1234 2556 .................
1289 2534 1304 2550 »
1353 2525 1406 2553 158

384 2583 398 2598 »
430 2580 490 2601 xm.
513 2572 559 2599 An
581 2569 718 2606 suffragia
732 2569 805 2597 facta
818 2577 873 2604 pro
892 2566 990 2595 multis
1003 2565 1173 2594 tantundem
1189 2573 1236 2592 va-

550 2611 627 2639 leant
642 2609 760 2646 singulis
775 2617 808 2636 ac
823 2607 846 2636 si
861 2616 914 2644 pro
928 2614 1108 2644 unoquoque
1127 2604 1236 2641 specia-

551 2651 615 2678 liter
636 2649 738 2677 fierent
740 2665 1234 2676 .................
1290 2655 1305 2670 »
1353 2645 1406 2682 ¹⁵9

382 2703 398 2718 ›
432 2699 490 2720 xxv,
512 2691 614 2719 Utrum
636 2696 749 2717 tantum
771 2688 883 2716 valeant
908 2686 1077 2716 communia
1103 2684 1238 2721 suffragia

554 2730 608 2759 illis
629 2739 682 2766 pro
698 2728 803 2766 quibus
825 2727 961 2764 specialia
974 2736 1035 2755 non
1051 2727 1132 2761 fiunt,
1148 2735 1240 2763 quan-

552 2777 615 2799 tum
630 2769 684 2798 illis
704 2778 758 2805 pro
773 2768 878 2805 quibus
896 2767 969 2795 flunt
989 2767 1085 2795 valent
1106 2766 1239 2803 specialia

552 2817 580 2839 et
605 2809 775 2839 communia
803 2808 887 2836 simul
892 2828 1235 2836 ............
1293 2818 1307 2833 ι»
1371 2806 1408 2833 ib.

531 2880 726 2916 QUAESTIO
749 2879 1222 2908 SEPTUAGESIMASECUNDA

462 2932 511 2961 De
533 2930 690 2961 oratione
713 2931 914 2960 sanctorum
930 2930 985 2966 qui
1007 2931 1088 2959 sunt
1109 2929 1144 2958 in
1165 2929 1289 2966 patria.

344 2999 411 3019 ΛΚΤ.
434 2999 452 3019 1.
514 2990 617 3018 Utrum
639 2989 729 3017 sancti
750 2988 897 3017 orationes
918 2995 1031 3016 nostras
1053 2995 1239 3025 cognoscant.
1294 2999 1309 3015 »
1356 2989 1411 3016 160

387 3042 401 3057 ›
433 3039 462 3059 11.
515 3030 617 3058 Utrum
650 3030 807 3057 debeamus
845 3035 960 3057 sanctos
992 3028 1174 3064 interpellare
1205 3029 1241 3056 ad

555 3070 697 3097 orandum
728 3078 780 3105 pro
811 3068 895 3097 nobis
899 3090 1239 3097 ............
1294 3079 1308 3094 ²
1372 3068 1410 3096 ib.

387 3120 402 3136 »
435 3118 475 3138 m.
518 3110 620 3137 Utrum
649 3108 795 3137 orationes
824 3115 990 3137 sanctorum
1013 3109 1048 3136 ad
1071 3110 1166 3136 Deum
1187 3118 1241 3145 pro

555 3149 640 3177 nobis
662 3149 741 3177 fusae
763 3158 876 3185 semper
890 3148 1078 3177 exaudiantur
1081 3170 1240 3177 ......
1294 3159 1309 3175 ι»
1357 3149 1406 3177 161

557 3226 750 3261 QUAESTIO
772 3226 1207 3254 SEPTUAGESIMATERTIA

520 3276 569 3305 De
590 3276 702 3312 signis
725 3283 813 3312 quae
834 3275 994 3306 iudicium
1019 3276 1238 3312 praecedent.

347 3345 414 3364 ART.
437 3345 456 3364 1.
518 3337 620 3364 Utrum
642 3337 798 3364 adventum
818 3336 936 3364 Domini
951 3337 988 3364 ad
1002 3336 1140 3364 iudicium
1160 3346 1241 3373 prae·
1511 3348 1524 3363 »

556 3385 670 3404 cessura
691 3375 747 3404 sint
768 3375 864 3413 aliqua
879 3375 959 3412 signa
963 3397 1240 3405 ..........
1296 3388 1310 3403 :v
1358 3379 1411 3406 162
1510 3388 1524 3403 ›

390 3426 405 3441 ›
438 3423 468 3443 11.
520 3415 622 3443 Utrum
645 3415 719 3444 circa
739 3415 877 3444 iudicium
899 3416 1057 3444 secundum
1080 3415 1120 3443 rei
1141 3415 1242 3444 verita-

557 3462 616 3483 tem
634 3455 678 3483 sol
699 3462 726 3483 et
746 3456 815 3484 luna
830 3455 1003 3483 obscurandi
1025 3455 1080 3483 sint
1083 3477 1239 3485 ......
1295 3467 1310 3482 »
1358 3457 1410 3485 163

392 3505 406 3520 ›
439 3502 479 3522 111.
520 3495 622 3523 Utrum
645 3495 761 3523 virtutes
778 3495 934 3530 caelorum,
950 3495 1078 3523 Domino
1101 3495 1241 3531 veniente,
1510 3507 1524 3522 »

559 3535 787 3563 commovendae
813 3535 869 3562 sint
872 3555 1240 3564 .............
1295 3547 1310 3562 »
1372 3536 1410 3564 ib.

1542 411 1573 432 11.

1542 611 1570 631 -<
1543 532 1581 551 ,ε

1544 692 1583 712 ,Ξ

1543 773 1598 954 PE?

1546 1099 1568 1160 :tt-⁸

1551 1563 1591 1584 111.

1551 1919 1582 1938 Ρ

1653 245 1847 280 QUAESTlO
1863 245 2318 278 SEPTUAGESIMAQUARTA

1673 295 1722 325 De
1742 295 1821 331 igne
1841 295 1982 325 ultimae
2003 294 2299 330 conflagrationis.

1623 363 1727 390 Utrum
1748 361 1846 398 aliqua
1867 360 1969 389 mundi
1997 360 2130 397 purgatio
2152 359 2187 388 sit
2215 360 2320 388 futura.

1628 403 1730 434 Utrum
1752 402 1823 430 haec
1844 401 1977 438 purgatio
1999 401 2034 428 sit
2055 402 2150 428 futura
2171 409 2223 436 per
2243 400 2350 437 ignem.

1577 465 1583 471 .
1625 443 1729 471 Utrum
1756 442 1804 470 ille
1826 441 1899 479 ignis
1928 441 1964 469 sit
1991 441 2120 469 eiusdem
2150 440 2254 476 speciei
2283 449 2350 468 cum

1664 483 1730 519 igne
1745 482 1911 510 elementari
1915 501 2350 512 ...............

1625 523 1728 551 Utrum
1757 522 1831 559 ignis
1852 522 1898 550 ille
1929 528 2103 559 purgaturus
2124 520 2160 549 sit
2181 520 2267 549 etiam
2289 529 2353 549 cae-

1664 564 1708 591 los
1723 560 1887 599 superiores
1890 582 2351 590 ................

1624 604 1727 631 Utrum
1749 603 1822 640 ignis
1845 603 1890 631 ille
1915 602 1970 630 alia
1992 603 2135 630 elementa
2163 607 2351 660 consumptu-

1664 653 1713 671 rus
1735 643 1770 671 sit
1773 663 2350 671 ....................

1626 684 1728 712 Utrum
1761 683 1859 712 omnia
1891 683 2033 711 elementa
2059 691 2110 719 per
2140 682 2221 710 illum
2253 682 2350 719 ignem

1665 724 1817 761 purganda
1830 723 1888 751 sint
1890 743 2350 751 ................

1627 765 1730 793 Utrum
1745 764 1819 801 ignis
1833 763 1951 791 ultimae
1965 763 2200 800 conflagratiOnis
2215 762 2353 791 iudicium

1669 805 1773 833 debeat
1801 803 1892 841 sequi.
1921 824 2350 832 ...............

1600 867 1607 874 .
1629 845 1733 874 Utrum
1749 844 1795 872 ille
1809 844 1882 881 ignis
1897 843 2046 872 habiturus
2061 843 2096 871 sit
2116 843 2203 871 talem
2219 842 2351 871 effectum

1666 885 1695 913 in
1716 884 1884 913 hominibus
1906 884 1999 921 qualis
2024 884 2190 921 designatur
2193 902 2353 911 ......

1626 926 1728 954 Utrum
1752 925 1798 953 ille
1818 925 1892 962 ignis
1910 924 2092 953 involuturus
2113 924 2149 952 sit
2171 924 2322 960 reprobos.
2346 945 2352 951 .

1662 989 1856 1024 QUAESTIO
1879 988 2322 1023 SEPTUAGESIMAQUINTA

1822 1039 1872 1068 De
1893 1039 2158 1069 resurrectione.

1630 1091 1734 1118 Utrum
1755 1099 1913 1126 corporum
1935 1090 2106 1118 resurrectio
2132 1090 2168 1118 sit
2188 1090 2292 1119 futura.
2316 1112 2323 1118 .
2347 1112 2353 1118 .

1628 1131 1732 1159 Utrum
1762 1130 1932 1159 resurrectio
1960 1130 1996 1158 sit
2025 1131 2119 1159 futura
2147 1130 2280 1158 omnium
2306 1139 2355 1167 ge-

1667 1171 1801 1199 neraliter
1803 1191 2354 1199 ...................

1631 1212 1734 1239 Utrum
1764 1210 1936 1239 resurrectio
1962 1210 1998 1239 sit
2023 1210 2160 1238 naturalis
2164 1231 2353 1238 .......

1673 1284 1867 1318 QUAESTIO
1890 1283 2313 1312 SEPTUAGESIMASEXTA

1752 1335 1801 1364 De
1822 1341 1933 1369 causa
1953 1333 2233 1363 resurrectionis.

1630 1394 1732 1422 Utrum
1755 1392 1862 1421 Christi
1881 1392 2053 1420 resurrectio
2076 1391 2112 1420 sit
2132 1400 2220 1420 causa
2241 1397 2357 1420 nostrae

1670 1432 1886 1462 resurrectionis
1889 1453 2356 1461 ................

1632 1475 1735 1502 Utrum
1756 1483 1812 1502 vox
1837 1474 1924 1502 tubae
1950 1472 1986 1501 sit
2011 1481 2100 1501 causa
2124 1478 2242 1501 nostrae
2263 1481 2357 1501 resur-

1670 1514 1805 1543 rectionis
1808 1533 2356 1542 ...................

1634 1555 1737 1583 Utrum
1758 1554 1858 1591 aliquo
1881 1555 1970 1582 modo
1993 1554 2029 1581 ad
2051 1552 2292 1582 resurrectionem
2307 1561 2358 1581 an-

1671 1594 1727 1632 geli
1753 1594 1899 1631 operaturi
1927 1593 1985 1622 sint
1987 1614 2357 1622 .............

1655 1673 1849 1708 QUAESTIO
1872 1671 2333 1718 SEPTUAGESIMASElWlMA

1640 1724 1690 1752 De
1710 1725 1868 1760 tempore
1889 1724 1924 1752 et
1945 1720 2048 1752 modo
2069 1722 2348 1752 resurrecflonis.

1633 1790 1738 1818 Utrum
1763 1796 1878 1826 tempus
1904 1789 2122 1818 resurrectionis
2151 1795 2285 1826 oporteat
2305 1788 2358 1817 dif-

1672 1830 1738 1857 ferri
1763 1839 1857 1866 usque
1882 1830 1919 1857 ad
1947 1829 2036 1857 finem
2063 1829 2182 1864 mundi,
2203 1836 2236 1857 ut
2257 1837 2360 1857 omnes

1673 1869 1758 1898 simul
1779 1875 1931 1906 resurgant
1932 1889 2356 1898 ...............

1634 1910 1738 1938 Utrum
1759 1916 1873 1946 tempus
1900 1909 1970 1937 illud
1992 1909 2028 1937 sit
2049 1909 2206 1938 occultum.
2230 1931 2236 1936 .
2255 1918 2266 1937 ·.
2289 1930 2296 1936 .
2320 1930 2327 1936 .
2351 1930 2358 1936 .

1551 1959 1592 1978 111.
1635 1950 1738 1978 Utrum
1760 1949 1931 1977 resurrectio
1952 1950 2048 1977 futura
2069 1949 2104 1977 sit
2126 1949 2155 1976 in
2177 1949 2272 1976 noctis
2287 1955 2361 1976 tem-

1693 1998 1744 2017 ore
1748 2009 2359 2017 .....................

1633 1998 1738 2057 Utfum‘
1759 2028 1930 2057 resurrectio
1952 2030 2047 2057 futura
2068 2028 2104 2056 sit
2126 2028 2222 2057 subito
2237 2028 2282 2056 vel
2296 2037 2361 2056 suc-

1673 2078 1781 2098 cesslve
1785 2089 2358 2097 ....................

1660 2134 1855 2170 QUAESTIO
1878 2134 2334 2164 SEPTUAGESIMAOCTAVA

1736 2186 1786 2214 De
1807 2185 1955 2216 termino
1975 2185 2256 2215 resurrectioni·-

1635 2245 1738 2273 Utrum
1761 2253 1841 2272 mors
1862 2244 1898 2272 sit
1919 2244 2015 2273 futura
2035 2243 2176 2273 terminus
2197 2253 2214 2272 a
2235 2252 2294 2281 quo
2315 2252 2360 2272 re-

1673 2283 1859 2312 surrectionis
1884 2284 1913 2312 in
1939 2284 2075 2313 omnibus
2078 2305 2359 2312 ..........

1634 2326 1736 2354 Utrum
1759 2324 1892 2353 omnium
1917 2324 2089 2354 resurrectio
2110 2324 2206 2356 futura
2226 2324 2262 2352 sit
2282 2333 2300 2353 a
2321 2324 2360 2352 ci-

1673 2365 1790 2393 neribus
1794 2386 2175 2393 ..............
2191 2386 2206 2398 v.
2213 2396 2218 2397 ⁷
2231 2385 2360 2393 .....
2360 2396 2372 2401 r

1635 2406 1739 2434 Utrum
1771 2405 1902 2442 pulveres
1932 2405 1972 2433 illi
2003 2414 2036 2433 ex
2065 2405 2170 2442 quibus
2201 2405 2361 2434 humanum

1674 2455 1780 2482 corpus
1802 2445 1990 2482 reparabitur,
2012 2445 2140 2483 aliquam
2166 2446 2291 2474 habeant
2316 2445 2358 2473 in—

1673 2485 1860 2514 clinationem
1889 2484 2049 2514 nami-alem
2071 2486 2109 2514 ad
2130 2485 2258 2514 animam
2287 2494 2362 2523 quae

1673 2525 1714 2554 eis
1735 2525 1928 2563 coniungetur
1930 2546 2358 2554 ...............

1689 2591 1882 2626 QUAESTIO
1904 2590 2307 2619 SEPTUAGESIMANONA

2405 411 2420 426 2

1590 2641 1639 2670 De
1660 2639 1915 2670 conditionibus
1935 2640 2200 2677 resurgentium.
2221 2639 2266 2669 Et
2286 2640 2413 2677 primo.

1525 2748 1572 2768 .1.

1554 2829 1584 2848 11.

1555 2908 1596 2928 111.

1556 3345 1596 3406 ΞΕ

1805 2680 1846 2710 de
1865 2687 1984 2710 eorum
2002 2680 2193 2711 identitate.

1634 2740 1736 2767 Utrum
1759 2738 1836 2767 idem
1858 2747 1964 2776 corpus
1986 2748 2109 2767 numero
2131 2738 2229 2767 anima
2250 2748 2361 2767 resum-

1675 2785 1760 2816 ptura
1786 2779 1822 2807 sit
1846 2778 1876 2807 in
1901 2779 2111 2812 resurreetione
2113 2800 2361 2807 .........

1638 2820 1741 2847 Utrum
1764 2819 1799 2847 sit
1820 2819 1932 2847 futurus
1954 2819 2029 2848 idem
2052 2828 2175 2848 numero
2200 2820 2291 2848 homo
2313 2818 2363 2856 qui

1676 2865 1804 2896 resurget
1808 2880 2360 2888 ...................

1639 2899 1742 2928 Utrum
1764 2905 1898 2936 oporteat
1925 2899 2056 2936 pulveres
2084 2899 2205 2928 humani
2233 2899 2363 2937 corporis

1677 2940 1713 2967 ad
1735 2948 1799 2967 eam
1821 2946 1934 2976 partem
1957 2939 2088 2977 corporis
2110 2949 2184 2977 quae
2205 2939 2236 2968 in
2251 2939 2291 2968 eis
2306 2939 2364 2968 dis-

1678 2980 1772 3008 soluta
1793 2986 1844 3015 est,
1866 2988 1918 3016 per
1939 2979 2178 3008 resurrectionem
2201 2979 2331 3008 redire..
2355 3001 2362 3008 .

1765 3059 1959 3093 QUAESTIO
1982 3058 2235 3087 OCTOGESIMA

1621 3109 1670 3139 De
1689 3109 1890 3145 integritate
1911 3117 2095 3146 corporum
2115 3107 2378 3146 resurgentium.

1637 3177 1740 3205 Utrum
1763 3175 1863 3204 omnia
1884 3177 2015 3204 membra
2035 3175 2166 3214 corporis
2183 3173 2303 3203 humani
2318 3182 2362 3201 re-

1677 3223 1840 3245 surrectura
1865 3222 1922 3244 smt
1924 3234 2361 3244 ...............

1639 3257 1742 3285 Utrum
1764 3256 1859 3293 capilli
1872 3262 1901 3284 et
1915 3265 2027 3294 ungues
2046 3253 2232 3284 resurrecturi
2255 3253 2311 3281 sint
2333 3253 2362 3281 in

1677 3296 1807 3325 homine.
1838 3314 2359 3325 ..................

1639 3337 1742 3365 Utrum
1764 3337 1902 3365 humores
1915 3336 1946 3364 in
1959 3342 2082 3371 corpore
2096 3333 2282 3362 resurrecturi
2297 3333 2362 3362 sint.

1637 3377 1741 3405 Utrum
1767 3383 1859 3404 totum
1886 3375 1966 3412 quod
1986 3373 2039 3402 fuit
2059 3373 2089 3402 in
2114 3383 2237 3410 corpore
2258 3374 2294 3402 de
2314 3382 2362 3402 ve-

1678 3416 1760 3445 ritate
1781 3417 1926 3444 humanae
1943 3420 2072 3449 naturae,
2088 3420 2315 3442 resurrecturum
2326 3413 2362 3442 sit

1677 3455 1707 3484 in
1738 3455 1802 3492 ipso
1806 3475 2359 3483 ...................

1638 3496 1741 3524 Utrum
1760 3493 1901 3532 quidquid
1917 3493 1968 3522 fuit
1984 3493 2166 3522 materialiter
2180 3493 2210 3522 in
2225 3493 2363 3522 membris

1675 3533 1811 3569 hominis,
1830 3540 1924 3562 totum
1947 3541 2174 3562 resurrecturum
2195 3533 2231 3562 sit
2234 3555 2361 3562 .....

2415 2790 2431 2806 t

2415 2870 2430 2886 ὓ

2416 3344 2431 3361 ὶ

2414 3463 2430 3480 ²

2344 381 2350 387 ·
2375 369 2449 399 1⁰⁰8-
2466 362 2523 397 1⁶4

2483 401 2523 430 ib.

2469 481 2521 508 165

2468 561 2522 588 166

2484 640 2524 668 ib.

2468 721 2522 757 167

2485 799 2524 828 ib.

2473 1440 2523 1468 171

2474 1518 2528 1548 172

2474 1590 2528 1628 173

2475 1917 2532 1945 ¹74

2472 1996 2485 2015 t
2493 1987 2530 2024 75

2491 2067 2531 2096 ib.

2476 2285 2532 2321 176

2477 2372 2531 2401 ¹77

2492 2524 2531 2553 ib.

2478 2779 2533 2817 178

2477 2867 2534 2897 ¹79

2478 2978 2535 3006 180

2478 3214 2528 3243 181

2493 3292 2532 3322 ib.

2478 3342 2488 3362 1
2494 3333 2533 3363 82

2493 3451 2534 3481 ib.

2478 3532 2535 3567 184
