2878 4088
1054 192 1317 239 QUAESTIO
1346 192 1407 239 VI,
1429 191 1720 228 ARTICULUS
1748 193 1783 227 V

326 269 389 299 hoc
413 268 502 308 quod
525 269 564 299 sit
587 269 712 306 idonea,
729 271 899 310 requiritur
923 270 1012 310 quod
1035 280 1071 300 os
1091 270 1180 300 cordi
1203 269 1387 306 concordet,

326 318 362 343 ut
385 313 491 343 solum
513 313 577 343 hoc
601 323 637 344 os
661 320 788 344 accuset
811 314 899 354 quod
923 315 1118 344 conscientia
1141 320 1236 344 tenet.

380 357 431 386 AD
455 367 571 387 prunum
594 367 677 387 ERGO
694 368 853 388 DICENDUM
876 358 965 398 quod
984 368 1156 398 agnoscere
1180 358 1308 398 culpam
1332 358 1388 387 ubi

325 410 392 430 non
416 406 472 437 est,
489 406 595 440 potest
618 411 685 432 esse
709 402 886 442 dupliciter.
910 403 984 433 Uno
1008 402 1119 438 modo,
1138 407 1174 432 ut
1197 402 1388 441 intelligatur

326 450 483 484 quantum
499 444 539 475 ad
554 445 760 476 substantiam
783 452 880 476 actus.
905 447 947 476 Et
961 447 1006 476 sic
1021 456 1089 476 non
1106 451 1152 476 est
1166 455 1288 476 verum.
1312 446 1388 476 Non
1410 454 1419 474 ς

325 489 412 518 enim
436 488 475 519 ad
497 489 616 519 bonam
639 495 780 520 mentem
803 491 949 530 pertinet,
966 490 1022 520 sed
1045 489 1084 520 ad
1107 495 1273 526 errantem,
1296 495 1332 520 ut
1354 499 1387 520 se

324 538 432 563 actum
448 533 588 573 aliquem
605 535 801 564 commisisse
817 539 967 574 agnoscat
983 543 1081 573 quem
1096 543 1163 564 non
1183 534 1353 564 commisit.
1366 552 1388 555 —

275 594 278 597 ·
324 576 398 607 Alio
422 577 533 613 modo,
551 583 707 617 quantum
731 577 770 608 ad
788 577 1007 608 conditionem
1031 583 1129 608 actus.
1153 578 1194 607 Et
1209 578 1253 607 sic
1275 587 1387 607 verum

84 706 97 717 ⁶
110 705 176 728 Vera.
191 706 227 729 28.

77 1414 90 1424 ⁶
97 1412 165 1434 Dent.
175 1417 226 1440 etp.
234 1418 291 1440 xvn,

78 1444 139 1461 vei-⁸.
153 1439 167 1462 8
181 1445 233 1467 αις.

73 1936 287 1960 ‘DeSacv-an.lib.

74 1963 94 1990 Ι,
110 1969 133 1992 ρ.
143 1969 174 1991 tx,
189 1969 239 1992 etp.
253 1970 274 1993 5.

72 2556 84 2566 ·
98 2554 156 2582 cap.
177 2554 260 2577 Omnis

69 2581 150 2656 ἓξὲξ
157 2623 163 2630 .
174 2598 206 2630 de,
212 2608 258 2630 Re-

325 625 372 650 est
395 620 485 660 quod
508 621 681 661 Gregorius
705 621 796 658 dicit,
823 621 913 661 quod
934 622 1035 652 iustus
1058 622 1092 651 in
1115 627 1188 651 actu
1212 622 1268 661 qui
1291 621 1330 651 de
1354 631 1386 651 se

325 665 429 695 bonus
451 665 590 702 videtur,
614 665 763 696 formidat
784 675 826 696 ne
849 665 962 705 aliquis
985 664 1127 695 defectus
1159 675 1196 695 ex
1219 670 1307 704 parte
1330 675 1387 695 sua
1403 673 1427 687 ¹⁰

324 708 435 739 fuerit:
461 714 492 740 et
514 710 559 740 sic
575 709 689 740 dicitur
711 709 770 739 Iob
785 719 816 739 rx
832 710 864 739 *z
896 709 1034 739 Verebar
1056 709 1164 738 omnia
1189 718 1288 748 opera
1304 718 1385 739 mea.

323 753 365 783 Et
387 752 460 783 ideo
485 753 524 783 ad
547 754 666 783 bonam
681 758 823 783 mentem
847 753 942 782 etiam
956 753 1094 792 pertinet
1116 758 1152 782 ut
1174 753 1256 784 hanc
1276 752 1386 782 formi-

323 796 441 833 dinem,
459 807 556 837 quam
576 796 671 827 corde
694 802 790 832 tenet,
807 797 916 836 lingua
939 801 1074 826 accuset.

377 841 418 870 Et
440 850 497 880 per
518 841 582 871 hoc
599 841 694 871 etiam
716 846 804 879 patet
819 841 936 870 solutio
961 839 1000 869 ad
1023 839 1211 870 secundum.
1236 840 1321 877 Quia
1336 841 1385 870 iu-

322 890 397 920 stus,
415 885 469 924 qui
487 890 533 914 est
548 894 621 914 vere
636 884 774 920 humilis,
791 891 858 914 non
877 889 1003 923 reputat
1022 893 1055 914 se
1072 883 1261 914 deteriorem
1284 893 1384 923 quan·
1401 897 1422 917 ις

321 933 391 958 turn
414 928 453 958 ad
468 928 738 967 perpetrationem
757 933 845 958 actus
869 928 925 967 qui
944 929 983 957 sit
1002 929 1093 968 peior
1117 937 1154 957 ex
1173 937 1304 968 genere:
1329 927 1385 958 sed

320 972 411 1002 timet
437 981 479 1002 ne
501 973 535 1002 in
557 972 606 1001 his
637 981 719 1011 quae
747 972 829 1002 bene
852 981 944 1011 agere
967 972 1100 1008 videtur,
1123 981 1181 1012 per
1203 973 1384 1012 superbiam

319 1016 444 1055 gravius
468 1015 641 1055 delinquat.

374 1059 424 1089 An
448 1069 582 1089 mnrium
605 1069 764 1089 DICENDUM
788 1059 887 1099 quod,
908 1060 1038 1100 quando
1062 1060 1175 1100 aliquis
1199 1060 1321 1091 dubitat
1344 1060 1384 1090 de

319 1103 428 1143 aliquo
451 1109 585 1143 peccato
609 1113 650 1133 an
673 1104 712 1134 sit
734 1104 879 1140 mortale,
899 1110 1024 1134 tenetur
1047 1104 1126 1135 illud
1149 1104 1305 1140 confiteri,
1325 1104 1384 1135 du-
1398 1117 1424 1131 ιο

318 1147 472 1178 bitatione
495 1153 654 1178 manente.
679 1148 765 1185 Quia
786 1149 843 1188 qui
858 1148 979 1188 aliquid
1003 1149 1174 1179 committit
1192 1149 1242 1179 vel
1266 1149 1384 1180 omittit

318 1191 352 1222 in
376 1201 442 1231 quo
466 1191 588 1222 dubitat
611 1201 678 1222 esse
701 1198 870 1231 peccatum
893 1193 1037 1228 mortale,
1058 1199 1170 1232 peccat
1199 1193 1382 1229 mortaliter,

319 1235 492 1266 discrimini
515 1245 549 1266 se
565 1237 779 1266 committens.
804 1237 845 1266 Et
861 1237 1003 1267 similiter
1025 1238 1170 1277 periculo
1187 1247 1220 1267 se
1236 1238 1383 1267 commit-

318 1280 356 1309 tit
379 1280 434 1319 qui
459 1279 497 1310 de
521 1281 584 1310 hoc
608 1280 698 1320 quod
721 1280 843 1311 dubitat
866 1291 934 1311 esse
957 1282 1104 1317 mortale,
1128 1282 1259 1321 neglig-it
1283 1281 1383 1312 confi-

318 1324 386 1354 teri.
410 1324 486 1354 Non
501 1329 609 1354 tamen
625 1324 719 1355 debet
734 1334 871 1355 asserere
886 1324 965 1355 illud
980 1326 1114 1356 mortale
1131 1335 1215 1355 esse:
1237 1325 1292 1355 sed
1308 1335 1383 1356 cum
1398 1337 1421 1357 25

319 1367 518 1398 dubitatione
541 1369 642 1408 loqui,
664 1374 695 1399 et
717 1369 872 1399 iudicium
895 1369 1066 1399 sacerdotis
1093 1375 1268 1409 expectare,
1292 1371 1383 1400 cuius

320 1417 366 1442 est
389 1411 566 1443 discernere
590 1413 675 1443 inter
697 1413 820 1453 lepram
844 1419 875 1443 et
897 1414 1019 1453 lepram
1035 1415 1060 1444 ᾖ.

373 1457 424 1486 An
450 1467 598 1487 ourani-tm
627 1467 786 1487 monimum
816 1457 905 1497 quod
933 1467 970 1487 ex
998 1458 1061 1488 hoc
1092 1458 1182 1497 quod
1210 1458 1311 1488 homo
1335 1468 1382 1498 sa-

318 1499 433 1530 tisfacit
455 1510 514 1540 pro
538 1506 671 1540 peccato
689 1501 777 1541 quod
793 1511 861 1531 non
877 1502 1046 1538 commisit,
1063 1511 1130 1532 non
1146 1502 1278 1532 incurrit
1292 1511 1383 1532 men-

318 1543 462 1580 dacium,
487 1545 569 1575 sicut
599 1555 674 1575 cum
702 1546 773 1585 quis
803 1545 973 1576 confitetur
1001 1551 1170 1585 peccatum
1200 1545 1290 1585 quod
1315 1556 1382 1576 non
1398 1557 1423 1577 30

319 1588 417 1618 credit
433 1598 466 1618 se
482 1588 604 1619 fecisse.
628 1589 661 1619 Si
677 1595 784 1619 autem
808 1589 892 1620 dicat
913 1595 1082 1629 peccatum
1106 1589 1197 1629 quod
1214 1600 1282 1620 non
1297 1589 1382 1626 fecit,

317 1631 396 1662 dum
419 1632 518 1663 credit
540 1642 574 1662 se
597 1632 718 1668 fecisse,
741 1643 810 1663 non
832 1634 994 1663 mentitur.
1019 1634 1060 1663 Et
1082 1633 1156 1664 ideo
1180 1643 1248 1664 non
1271 1639 1383 1674 peccat

317 1676 343 1706 si
366 1685 406 1706 eo
429 1675 530 1706 modo
555 1676 641 1707 dicat
661 1677 743 1707 sicut
766 1682 812 1707 est
834 1677 868 1707 in
892 1677 989 1707 corde
1012 1687 1082 1707 suo.

448 1767 547 1797 ART.
572 1767 610 1797 V.
639 1777 744 1797 urium
767 1777 877 1797 surm
900 1778 1061 1798 ‘nzNEATUR
1085 1778 1250 1798 conrrrssm
1398 1776 1420 1796 35

696 1826 780 1854 Quodl.
796 1827 814 1853 1,
830 1833 869 1854 qu.
884 1833 916 1854 vi,
931 1831 973 1849 nrt.
989 1833 1009 1849 2.

381 1904 402 1924 D
433 1904 573 1924 oum‘rtm
603 1904 648 1925 src
676 1904 881 1925 rnocnnr‘run.
915 1894 1049 1926 Videtur
1080 1894 1169 1935 quod
1199 1897 1305 1926 statim
1335 1902 1381 1927 te-

317 1906 492 1969 Aneatur
507 1937 663 1968 confiteri.
689 1939 774 1968 Dicit
794 1939 880 1969 enim
895 1939 994 1979 Hugo
1015 1939 1055 1969 de
1071 1939 1188 1970 Sancto
1205 1940 1334 1971 Victore
1347 1942 1380 1972 ἐ

315 1982 351 2013 Si
374 1983 544 2014 necessitas
567 1992 632 2013 non
657 1988 704 2013 est
725 1992 808 2023 quae
823 1984 1070 2023 praetendatur,
1095 1989 1293 2024 contemptus
1316 1995 1380 2015 non
1395 1996 1422 2016 40

315 2032 500 2058 excusatur.
524 2027 588 2058 Sed
611 2027 745 2067 quilibet
767 2032 893 2057 tenetur
915 2028 1013 2058 vitare
1036 2034 1270 2068 contemptum.
1295 2030 1380 2069 Ergo

315 2071 449 2112 quilibet
471 2077 598 2102 tenetur
621 2072 726 2101 statim
750 2071 895 2101 confiteri
920 2081 994 2102 cum
1018 2077 1134 2111 potest.

371 2125 400 2147 2.
425 2116 621 2152 pisinnan,
646 2116 780 2155 quilibet
806 2121 933 2146 tenetur
959 2116 1031 2155 plus
1055 2115 1158 2146 facere
1182 2116 1222 2147 ad
1245 2117 1380 2148 evaden-

314 2159 393 2191 dum
415 2160 567 2190 morbum
594 2159 790 2200 spiritualem
818 2169 916 2199 quam
939 2159 980 2190 ad
1002 2160 1203 2191 evadendum
1229 2162 1381 2193 morbum

314 2204 525 2244 corporalem.
550 2204 613 2235 Sed
631 2204 745 2244 aliquis
768 2203 913 2234 infirmus
937 2205 1144 2244 corporaliter
1158 2215 1226 2235 non
1241 2206 1309 2236 sine
1325 2206 1380 2237 de·
1394 2220 1418 2240 ,ις

313 2249 464 2279 trimento
489 2249 596 2278 salun's
619 2248 783 2278 medicum
812 2249 973 2288 requirere
1002 2248 1111 2279 tardat.
1142 2249 1228 2289 Ergo
1256 2249 1380 2282 videtur

314 2292 404 2332 quod
419 2302 487 2323 non
502 2293 603 2332 possit
627 2302 694 2322 esse
718 2293 785 2322 sine
809 2292 999 2322 detrimento
1023 2293 1131 2323 salutis
1155 2294 1245 2333 quod
1266 2295 1379 2334 aliquis

313 2336 470 2411 {acerdoti
494 2337 585 2366 cuius
609 2337 737 2376 copiam
759 2337 864 2373 habet,
881 2346 948 2367 non
964 2337 1069 2367 statim
1092 2337 1131 2367 de
1151 2343 1284 2377 peccato
1301 2348 1379 2369 con-

337 2386 449 2411 teatur.

370 2425 400 2455 3.
424 2425 620 2461 Pm‘nTERRA,
643 2424 723 2455 illud
746 2424 833 2465 quod
858 2426 925 2455 sine
949 2426 1086 2456 termino
1110 2425 1253 2462 debetur,
1273 2427 1379 2458 statim
1394 2440 1419 2460 50

314 2468 456 2500 debetur.
482 2468 545 2499 Sed
560 2470 628 2500 sine
643 2470 781 2499 termino
805 2469 899 2500 debet
921 2470 1022 2500 homo
1043 2469 1280 2502 confessionem
1296 2472 1377 2502 Deo.

313 2513 400 2553 Ergo
423 2518 549 2543 tenetur
572 2513 612 2543 ad
635 2514 749 2543 statim.

370 2557 432 2588 San
457 2567 594 2593 CONTRA,
618 2558 651 2588 in
675 2557 855 2588 decretali*
878 2558 973 2588 simul
1001 2558 1092 2589 datur
1118 2564 1246 2599 tempus
1277 2559 1379 2590 deter-

312 2602 471 2632 minatum
495 2602 534 2632 de
559 2601 775 2638 confessione,
800 2607 831 2632 et
853 2601 893 2632 de
916 2603 1133 2633 Eucharistiae
1159 2605 1377 2644 perceptione.

313 2645 377 2677 Sed
400 2646 514 2686 aliquis
537 2656 605 2676 non
627 2652 740 2686 peccat
755 2647 781 2676 si
795 2656 863 2677 non
879 2647 1033 2687 percipiat
1055 2647 1286 2678 Eucharistiam
1305 2654 1378 2680 ante
1394 2661 1416 2681 55

312 2695 441 2730 tempus
469 2700 487 2720 a
514 2691 583 2721 iure
613 2690 868 2721 determinatum.
899 2691 984 2731 Ergo
1015 2701 1084 2722 non
1114 2698 1226 2732 peccat
1252 2693 1278 2723 si
1306 2698 1378 2724 ante

312 2739 440 2775 tempus
464 2734 543 2764 illud
565 2744 633 2764 non
657 2734 856 2765 confiteatur.

370 2788 399 2809 2.
423 2779 627 2814 ΡΒΑΕΤΕΚΕΑ,
659 2779 857 2819 quicumque
889 2779 968 2810 illud
986 2780 1119 2810 -omittit
1149 2779 1189 2811 ad
1219 2781 1308 2820 quod
1341 2791 1378 2811 ex

312 2828 485 2863 praecepto
509 2828 644 2859 tenetur,
668 2829 780 2863 peccat
803 2823 986 2854 mortaliter.
1019 2823 1052 2855 Si
1075 2833 1150 2864 ergo
1174 2825 1288 2865 aliquis
1310 2835 1378 2856 non

313 2867 418 2898 statim
441 2866 613 2898 confitetur
640 2867 770 2907 quando
798 2868 894 2898 habet
921 2868 1049 2908 copiam
1078 2868 1265 2905 sacerdotis,
1290 2870 1316 2899 si
1339 2869 1378 2900 ad
1392 2880 1418 2900 σο

313 2911 418 2942 statim
442 2911 664 2942 confitendum
682 2917 817 2948 tenetur,
834 2918 982 2952 peccaret
1003 2913 1195 2949 mortaliter;
1219 2919 1251 2943 et
1266 2913 1378 2944 eadem

313 2956 436 2986 ratione
452 2956 514 2986 alio
533 2961 698 2996 tempore;
724 2962 755 2986 et
770 2957 815 2987 sic
831 2956 991 2996 deinceps.
1016 2957 1057 2987 Et
1071 2957 1114 2987 ita
1129 2957 1230 2987 multa
1248 2963 1378 2997 peccata

312 3000 459 3031 mortalia
481 3001 582 3031 homo
605 3001 780 3031 incurreret
802 3010 861 3040 pro
884 3010 949 3032 una
972 3001 1188 3040 poenitentiae
1215 3001 1377 3033 dilatione.

313 3043 413 3082 Quod
436 3044 561 3075 videtur
583 3045 825 3075 inconveniens.

368 3089 557 3120 Rusponnno
581 3099 741 3119 memnon
764 3089 864 3129 quod,
881 3099 956 3120 cum
975 3090 1179 3129 propositum
1203 3089 1378 3121 confitendi
1391 3100 1415 3126 ες

313 3132 354 3162 sit
376 3142 537 3164 annexum
561 3134 756 3169 contritioni,
780 3139 857 3164 tunc
881 3139 1006 3164 tenetur
1029 3134 1143 3173 aliquis
1167 3134 1207 3165 ad
1224 3135 1288 3165 hoc
1302 3144 1377 3174 pro-

261 3181 265 3186 “
313 3177 456 3216 positum
479 3177 610 3217 quando
631 3177 671 3208 ad
686 3178 913 3208 contritionem
936 3183 1080 3209 tenetur:
1105 3178 1224 3209 scilicet
1247 3179 1376 3218 quando

313 3226 445 3260 peccata
467 3222 641 3253 memoriae
668 3228 855 3258 occurrunt,
879 3223 1051 3262 praecipue
1079 3232 1154 3253 cum
1176 3223 1210 3254 in
1233 3223 1376 3263 periculo

314 3265 426 3295 mortis
449 3266 562 3301 existit,
585 3271 640 3297 aut
662 3267 695 3297 in
718 3267 827 3306 aliquo
855 3267 989 3297 articulo
1014 3268 1047 3297 in
1070 3276 1137 3306 quo
1161 3268 1228 3297 sine
1254 3268 1378 3307 peccati

314 3309 501 3340 remissione
524 3315 670 3350 oporteat
692 3320 767 3341 eum
790 3317 959 3351 peccatum
982 3311 1161 3347 incurrere3
1186 3312 1277 3347 sicut,
1301 3321 1377 3343 cum
1391 3326 1418 3347 70

314 3357 440 3383 tenetur
463 3352 503 3384 ad
525 3353 760 3391 celebrandum,
783 3356 811 3386 si
833 3355 913 3386 desit
936 3356 1030 3395 copia
1053 3355 1240 3392 sacerdotis,
1265 3355 1377 3387 saltem

315 3397 438 3427 conteri
460 3402 586 3428 tenetur
609 3403 639 3428 et
660 3399 777 3430 habere
799 3400 1003 3440 propositum
1033 3399 1217 3431 confitendi.

370 3440 432 3472 Sed
456 3441 496 3472 ad
511 3441 747 3474 confessionem
766 3444 928 3475 actualiter
946 3443 1125 3475 faciendam
1148 3444 1306 3484 obligatur
1321 3445 1376 3475 ali—

314 3485 386 3525 quis
407 3484 584 3525 dupliciter.
608 3486 682 3517 Uno
706 3487 817 3523 modo,
833 3497 890 3528 per
917 3488 1079 3519 accidens:
1104 3489 1223 3519 scilicet
1247 3488 1375 3528 quando

2462 196 2504 233 13

1442 279 1509 299 non
1526 269 1699 300 confessus.
1721 270 1815 299 Tunc
1832 271 1917 300 enim
1934 271 2077 302 confiteri
2093 278 2232 303 tenetur:
2256 274 2337 304 sicut
2352 275 2378 304 si
2394 273 2507 304 debeat

1442 314 1673 343 Eucharistiam
1703 314 1884 353 percipere,
1909 314 1947 344 ad
1967 324 2063 354 quam
2094 317 2200 347 nullus
2230 324 2303 357 post
2335 324 2504 358 peccatum

1441 357 1575 387 mortale
1606 358 1666 387 nisi
1697 356 1861 387 confessus
1892 358 2041 389 accedere
2075 359 2183 396 debet,
2209 362 2302 401 copia
2334 362 2504 393 sacerdotis

1443 401 1548 431 oblata
1571 407 1602 431 et
1624 402 1810 431 necessitate
1830 411 1897 431 non
1921 408 2063 442 urgente.
2088 404 2128 433 Et
2151 404 2224 434 inde
2246 406 2333 435 venit
2352 407 2502 446 obligatio

1443 455 1506 485 qua
1533 445 1674 475 Ecclesia
1698 455 1810 475 omnes
1842 446 1960 485 obligat
1988 446 2027 476 ad
2055 448 2152 477 semel
2175 449 2208 477 in
2232 459 2316 479 anno
2348 450 2503 480 confiten-

1442 489 1530 525 dum,
1548 490 1623 529 quia
1645 490 1780 519 instituit
1802 494 1838 519 ut
1857 490 1955 519 semel
1979 490 2011 519 in
2035 500 2130 527 anno,
2147 492 2265 522 scilicet
2287 494 2320 522 in
2342 493 2502 530 Paschate,

1442 543 1554 564 omnes
1570 543 1690 563 sacram
1707 534 1971 563 communionem
1988 535 2186 573 accipiant*:
2208 541 2238 565 et
2250 536 2322 566 ideo
2339 543 2411 567 ante
2423 543 2502 568 tem-

1441 587 1502 617 pus
1520 577 1599 608 illud
1622 587 1735 608 omnes
1759 576 1904 608 confiteri
1927 582 2084 608 tenentur.

1496 622 1570 651 Alio
1598 621 1698 651 modo
1730 621 1888 661 obligatur
1916 621 2029 661 aliquis
2053 621 2092 651 ad
2116 622 2352 654 confessionem
2379 634 2436 664 per
2459 635 2501 655 se.

1441 666 1482 695 Et
1504 666 1550 695 sic
1572 665 1697 695 videtur
1719 675 1787 695 esse
1812 665 1923 695 eadem
1946 666 2026 695 ratio
2051 666 2090 696 de
2114 666 2316 698 confessione
2340 673 2370 698 et
2394 668 2433 698 de
2449 669 2501 699 ba-

1440 710 1558 748 ptismo
1576 708 1750 739 differendo
1764 719 1770 738 :
1796 710 1871 748 quia
1893 715 2067 749 utrumque
2084 716 2130 740 est
2145 717 2378 742 sacramentum
2394 722 2503 743 neces—

1440 754 1547 783 sitatis.
1578 752 1631 782 Ad
1653 753 1847 792 baptismum
1879 759 1986 783 autem
2016 755 2258 794 percipiendum
2286 765 2352 786 non
2379 761 2504 787 tenetur

1440 797 1553 836 aliquis
1582 798 1687 826 statim
1717 802 1890 836 postquam
1919 798 2014 828 habet
2043 800 2246 838 propositum
2275 800 2437 839 baptismi,
2461 802 2504 831 ita

1440 840 1529 880 quod
1552 846 1664 880 peccet
1687 841 1862 871 mortaliter
1884 842 1945 871 nisi
1964 843 2069 872 statim
2092 843 2285 882 baptizetur;
2310 853 2370 874 nec
2386 850 2432 874 est
2448 845 2503 875 ali-

1440 884 1529 924 quod
1552 890 1680 924 tempus
1703 885 1948 916 determinatum
1972 886 2054 916 ultra
2077 887 2166 926 quod
2189 888 2214 917 si
2231 888 2425 927 baptismum
2444 888 2503 919 dif-

1439 928 1531 963 ferat,
1555 934 1725 968 peccatum
1752 930 1887 960 mortale
1915 931 2072 966 incurrat;
2103 931 2159 961 sed
2186 937 2291 971 potest
2319 933 2503 972 contingere

1439 973 1528 1012 quod
1544 973 1577 1003 in
1597 973 1748 1003 dilatione
1771 974 1919 1013 baptismi
1942 975 2000 1004 erit
2022 981 2190 1014 peccatum
2213 976 2347 1006 mortale
2362 977 2413 1007 vel
2435 987 2502 1008 non

1439 1018 1505 1047 erit.
1530 1018 1571 1047 Et
1593 1018 1656 1047 hoc
1679 1017 1879 1057 pensandum
1908 1023 1954 1048 est
1977 1028 2014 1048 ex
2039 1028 2132 1049 causa
2160 1019 2334 1050 dilationis:
2360 1021 2444 1060 quia,
2462 1022 2502 1052 si-

1439 1067 1492 1091 cut
1525 1061 1601 1091 dicit
1633 1061 1858 1101 Philosophus,
1879 1062 1950 1092 VIII
1976 1063 2103 1103 Physic.
2129 1064 2164 1100 ὓ,
2191 1065 2339 1095 voluntas
2363 1075 2430 1095 non
2454 1075 2502 1096 re-

1438 1105 1537 1135 tardat
1566 1105 1669 1136 facere
1700 1115 1783 1145 opus
1806 1107 1942 1136 volitum
1970 1107 2031 1137 nisi
2057 1113 2188 1147 propter
2211 1108 2350 1148 aliquam
2374 1119 2502 1140 causam

1437 1150 1668 1180 rationabilem.
1702 1149 1810 1186 Unde,
1835 1151 1861 1180 si
1884 1160 1978 1180 causa
2006 1151 2164 1182 dilationis
2192 1153 2340 1192 baptismi
2367 1154 2502 1185 mortale

1437 1199 1607 1233 peccatum
1631 1203 1790 1224 annexum
1814 1195 1936 1230 habeat,
1961 1201 2074 1235 utpote
2091 1197 2116 1226 si
2132 1202 2263 1236 propter
2278 1202 2501 1238 contemptum

1437 1238 1488 1268 vel
1518 1238 1650 1277 aliquod
1684 1238 1870 1269 huiusmodi
1904 1239 2098 1278 baptismum
2133 1240 2272 1277 differat,
2305 1241 2413 1272 dilatio
2444 1243 2502 1272 erit

1437 1287 1607 1322 peccatum
1629 1283 1780 1312 mortale:
1810 1283 1884 1313 alias
1908 1292 1985 1313 non.
2014 1284 2055 1314 Et
2078 1283 2151 1314 ideo
2179 1284 2264 1315 idern
2286 1285 2411 1316 videtur
2434 1296 2501 1317 esse

1438 1326 1476 1356 de
1500 1326 1719 1362 confessione,
1745 1336 1827 1366 quae
1855 1337 1922 1358 non
1950 1333 1997 1357 est
2023 1328 2152 1358 maioris
2179 1330 2373 1360 necessitatis
2404 1339 2501 1370 quam

1437 1371 1622 1410 baptismus.

1489 1414 1530 1444 Et
1546 1415 1621 1454 quia
1637 1424 1674 1444 ea
1690 1424 1772 1454 quae
1788 1420 1862 1445 sunt
1878 1414 1917 1445 de
1932 1417 2117 1446 necessitate
2133 1417 2241 1447 salutis
2259 1422 2385 1448 tenetur
2399 1419 2500 1449 homo

1436 1459 1469 1488 in
1492 1459 1551 1488 hac
1574 1459 1638 1488 vita
1660 1459 1804 1498 implere,
1828 1458 1912 1494 ideo,
1937 1460 1963 1489 si
1985 1460 2165 1499 periculum
2188 1462 2299 1491 mortis
2325 1462 2499 1499 immineat,

1438 1503 1532 1532 etiam
1555 1512 1612 1542 per
1635 1512 1668 1532 se
1691 1503 1868 1542 loquendo,
1886 1504 2043 1543 obligatur
2065 1504 2179 1544 aliquis
2202 1505 2242 1535 ad
2265 1505 2500 1537 confessionem

1437 1546 1615 1576 faciendam
1638 1552 1725 1582 tunc,
1749 1547 1800 1577 vel
1824 1547 2018 1586 baptismum
2041 1549 2290 1588 suscipiendum.
2314 1550 2355 1580 Et
2370 1556 2501 1590 propter

1436 1591 1500 1620 hoc
1524 1591 1619 1620 etiam
1647 1591 1781 1621 Iacobus
1797 1591 1813 1607 ⁴*
1837 1592 1931 1621 simul
1960 1598 2168 1632 praeceptum
2192 1593 2290 1623 edidit
2313 1593 2351 1623 de
2375 1594 2500 1625 confes—

1437 1635 1527 1664 sione
1550 1634 1704 1670 facienda,
1728 1640 1760 1664 et
1783 1640 1922 1665 extrema
1945 1637 2098 1666 unctione
2121 1637 2334 1676 percipienda.

1494 1678 1535 1708 Et
1557 1678 1631 1708 ideo
1654 1678 1779 1708 videtur
1808 1679 1980 1718 probabilis
2010 1680 2139 1710 illorum
2169 1681 2280 1720 opinio
2311 1682 2367 1721 qui
2390 1681 2500 1712 dicunt

1437 1722 1527 1761 quod
1549 1732 1617 1752 non
1639 1727 1765 1752 tenetur
1787 1723 1888 1752 homo
1912 1723 1952 1753 ad
1975 1725 2080 1754 statim
2098 1724 2333 1755 confitendum:
2355 1727 2500 1765 quamvis

1436 1766 1654 1805 periculosum
1677 1767 1716 1796 sit
1740 1766 1864 1797 differre
1879 1768 1905 1797 ³⁶.

1491 1810 1555 1840 Alii
1571 1811 1587 1826 ὓ
1611 1815 1721 1840 autem
1747 1810 1857 1841 dicunt
1885 1811 1975 1851 quod
2002 1817 2128 1842 tenetur
2156 1814 2310 1843 contritus
2333 1813 2373 1844 ad
2395 1815 2500 1844 statim

1436 1853 1668 1891 confitendum,
1682 1854 1786 1885 debita
1802 1856 2042 1895 opportunitate
2059 1857 2174 1893 oblata,
2187 1857 2366 1888 secundum
2380 1864 2500 1889 rectam

1435 1899 1602 1929 rationem.
1626 1899 1695 1929 Nec
1719 1900 1823 1930 obstat
1846 1899 1936 1939 quod
1959 1899 2122 1931 decretalis
2144 1902 2317 1932 terminum
2338 1901 2498 1942 praefigat,

1435 1948 1471 1972 ut
1493 1943 1591 1973 semel
1613 1943 1646 1973 in
1670 1953 1758 1974 anno
1782 1943 1990 1974 confiteatur:
2016 1946 2091 1984 quia
2113 1946 2256 1976 Ecclesia
2273 1956 2341 1976 non
2356 1945 2500 1986 indulget

1436 1986 1596 2023 dilationi,
1620 1987 1676 2018 sed
1703 1988 1851 2027 prohibet
1880 1988 2106 2028 negligentiam
2133 1990 2167 2020 in
2194 1991 2307 2020 maiori
2337 1990 2498 2022 dilatione.

1435 2031 1528 2061 Unde
1544 2041 1601 2071 per
1617 2031 1806 2062 decretalem
1824 2032 1911 2062 illam
1929 2042 1996 2063 non
2013 2029 2180 2064 eircusatur
2195 2044 2213 2063 a
2229 2034 2324 2074 culpa
2340 2034 2498 2065 dilationis

1435 2081 1593 2115 quantum
1616 2075 1656 2106 ad
1678 2075 1786 2106 forum
1817 2077 2048 2108 conscientiae:
2080 2077 2135 2108 sed
2163 2084 2330 2109 excusatur
2352 2089 2371 2109 a
2392 2089 2499 2118 poena

1435 2125 1592 2159 quantum
1616 2119 1655 2150 ad
1678 2116 1790 2150 forum
1809 2120 1985 2157 Ecclesiae,
2010 2127 2046 2152 ut
2067 2132 2135 2152 non
2158 2123 2300 2161 privetur
2322 2122 2427 2153 debita
2449 2133 2498 2154 se·

1433 2164 1562 2203 pultura
1585 2165 1611 2194 si
1633 2169 1738 2194 morte
1760 2170 1950 2204 praeventus
1980 2165 2075 2196 fuerit
2105 2171 2177 2196 ante
2206 2172 2334 2206 tempus
2363 2167 2451 2198 illud.
2475 2186 2499 2191 -

1434 2207 1497 2238 Sed
1519 2209 1583 2239 hoc
1606 2208 1730 2238 videtur
1752 2210 1847 2239 nimis
1870 2209 1997 2240 durum.
2022 2209 2107 2247 Quia
2122 2216 2291 2250 praecepta
2313 2210 2497 2242 affirmativa

1434 2262 1502 2283 non
1525 2252 1668 2292 obligant
1683 2252 1722 2282 ad
1738 2254 1852 2289 statim,
1869 2253 1925 2284 sed
1941 2253 1980 2284 ad
1996 2259 2123 2294 tempus
2146 2254 2409 2292 determinatum;
2429 2265 2497 2286 non

1434 2296 1566 2336 quidem
1583 2306 1620 2327 ex
1635 2297 1699 2327 hoc
1716 2297 1805 2337 quod
1821 2302 1898 2328 tunc
1915 2298 2087 2328 commode
2110 2299 2236 2338 impleri
2258 2305 2404 2339 possunt,
2422 2301 2497 2339 quia

1433 2346 1521 2376 tunc,
1538 2341 1563 2371 si
1578 2350 1647 2371 non
1663 2341 1751 2371 daret
1769 2342 1882 2381 aliquis
1907 2342 2144 2383 eleemosynam
2161 2342 2200 2373 de
2216 2343 2379 2383 superfluo
2396 2353 2497 2384 quan-

1433 2384 1619 2425 documque
1635 2395 1757 2425 pauper
1773 2385 1948 2422 offerretur,
1965 2392 2111 2426 peccaret
2133 2387 2316 2423 mortaliter,
2335 2388 2424 2427 quod
2439 2388 2496 2419 fal-

1433 2439 1505 2459 sum
1529 2434 1592 2465 est;
1617 2429 1672 2459 sed
1689 2439 1726 2460 ex
1742 2430 1806 2460 hoc
1825 2430 1914 2470 quod
1937 2435 2064 2470 tempus
2087 2432 2307 2462 necessitatem
2330 2438 2497 2472 urgentem

1433 2472 1570 2503 adducit.
1594 2473 1635 2503 Et
1650 2472 1724 2504 ideo
1740 2483 1807 2504 non
1824 2479 1952 2514 oportet
1971 2474 2070 2514 quod,
2087 2476 2113 2505 si
2128 2476 2233 2506 statim
2257 2476 2361 2506 oblata
2377 2486 2497 2517 oppor-

1433 2518 1567 2548 tunitate
1589 2527 1657 2547 non
1682 2517 1880 2554 confiteatur,
1906 2519 2001 2549 etiam
2025 2519 2050 2548 si
2065 2520 2168 2549 maior
2191 2521 2414 2559 opportunitas
2429 2530 2496 2551 non

1433 2567 1626 2601 expectetur,
1652 2562 1765 2602 aliquis
1788 2567 1900 2602 peccet
1922 2563 2115 2593 mortaliter:
2140 2563 2195 2594 sed
2219 2564 2348 2603 quando
2369 2574 2406 2595 ex
2425 2566 2496 2595 arti-

1433 2606 1507 2636 culo
1531 2607 1685 2645 temporis
1707 2607 1878 2637 necessitas
1901 2606 2111 2638 confessionis
2140 2607 2311 2638 inducitur.
2342 2609 2410 2639 Nec
2433 2609 2496 2639 hoc

1433 2655 1480 2680 est
1504 2660 1542 2680 ex
1564 2650 1762 2690 indulgentia
1778 2651 1939 2681 Ecclesiae
1963 2651 2053 2691 quod
2076 2662 2143 2682 non
2166 2658 2311 2682 teneatur
2326 2652 2365 2683 ad
2381 2654 2495 2689 statim,

1433 2694 1488 2725 sed
1512 2704 1550 2725 ex
1572 2700 1685 2725 natura
1707 2695 1868 2735 praecepti
1891 2694 2077 2726 affirmativi.
2111 2696 2205 2726 Unde
2233 2701 2305 2726 ante
2336 2697 2496 2728 Ecclesiae

1433 2744 1587 2769 statutum
1610 2739 1705 2769 etiam
1728 2740 1835 2769 minus
1859 2739 2042 2770 debebatur.

1487 2782 1629 2820 Quidam
1641 2784 1657 2799 ⁴*
1669 2793 1745 2813 vero
1762 2783 1873 2813 dicunt
1888 2783 1978 2823 quod
1993 2784 2168 2815 saeculares
2180 2794 2247 2814 non
2263 2790 2412 2815 tenentur
2423 2791 2495 2815 ante

1433 2827 1703 2867 quadragesimale
1727 2833 1854 2867 tempus
1879 2827 2034 2865 confiteri,
2052 2828 2141 2868 quod
2159 2834 2206 2859 est
2221 2829 2265 2859 eis
2280 2830 2495 2868 poenitentiae

1432 2877 1578 2911 tempus:
1603 2871 1659 2902 sed
1681 2872 1820 2911 religiosi
1842 2877 1991 2902 tenentur
2014 2873 2054 2903 ad
2072 2874 2186 2909 statim,
2204 2873 2279 2912 quia
2294 2878 2399 2903 totum
2414 2879 2495 2904 tem-

1431 2925 1492 2956 pus
1509 2921 1555 2946 est
1571 2916 1615 2946 eis
1630 2917 1847 2955 poenitentiae
1869 2922 2007 2956 tempuS.
2023 2935 2046 2939 —
2062 2917 2124 2947 Sed
2147 2918 2210 2947 hoc
2233 2917 2311 2947 nihil
2335 2923 2390 2948 est.
2411 2918 2495 2955 Quia

1432 2960 1570 3000 religiosi
1593 2969 1661 2990 non
1683 2965 1832 2990 tenentur
1855 2960 1895 2991 ad
1917 2961 1977 2990 alia
2000 2971 2097 3001 quam
2121 2962 2173 2992 alii
2195 2962 2352 2997 homines,
2377 2963 2437 2992 nisi
2456 2962 2495 2992 ad

1432 3013 1515 3044 quae
1539 3013 1577 3034 ex
1600 3010 1678 3034 voto
1702 3014 1736 3034 se
1759 3005 1990 3045 obligaverunt.

1486 3048 1536 3078 Ar>
1560 3058 1677 3078 ramum
1700 3058 1783 3079 ERGO
1807 3059 1966 3079 mcannum
1991 3049 2080 3090 quod
2103 3050 2201 3089 Hugo
2220 3050 2363 3090 loquitur
2379 3049 2418 3080 de
2434 3050 2494 3080 illis

1432 3093 1488 3132 qui
1511 3093 1578 3122 sine
1602 3098 1799 3123 sacramento
1824 3093 1993 3124 decedunt.

1486 3136 1537 3166 An
1561 3146 1723 3166 SECUNDUM
1746 3147 1906 3167 monimum
1929 3137 2019 3177 quod
2042 3147 2110 3168 non
2129 3143 2175 3168 est
2191 3137 2229 3168 de
2245 3139 2431 3168 necessitate
2446 3148 2494 3168 sa—

1431 3181 1505 3211 lutis
1522 3181 1695 3220 corporalis
1712 3181 1802 3221 quod
1817 3182 1922 3212 statim
1945 3181 2107 3212 medicum
2131 3188 2270 3221 quaerat,
2286 3183 2346 3212 nisi
2365 3181 2494 3222 quando

1431 3225 1600 3255 necessitas
1624 3226 1795 3256 curationis
1821 3226 1987 3256 incumbit.
2019 3226 2060 3256 Et
2082 3227 2223 3256 similiter
2247 3232 2293 3256 est
2316 3226 2355 3256 de
2378 3227 2493 3257 morbo

1431 3268 1595 3309 spirituali.

1486 3313 1537 3342 An
1560 3322 1695 3343 TERTIUM
1718 3323 1878 3344 mmmmm
1908 3314 1997 3354 quod
2023 3315 2158 3344 retentio
2182 3315 2226 3344 rei
2250 3315 2370 3344 alienae
2392 3315 2493 3344 invito

1432 3356 1566 3387 domino
1583 3357 1790 3387 contrariatur
1809 3364 1980 3398 praecepto
1997 3359 2154 3398 negativo,
2173 3358 2262 3398 quod
2278 3359 2396 3398 obligat
2411 3368 2494 3388 sem·

1431 3411 1488 3441 per
1511 3406 1543 3431 et
1566 3401 1604 3432 ad
1627 3409 1763 3441 semper.
1787 3402 1828 3432 Et
1850 3401 1924 3432 ideo
1948 3408 2074 3433 tenetur
2096 3413 2222 3443 semper
2244 3402 2283 3433 ad
2301 3403 2406 3432 statim
2423 3402 2494 3433 red-

1432 3445 1583 3476 dendum.
1609 3445 1707 3476 Secus
1730 3451 1838 3476 autem
1857 3451 1903 3476 est
1919 3446 1958 3477 de
1973 3447 2160 3487 impletione
2184 3447 2344 3487 praecepti
2360 3446 2493 3477 affirma-

1431 3490 1496 3525 tivi,
1522 3489 1610 3529 quod
1634 3490 1753 3530 obligat
1775 3499 1901 3531 semper
1924 3490 1979 3521 sed
2002 3500 2069 3521 non
2093 3491 2131 3521 ad
2155 3501 2289 3531 semper.
2315 3490 2407 3522 Unde
2426 3501 2493 3521 non

313 3529 354 3560 ad
373 3529 494 3569 aliquid
516 3535 642 3560 tenetur
671 3531 760 3570 quod
789 3541 857 3562 non
886 3537 993 3572 potest
1014 3533 1082 3563 sine
1110 3538 1244 3573 peccato
1273 3532 1376 3564 facere
1391 3546 1414 3567 75
1430 3539 1556 3565 tenetur
1579 3534 1692 3574 aliquis
1716 3533 1756 3564 ad
1778 3535 1883 3565 statim
1906 3535 2117 3575 implendum.

2530 549 2540 558 ·
2556 548 2590 569 Cf.
2605 549 2662 576 Arg.
2677 549 2726 570 Sed

2530 576 2612 595 contra
2630 583 2647 597 ι.

2529 1073 2607 1094 ‘Vide
2615 1079 2640 1095 ca
2659 1080 2688 1100 .1‚
2697 1080 2719 1096 n.
2727 1081 2740 1101 7

2529 1105 2597 1127 sqq.·
2605 1080 2679 1122 §.fit
2689 1101 2732 1122 lect

2529 1117 2740 1154 11,n.¹9(Ed.Leon.]

2527 1601 2630 1650 'glut-av,
2636 1608 2694 1624 vers.
2704 1609 2737 1629 14,

2529 1635 2537 1649 ι
2557 1644 2563 1650 .

2527 1777 2537 1787 ·
2551 1776 2611 1797 Vide
2622 1783 2640 1798 s.
2651 1777 2737 1799 Bonav.

2527 1803 2560 1824 IV
2582 1802 2659 1830 Sent„
2684 1804 2736 1825 dist.

2526 1835 2583 1856 xvn,
2594 1836 2616 1857 p.
2627 1835 2650 1857 11,
2665 1834 2706 1852 art.
2718 1836 2737 1857 2,

2527 1862 2651 1904 filuI-{iil'enrn
2674 1882 2736 1904 Sum.

2528 1915 2550 1935 p.
2565 1908 2606 1936 IV,
2619 1915 2657 1936 qu.
2672 1915 2737 1936 xvnr,

2527 1941 2558 1956 m.
2573 1942 2597 1962 4,
2614 1939 2655 1957 art.
2669 1942 2692 1962 4.

2525 2796 2541 2825 ἰ
2549 2795 2572 2817 S.
2587 2795 2672 2817 Bonav.
2689 2795 2733 2817 loc.

2523 2825 2561 2843 cn.
