2918 4088
500 191 545 226 52
1154 190 1416 237 QUAESTIO
1445 190 1584 237 LXIV,
1613 189 1905 227 ARTICULUS
1933 191 2014 228 VIII

1606 275 1690 304 tum
1726 268 1775 304 ad
1807 268 1989 306 effectum
2021 269 2089 318 qui
2124 278 2179 307 est
2211 283 2270 308 res
2308 278 2342 309 et
2374 280 2668 320 sacramentum,

1607 319 1745 356 scilicet
1782 328 1973 368 quantum
2009 322 2058 359 ad
2092 323 2372 372 characterem,
2401 338 2482 363 non
2517 325 2670 364 videtur

1605 372 1711 421 quod
1740 384 1811 420 per
1829 373 2078 411 devotionem
2106 376 2319 414 accedentis
2337 378 2457 426 possit
2477 379 2666 428 suppleri;

1605 424 1697 473 quia
1724 425 1919 463 character
1946 438 2151 476 nunquam
2169 427 2402 478 imprimitur
2428 430 2501 468 nisi
2522 443 2593 481 per
2610 443 2668 469 sa-

1605 485 1856 515 eramentum.

496 270 602 318 quod
622 268 895 306 determinetur
922 269 971 306 ad
999 281 1136 316 unum,
1157 268 1252 306 idest
1271 269 1318 306 ad
1339 279 1552 305 sacramen-

495 323 610 359 talem
644 322 846 370 effectum,
874 334 944 371 per
979 322 1229 359 intentionem
1264 320 1461 358 abluentis.
1505 320 1553 356 Et

496 376 590 412 haec
618 374 775 412 intentio
804 375 1028 424 exprimitur
1059 387 1128 423 per
1154 374 1272 411 verba
1300 385 1399 422 quae
1427 373 1467 409 in
1495 384 1551 408 sa-

494 428 698 465 cramentis
726 428 922 465 dicuntur:
952 435 1045 477 puta
1073 439 1163 464 curn
1191 426 1292 474 dicit,
1319 428 1405 475 Ego
1433 431 1466 461 te
1487 426 1550 461 ba-

489 483 586 531 ptizo
615 483 651 518 in
681 482 831 518 nomine
856 482 988 527 Patris,
1018 487 1086 517 etc.

547 535 604 571 AD
633 546 767 571 PRIMUM
793 545 890 570 ERGO
914 545 1094 570 DICENDUM
1121 531 1226 580 quod
1253 530 1550 567 instrumentum

494 586 747 623 inanimatum
765 598 845 623 non
864 586 979 622 habet
1007 585 1175 633 aliquam
1200 582 1450 619 intentionem
1473 592 1549 617 res-

492 646 607 688 pectu
644 639 817 676 effectus:
854 638 920 675 sed
955 639 1040 675 loco
1075 635 1292 673 intentionis
1329 642 1383 671 est
1420 641 1549 671 motus

2695 542 2706 550 ‘
2726 539 2762 562 cf.
2782 539 2830 562 Die
2848 540 2907 562 Sen-

1658 530 1706 566 Et
1733 530 1821 567 ideo
1845 531 1906 568 alii
1925 531 1945 553 ’¹‘
1963 531 2101 569 melius
2129 532 2262 570 dicunt
2279 535 2387 583 quod
2410 535 2582 573 minister
2610 549 2667 574 sa·
2695 567 2774 593 ,enm
2788 566 2906 594 mund„

2695 592 2725 614 de
2738 591 2846 614 Sacram.
2857 593 2906 615 Ba-

1604 583 1788 619 cramenti
1825 583 1899 632 agit
1925 584 1965 621 in
1992 596 2159 634 persona
2196 586 2310 623 totius
2334 587 2536 636 Ecclesiae,
2557 588 2667 626 cuius
2711 618 2771 640 mm,
2795 625 2810 646 Ρ
2833 619 2877 641 20⁶
2894 630 2906 636 ,

1604 642 1659 671 est
1678 635 1870 683 minister;
1899 636 1940 674 in
1966 637 2093 675 verbis
2112 646 2243 676 autem
2261 651 2361 688 quae
2379 640 2627 689 proferuntur
2641 640 2666 689 ⁶,
2692 624 2818 698 §wibu'rgss
2831 635 2891 674 ¹⁸⁹3·

251 1115 261 1125 ·
282 1114 374 1136 Halens.
398 1114 460 1136 Sum.

253 1140 331 1162 Theol.
343 1147 364 1168 p.
374 1140 413 1167 1V,
422 1147 459 1168 qu.

251 1173 300 1193 vui,
324 1167 408 1188 memb.
427 1173 461 1192 ιιι,

250 1193 328 1241 Σέἷέἑιι
340 1199 416 1221 respp.
431 1194 459 1215 ad

493 703 573 741 quo
593 699 772 729 movetur
790 703 812 727 a
830 690 1027 740 principali
1050 696 1194 737 agente.
1225 687 1301 725 Sed
1320 686 1549 723 instrumen—

492 752 576 781 tum
613 743 842 790 animatum,
872 743 967 779 sicut
1001 750 1055 778 est
1089 740 1277 787 minister,
1307 750 1387 776 non
1422 741 1549 776 solum

491 804 690 843 movetur,
724 796 791 833 sed
825 796 939 833 etiam
980 793 1273 844 quodammodo
1311 799 1443 829 movet
1479 791 1548 829 sei-

491 861 618 898 psum,
639 848 868 898 inquantum
897 860 965 885 sua
991 849 1186 883 voluntate
1214 852 1346 882 movet
1373 845 1549 882 membra

491 902 539 939 ad
569 902 821 950 operandum.
856 901 903 938 Et
930 900 1018 937 ideo
1038 898 1240 948 requiritur
1268 897 1350 934 eius
1377 897 1549 944 intentio,

490 967 567 1003 qua
595 967 634 991 se
663 954 834 991 subiiciat
861 952 1058 1002 principali
1086 951 1229 999 agenti:
1259 958 1302 987 ut
1326 950 1465 988 scilicet
1491 951 1547 987 in-

489 1007 618 1044 tendat
644 1007 765 1043 facere
794 1006 899 1055 quod
927 1005 1012 1042 facit
1041 1004 1214 1041 Christus
1242 1011 1278 1040 et
1306 1003 1486 1040 Ecclesia.

541 1061 598 1096 AD
626 1071 814 1097 SECUNDUM
838 1070 1018 1095 DICENDUM
1038 1057 1143 1106 quod
1164 1057 1263 1094 eirca
1291 1057 1366 1094 hoc
1394 1064 1450 1094 est
1477 1057 1547 1094 du—

488 1113 575 1161 plex
603 1111 746 1161 opinio.
777 1111 948 1158 Quidam
966 1110 986 1132 ’¹‘
1012 1109 1115 1147 enim
1134 1109 1268 1146 dicunt
1295 1109 1402 1159 quod
1421 1109 1547 1159 requi-

487 1165 580 1202 ritur
597 1164 771 1201 mentalis
790 1163 947 1201 intentio
967 1163 1006 1200 in
1029 1162 1222 1200 ministro:
1253 1174 1352 1211 quae
1381 1162 1412 1199 si
1441 1162 1545 1210 desit,

488 1230 567 1254 non
586 1217 781 1267 perficitur
799 1223 1094 1253 sacramentum.
1126 1215 1202 1252 Sed
1222 1215 1328 1252 hunc
1355 1215 1548 1252 defectum

487 1270 526 1307 in
554 1270 694 1319 pueris,
715 1269 781 1318 qui
809 1281 890 1306 non
908 1269 1051 1306 habent
1070 1268 1321 1306 intentionem
1341 1268 1547 1305 accedendi

486 1323 535 1360 ad
563 1330 864 1369 sacramentum,
894 1323 1044 1372 supplet
1073 1320 1265 1367 Christus,
1295 1320 1361 1370 qui
1389 1320 1547 1357 interius

486 1376 659 1425 baptizat.
698 1377 739 1412 In
776 1375 911 1412 adultis
948 1382 1099 1421 autem,
1128 1374 1219 1424 quia
1255 1373 1458 1410 intendunt
1489 1386 1546 1411 sa-

486 1436 679 1466 cramenta
707 1428 911 1478 suscipere,
932 1429 1084 1478 supplet
1102 1426 1211 1465 illum
1238 1427 1430 1464 defectum
1449 1426 1546 1464 fides

486 1490 522 1519 et
549 1482 714 1519 devotio.

540 1536 616 1572 Sed
635 1537 710 1572 hoc
729 1535 817 1572 satis
835 1541 965 1584 posset
992 1533 1066 1571 dici
1087 1540 1278 1583 quantum
1297 1532 1346 1569 ad
1365 1531 1546 1569 ultimum

487 1588 678 1635 effectum,
694 1587 761 1637 qui
787 1594 842 1624 est
862 1586 1077 1624 iustificatio
1100 1599 1122 1623 a
1135 1585 1315 1635 peccatis:
1337 1585 1404 1622 sed
1425 1597 1546 1634 quan-

538 1719 552 1744 δ
577 1720 765 1753 proferuntur.
783 1733 802 1739 —
815 1720 925 1753 profert
942 1719 981 1744 Pl.

539 1764 549 1780 ε
581 1759 616 1780 et.
633 1769 652 1774 —
670 1757 710 1780 vel
730 1756 757 1780 Ρ.

537 1790 563 1825 ζ)
581 1791 751 1816 habitualem.
768 1805 788 1808 —
805 1790 945 1815 virtualem
960 1790 978 1819 1,
993 1789 1163 1814 intentionem
1183 1789 1344 1814 habitualem
1363 1794 1448 1814 cetera
1465 1790 1546 1814 tertia.

485 1826 541 1851 Al’s
560 1827 690 1851 actualem
710 1833 799 1859 margo
819 1826 847 1851 P.

1603 687 1828 737 exprimitur
1842 689 2000 727 intentio
2015 691 2206 729 Ecclesiae
2219 705 2228 738 ;
2253 704 2352 741 quae
2367 692 2506 730 sufficit
2519 693 2568 731 ad
2581 705 2667 743 per-

1603 740 1807 778 fectionem
1826 743 2065 790 sacramenti,
2080 744 2153 781 nisi
2171 745 2407 782 contrarium
2421 746 2585 783 exterius
2603 759 2667 784 ex·

1602 793 1791 843 primatur
1818 806 1864 831 ex
1891 803 1998 845 parte
2030 796 2191 834 ministri
2220 805 2256 835 et
2274 803 2286 820 ⁸
2305 797 2519 848 recipientis
2547 810 2667 837 sacra—

1602 854 1791 884 mentum.

1654 901 1712 937 An
1739 912 1899 938 TERTmM
1926 913 2110 940 DICENDUM
2137 904 2256 952 quod,
2276 903 2362 941 licet
2388 903 2448 942 ille
2477 904 2544 954 qui
2563 903 2667 942 aliud

1602 952 1749 1001 cogitat,
1776 965 1857 990 non
1885 954 2024 991 habeat
2051 957 2240 993 actualem
2266 956 2530 1005 intentionem,
2550 958 2666 996 habet

1601 1012 1731 1042 tamen
1759 1006 1994 1044 habitualem
2023 1006 2055 1054 ζ,
2079 1020 2181 1057 quae
2215 1009 2355 1046 sufficit
2388 1010 2438 1047 ad
2469 1010 2666 1060 perfectio-

1601 1070 1693 1095 nem
1713 1060 1959 1097 sacramenti:
1989 1068 2082 1109 puta
2110 1060 2151 1108 si,
2172 1073 2263 1099 cum
2291 1063 2469 1100 sacerdos
2488 1063 2633 1100 accedit
2647 1069 2665 1091 η

1602 1111 1650 1148 ad
1678 1111 1971 1161 baptizandum,
2001 1112 2162 1150 intendit
2187 1114 2310 1152 facere
2339 1114 2439 1152 circa
2471 1115 2665 1166 baptizan-

1601 1163 1698 1201 dum
1725 1165 1834 1214 quod
1860 1165 1947 1203 facit
1965 1166 2146 1204 Ecclesia.
2174 1167 2299 1215 Unde,
2319 1167 2351 1205 si
2369 1175 2503 1218 postea
2522 1169 2562 1206 in
2580 1169 2665 1219 ipso

1601 1217 1779 1255 exercitio
1807 1226 1913 1255 actus
1932 1218 2107 1266 cogitatio
2127 1219 2210 1257 eius
2234 1221 2284 1258 ad
2311 1220 2384 1258 alia
2411 1221 2590 1270 rapiatur,
2618 1234 2666 1260 ex

1600 1269 1739 1306 virtute
1753 1270 1901 1319 primae
1920 1270 2140 1309 intentionis
2152 1272 2349 1322 perficitur
2367 1281 2664 1312 sacramentum.

1602 1322 1793 1368 Quamvis
1812 1323 1981 1360 studiose
2000 1336 2134 1361 curare
2153 1325 2290 1363 debeat
2309 1325 2535 1363 sacramenti
2554 1325 2665 1364 mini-

1601 1382 1676 1411 ster
1693 1382 1736 1412 ut
1755 1374 1871 1413 etiam
1889 1377 2078 1414 actualem
2097 1377 2348 1415 intentionem
2367 1378 2557 1416 adhibeat.
2588 1378 2667 1417 Sed

1600 1428 1677 1464 hoc
1691 1440 1771 1465 non
1785 1428 1947 1466 totaliter
1961 1437 2016 1466 est
2033 1430 2205 1479 positum
2218 1430 2258 1468 in
2277 1430 2446 1468 hominis
2459 1438 2663 1481 potestate:

1599 1480 1691 1529 quia
1703 1489 1854 1530 praeter
1871 1481 2135 1530 intentionem,
2146 1495 2239 1521 cum
2256 1484 2379 1521 homo
2393 1485 2476 1522 vult
2495 1486 2665 1523 multum

1599 1532 1814 1582 intendere,
1846 1534 1978 1584 incipit
2004 1535 2076 1573 alia
2104 1536 2286 1585 cogitare3
2316 1537 2534 1575 secundum
2571 1537 2667 1576 illud

1600 1586 1742 1623 Psalmi
1766 1587 1801 1623 *ε
1842 1589 1919 1625 Cor
1945 1601 2069 1625 meum
2104 1589 2294 1640 dereliquit
2321 1602 2391 1627 me.

1651 1720 1679 1754 η)
1697 1722 1730 1750 si,
1747 1729 1807 1747 cum
1831 1723 1956 1748 sacerdos
1974 1724 2086 1750 accedit.
2102 1738 2122 1743 -
2139 1730 2199 1749 cum
2217 1725 2343 1750 sacerdos
2365 1725 2471 1750 accedit
2492 1723 2613 1758 (accedat
2630 1724 2664 1755 Η.

1599 1757 1726 1783 accedens
1746 1758 1777 1792 Ρ)
1795 1758 1876 1783 tertia.

1154 1905 1490 1936 Commentaria
1512 1902 1767 1936 Car-dinalis
1788 1901 1992 1934 Caietani

545 2003 651 2024 rrimus
679 1993 790 2023 clarus.
813 2011 837 2014 —
860 1992 896 2022 In
927 2002 1062 2033 corpore
1093 1993 1189 2022 unica
1223 1991 1409 2022 conclusio:
1434 1990 1544 2021 Inten-
1570 1995 1573 2029 Ι
1598 1990 1801 2020 sacramentis
1823 1989 2067 2029 intelligendum
2091 1994 2138 2020 est
2161 1989 2306 2020 sufficere
2321 1990 2535 2022 intentionem
2551 1990 2663 2024 Eccle-

487 2006 589 2069 Ttio
605 2037 744 2067 ministri
759 2036 905 2077 exigitur
926 2036 969 2067 ad
985 2036 1221 2078 perfectionem
1243 2035 1449 2066 sacramenti.
1467 2034 1545 2064 Pro-

484 2083 585 2113 batur.
621 2081 760 2119 Quando
791 2080 911 2120 aliquid
934 2090 967 2110 se
990 2081 1085 2111 habet
1104 2080 1144 2110 ad
1165 2080 1279 2116 multa,
1303 2085 1431 2120 oportet
1455 2078 1544 2119 quod

484 2127 709 2157 determinetur
732 2124 771 2155 ad
794 2134 906 2160 unum,
930 2130 966 2155 ut
988 2124 1068 2155 illud
1090 2124 1154 2154 fiat.
1179 2123 1242 2154 Sed
1258 2133 1294 2154 ea
1310 2133 1391 2164 quae
1408 2128 1544 2163 aguntur

483 2172 516 2200 in
539 2170 751 2205 sacramentis,
775 2178 807 2199 se
830 2169 948 2199 habent
971 2168 1011 2199 ad
1033 2169 1143 2205 multa,
1167 2169 1227 2199 nisi
1250 2177 1308 2208 per
1330 2169 1544 2199 intentionem

482 2215 616 2245 ministri
632 2214 880 2244 determinentur
897 2212 936 2242 ad
952 2222 1063 2243 unum.
1081 2213 1176 2252 Ergo,
1190 2217 1249 2243 etc.
1270 2212 1440 2243 Processus
1455 2217 1542 2242 totus

482 2260 564 2289 clare
586 2264 672 2299 patet
694 2259 727 2288 in
750 2258 860 2288 littera.
875 2275 899 2279 -
921 2257 962 2287 Et
985 2256 1199 2288 confirmatur.
1224 2257 1309 2295 Quia
1323 2257 1419 2287 verba
1441 2266 1543 2287 sacra·

481 2303 631 2334 mentalia
654 2302 834 2342 exprimunt
856 2302 990 2331 ministri
1013 2302 1235 2332 intentionem.

536 2347 573 2377 11.
598 2347 634 2377 In
656 2346 865 2386 responsione
889 2345 929 2375 ad
951 2345 1139 2382 secundum,
1163 2351 1241 2376 nota
1262 2345 1378 2385 primo,
1402 2345 1540 2381 Novitie,

481 2401 539 2431 pro
564 2391 700 2421 claritate
723 2390 853 2426 litterae,
877 2390 1062 2425 Auctorem,
1079 2389 1245 2420 referendo
1261 2390 1397 2429 primam
1413 2389 1541 2429 opinio-

481 2445 573 2471 nem,
601 2444 725 2465 narrare
754 2435 856 2473 ipsam
882 2434 987 2474 primo
1011 2433 1119 2474 quoad
1146 2435 1228 2470 hoc,
1254 2433 1342 2474 quod
1371 2434 1541 2474 requiritur

481 2479 626 2510 mentalis
649 2479 793 2514 intentio,
817 2480 860 2509 ita
884 2477 983 2518 quod,
1007 2478 1033 2508 si
1052 2478 1140 2514 desit,
1164 2487 1232 2508 non
1255 2476 1417 2517 perficitur
1439 2487 1540 2508 sacra-

481 2529 643 2559 mentum;
668 2522 821 2559 secundo,
845 2521 953 2562 quoad
976 2523 1049 2558 hoc,
1074 2522 1173 2562 quod,
1190 2527 1290 2552 stante
1307 2531 1382 2552 casu
1398 2530 1464 2561 quo
1480 2523 1540 2552 hu—

481 2567 621 2598 iusmodi
642 2566 842 2607 imperfectio
859 2567 1047 2598 sacramenti
1062 2566 1227 2602 accideret,
1243 2567 1309 2597 sive
1325 2565 1451 2597 adultus
1474 2567 1540 2596 sive

481 2621 562 2652 puer
584 2617 665 2642 esset
692 2612 748 2652 qui
775 2616 1007 2642 sacramentum
1034 2611 1078 2641 sic
1102 2610 1325 2642 defectuosum
1355 2611 1538 2651 susciperet,

482 2655 743 2695 supplementum
765 2655 892 2686 aliunde
915 2655 1078 2686 sortiretur
1089 2678 1096 2690 ,
1121 2660 1152 2685 et
1170 2664 1250 2695 puer
1266 2653 1397 2694 quidem
1413 2664 1431 2684 a
1447 2654 1539 2685 Chri-

481 2706 547 2736 sto,
572 2699 697 2730 adultus
721 2705 828 2730 autem
851 2709 889 2730 ex
911 2699 1040 2739 propria
1061 2698 1125 2729 fide
1149 2704 1179 2728 et
1203 2699 1384 2729 devotione.
1423 2699 1539 2729 Postea

480 2743 681 2784 reprehendit
704 2743 826 2775 Auctor
848 2745 930 2774 hanc
953 2743 1160 2783 opinionem:
1185 2743 1260 2783 quia
1275 2752 1342 2773 non
1358 2747 1464 2783 potest
1479 2744 1538 2774 sal-

480 2797 553 2818 vare
576 2788 837 2828 supplementum
860 2788 1056 2819 characteris.

534 2831 672 2862 Adverte
695 2832 849 2868 secundo,
873 2832 963 2872 quod
985 2831 1081 2862 altera
1097 2831 1208 2871 opinio
1232 2830 1351 2861 ibidem
1370 2831 1538 2862 subiuncta

484 2882 515 2906 et
537 2877 720 2916 approbata,
744 2885 811 2907 non
834 2882 881 2906 est
902 2875 1107 2916 intelligenda
1129 2880 1164 2906 ut
1186 2875 1282 2906 verba
1305 2880 1435 2906 sonant:
1460 2881 1538 2916 puta

480 2921 568 2961 quod
590 2930 658 2951 non
680 2922 849 2961 requiritur
871 2922 904 2951 in
927 2920 1071 2951 ministro
1087 2920 1222 2950 intentio
1238 2920 1366 2960 propria
1381 2920 1536 2956 mentalis,

479 2964 534 2995 sed
557 2964 672 2995 sufficit
694 2966 827 2996 intentio
843 2965 1004 2995 Ecclesiae
1026 2974 1083 3005 per
1097 2965 1192 2994 verba
1208 2974 1362 3004 expressa,
1380 2963 1538 3004 quidquid

478 3009 620 3039 intendat
637 3010 705 3049 ipse
724 3010 866 3040 minister
880 3009 1020 3039 interius.
1045 3008 1107 3038 Hic
1123 3009 1209 3039 enim
1225 3017 1334 3038 sensus
1351 3008 1538 3039 contradicit

479 3062 624 3092 expresse
647 3053 810 3084 doctrinae
833 3054 992 3089 Auctoris,
1017 3053 1050 3082 in
1073 3053 1188 3083 ultimo
1216 3053 1311 3083 huius
1339 3053 1535 3092 quaestionis

479 3097 622 3132 articulo,
646 3097 778 3128 dicentis
802 3097 908 3138 quod,
930 3098 959 3128 si
988 3097 1134 3127 minister
1163 3106 1227 3127 non
1252 3096 1397 3127 intendat
1426 3106 1536 3127 sacra-

479 3145 618 3170 mentum
641 3142 800 3182 conferre,
825 3142 899 3172 talis
916 3141 1113 3181 perversitas
1137 3141 1221 3171 tollit
1239 3141 1403 3172 veritatem
1425 3150 1536 3172 sacra-

480 3184 598 3221 menti;
621 3190 652 3214 et
674 3184 814 3221 inferius,
838 3186 871 3215 in
894 3195 1069 3225 qu.1.xvn1,
1086 3190 1141 3215 art.
1158 3195 1189 3224 7,
1214 3184 1254 3215 ad
1273 3194 1303 3221 2,
1328 3183 1476 3215 dicentis:
1501 3185 1537 3215 Si

481 3227 512 3257 in
536 3227 647 3258 adulto
671 3228 790 3259 deesset
812 3228 944 3259 intentio
967 3228 1160 3268 suscipiendi
1182 3233 1433 3264 sacramentum,
1457 3234 1537 3260 esset

480 3271 732 3312 rebaptizandus.
764 3271 827 3302 Sed
850 3281 960 3302 sensus
982 3273 1077 3302 huius
1100 3272 1221 3302 litterae
1245 3281 1283 3302 ex
1305 3273 1472 3312 proposito
1496 3272 1536 3302 ad

480 3315 569 3355 quod
595 3316 738 3355 loquitur
761 3316 900 3352 Auctor,
931 3315 1104 3346 sumendus
1136 3321 1192 3346 est.
1226 3315 1467 3346 Advertendum
1490 3321 1537 3346 est

480 3359 566 3389 enim
597 3359 685 3399 quod
707 3360 785 3390 haec
809 3360 917 3390 omnia
941 3359 1089 3390 dicuntur
1111 3360 1163 3390 hic
1193 3368 1251 3398 pro
1276 3359 1436 3390 solutione
1455 3359 1535 3390 diffi-

480 3403 603 3433 cultatis
625 3409 732 3434 motae
755 3404 789 3434 in
811 3409 1009 3443 argumento,
1029 3403 1166 3434 scilicet:
1191 3403 1224 3434 Si
1239 3403 1384 3434 mentalis
1399 3404 1534 3434 intentio

479 3447 613 3477 ministri
636 3448 819 3487 exigeretur,
842 3448 951 3478 nullus
974 3452 1055 3477 esset
1078 3452 1181 3477 certus
1205 3457 1238 3477 se
1261 3457 1329 3478 esse
1344 3457 1417 3478 vere
1433 3447 1534 3487 bapti-

479 3496 595 3521 zatum.
623 3490 674 3522 Ad
697 3492 778 3522 hanc
802 3492 887 3522 enirn
911 3491 1132 3522 certitudinem
1154 3496 1295 3521 nostram
1319 3491 1358 3522 de
1381 3492 1534 3531 susceptis

1598 2034 1662 2064 siae
1684 2043 1742 2074 per
1764 2034 1859 2063 verba
1881 2034 2016 2064 ministri
2040 2043 2229 2074 expressam,
2252 2035 2314 2064 nisi
2336 2043 2394 2074 per
2407 2035 2589 2067 ministrmn
2607 2041 2663 2067 aut

1597 2078 1824 2118 suscipientem
1840 2079 2035 2109 contrarium
2051 2079 2254 2118 exprimatur.
2278 2078 2323 2108 lta
2339 2078 2429 2119 quod
2443 2088 2512 2110 non
2525 2080 2663 2112 intendit
2680 2106 2682 2108 ,

1597 2122 1721 2152 Auctor
1749 2122 1839 2162 quod
1861 2123 1940 2153 haec
1963 2121 2121 2152 sufficiant
2153 2122 2193 2153 ad
2214 2122 2447 2163 perfectionem
2473 2126 2662 2156 sacramenti

1598 2166 1800 2207 simpliciter:
1824 2166 1880 2197 sed
1904 2167 1943 2198 ad
1965 2166 2197 2207 perfectionem
2213 2167 2281 2197 eius
2297 2167 2476 2198 secundum
2486 2169 2662 2200 humanam

1597 2210 1829 2242 certitudinem.
1867 2210 1928 2241 Per
1954 2211 2018 2241 hoc
2046 2212 2132 2241 enim
2156 2212 2291 2242 evitatur
2312 2212 2543 2243 inconveniens
2571 2213 2661 2254 quod

1597 2255 1731 2296 quilibet
1753 2256 1894 2286 incertus
1915 2260 2024 2296 posset
2047 2255 2111 2286 dici
2133 2254 2174 2285 de
2196 2256 2352 2296 susceptis
2374 2257 2588 2288 sacramentis.

1651 2299 1703 2330 ΙΙΙ.
1728 2299 1764 2330 In
1786 2299 1996 2340 responsione
2023 2298 2064 2330 ad
2085 2300 2232 2335 tertium,
2260 2299 2386 2330 adverte
2413 2300 2504 2340 quod
2525 2301 2658 2338 Auctor,

1596 2344 1849 2380 communicans,
1873 2349 1910 2374 ut
1928 2349 2020 2384 puto,
2043 2344 2078 2374 in
2094 2343 2260 2374 vocabulis
2282 2345 2450 2375 communi
2471 2345 2556 2376 illius
2578 2350 2660 2376 tem-

1594 2388 1682 2427 poris
1714 2389 1806 2424 usui,
1831 2388 1887 2428 qui
1909 2388 2123 2418 intentionem
2154 2387 2286 2428 quidem
2317 2388 2374 2419 sed
2401 2398 2469 2419 non
2501 2390 2660 2421 actualem

1594 2432 1789 2462 habitualem
1811 2432 1956 2468 vocabat,
1981 2431 2058 2462 dixit
2080 2432 2131 2462 hic
2155 2432 2364 2463 intentionem
2386 2433 2602 2464 habitualem:
2628 2439 2660 2464 et

1594 2477 1700 2506 statim
1730 2476 1893 2507 subiunxit
1923 2485 2053 2507 sensum
2081 2477 2258 2507 intentum:
2283 2481 2384 2517 puta,
2409 2486 2481 2508 cum
2506 2477 2660 2510 sacerdos

1594 2520 1718 2551 accedit
1732 2521 1758 2556 *‚
1776 2526 1836 2551 etc.

1649 2564 1690 2595 Et
1712 2565 1791 2595 haec
1813 2569 1983 2605 propterea
2005 2563 2157 2601 dixerim,
2187 2570 2224 2596 ut
2246 2565 2326 2596 scias
2349 2574 2417 2596 non
2440 2565 2569 2598 latuisse
2590 2562 2658 2598 A'u-

1594 2614 1717 2639 ctorem
1740 2608 1949 2640 differentiam
1976 2609 2058 2639 inter
2087 2609 2203 2639 habere
2231 2608 2356 2649 aliquid·
2380 2609 2414 2640 in
2438 2614 2527 2647 actu,
2550 2610 2603 2642 vel
2623 2610 2658 2642 in

1591 2653 1712 2689 habitu,
1737 2653 1787 2683 vel
1810 2653 1843 2683 in
1865 2653 1997 2683 virtute:
2022 2658 2053 2683 et
2077 2652 2166 2693 quod
2181 2654 2317 2683 intentio
2333 2654 2484 2694 requisita
2499 2653 2540 2685 ad
2555 2663 2658 2687 sacra-

1592 2702 1710 2733 menta,
1733 2706 1801 2727 non
1825 2696 1941 2727 sufficit
1964 2696 2053 2737 quod
2068 2698 2107 2727 sit
2123 2697 2302 2728 secundum
2317 2697 2471 2735 habitum,
2488 2697 2544 2730 sed
2559 2707 2657 2740 opor-

1592 2746 1638 2771 tet
1661 2741 1750 2781 quod
1773 2741 1812 2771 sit
1835 2740 2013 2771 secundum
2037 2741 2196 2772 virtutem.
2221 2741 2321 2780 Quod
2342 2747 2379 2772 ut
2401 2742 2518 2773 melius
2539 2742 2656 2774 intem-

1592 2794 1657 2825 gas,
1674 2786 1783 2825 accipe
1799 2785 1993 2825 exemplum.
2013 2785 2125 2816 Homo
2140 2786 2261 2816 habens
2271 2786 2418 2817 habitum
2429 2786 2566 2818 iustitiae
2576 2791 2655 2819 tunc

1592 2830 1755 2860 actualiter
1777 2829 1912 2860 intendit
1927 2830 2058 2866 iustum,
2078 2829 2209 2870 quando
2225 2830 2388 2861 actualiter
2403 2830 2535 2862 attendit
2549 2829 2590 2862 ad
2604 2831 2654 2862 ius

1591 2873 1804 2910 reddendum;
1824 2879 1902 2904 tunc
1917 2883 1993 2904 vero
2009 2874 2210 2905 habitualiter
2220 2873 2357 2905 intendit
2370 2874 2500 2910 iustum,
2513 2883 2590 2906 cum
2604 2884 2654 2906 re-

1591 2917 1671 2948 tinet
1693 2918 1837 2948 habitum
1859 2918 2007 2954 iustitiae,
2032 2919 2128 2949 etiam
2151 2918 2177 2948 si
2198 2917 2352 2954 dormiat3
2375 2923 2453 2949 tune
2469 2923 2576 2949 autem
2591 2919 2653 2950 vir-

1591 2962 1716 2993 tualiter
1738 2961 1874 2993 intendit
1895 2963 2026 2999 iustum,
2050 2961 2129 2993 dum
2148 2967 2240 2992 vacat
2255 2961 2386 3003 quidem
2401 2961 2564 2993 reddendo
2579 2963 2651 2999 iuri,

1589 3012 1668 3047 puta
1687 3007 1762 3047 quia
1785 3006 1873 3037 sedet
1895 3006 1936 3037 ad
1957 3006 2095 3047 tribunal
2117 3011 2154 3037 ut
2175 3005 2270 3036 faciat
2290 3006 2373 3036 sicut
2395 3007 2571 3043 consuevit,
2594 3016 2652 3038 seu

1590 3051 1704 3082 iudicis
1727 3050 1888 3087 officium,
1917 3056 1949 3081 et
1970 3050 2051 3081 nihil
2076 3050 2116 3081 de
2138 3051 2207 3081 iure
2230 3050 2364 3090 cogitat,
2391 3049 2448 3081 sed
2469 3059 2560 3082 mens
2582 3051 2652 3083 eius

1591 3101 1740 3135 evagatur
1762 3094 1803 3125 ad
1825 3095 2069 3135 impertinentia.
2093 3094 2140 3124 Ita
2161 3093 2260 3134 quod,
2285 3094 2381 3125 etiam
2398 3095 2508 3126 sinon
2522 3095 2652 3127 haberet

1589 3140 1735 3170 habitum
1757 3139 1904 3175 iustitiae,
1929 3148 1967 3169 ex
1989 3138 2060 3169 solo
2083 3138 2147 3169 hoc
2170 3137 2260 3178 quod
2282 3138 2404 3169 accedit
2418 3137 2459 3169 ad
2472 3138 2586 3170 iudicis
2602 3138 2651 3171 of·

1590 3183 1701 3214 ficium
1724 3182 1906 3213 faciendum
1927 3182 1962 3213 in
1980 3182 2130 3213 omnibus
2154 3191 2236 3222 quae
2257 3187 2382 3213 exercet
2395 3182 2529 3219 iudiciis,
2549 3192 2651 3224 quan-

1590 3233 1802 3267 tumcumque
1826 3231 1984 3267 evagetur,
2012 3235 2138 3266 semper
2159 3226 2296 3257 intendit
2317 3227 2437 3257 iustum
2459 3227 2648 3258 virtualiter:

1591 3281 1628 3301 ea
1650 3271 1782 3307 ratione,
1808 3271 1883 3311 quia
1905 3279 2031 3310 semper
2052 3276 2231 3310 perseverat
2252 3271 2300 3301 vis
2315 3271 2436 3311 primae
2452 3271 2649 3309 intentionis,
2674 3276 2679 3282 ·

1590 3324 1654 3355 qua
1672 3316 1777 3355 primo
1792 3315 1963 3355 proposuit
1976 3313 2079 3344 facere
2094 3313 2208 3345 iudicis
2223 3313 2378 3346 officium.
2401 3315 2442 3346 Et
2463 3315 2650 3347 huiusmodi

1589 3359 1723 3390 intentio
1753 3369 1822 3390 non
1844 3358 2096 3390 irrationabiliter
2118 3364 2251 3390 vocatur
2273 3359 2459 3396 habitualis,
2491 3361 2567 3400 quia
2592 3369 2650 3400 per

1589 3403 1725 3434 modum
1747 3403 1872 3434 habitus
1894 3408 2088 3443 perseverat:
2112 3412 2188 3434 nam
2211 3408 2242 3434 et
2257 3402 2436 3434 dormiente
2453 3409 2484 3435 et
2499 3404 2647 3435 distracto

1589 3447 1730 3484 homine,
1743 3451 1942 3487 'pei-severat.

1644 3491 1685 3521 Et
1706 3491 1785 3521 haec
1808 3496 1855 3521 est
1885 3499 1966 3530 quae
1994 3490 2137 3522 sufficere
2169 3490 2283 3522 dicitur
2306 3490 2346 3522 ad
2368 3497 2571 3524 sacramenta.
2606 3492 2648 3524 Et

2692 1576 2703 1587 ·
2710 1575 2748 1597 Pe.
2755 1580 2835 1604 xxxix,
2843 1582 2903 1599 veru.

2686 2520 2697 2530 ·
2711 2518 2750 2541 Cf.
2762 2522 2813 2542 not.
2827 2526 2853 2546 η.
