2918 4088
0 535 8 556 ,·
61 529 72 540 ·
92 527 116 549 1⁸
136 527 198 554 11⁸⁸.
219 533 259 555 qu.

0 574 6 592 3
59 560 147 581 uxxn,
162 557 204 576 ιη.
220 561 238 576 ι.

30 1235 31 1238 ¹
56 1198 200 1283 &m
210 1205 271 1281 ᾗ

24 1319 258 1360 ¹‘Cilnium-ueta.

35 1378 127 1405 ‚²0¹⁸-
145 1378 289 1407 ibid-,Ans

951 227 1215 274 QUAESTIO
1244 226 1457 273 LXXXVI,
1486 224 1779 262 ARTICULUS
1807 226 1838 262 11

354 307 412 344 An
441 318 576 345 ptumum
604 319 702 344 ERGO
731 319 913 345 DICENDUM
942 306 1051 356 quod
1074 306 1113 343 in
1137 305 1266 355 pueris
1285 316 1366 342 non

302 367 358 396 est
385 359 457 396 nisi
484 367 688 408 peccatum
715 359 915 408 originale,
952 359 1060 408 quod
1088 371 1169 396 non
1197 357 1366 396 consistit

301 411 341 448 in
369 412 506 450 actuali
535 413 827 450 deordinatione
855 412 1078 459 voluntatis,
1108 412 1176 448 sed
1203 410 1243 448 in
1271 423 1366 460 qua-

301 465 394 502 dam
420 464 605 503 habituali
633 465 924 503 deordinatione
952 472 1132 511 naturae,
1161 471 1204 501 ut
1231 463 1270 500 in
1300 464 1366 500 Se-

300 518 430 555 cunda
457 519 568 555 Parte
592 519 612 541 *
639 519 816 556 habitum
852 526 918 555 est.
962 519 1010 555 Et
1041 517 1130 554 ideo
1164 516 1367 554 remittitur

301 570 354 608 eis
382 579 585 620 peccatum
614 584 705 609 cum
724 571 908 608 habituali
927 569 1195 607 immutatione
1222 581 1293 619 per
1311 569 1366 605 in-

299 623 494 662 fusionem
520 624 661 673 gratiae
690 632 727 662 et
753 624 959 671 virtutum,
994 635 1075 660 non
1107 630 1238 660 autem
1274 633 1366 659 cum

300 676 449 715 actuali.
481 677 559 715 Sed
587 677 718 715 adulto
746 677 787 714 in
806 689 885 726 quo
910 683 999 714 sunt
1018 675 1180 713 actualia
1198 682 1365 724 peccata,

300 742 401 780 quae
429 730 643 768 consistunt
674 730 715 767 in
744 728 1036 771 deordinatione
1063 727 1202 765 actuali
1229 729 1367 764 volun-

299 781 395 831 tatis,
416 795 496 820 non
515 782 761 820 remittuntur
778 789 947 832 peccata,
967 781 1083 819 etiam
1102 780 1142 818 in
1160 780 1366 830 baptismo,

2407 226 2482 274 309

1419 304 1500 341 sine
1526 303 1664 341 actuali
1684 303 1951 341 immutatione
1971 305 2196 342 voluntatis:
2227 305 2333 355 quod
2353 305 2396 342 fit
2415 317 2484 354 per

1419 364 1709 406 poenitentiam.

1472 411 1530 446 An
1562 421 1753 447 SECUNDUM
1785 421 1967 446 nmENDUM
2000 410 2108 458 quod
2137 410 2231 447 ratio
2261 410 2322 447 illa
2349 423 2483 460 proce-

1420 462 1474 499 dit
1505 462 1554 499 de
1586 462 1823 511 poenitentia
1863 462 2080 499 secundum
2121 463 2228 511 quod
2271 471 2325 500 est
2360 476 2483 500 sacra-

1420 523 1610 552 mentum.

1474 569 1530 605 An
1567 580 1727 606 TERTIUM
1763 580 1945 605 nicENDUM
1981 567 2088 617 quod
2124 567 2385 605 misericordia
2412 569 2484 605 Dei

1419 629 1476 658 est
1503 620 1660 658 maioris
1687 620 1835 658 virtutis
1870 633 1990 670 quarn
2018 620 2282 657 misericordia
2315 621 2484 658 hominis

1419 673 1460 711 in
1487 674 1584 721 hoc,
1618 674 1727 723 quod
1755 674 1934 711 immutat
1961 675 2201 710 voluntatem
2229 673 2399 710 hominis
2435 674 2483 712 ad

1419 726 1718 776 poenitendum:
1749 726 1857 776 quod
1884 726 2148 763 misericordia
2166 726 2335 763 hominis
2361 727 2484 763 facere

1420 792 1501 817 non
1528 787 1665 829 potest.

973 885 1308 918 Commentaria
1331 884 1585 918 Cardinalis
1608 884 1809 918 Caietani

329 985 350 1005 N
373 975 507 1006 articulo
531 974 674 1006 secundo
699 975 894 1015 quaestionis
918 975 1256 1015 octogesimaesextae,
1281 975 1364 1004 circa

302 987 424 1055 Iiuud,
452 1018 584 1060 Offensa
607 1019 728 1050 directe
751 1020 927 1060 opponitur
947 1019 1095 1061 gratiae,
1121 1024 1151 1050 et
1175 1019 1243 1050 eius
1266 1019 1362 1049 ratio-

297 1073 384 1100 nem,
395 1063 450 1094 Ex
467 1064 529 1094 hoc
543 1063 628 1094 enim
644 1063 764 1094 dicitur
778 1064 897 1104 aliquis
912 1064 1009 1094 alteri
1024 1073 1092 1094 esse
1107 1063 1259 1104 offensus,
1276 1062 1364 1104 quod

298 1108 426 1148 repellit
446 1117 519 1138 eum
541 1117 563 1138 a
583 1108 696 1150 gratia
718 1117 796 1143 sua,
827 1107 963 1139 dubium
990 1109 1137 1139 occurrit.
1173 1108 1260 1138 Tum
1287 1108 1364 1147 quia

298 1151 414 1182 falsum
441 1157 488 1182 est
511 1151 666 1182 offensam
693 1151 810 1183 directe
834 1153 958 1193 opponi
980 1153 1114 1193 gratiae:
1140 1161 1216 1182 cum
1243 1151 1364 1182 offensa

265 1216 271 1226 ,
298 1196 339 1226 sit
361 1197 395 1227 in
417 1196 593 1232 voluntate,
617 1197 715 1237 gratia
738 1201 860 1233 autem,
885 1196 1064 1227 seeundum
1086 1197 1263 1227 Auctorem
1279 1197 1306 1232 ἢ,
1329 1196 1364 1226 in

298 1241 435 1271 essentia
457 1241 591 1271 animae.
614 1240 691 1272 Non
714 1246 762 1271 est
783 1250 860 1281 ergo
884 1240 1002 1271 directe
1025 1241 1199 1281 oppositio,
1219 1241 1284 1271 sive
1299 1240 1363 1280 pri-

298 1285 402 1316 vativa
431 1285 498 1316 sive
521 1285 693 1316 contraria:
725 1294 801 1316 cum
830 1290 966 1325 utraque
996 1286 1136 1325 requirat
1164 1284 1364 1315 identitatem

298 1329 436 1365 subiecti
445 1330 500 1371 j„
522 1352 531 1355 ⁴

299 1370 443 1404 rsTuffi
457 1374 532 1414 quia
547 1372 662 1404 falsum
678 1378 726 1404 est
741 1373 831 1414 quod
846 1374 1016 1404 assumitur
1031 1383 1090 1414 pro
1106 1373 1230 1404 ratione
1241 1373 1268 1403 *.
1281 1373 1364 1403 Nam

300 1427 338 1448 ex
355 1422 446 1458 parte
461 1416 575 1448 offensi
597 1418 676 1448 haec
692 1417 768 1454 duo,
786 1417 906 1448 scilicet
922 1427 989 1448 esse
1005 1417 1166 1448 offensum
1182 1423 1213 1448 et
1228 1417 1364 1448 abiicere

299 1471 318 1492 a
339 1471 398 1492 sua
419 1462 517 1502 gratia
540 1461 773 1498 offendentem,
796 1471 857 1492 nec
880 1467 955 1492 sunt
976 1461 1078 1497 idem.
1101 1471 1162 1492 nec
1185 1461 1364 1492 secundum
1395 1491 1398 1494 .

299 1511 347 1537 eet
369 1506 449 1536 ratio
473 1506 582 1546 primi,
606 1505 662 1536 sed
683 1506 826 1546 primum
854 1515 888 1536 se
910 1506 1006 1536 habet
1031 1511 1068 1536 ut
1091 1515 1187 1536 causa
1213 1505 1362 1536 secundi:

271 1580 273 1582 .
298 1555 335 1581 ut
357 1555 445 1590 patet
467 1551 501 1581 in
525 1550 684 1590 exemplo.
718 1550 809 1580 Prius
837 1550 923 1580 enim
954 1549 1101 1580 offendor
1127 1550 1324 1580 contumelia
1347 1559 1365 1580 a

297 1594 404 1631 Petro,
429 1599 461 1625 et
483 1603 522 1625 ex
544 1594 604 1624 hac
627 1594 820 1625 denominor
843 1593 984 1624 offensus
1006 1594 1147 1634 passive;
1172 1593 1287 1624 deinde
1307 1603 1365 1633 per

297 1643 407 1670 actum
435 1639 586 1679 propriae
616 1638 790 1668 voluntatis
819 1647 911 1669 meae
941 1638 1056 1668 abiicio
1087 1638 1217 1668 Petrum
1247 1647 1267 1668 a
1291 1647 1364 1668 mea

297 1682 397 1724 gratia
419 1682 495 1722 quia
516 1682 605 1722 prius
628 1681 763 1712 offendit
780 1691 850 1712 me:
874 1682 931 1712 ubi
945 1681 1113 1712 manifeste
1136 1687 1224 1722 patet
1242 1691 1310 1712 non
1326 1691 1364 1712 ex

297 1725 362 1757 hoe
385 1725 448 1757 dici
469 1735 523 1756 me
546 1725 707 1756 offensum
730 1726 806 1766 quia
829 1726 944 1756 abiicio
959 1725 1090 1756 Petrum
1114 1735 1131 1756 a
1154 1735 1226 1755 mea
1248 1726 1362 1765 gratia;

297 1768 355 1802 sed
376 1779 395 1800 e
417 1774 538 1806 contra,
563 1769 729 1800 causaliter
750 1775 876 1806 tamen,
899 1769 974 1800 ideo
998 1779 1051 1800 me
1074 1769 1210 1800 abiicere
1233 1769 1364 1800 Petrum

296 1823 317 1845 a
337 1822 411 1845 mea
432 1814 532 1854 gratia
555 1814 631 1854 quia
653 1813 795 1844 offensus
818 1823 901 1844 sum.

353 1857 441 1889 Tum
456 1858 532 1899 quia
546 1858 626 1889 haec
641 1857 719 1894 duo,
735 1858 855 1889 scilicet
879 1867 947 1888 esse
971 1857 1131 1888 offensum
1147 1863 1179 1888 et
1194 1857 1329 1888 abiicere
1345 1868 1363 1888 a

297 1912 355 1934 sua
369 1903 467 1943 gratia
483 1901 710 1939 offendentem,
726 1911 795 1932 non
811 1907 885 1933 sunt
899 1902 1149 1943 inseparabiliter
1168 1911 1314 1932 connexa
1328 1903 1346 1919 ⁴*
1355 1913 1362 1932 :

297 1945 355 1978 sed
376 1951 437 1977 stat
459 1946 600 1987 aliquem
623 1956 692 1977 esse
715 1946 885 1983 offensum,
910 1952 942 1977 et
963 1952 1072 1977 tamen
1095 1956 1163 1977 non
1186 1946 1322 1977 abiicere
1346 1956 1364 1976 a

297 1999 356 2022 sua
377 1991 476 2032 gratia
498 1990 735 2027 offendentem;
759 1995 796 2021 ut
818 2000 913 2031 saepe
936 1991 1122 2031 contingere
1137 1990 1263 2021 videtur
1281 1991 1364 2021 inter

297 2035 403 2066 virum
418 2041 451 2066 et
463 2044 600 2066 uxorem
622 2034 808 2071 adulteram,
825 2045 883 2066 seu
905 2035 987 2066 inter
1010 2041 1134 2075 patrem
1150 2039 1181 2065 et
1195 2034 1300 2066 filium
1314 2036 1364 2065 in-

297 2085 440 2120 graturm
464 2079 578 2110 offensi
594 2080 682 2110 enim
695 2080 834 2110 retinent
856 2079 961 2110 adhuc
984 2089 1119 2110 uxorem
1138 2089 1196 2110 seu
1210 2078 1314 2110 filium
1330 2080 1363 2109 in

297 2133 356 2156 sua
369 2124 478 2164 gratia.
501 2124 579 2155 Ruit
602 2133 679 2164 ergo
701 2123 949 2154 fundamentum
963 2124 1027 2154 hoc
1043 2124 1078 2154 in
1091 2123 1194 2154 littera
1209 2124 1362 2163 positum.

353 2168 391 2199 11.
414 2167 467 2199 Ad
488 2168 552 2198 hoc
576 2167 692 2199 dicitur
715 2167 805 2208 quod
828 2167 950 2198 offensa
971 2173 1078 2208 potest
1101 2167 1270 2208 dupliciter
1286 2177 1364 2198 con-

297 2211 436 2243 siderari.
469 2211 597 2248 Primo,
625 2221 663 2243 ex
686 2218 775 2252 parte
798 2217 887 2242 actus
911 2221 977 2252 quo
1001 2211 1135 2242 infertur
1157 2211 1289 2242 offensa.
1324 2212 1365 2242 Et

297 2257 344 2287 sic
367 2255 489 2287 offensa
519 2255 637 2287 directe
661 2257 838 2297 opponitur
867 2257 1002 2287 caritatis
1025 2255 1207 2286 rectitudini
1233 2257 1267 2286 in
1290 2261 1364 2287 actu

298 2299 439 2332 debitae:
465 2305 512 2331 est
535 2301 621 2331 enim
643 2299 826 2331 deformitas
845 2306 933 2331 actus
956 2301 1083 2341 privans
1098 2300 1296 2340 perfectione
1313 2310 1364 2331 ca-

297 2345 430 2376 ritativa.
453 2362 475 2368 -
497 2345 573 2375 Alio
589 2344 700 2381 modo,
725 2354 763 2375 ex
781 2350 870 2386 parte
886 2345 1046 2385 suppositi
1061 2344 1267 2375 offendentis:
1291 2355 1363 2385 per-

297 2398 378 2420 sona
401 2389 488 2420 enim
507 2394 558 2425 est
581 2398 664 2429 quae
687 2389 793 2429 primo
818 2388 968 2426 offendit3
993 2394 1082 2420 aetus
1098 2394 1207 2420 autem
1231 2398 1297 2429 quo
1314 2388 1364 2419 of-

297 2431 400 2465 fendit
429 2426 535 2474 quasi*
549 2434 798 2464 instrumentum
828 2443 984 2474 personae
1008 2439 1064 2464 est.
1099 2433 1141 2464 Et
1167 2434 1212 2463 sic
1234 2434 1363 2473 proprie

298 2482 332 2508 et
353 2476 529 2508 formaliter
551 2477 770 2508 consideratur
788 2477 919 2508 offensa.
955 2477 996 2508 Et
1019 2478 1063 2508 sic
1094 2477 1216 2508 offensa
1246 2477 1363 2508 directe

299 2521 478 2562 opponitur
499 2521 626 2562 gratiae,
650 2521 852 2552 demeritorie
874 2527 992 2552 tamen.
1016 2522 1100 2552 Nam
1124 2521 1300 2558 offendens,
1323 2531 1362 2552 eo

298 2565 372 2605 ipso
387 2565 478 2605 quod
493 2564 637 2601 offendit,
654 2565 844 2603 demeretur,
862 2571 903 2603 et,
920 2571 1078 2606 quantum
1093 2566 1127 2596 in
1139 2576 1173 2596 se
1189 2571 1245 2602 est,
1262 2567 1364 2606 privat

298 2618 335 2640 se
356 2609 456 2649 gratia
473 2610 541 2640 eius
565 2618 664 2649 quem
679 2609 822 2640 offendit.
846 2609 950 2647 Unde,
968 2611 1044 2651 quia
1062 2609 1239 2647 offendens,
1256 2616 1292 2641 ut
1307 2611 1362 2647 sic,

301 2658 459 2694 quantum
481 2653 515 2684 in
538 2663 572 2684 se
595 2659 642 2684 est
665 2654 771 2684 abiicit
794 2664 812 2684 a
834 2663 867 2684 se
890 2655 1022 2694 gratiam
1045 2654 1175 2690 offensi,
1208 2660 1294 2685 recte
1317 2654 1364 2685 di-

300 2697 384 2728 citur
413 2696 504 2738 quod
537 2696 658 2729 offensa
688 2697 806 2729 directe
836 2699 953 2738 gratiae
976 2699 1167 2740 opponitur,
1198 2699 1362 2739 privative,

299 2740 513 2772 demeritorie.
536 2759 559 2763 —
581 2741 645 2772 Ubi
668 2742 764 2772 etiam
785 2741 893 2772 videre
915 2747 1008 2783 potes
1031 2743 1143 2773 salvari
1165 2742 1364 2774 identitatem

299 2785 435 2816 subiecti
458 2786 553 2826 primi
576 2785 774 2816 denominati
796 2791 862 2816 tam
885 2796 903 2816 a
925 2787 1023 2826 gratia
1046 2796 1144 2827 quam
1167 2787 1206 2816 ab
1225 2786 1363 2818 offensa:

299 2839 376 2860 nam
405 2839 543 2870 persona
576 2835 622 2860 est
652 2839 735 2870 quae
764 2831 870 2870 primo
901 2830 1050 2866 offendit,
1085 2836 1116 2861 et
1146 2840 1228 2871 quae
1258 2831 1364 2871 primo

298 2879 387 2914 grata
410 2879 467 2904 est.

355 2917 408 2949 Ad
429 2917 610 2949 secundum
632 2928 709 2949 vero
733 2918 848 2949 dicitur
870 2918 960 2959 quod
982 2918 1128 2958 procedit
1151 2928 1190 2949 ex
1211 2919 1298 2950 malo
1316 2920 1365 2949 in-

299 2961 431 2994 tellectu
453 2962 584 2993 litterae.
608 2962 708 2993 Aliud
731 2968 777 2993 est
793 2963 889 2999 enim,
906 2962 1080 2993 formaliter
1094 2963 1271 3003 loquendo,
1297 2973 1365 2994 esse

300 3005 462 3037 offensum
485 3007 524 3036 ab
548 3007 676 3047 aliquo:
702 3012 733 3037 et
749 3006 835 3037 aliud
851 3012 906 3042 est,
931 3007 1014 3037 ultra
1035 3007 1099 3037 hoc
1122 3006 1212 3047 quod
1235 3012 1282 3037 est
1297 3017 1365 3038 esse

300 3050 472 3087 offensum,
497 3051 613 3081 habere
636 3060 670 3081 se
693 3057 729 3081 ut
752 3051 922 3082 offensum.
957 3051 1101 3081 Primum
1124 3052 1221 3087 enim,
1245 3051 1366 3082 scilicet

300 3103 370 3125 esse
393 3094 564 3132 offensum,
587 3095 668 3125 nihil
690 3095 784 3135 ponit
806 3101 861 3126 aut
883 3095 967 3125 tollit
982 3096 1017 3125 in
1033 3094 1168 3131 offenso,
1192 3094 1248 3126 sed
1263 3095 1365 3126 solam

301 3137 616 3170 denominationem:
648 3139 828 3170 secundum
858 3145 966 3170 autem
993 3139 1079 3170 addit
1102 3145 1210 3171 actum
1233 3148 1300 3179 quo
1331 3149 1365 3170 se

301 3182 397 3214 habet
414 3189 451 3214 ut
466 3182 617 3214 offensus.
642 3183 849 3215 Obiectiones
864 3184 959 3224 igitur
975 3183 1118 3214 secundo
1135 3189 1166 3214 et
1181 3184 1274 3214 tertio
1290 3184 1365 3214 loco

301 3225 451 3258 inductae
473 3233 666 3268 acceperunt
685 3238 752 3259 esse
769 3228 928 3259 offensum
951 3227 1060 3268 quoad
1082 3229 1240 3268 primum:
1264 3228 1366 3258 littera

301 3279 379 3301 vero
402 3268 502 3302 utitur
525 3281 593 3302 esse
616 3281 674 3303 seu
697 3272 759 3303 dici
782 3272 942 3303 offensum
966 3271 1075 3312 quoad
1098 3277 1282 3312 utrumque,
1306 3273 1365 3302 sci-

302 3314 377 3346 licet
400 3319 432 3346 et
446 3315 486 3346 ad
502 3325 569 3346 esse
585 3315 745 3347 offensum
769 3322 800 3347 et
823 3316 931 3357 quoad
954 3317 1070 3347 habere
1093 3326 1126 3347 se
1142 3321 1179 3347 ut
1194 3316 1364 3347 offensum.

303 3359 439 3390 Constat
462 3365 570 3390 autem
594 3360 683 3400 quod
705 3361 739 3391 in
762 3361 826 3391 hoc
850 3361 994 3391 consistit
1017 3360 1177 3391 offensum
1200 3361 1315 3391 habere
1332 3370 1364 3391 se

302 3409 339 3434 ut
362 3402 531 3440 offensum,
557 3404 646 3444 quod
665 3405 771 3436 abiicit
786 3416 803 3436 a
819 3415 875 3435 sua
890 3406 989 3445 gratia
1005 3404 1239 3435 offendentem:
1265 3414 1366 3445 quan-

302 3453 516 3488 tumcumque
540 3448 626 3479 enim
649 3447 790 3480 offensus
814 3450 885 3490 quis
909 3450 957 3484 sit,
981 3450 1042 3480 nisi
1061 3450 1186 3480 abiiciat
1201 3448 1366 3480 offenden-

1258 3527 1310 3534 w

1416 979 1483 1004 tem
1507 984 1524 1004 a
1547 984 1604 1004 sua
1627 974 1741 1014 gratia,
1773 983 1841 1004 non
1868 983 1901 1004 se
1924 974 2020 1004 habet
2049 979 2086 1004 ut
2109 973 2260 1004 offensus.
2295 973 2336 1004 Et
2359 973 2399 1004 ad
2421 974 2485 1004 hoc

1417 1018 1500 1049 forte
1521 1018 1742 1049 denotandum
1758 1019 1922 1058 usurpavit
1936 1019 2060 1048 Auctor
2075 1028 2194 1048 novam
2210 1018 2484 1049 constructionem

1417 1062 1710 1102 grammaticaliter,
1735 1062 1859 1098 dicem,
1891 1063 2049 1103 offensum
2077 1063 2174 1093 alteri
2203 1062 2342 1093 abiicere
2369 1072 2440 1093 eum
2464 1072 2485 1093 a

1417 1117 1478 1138 sua
1493 1107 1624 1148 gratia:
1647 1106 1784 1138 dicendo
1802 1107 1945 1148 offensus
1960 1107 2064 1142 alteri,
2089 1107 2222 1147 intelligi
2237 1107 2349 1143 voluit,
2365 1107 2485 1138 habens

1417 1161 1452 1182 se
1475 1156 1511 1182 ut
1534 1151 1693 1192 offensum
1717 1151 1760 1182 ad
1782 1151 1931 1182 alterum.
1956 1151 1997 1181 Et
2019 1151 2106 1181 iuxta
2129 1151 2216 1182 hunc
2239 1160 2369 1182 sensum
2391 1151 2484 1182 intel-

1417 1196 1499 1226 lecta
1522 1195 1624 1226 littera
1647 1205 1760 1227 omnes
1784 1195 1924 1226 excludit
1947 1196 2163 1226 obiectiones:
2193 1196 2347 1236 quoniam
2371 1205 2484 1226 omnes

1418 1240 1452 1270 in
1476 1240 1656 1280 aequivoco
1680 1240 1835 1270 laborant.

1474 1284 1515 1314 Et
1530 1294 1568 1314 ex
1584 1285 1648 1315 hoc
1663 1293 1759 1314 sensu
1782 1289 1869 1324 patet
1886 1284 1966 1314 ratio
1983 1284 2152 1314 solutionis
2171 1283 2211 1314 ad
2225 1285 2376 1324 primum.
2400 1284 2484 1314 Nam

1419 1328 1551 1364 offensa,
1568 1333 1604 1358 ut
1620 1329 1675 1364 sic,
1691 1333 1832 1359 meretur
1854 1333 1890 1358 ut
1913 1327 2055 1358 offensus
2078 1337 2111 1358 se
2134 1328 2249 1359 habeat
2271 1334 2308 1358 ut
2331 1327 2483 1359 offensus.

1419 1372 1519 1411 Quod
1541 1372 1621 1403 nihil
1644 1372 1730 1402 aliud
1754 1378 1800 1402 est
1830 1381 1929 1412 quam
1953 1371 2043 1412 quod
2065 1371 2207 1403 offensus
2233 1372 2365 1413 repellat
2387 1382 2405 1403 a
2427 1382 2485 1403 sua

1418 1417 1517 1457 gratia
1544 1416 1772 1447 offendentem.

1474 1461 1526 1491 111.
1551 1461 1586 1491 In
1610 1460 1726 1491 eodem
1750 1460 1900 1496 articulo,
1933 1459 2060 1490 adverte
2088 1459 2178 1500 quod
2201 1460 2370 1500 dupliciter
2392 1460 2485 1501 loqui

1418 1514 1592 1545 possumus
1616 1504 1656 1535 de
1678 1504 1822 1544 possibili
1838 1514 1896 1535 seu
1914 1504 2103 1545 impossibili
2121 1505 2155 1534 in
2170 1505 2230 1535 hac
2245 1505 2386 1540 materia,
2406 1504 2484 1535 dum

1418 1549 1534 1580 dicitur
1557 1548 1647 1589 quod
1671 1549 1865 1588 impossibile
1887 1554 1935 1579 est
1958 1554 2128 1589 peccatum
2151 1549 2252 1579 alicui
2274 1549 2394 1579 remitti
2415 1549 2485 1579 sine

1412 1593 1634 1633 poenitentiae
1657 1593 1787 1628 virtute,
1813 1599 1844 1623 et
1866 1593 2010 1623 similiter
2033 1592 2123 1632 quod
2145 1602 2210 1623 non
2228 1598 2338 1633 potest
2359 1594 2484 1623 contin-

1416 1647 1497 1678 gere
1519 1637 1607 1678 quod
1627 1637 1718 1667 Deus
1741 1637 1883 1667 remittat
1899 1637 2056 1678 offensam
2071 1637 2173 1667 alicui
2195 1637 2313 1677 absque
2336 1637 2485 1667 immuta-

1418 1681 1506 1711 tione
1529 1681 1706 1712 voluntatis
1729 1681 1818 1711 eius.-
1847 1681 1899 1711 vel
1926 1680 1965 1711 de
1987 1681 2131 1721 possibili
2165 1680 2484 1721 secundumpoten-

1418 1725 1495 1755 tiam
1519 1724 1728 1761 ordinariam;
1752 1725 1802 1755 vel
1819 1724 1858 1755 de
1874 1725 2018 1765 possibili
2040 1724 2220 1755 secundum
2235 1725 2414 1765 potentiam
2431 1726 2485 1755 ab·

1418 1769 1567 1799 solutam.
1602 1769 1644 1799 Et
1670 1770 1695 1799 si
1723 1768 1855 1808 quidem
1878 1770 1918 1798 sit
1940 1778 2046 1799 sermo
2070 1768 2110 1799 de
2133 1769 2276 1809 possibili
2306 1768 2485 1799 secundum

1417 1814 1596 1853 potentiam
1619 1812 1821 1849 ordinariam,
1846 1813 1935 1843 nulla
1949 1813 2140 1852 relinquitur
2155 1812 2347 1843 difficultatis
2363 1813 2486 1844 diversa

1419 1858 1548 1897 opinio:
1573 1866 1687 1888 omnes
1710 1858 1797 1891 enim
1821 1856 1957 1888 fatemur
1980 1856 2070 1897 quod
2092 1857 2148 1897 qui
2170 1857 2293 1888 creavit
2316 1862 2346 1888 te
2359 1858 2430 1888 sine
2445 1862 2484 1894 te,

1419 1911 1484 1932 non
1507 1901 1647 1932 salvabit
1668 1906 1698 1932 te
1720 1902 1790 1932 sine
1815 1906 1844 1932 te
1859 1902 1886 1931 ’ἃ

1473 1945 1536 1977 Sed
1559 1947 1585 1976 si
1608 1945 1648 1976 de
1670 1946 1815 1986 possibili
1838 1946 1983 1976 absolute
1999 1946 2039 1975 sit
2054 1955 2170 1982 sermo,
2195 1946 2318 1976 accedit
2340 1947 2485 1986 quaestio

1418 2000 1494 2020 cum
1517 1990 1634 2026 Sc0t0‚
1665 1995 1796 2021 tractata
1825 2000 1844 2020 a
1873 1990 1967 2020 nobis
1998 1991 2144 2030 superius
2175 1991 2209 2020 in
2237 1990 2485 2021 Commentariis

1417 2044 1513 2075 super
1535 2035 1675 2065 Primam
1698 2033 1875 2070 Secundae,
1893 2043 1947 2074 qu.
1965 2044 2048 2070 cxm,
2070 2040 2126 2065 art.
2145 2044 2162 2064 2
2185 2035 2211 2065 ’ἦ
2236 2034 2278 2065 Et
2300 2034 2374 2065 ideo
2398 2044 2486 2065 nunc

1416 2078 1624 2119 repetendam
1643 2079 1726 2109 hanc
1741 2078 1961 2109 difficultatem
1976 2088 2044 2109 non
2059 2084 2155 2119 puto:
2179 2078 2235 2109 sed
2250 2088 2311 2119 pro
2327 2079 2486 2119 praesenti

1417 2121 1586 2163 proposito
1610 2122 1726 2154 sufficit
1748 2122 1910 2153 verificare
1934 2133 1971 2153 ea
1994 2132 2077 2163 quae
2097 2124 2131 2154 in
2146 2123 2250 2154 littera
2264 2122 2414 2154 dicuntur
2437 2133 2485 2154 se-

1418 2167 1562 2198 cundum
1587 2167 1740 2207 possibile
1763 2167 1815 2197 vel
1841 2167 2039 2207 impossibile
2070 2177 2170 2208 penes
2197 2168 2376 2208 potentiam
2400 2167 2486 2198 ordi-

1417 2212 1549 2242 nariam.

1474 2256 1526 2286 IV.
1552 2256 1587 2287 ln
1611 2255 1728 2286 eodem
1751 2256 1895 2292 articulo,
1914 2261 1945 2286 et
1964 2255 2141 2296 specialiter
2163 2256 2197 2286 in
2219 2256 2430 2296 responsione
2446 2255 2486 2286 ad

1417 2301 1569 2340 primum,
1592 2309 1652 2340 pro
1677 2305 1799 2340 quanto
1822 2299 1862 2330 ad
1885 2309 2018 2330 omnem
2040 2300 2262 2330 remissionem
2276 2306 2485 2340 peccatorum

1418 2344 1591 2375 actualium
1622 2344 1752 2375 actualis
1781 2345 1963 2375 immutatio
1986 2344 2159 2374 voluntatis
2183 2354 2377 2374 concurrens
2400 2345 2485 2375 attri-

1417 2389 1526 2419 buitur
1547 2389 1766 2429 poenitentiae
1790 2389 1885 2419 etiam
1907 2389 1942 2418 in
1964 2388 2141 2428 baptismo,
2168 2388 2304 2419 dubium
2328 2390 2484 2426 occurrit,

1418 2433 1575 2473 quoniam
1598 2433 1714 2463 falsum
1737 2433 1801 2463 hoc
1823 2432 1958 2463 videtur.
1982 2433 2068 2471 Quia
2091 2434 2295 2473 propositum
2319 2433 2484 2470 emendae,

1416 2478 1450 2508 in
1474 2487 1539 2518 qua
1561 2478 1641 2507 ratio
1664 2476 1806 2507 formalis
1822 2477 2038 2517 poenitentiae
2054 2476 2169 2508 dicitur
2185 2478 2358 2508 consistere
2373 2478 2400 2514 *‚
2417 2487 2484 2508 non

1416 2522 1512 2552 habet
1534 2521 1645 2552 locum
1674 2522 1709 2551 in
1732 2521 1842 2552 adulto
1874 2527 2093 2562 consequente
2116 2531 2174 2562 per
2196 2522 2393 2562 baptismum
2415 2522 2484 2562 ple—

1417 2575 1492 2596 nam
1515 2566 1739 2596 remissionem
1757 2566 1906 2596 omnium
1920 2571 2146 2606 peccatorum:
2172 2566 2338 2606 quoniam,
2354 2571 2391 2596 ut
2406 2566 2484 2596 Am-

1416 2611 1541 2641 brosius
1565 2610 1677 2640 docuit
1694 2611 1728 2646 ³²,
1752 2610 1927 2650 baptismus
1955 2611 2064 2641 omnia
2088 2610 2267 2646 condonat,
2297 2610 2485 2651 nullumque

1418 2655 1549 2691 luctum,
1567 2660 1639 2691 etca,
1664 2654 1810 2695 requirit.

1472 2698 1524 2730 Ad
1545 2699 1610 2729 hoc
1633 2698 1749 2729 dicitur
1771 2698 1862 2739 quod
1884 2699 2061 2739 baptismus
2083 2708 2152 2729 non
2167 2700 2410 2739 praesupponit,
2427 2698 2483 2729 sed

1417 2742 1506 2774 affert
1529 2752 1640 2774 secum
1663 2748 1771 2774 actum
1793 2743 2011 2783 poenitentiae
2030 2743 2154 2774 virtutis
2177 2742 2366 2783 perfectum.
2391 2743 2484 2781 Quo-

1417 2788 1515 2823 niam,
1539 2787 1622 2817 sicut
1644 2787 1820 2827 baptismus
1844 2787 1936 2817 datur
1958 2788 1992 2817 in
2014 2787 2237 2818 remissionem
2260 2792 2482 2827 peccatorum,

1417 2832 1460 2861 ita
1484 2832 1540 2871 qui
1563 2831 1741 2871 baptizatur
1763 2832 1895 2871 suscipit
1917 2831 2009 2861 illum
2032 2832 2066 2861 in
2088 2832 2310 2861 remissionem
2333 2837 2483 2871 peccato-

1417 2885 1506 2906 rum:
1532 2885 1569 2905 ac
1584 2884 1642 2915 per
1656 2875 1730 2911 hoc,
1746 2875 1781 2905 in
1795 2875 1865 2915 ipsa
1881 2876 2085 2915 susceptione
2101 2875 2259 2915 baptismi,
2283 2874 2482 2905 subiiciendo

1417 2929 1451 2950 se
1473 2919 1529 2955 illi,
1554 2925 1586 2949 et
1608 2918 1724 2949 fatetur
1747 2928 1781 2949 se
1803 2928 1963 2958 peccasse,
1988 2924 2020 2949 et
2042 2918 2214 2949 detestatur
2229 2919 2369 2959 priorem
2385 2919 2483 2949 vitam

1417 2962 1588 2994 moriendo
1611 2962 1667 2998 illi,
1692 2968 1723 2993 et
1745 2963 1873 2993 subiicit
1895 2973 1928 2993 se
1952 2963 2023 2994 Deo
2046 2968 2083 2993 ut
2106 2972 2229 2992 novum
2246 2962 2363 2993 Christi
2380 2972 2482 2993 mem-

1418 3007 1521 3037 brum.
1545 3007 1587 3037 Et
1610 3007 1686 3046 quia
1707 3007 1771 3037 hoc
1794 3011 1900 3037 totum
1923 3006 2011 3046 eligit
2033 3007 2067 3036 in
2089 3007 2311 3037 remissionem
2333 3012 2482 3047 peccato-

1417 3060 1500 3086 rum,
1525 3049 1687 3081 evidenter
1709 3055 1834 3080 constat
1849 3051 2039 3080 intervenire
2054 3051 2088 3080 in
2103 3051 2262 3090 baptismo
2277 3051 2482 3090 propositum

1419 3094 1583 3131 emendae,
1607 3104 1675 3124 non
1698 3093 1833 3131 futurae,
1850 3094 1906 3125 sed
1920 3095 2103 3134 praesentis,
2121 3104 2204 3134 quae
2219 3095 2319 3134 magis
2334 3094 2482 3126 voluntas

1419 3149 1455 3169 ac
1478 3139 1593 3169 electio
1617 3137 1771 3169 emendae
1794 3138 1929 3169 dicenda
1951 3144 2014 3169 est:
2039 3139 2154 3179 eligere
2177 3138 2336 3178 siquidem
2354 3139 2433 3169 haec
2449 3140 2482 3170 in

1418 3183 1639 3214 remissionem
1662 3188 1870 3222 peccatorum
1889 3188 1936 3213 est
1952 3183 2067 3223 eligere
2083 3182 2253 3213 emendam
2268 3192 2327 3222 pro
2344 3184 2482 3222 peccatis

1420 3226 1528 3267 quoad
1551 3227 1679 3267 culpam
1711 3232 1742 3257 et
1765 3226 1874 3266 quoad
1902 3236 2044 3267 poenam
2073 3227 2195 3257 ratione
2226 3227 2305 3257 tanti
2335 3226 2483 3258 beneficii

1419 3277 1576 3311 quantum
1600 3276 1647 3301 est
1669 3271 1835 3311 baptisma.
1869 3271 1945 3301 Non
1968 3271 2063 3312 igitur
2093 3276 2140 3301 est
2161 3270 2405 3311 intelligendum
2427 3272 2483 3302 ba—

1419 3316 1574 3356 ptismum
1605 3315 1714 3345 omnia
1744 3315 1928 3345 condonare
1962 3316 2006 3346 sic
2034 3314 2123 3355 quod
2153 3315 2280 3345 nullum
2311 3321 2419 3345 actum
2449 3317 2481 3346 in

1420 3359 1529 3390 adulto
1553 3359 1707 3399 requirat:
1743 3359 1798 3389 sed
1824 3360 1869 3389 sic
1900 3358 1990 3399 quod
2022 3365 2224 3400 opportunos
2254 3365 2342 3389 actus
2372 3369 2482 3390 secum

1420 3403 1525 3438 affert,
1555 3413 1616 3434 nec
1644 3409 1716 3443 eget
1739 3403 1934 3434 adminiculo
1962 3403 2078 3434 alieno.
2116 3403 2158 3434 Et
2187 3404 2239 3434 hic
2267 3409 2313 3433 est
2340 3405 2482 3444 optimus

1420 3447 1536 3479 modus
1560 3448 1669 3478 omnia
1692 3447 1908 3478 condonandi.

2513 1913 2523 1923 ·
2546 1912 2583 1932 Au
2602 1927 2607 1933 .
2637 1911 2711 1933 serm.

2513 1937 2585 1960 CLXI
2613 1954 2619 1961 .
2635 1938 2664 1960 al.
2684 1938 2713 1959 de

2517 1964 2581 1986 Verb.
2605 1965 2711 1992 Apostol.

2512 1991 2565 2016 XV.
2580 1997 2631 2018 cap.
2646 1997 2678 2013 ιιι.

2513 2041 2524 2051 ·
2543 2041 2637 2062 Comm.
2660 2045 2725 2061 num.

2512 2072 2550 2088 viu
2566 2072 2618 2094 sqq.

2511 2484 2522 2494 '
2537 2483 2574 2505 Cf.
2590 2489 2629 2511 qu.
2640 2489 2724 2509 Lxxxv,

2512 2513 2554 2532 art.
2570 2515 2589 2536 2,
2604 2516 2624 2539 3.
2711 2524 2713 2526 -

2511 2614 2522 2625 ·
2546 2613 2675 2635 Comment.
2700 2613 2724 2634 in

2511 2639 2554 2688 Εέ.
2579 2639 2613 2661 ad
2639 2640 2721 2665 Rom.,

2511 2673 2524 2688 a
2555 2672 2581 2687 cn
2600 2672 2648 2689 .x1.
2663 2672 2724 2687 vers.

2510 2673 2646 2741 ffffissr{2{“
2661 2693 2723 2720 ⁰⁹⁹·
