2918 4088
961 146 1223 193 QUAESTIO
1252 144 1461 192 LXXXIII,
1491 143 1783 180 ARTICULUS
1811 143 1860 179 VI

2424 144 2499 181 283

1133 278 1451 321 ARTICULUS
1481 276 1690 319 SEXTUS

500 382 657 413 UTRUM
681 382 830 413 POSSIT
854 381 1168 414 SUFFICIENTER
1192 379 1385 411 OCCURRI
1408 378 1681 410 DEFECTIBUS
1705 379 1780 417 QUI
1805 378 1937 410 CIRCA
1961 379 2333 410 CELEBRATIONEM

636 427 770 458 HUIUS
793 426 1073 458 SACRAMENTI
1098 423 1380 459 OCCURRUNT,
1405 423 1613 454 STATUTA
1636 423 1878 454 ECCLESIAE
1903 423 2194 454 OBSERVANDO

1012 515 1046 539 lV
1065 514 1148 542 Sent„
1169 513 1227 538 dist.
1246 520 1280 542 ιι,
1299 512 1396 545 Expos.
1415 512 1477 542 litt.;
1498 512 1556 538 dist.
1575 519 1628 542 1111,
1649 512 1744 544 Expos.
1764 513 1811 538 litt.

346 622 509 717 eci
533 600 1386 707 ¹305?{332151iuzi‘zissssssssfflssffimiissgfi

340 692 606 759 ·5“v4‘⁶?‚‘bus
634 710 702 759 qui
729 709 828 747 circa
856 708 1152 745 celebrationem
1184 706 1300 743 huius
1329 718 1386 743 sa-

339 742 354 771 i
377 740 475 797 (²⁴33)
490 758 521 801 N
533 762 717 800 eramenti
759 769 981 806 occurrunt,
1019 768 1156 798 statuta
1193 758 1385 796 Ecclesiae

323 816 580 854 observando.
611 815 804 863 Contingit
823 814 927 851 enim
947 814 1184 863 quandoque
1203 812 1310 862 quod
1330 824 1387 848 sa-

323 869 476 915 cerdos,
505 876 592 905 ante
625 867 954 905 consecrationem
991 868 1052 904 vel
1088 874 1192 916 post,
1225 865 1388 902 moritur

321 923 384 959 vel
411 921 607 968 alienatur,
636 922 698 958 vel
729 920 857 970 aliqua
885 920 957 958 alia
984 919 1203 956 infirmitate
1230 930 1386 968 praepe-

322 974 424 1012 ditur
443 980 460 996 ‘²
488 986 536 1011 ne
557 981 839 1012 sacramentum
861 985 1014 1010 sumere
1035 972 1156 1022 possit
1174 980 1210 1008 et
1229 971 1387 1009 missam

320 1027 517 1078 perficere.
547 1028 649 1076 Ergo
677 1027 830 1064 videtur
856 1027 964 1075 quod
992 1038 1073 1063 non
1100 1025 1220 1075 possit
1238 1024 1387 1074 impleri

322 1087 506 1118 statutum
535 1080 726 1117 Ecclesiae
764 1092 843 1129 quo
872 1079 1104 1129 praecipitur
1130 1078 1238 1128 quod
1266 1090 1388 1115 sacer-

321 1134 394 1171 dos
420 1145 650 1171 consecrans
677 1145 749 1170 suo
777 1132 964 1170 sacrificio
992 1131 1253 1170 communicet
1271 1131 1302 1168 ²¹².

377 1198 412 1223 2.
443 1187 681 1233 PRAETEREA,
711 1186 893 1234 contingit
927 1186 1163 1235 quandoque
1196 1185 1304 1234 quod
1332 1196 1387 1220 sa-

322 1239 469 1286 cerdos,
498 1247 585 1276 ante
613 1239 943 1277 consecrationem
970 1240 1032 1276 vel
1058 1246 1155 1288 post,
1186 1237 1316 1275 recolit
1348 1249 1387 1274 se

323 1292 467 1342 aliquid
495 1292 708 1331 comedisse
737 1294 798 1329 vel
825 1292 975 1339 bibisse,
1004 1293 1067 1329 vel
1094 1291 1206 1328 alicui
1238 1290 1386 1328 mortali

294 1353 480 1395 speccato
509 1345 717 1392 subiacere,
746 1346 808 1382 vel
835 1345 950 1382 etiam
986 1343 1387 1391 excommunicationi,

323 1398 434 1436 cuius
470 1398 576 1448 prius
617 1398 848 1436 memoriam
885 1410 965 1435 non
1002 1397 1178 1435 habebat.
1221 1398 1388 1434 Necesse

323 1458 379 1488 est
413 1463 503 1500 ergo
536 1451 644 1500 quod
672 1451 733 1488 ille
761 1451 828 1500 qui
856 1459 911 1488 est
939 1451 978 1487 in
1006 1450 1069 1487 tali
1103 1450 1262 1487 articulo
1297 1462 1388 1493 con-

323 1504 485 1550 stitutus,
505 1512 637 1553 peccet
664 1504 873 1540 mortaliter
890 1511 1023 1540 contra
1047 1510 1231 1540 statutum
1260 1503 1388 1540 Eccle-

322 1557 400 1594 siae
418 1556 558 1594 faciens
577 1555 603 1602 β,
632 1555 712 1593 sive
740 1564 868 1593 sumat
895 1556 974 1593 sive
1003 1568 1083 1592 non
1112 1563 1249 1592 sumat.

377 1609 412 1646 3.
441 1610 681 1655 PRAETEREA,
715 1608 898 1656 contingit
931 1609 1169 1658 quandoque
1205 1608 1313 1657 quod
1349 1607 1388 1644 in

321 1661 481 1700 calicem
499 1667 516 1690 Υ
542 1673 678 1698 musca
705 1669 771 1698 aut
798 1673 938 1699 aranea
965 1662 1027 1698 vel
1054 1661 1211 1710 aliquod
1247 1661 1390 1698 animal

320 1726 565 1752 venenosum
584 1714 685 1751 cadit
711 1722 799 1764 post
817 1714 1163 1760 consecrationem;
1192 1715 1255 1751 vel
1274 1714 1389 1751 etiam

321 1768 517 1816 cognoscit
550 1767 729 1804 sacerdos
763 1767 867 1805 calici
896 1779 1094 1804 venenum
1128 1779 1210 1804 esse
1242 1766 1388 1804 immis-

321 1833 411 1859 sum
438 1821 487 1858 ab
507 1820 636 1870 aliquo
665 1821 858 1858 malevolo
877 1832 993 1858 causa
1017 1820 1218 1857 occidendi
1245 1820 1386 1869 ipsum.

320 1875 364 1912 In
392 1886 472 1924 quo
500 1886 603 1920 casu,
633 1873 664 1910 si
692 1881 830 1920 sumat,
854 1873 1007 1910 videtur
1033 1885 1192 1923 peccare
1221 1873 1388 1910 mortali-

320 1935 389 1975 ter,
417 1939 458 1964 se
478 1926 691 1965 occidendo
719 1927 782 1963 vel
809 1927 939 1964 Deum
966 1927 1161 1964 tentando.
1197 1926 1387 1971 Similiter,

321 1980 353 2018 si
380 1993 461 2018 non
490 1988 628 2027 sumat,
657 1987 800 2029 peccat,
830 1987 963 2017 contra
990 1987 1174 2017 statutum
1196 1980 1388 2017 Ecclesiae

320 2034 474 2072 faciens.
504 2034 606 2082 Ergo
625 2033 778 2070 videtur
804 2045 887 2070 esse
914 2034 1120 2082 perplexus
1139 2041 1175 2070 et
1194 2032 1389 2070 subiectus

321 2086 534 2125 necessitati
561 2085 758 2136 peccandi.
789 2086 907 2133 Quod
936 2094 992 2123 est
1019 2085 1307 2123 inconveniens.

375 2152 412 2188 4.
438 2141 679 2185 PRAETEREA,
709 2138 892 2188 contingit
917 2137 930 2160 δ
958 2139 1066 2189 quod
1098 2151 1168 2188 per
1199 2139 1388 2187 negligen-

322 2193 415 2231 tiam
447 2192 609 2230 ministri
646 2199 712 2229 aut
744 2204 846 2241 aqua
881 2204 962 2229 non
993 2192 1151 2242 ponitur
1182 2192 1220 2229 in
1253 2192 1388 2239 calice,

323 2253 389 2283 aut
415 2246 531 2283 etiam
559 2257 630 2282 nec
657 2244 808 2290 vinum,
838 2253 874 2282 et
901 2246 977 2282 hoc
1005 2246 1183 2282 sacerdos
1215 2245 1387 2283 advertit.

323 2299 426 2348 Ergo
455 2298 495 2336 in
522 2299 599 2336 hoc
617 2297 730 2335 etiam
761 2310 853 2335 casu
872 2298 1025 2335 videtur
1052 2311 1134 2335 esse
1162 2300 1387 2347 perplexus:

324 2351 405 2389 sive
433 2359 560 2398 sumat
592 2363 734 2400 corpus
763 2351 844 2388 sine
872 2351 1076 2400 sanguine,
1105 2351 1215 2400 quasi
1248 2351 1389 2401 imper-

323 2405 467 2442 fectum
480 2403 643 2441 ·faciens
681 2404 911 2442 sacrificium
930 2410 960 2451 ς;
997 2405 1078 2442 sive
1113 2417 1194 2441 non
1231 2417 1389 2442 sumens

323 2469 396 2495 nec
423 2469 565 2506 corpus
592 2469 664 2494 nec
697 2457 935 2506 sanguinem.

380 2512 413 2548 5.
443 2512 683 2558 PRAETEREA,
711 2510 925 2559 contingit<
952 2512 1060 2561 quod
1094 2512 1272 2549 sacerdos
1308 2524 1389 2549 non

323 2563 455 2601 recolit
482 2576 522 2601 se
549 2563 687 2601 dixisse
711 2564 832 2601 verba
859 2564 1166 2611 consecrationis,
1186 2566 1249 2602 vel
1274 2564 1389 2602 etiam

323 2617 396 2654 alia
423 2629 524 2666 quae
551 2617 591 2654 in
619 2616 906 2654 consecratione
934 2617 1050 2654 huius
1077 2617 1305 2655 sacramenti
1333 2618 1388 2655 di-

322 2677 474 2707 cuntur.
503 2669 665 2707 Videtur
691 2682 782 2718 ergo
810 2682 968 2719 peccare
997 2670 1036 2707 in
1064 2671 1140 2708 hoc
1168 2683 1278 2717 casu,
1309 2670 1388 2707 sive

322 2722 471 2760 reiteret
484 2723 604 2760 verba
623 2734 740 2772 super
758 2723 923 2760 eandem
942 2723 1154 2769 materiam,
1175 2735 1275 2772 quae
1294 2724 1389 2760 forte

321 2775 400 2814 iam
428 2775 591 2821 dixerat;
621 2776 701 2812 sive
729 2783 858 2813 utatur
883 2788 984 2826 pane
1012 2783 1049 2813 et
1067 2776 1160 2814 vino
1188 2788 1269 2813 non
1297 2789 1388 2814 con-

322 2828 475 2866 secratis
503 2828 614 2878 quasi
645 2829 886 2866 consecratis.

376 2883 412 2919 6.
434 2883 667 2929 PRAETEREA,
687 2881 870 2930 contingit
888 2882 1137 2931 quandoque,
1153 2890 1311 2931 propter
1328 2882 1389 2919 fri-

322 2946 404 2983 gus,
433 2935 541 2984 quod
570 2935 756 2972 sacerdoti
784 2935 963 2972 dilabitur
990 2935 1114 2972 hostia
1146 2934 1185 2971 in
1217 2935 1387 2982 calicem,

323 2987 403 3025 sive
431 2996 518 3035 ante
537 2988 761 3025 fractionem
781 2988 860 3025 sive
884 2996 981 3037 post.
1012 2989 1053 3025 In
1082 2989 1157 3025 hoc
1185 3000 1275 3036 ergo
1296 3000 1388 3025 casu

323 3053 404 3078 non
423 3040 561 3090 poterit
588 3041 766 3079 sacerdos
791 3041 950 3090 implere
975 3041 1091 3078 ritum
1119 3041 1299 3078 ecclesiae
1326 3042 1387 3078 vel

377 3171 405 3206 a)
419 3173 606 3205 praepeditur.
624 3187 643 3192 —
661 3173 807 3206 impeditur
825 3173 858 3198 DI
877 3179 902 3198 et
921 3173 1057 3199 editiones.

378 3207 405 3241 β)
417 3208 532 3242 faciens.
549 3222 569 3227 -
586 3209 608 3233 D
628 3213 653 3233 et
671 3209 759 3239 πει-τῖες
778 3217 832 3233 om.

376 3242 404 3277 γ)
423 3243 449 3268 in
469 3244 577 3269 calicem
597 3251 713 3270 musca...
732 3244 814 3270 cadit.
832 3258 851 3262 -
869 3244 957 3270 Tertia
975 3249 1076 3277 praeter
1095 3245 1119 3276 1;
1139 3251 1255 3270 musca...
1269 3244 1343 3269 cadit
1362 3244 1388 3269 in

323 3279 432 3304 calicem
451 3278 483 3309 sl,
498 3282 562 3311 post
585 3280 809 3305 consecrationem
836 3287 952 3306 musca...
975 3280 1050 3305 cadit
1069 3280 1095 3305 in
1114 3280 1221 3305 calicem
1246 3279 1310 3313 (om.
1327 3283 1390 3312 post

324 3313 562 3346 consecrationem)
580 3314 610 3345 F,
629 3314 655 3339 in
674 3315 782 3340 calicem
802 3322 918 3341 musca...
936 3316 1011 3341 cadit
1029 3316 1055 3340 in
1074 3315 1182 3341 calicem
1201 3316 1287 3340 ceteri.

377 3348 403 3383 ὃ)
422 3349 562 3383 contingit.
579 3363 599 3368 -
616 3350 774 3383 quandoque
792 3351 890 3375 addunt
907 3351 927 3375 F
947 3356 973 3376 et
990 3351 1073 3376 tertia.

379 3385 402 3419 ε)
420 3384 590 3417 sacrificium.
611 3398 631 3404 —
654 3389 850 3411 sacramentum
870 3386 904 3418 Ρ;
923 3386 998 3412 Alias
1024 3387 1185 3420 sacrificium
1214 3394 1304 3419 margo
1323 3387 1351 3412 P.
1369 3401 1388 3406 -

325 3420 377 3445 Pro
395 3425 509 3450 sumens,
527 3423 618 3446 sumat
634 3420 679 3446 FG
698 3426 724 3446 et
741 3421 875 3446 editiones.

1442 599 1490 636 de
1519 599 1601 649 ipsa
1628 600 1824 647 fractione,
1854 602 1916 638 vel
1948 601 2061 638 etiam
2090 603 2138 639 de
2174 604 2249 640 hoc
2283 604 2389 652 quod
2426 606 2506 642 sola

1441 652 1549 690 tertia
1576 665 1664 702 pars
1692 653 1862 690 mittatur
1889 654 1928 690 in
1957 654 2125 692 calicem.

1495 718 1531 753 7.
1562 707 1794 754 PRAETEREA,
1823 706 2005 755 contingit
2033 709 2269 758 quandoque
2298 711 2405 758 quod
2438 722 2507 759 per

1441 759 1709 807 negligentiam
1745 760 1950 796 sacerdotis
1986 761 2138 809 sanguis
2168 762 2307 799 Christi
2342 763 2506 800 effundi-

1441 819 1520 857 tur;
1545 813 1607 848 vel
1627 812 1741 849 etiam
1761 813 1868 861 quod
1893 814 2070 850 sacerdos
2099 823 2383 852 sacramentum
2403 828 2507 852 sum-

1441 872 1553 913 ptum
1573 865 1710 911 vomit;
1740 873 1806 902 aut
1824 866 1932 914 quod
1956 866 2070 903 etiam
2094 867 2240 905 hostiae
2264 877 2506 906 consecratae

1441 917 1575 955 tandiu
1603 926 1880 955 conserventur
1907 919 2014 968 quod
2041 920 2265 969 putrefiant;
2303 923 2365 958 vel
2392 922 2507 959 etiam

1443 971 1550 1019 quod
1570 983 1592 1007 a
1610 971 1787 1008 muribus
1811 972 2082 1018 corrodantur;
2110 976 2171 1011 vel
2191 974 2305 1011 etiam
2331 975 2507 1024 qualiter-

1443 1036 1612 1073 cumque
1640 1025 1861 1074 perdantur.
1892 1026 1933 1061 In
1953 1025 2095 1074 quibus
2123 1027 2274 1064 casibus
2293 1040 2373 1064 non
2401 1028 2507 1065 vide·

1442 1085 1505 1113 tur
1522 1089 1636 1126 posse
1656 1077 1747 1115 huic
1766 1087 2006 1115 sacramento
2026 1080 2153 1117 debita
2172 1081 2383 1118 reverentia
2402 1082 2507 1118 exhi-

1442 1130 1525 1167 beri
1562 1131 1778 1168 secundum
1815 1131 2008 1169 Ecclesiae
2046 1141 2192 1170 statuta.
2232 1135 2324 1171 Non
2356 1134 2509 1172 videtur

1443 1195 1533 1232 ergo
1570 1184 1678 1233 quod
1713 1184 1772 1221 his
1809 1185 2018 1222 defectibus
2051 1198 2120 1223 seu
2147 1187 2325 1236 periculis
2359 1188 2508 1225 occurri

1443 1236 1573 1286 possit,
1603 1236 1716 1274 salvis
1744 1237 1936 1275 Ecclesiae
1965 1239 2120 1276 statutis.

1498 1290 1571 1327 SED
1591 1302 1736 1327 CONTRA
1761 1302 1827 1327 EST
1854 1291 1974 1340 quod,
1995 1291 2090 1329 sicut
2116 1294 2233 1340 Deus,
2260 1293 2313 1330 sic
2339 1294 2508 1331 Ecclesia

1445 1355 1519 1380 non
1543 1345 1727 1392 praecipit
1754 1344 1895 1393 aliquid
1921 1346 2142 1394 impossibile
2160 1347 2190 1383 *.

1496 1397 1722 1433 RESPONDEO
1750 1408 1931 1434 DICENDUM
1964 1399 2071 1446 quod
2098 1399 2276 1448 periculis
2308 1412 2377 1437 seu
2409 1401 2507 1438 defe-

1444 1448 1567 1485 ctibus
1595 1449 1694 1486 circa
1721 1450 1796 1485 hoc
1824 1459 2108 1488 sacramentum
2146 1453 2409 1490 evenientibus
2438 1454 2507 1490 du-

1443 1501 1590 1550 pliciter
1607 1510 1731 1551 potest
1750 1503 1910 1539 occurri.
1941 1504 2028 1541 Uno
2050 1505 2182 1551 modo,
2203 1506 2506 1555 praeveniendo:

1444 1566 1493 1590 ne
1522 1554 1660 1591 scilicet
1678 1554 1894 1603 periculum
1922 1556 2078 1594 accidat.
2109 1559 2194 1595 Alio
2222 1560 2356 1605 modo,
2377 1561 2508 1597 subse-

1444 1607 1621 1656 quendo:
1660 1615 1702 1644 ut
1730 1607 1869 1644 scilicet
1896 1607 1934 1644 id
1963 1610 2070 1658 quod
2098 1611 2233 1648 accidit
2269 1613 2507 1660 emendetur,

1443 1661 1506 1697 vel
1533 1660 1755 1697 adhibendo
1781 1661 2010 1708 remedium,
2030 1664 2092 1700 vel
2120 1666 2252 1701 saltem
2280 1677 2350 1714 per
2375 1666 2509 1715 poeni-

1444 1713 1602 1750 tentiam
1639 1713 1722 1750 eius
1754 1713 1821 1762 qui
1854 1715 2085 1763 negligenter
2116 1717 2189 1765 egit
2216 1718 2315 1755 circa
2349 1719 2425 1756 hoc
2453 1732 2510 1756 sa-

1444 1774 1698 1804 cramentum.
2036 1812 2040 1815 χ

1497 1821 1554 1856 AD
1592 1832 1727 1857 PRIMUM
1760 1831 1858 1857 ERGO
1891 1833 2072 1859 memnon
2107 1824 2234 1872 quod,
2265 1824 2295 1861 si
2332 1825 2510 1862 sacerdos

1444 1881 1568 1909 morte
1597 1880 1662 1909 aut
1690 1872 1908 1910 infirmitate
1936 1875 2041 1922 gravi
2070 1885 2280 1926 occupetur
2307 1886 2393 1915 ante
2419 1890 2510 1915 con-

1444 1925 1697 1963 secrationem
1730 1926 1902 1975 corporis
1930 1935 1966 1964 et
1994 1928 2188 1977 sanguinis
2220 1931 2400 1979 Domini,
2430 1943 2510 1968 non

1445 1987 1596 2028 oportet
1623 1987 1666 2016 ut
1692 1991 1762 2028 per
1789 1979 1908 2017 alium
1937 1983 2169 2031 suppleatur.

1498 2031 1539 2069 Si
1552 2044 1646 2069 vero
1665 2039 1752 2081 post
1771 2031 1990 2083 incoeptam
2010 2036 2339 2074 consecrationem
2357 2038 2434 2075 hoc
2452 2050 2510 2075 ac-

1444 2085 1586 2131 ciderit,
1606 2093 1700 2135 puta
1725 2095 1947 2123 consecrato
1972 2099 2134 2137 corpore
2153 2098 2240 2126 ante
2260 2091 2510 2129 consecratio-

1444 2150 1536 2175 nem
1553 2136 1782 2186 'sanguinis,
1816 2141 1878 2176 vel
1913 2140 2029 2178 etiam
2063 2150 2286 2180 consecrato
2321 2151 2509 2194 utroque,

1443 2191 1558 2228 debet
1580 2191 1719 2228 missae
1747 2192 1943 2230 celebritas
1966 2206 2036 2243 per
2062 2195 2181 2232 alium
2201 2197 2354 2245 expleri.
2384 2198 2508 2245 Unde,

1443 2252 1486 2281 ut
1514 2244 1677 2281 habetur
1705 2244 1743 2281 in
1772 2245 1957 2293 Decretis,
1985 2248 2062 2294 VII,
2093 2261 2157 2297 qu.
2188 2261 2209 2295 1,
2239 2261 2322 2299 cap.
2352 2251 2459 2288 Nihil
2476 2251 2507 2299 ²⁸,

1444 2297 1483 2334 in
1502 2298 1692 2335 Toletano
1714 2298 1887 2336 Concilio
1906 2299 1926 2320 ’¹‘
1945 2299 2099 2347 legitur:
2133 2303 2351 2340 Censuimus
2376 2316 2508 2342 conve-

1445 2352 1526 2387 nire
1545 2357 1593 2397 ut,
1614 2363 1699 2388 cum
1719 2364 1743 2388 a
1769 2353 2019 2390 sacerdotibus
2045 2356 2244 2392 missarum
2267 2362 2433 2406 tempore
2450 2369 2508 2395 sa-

1442 2415 1510 2441 cra
1529 2406 1708 2453 mysteria
1727 2412 1993 2443 consecrantur
2012 2412 2043 2453 ⁷¹,
2062 2409 2096 2444 si
2115 2410 2359 2458 aegritudinis
2378 2411 2510 2447 accidit

1442 2458 1631 2494 cuiuslibet
1668 2463 1816 2495 eventus
1852 2471 1924 2508 quo
1966 2466 2135 2510 coeptum
2173 2468 2329 2512 nequeat
2366 2465 2512 2513 expleri

1443 2512 1674 2559 mysterium,
1700 2513 1744 2548 sit
1771 2511 1928 2549 liberum
1956 2514 2126 2564 episcopo
2144 2515 2203 2552 vel
2214 2518 2437 2565 presbytero
2456 2517 2509 2554 al-

1442 2565 1513 2600 teri
1538 2565 1854 2601 consecrationem
1892 2568 2028 2615 exequi
2058 2569 2218 2618 incoepti
2252 2570 2379 2617 officii.
2417 2571 2508 2607 Non

1443 2618 1542 2653 enim
1562 2618 1666 2654 aliud
1682 2620 1852 2667 competit
1879 2619 1931 2655 ad
1949 2620 2243 2669 supplementum
2263 2624 2410 2660 initiatis
2428 2636 2509 2670 mr-

1442 2672 1560 2707 steriis
1578 2668 1591 2691 ⁰
1621 2683 1734 2720 quam
1761 2677 1825 2708 aut
1852 2673 2056 2721 incipientis
2083 2681 2147 2711 aut
2173 2677 2422 2725 subsequentis
2449 2678 2508 2713 he-

1444 2723 1648 2760 nedictione
1674 2726 1745 2760 sint
1771 2725 1953 2774 completa
1979 2727 2201 2764 sacerdotis:
2229 2730 2314 2777 quia
2334 2741 2402 2766 nec
2423 2741 2509 2779 per-

1442 2777 1539 2819 fecta
1566 2777 1685 2814 videri
1705 2784 1860 2826 possunt
1892 2780 1965 2815 nisi
1983 2780 2151 2828 perfecto
2187 2781 2318 2818 ordine
2349 2783 2508 2832 comple-

1443 2835 1565 2866 antur.
1599 2830 1694 2866 Cum
1723 2831 1821 2866 enim
1849 2843 1978 2868 omnes
2003 2834 2118 2870 simus
2145 2846 2261 2870 unum
2289 2836 2326 2871 in
2351 2836 2507 2882 Christo,

1444 2882 1535 2918 nihil
1552 2885 1783 2919 contrarium
1802 2883 1992 2921 diversitas
2008 2898 2256 2934 personarum
2272 2887 2426 2934 format,
2447 2890 2511 2926 ubi

1445 2935 1654 2983 efficaciam
1684 2938 1938 2985 prosperitatis
1970 2940 2091 2975 unitas
2114 2939 2214 2987 fidei
2245 2947 2506 2989 repraesentat.

1445 2988 1550 3025 Nec‘
1578 2993 1701 3025 tamen
1721 2989 1821 3038 quod
1838 2996 1995 3028 naturae
2012 2991 2209 3041 languoris·
2235 3005 2350 3030 causa
2377 3006 2508 3031 consu-

1444 3041 1550 3087 litur,
1593 3042 1630 3078 in
1666 3044 1980 3092 praesumptionis
2013 3046 2220 3094 perniciem
2259 3053 2506 3084 convertatur.

1499 3172 1524 3207 ζ)
1544 3174 1684 3208 contingit.
1702 3189 1721 3193 -
1738 3175 1896 3207 quandoque
1921 3175 2017 3200 addunt
2036 3176 2056 3200 F
2075 3181 2101 3200 et
2118 3177 2199 3203 tertia.
2217 3191 2236 3196 -
2254 3178 2305 3202 Pro
2324 3178 2351 3203 in
2370 3186 2508 3205 consecra-

1440 3211 1522 3239 tione,
1542 3209 1568 3234 in
1587 3210 1779 3235 consuetudine
1796 3210 1817 3235 F
1819 3228 1826 3240 .
1844 3211 1924 3236 etiam
1943 3209 2009 3244 (om.
2028 3210 2084 3245 Plc)
2104 3212 2130 3236 in
2149 3212 2325 3238 celebratione
2342 3215 2424 3240 tertia.

1494 3245 1522 3279 η)
1543 3248 1580 3275 ut,
1598 3252 1684 3271 cum...
1707 3249 1908 3272 consecrantur.
1924 3261 1944 3265 -
1962 3247 1995 3276 Ρ;
2015 3250 2045 3271 ut
2062 3255 2148 3273 cum...
2166 3253 2355 3274 consecrentur
2373 3249 2422 3275 IsG
2441 3256 2466 3275 et
2483 3258 2506 3280 c,

1443 3285 1499 3308 ut...
1518 3284 1707 3306 consecrentur
1725 3282 1810 3307 ceteri.
1828 3296 1848 3301 —
1865 3282 1945 3307 alteri
1963 3282 2047 3313 PlsG;
2067 3283 2187 3309 alterius.

1496 3315 1522 3349 θ)
1541 3317 1686 3350 mysteriis.
1703 3331 1722 3336 —
1739 3317 1840 3348 Tertiin
1865 3317 1964 3343 scilicet
1987 3318 2133 3351 mysteriis.
2151 3333 2169 3338 -
2188 3319 2239 3344 Pro
2257 3327 2337 3352 quam
2359 3324 2434 3347 aut...
2453 3321 2507 3346 sint

1442 3353 1581 3385 completa,
1595 3360 1674 3385 quam
1690 3356 1719 3378 ut
1731 3356 1806 3378 aut...
1818 3353 1872 3378 sint
1886 3353 2016 3385 completa
2030 3354 2058 3384 P,
2072 3361 2151 3386 quam
2165 3358 2239 3380 aut...
2251 3356 2382 3388 completa
2393 3357 2479 3382 ceteri.
2488 3371 2507 3375 -

1439 3391 1553 3421 possunt
1572 3388 1592 3412 F
1611 3393 1636 3412 et
1654 3389 1739 3418 tertia;
1755 3389 1870 3420 possint.

1497 3423 1516 3457 ι)
1535 3424 1598 3449 Nec.
1613 3438 1633 3443 -
1650 3424 1691 3449 Ne
1709 3424 1718 3449 1
1739 3430 1764 3449 et
1782 3424 1917 3450 editiones.
1929 3439 1949 3443 —
1967 3428 2081 3450 naturae
2100 3425 2170 3457 PG1;
2189 3428 2236 3451 ure
2248 3424 2325 3459 (idest
2344 3426 2462 3461 nostrae)
2477 3427 2506 3458 F,

1442 3467 1504 3485 vere
1523 3465 1610 3484 ceteri.

2535 1354 2544 1364 ·
2560 1352 2596 1374 Cf.
2617 1351 2747 1380 Explanat.

2533 1379 2612 1407 Symb.
2619 1395 2627 1406 ,
2645 1379 2679 1400 ad
2695 1379 2747 1400 Da·

2534 1412 2593 1427 mas.
2615 1405 2672 1434 iEp.
2692 1405 2748 1426 XVI

2534 1433 2594 1454 inter
2613 1432 2676 1480 Opfi.
2691 1432 2748 1463 Hie-

2534 1458 2645 1484 ron.);De
2672 1458 2749 1486 egults

2534 1485 2604 1511 Iuris,
2619 1491 2666 1512 reg.
2677 1491 2709 1512 vi,
2723 1484 2747 1506 in

2535 1512 2616 1533 Sexto.

2537 2257 2546 2267 ·
2567 2255 2632 2277 Nihil
2652 2257 2735 2277 contra

2536 2282 2636 2304 ordinis.

2535 2318 2546 2328 ·
2560 2317 2616 2345 Vll,
2631 2323 2681 2339 can.
2696 2322 2722 2339 n.

2631 2418 2647 2441 ἸΙ
