2878 4088
960 125 1224 174 QUAESTIO
1254 125 1408 171 XCVII,
1429 123 1723 161 ARTICULUS
1751 124 1808 171 111,
1829 125 1891 171 lv,
1911 125 1946 161 V
2473 135 2544 171 241

1489 208 1574 234 etant
1597 201 1638 232 ad
1659 203 1820 233 miseriam
1844 202 2077 234 damnatorum.
2102 204 2173 244 Ipsa
2195 210 2303 235 autern
2326 205 2406 235 visio
2436 214 2550 235 secun-

474 234 573 265 ART·
591 234 643 265 HI·
667 244 772 266 UTRUM
795 245 908 266 rurus
933 245 988 266 am
1011 244 1081 265 mur
1103 245 1136 265 ¹⁸
1159 243 1324 269 DAMNATss’
1489 247 1567 278 dum
1590 256 1623 277 se
1648 245 1842 276 delectabilis
1867 252 1926 277 est:
1951 253 1987 277 ut
2011 248 2097 278 enim
2120 248 2234 279 dicitur
2257 250 2290 279 in
2305 250 2464 289 principio
2480 250 2550 279 Me-

691 290 828 310 FUTURUS
852 290 898 310 51'1'
922 289 1113 310 coapomrs
1489 291 1614 332 taply‘s.
1631 291 1659 327 ἦ
1682 300 1794 321 sensus
1811 291 1981 320 oculorum
1997 297 2044 322 est
2058 293 2198 323 maxime
2213 293 2389 334 diligibilis,
2406 302 2444 324 eo
2465 293 2552 334 quod

553 328 586 350 1V
602 328 668 351 Cont·
679 329 1150 383 geas-,affffifzafflgflidvffin2²¹¹-V»
1164 332 1207 350 ⁸¹¹·
1221 334 1246 356 3³
1481 345 1546 376 per
1568 335 1671 375 ipsum
1689 335 1791 375 plura
1815 335 2049 376 cognoscimus.
2075 336 2137 367 Sed
2160 347 2217 377 per
2233 337 2379 368 accidens
2395 338 2551 378 contingit

1455 395 1465 416 ς
1488 380 1647 410 visionem
1670 388 1737 409 esse
1757 378 1948 414 afflictivam,
1964 379 2156 419 inquantum
2172 381 2317 412 videmus
2336 381 2442 421 aliqua
2457 382 2550 412 nobis

433 433 454 454 n
482 434 616 455 rim-rium
648 434 694 455 sm
723 434 927 456 PROOEDrrrJR.
964 425 1098 456 Videtur
1131 425 1221 465 quod
1255 425 1348 456 fletus
1377 425 1434 465 qui
1488 424 1614 459 nociva,
1638 423 1689 453 vel
1712 428 1839 453 nostrae
1862 423 2020 453 voluntati
2043 426 2261 464 repugnantia.
2286 426 2326 456 Et
2348 425 2422 456 ideo
2446 426 2479 456 in
2502 427 2550 456 in-

132 471 218 494 ·Ven.
235 471 272 495 ιε.
369 435 492 500 Aerit
514 469 548 499 in
569 468 735 506 damnatis,
757 470 815 500 erit
839 470 1022 511 corporalis.
1047 469 1133 508 Quia
1153 470 1232 500 Luc.
1253 471 1336 500 xm*
1359 469 1435 500 dicit
1489 468 1580 499 ferno
1604 468 1668 498 hoc
1691 466 1792 498 modo
1816 466 1911 497 debet
1933 476 2001 497 esse
2024 467 2115 498 locus
2132 468 2302 509 dispositus
2318 469 2357 500 ad
2376 469 2551 501 videndum

129 518 139 528 ·
153 516 210 539 Ord-
368 512 527 554 quaedam
551 512 667 544 Glossa
688 514 705 530 ⁸*
729 513 819 554 quod
841 523 899 554 per
920 513 1044 550 fletum,
1068 523 1166 554 quem
1195 514 1356 544 Dominus
1385 523 1434 544 re·
1489 511 1668 542 secundum
1692 511 1799 542 lucem
1824 516 1854 541 et
1877 511 2032 547 tenebras,
2050 512 2138 551 quod
2153 513 2230 543 nihil
2255 515 2423 554 perspicue
2446 514 2550 545 videa-

368 557 477 598 probis
501 558 726 594 comminatur,
750 563 857 598 potest
879 558 1008 599 probari
1030 567 1104 588 vera
1127 567 1303 598 corporum
1329 567 1430 588 resur·
1489 562 1551 592 tur,
1576 555 1631 586 sed
1655 555 1863 586 solummodo
1896 556 1955 586 sub
1986 555 2124 596 quadam
2148 557 2354 588 umbrositate
2385 558 2552 589 videantur

368 602 479 632 rectio.
511 601 610 639 Quod
639 611 708 632 non
732 607 814 633 esset
836 603 863 632 si
885 601 980 633 fletus
1003 602 1056 632 ille
1079 607 1205 632 tantum
1229 607 1311 632 esset
1342 602 1433 642 spiri-
1450 615 1476 631 ιο
1490 610 1528 631 ea
1551 609 1634 640 quae
1658 599 1864 630 afflictionem
1888 599 1977 630 cordi
1999 601 2142 640 ingerere
2166 607 2311 641 possunt.
2342 602 2452 638 Unde,
2477 603 2551 633 sim-

368 645 472 677 tualis.
497 645 594 686 Ergo,
620 651 679 676 etc.
1489 644 1614 684 pliciter
1636 643 1814 684 loquendo,
1838 644 1930 674 locus
1955 649 2001 674 est
2023 645 2228 675 tenebrosus:
2252 645 2308 676 sed
2330 651 2436 676 tamen
2453 656 2490 676 ex
2506 646 2552 676 di-

425 699 456 720 2.
479 689 677 726 Pium-rimu,
701 690 825 720 tristitia
848 699 931 730 quae
948 694 995 720 est
1009 690 1043 720 in
1058 698 1175 730 poena,
1192 688 1365 729 respondet
1380 688 1435 719 de-
1489 689 1564 718 vina
1587 687 1798 728 dispositione
1821 693 1868 718 est
1890 688 1935 718 ibi
1958 687 2079 728 aliquid
2101 689 2242 725 luminis,
2263 695 2419 730 quantum
2438 690 2553 721 sufficit

127 738 139 748 ·
153 736 218 759 Vero.
234 742 255 764 7-
368 734 533 765 lectationi
549 743 632 774 quae
648 733 709 765 fuit
723 734 758 764 in
774 734 885 774 culpa:
907 733 1086 764 secundum
1106 733 1187 764 illud
1201 734 1300 773 Apoc.
1313 734 1433 764 xvm*:
1490 731 1530 762 ad
1553 731 1729 762 videndum
1751 732 1805 762 illa
1829 741 1912 772 quae
1935 733 2075 763 animam
2098 738 2249 773 torquere
2271 739 2417 774 possunt.
2450 734 2491 764 Et
2514 734 2553 765 ad

372 777 538 815 Quantum
560 778 762 820 glorificavit
782 787 818 808 se
840 783 872 809 et
894 778 926 808 in
951 777 1074 808 deliciis
1094 777 1184 818 fuit,
1210 782 1334 807 tantum
1362 777 1437 808 date
1490 777 1553 807 hoc
1577 775 1726 807 satisfacit
1748 776 1899 807 naturalis
1922 777 2000 807 situs
2024 777 2105 808 loci:
2135 778 2211 818 quia
2240 779 2274 808 in
2304 783 2404 809 terrae
2435 777 2553 814 medio,

369 822 419 853 illi
442 827 635 853 tormentum
659 827 690 852 et
712 822 844 852 luctum.
868 821 932 852 Sed
954 826 1140 862 peccatores
1154 822 1189 852 in
1205 821 1301 862 culpa
1315 822 1435 852 habue-
1451 835 1474 856 ις
1490 821 1546 851 ubi
1569 820 1713 851 infernus
1735 821 1867 861 ponitur
1882 822 1908 857 ’ἢ
1932 831 2000 852 non
2023 827 2130 862 potest
2154 831 2221 853 esse
2244 823 2326 863 ignis
2356 823 2416 853 nisi
2446 822 2553 853 faecu-

367 871 443 897 runt
465 865 713 897 delectationem
735 866 922 896 interiorem
945 871 977 896 et
1000 866 1200 896 exteriorem.
1228 865 1315 906 Ergo
1338 866 1436 896 habe·
1490 865 1595 896 lentus
1620 870 1651 895 et
1673 865 1819 896 turbidus
1843 870 1874 896 et
1897 866 1988 905 quasi
2011 865 2168 897 fumosus.

368 910 449 941 bunt
471 909 584 941 fletum
609 910 705 940 etiam
728 910 928 940 exteriorem.
1546 908 1688 947 Quidam
1710 915 1819 940 tamen
1841 910 2044 940 tenebrarum
2068 911 2181 942 harum
2198 920 2326 941 causam
2342 911 2501 951 assignant
2516 921 2554 942 ex

423 953 486 985 San
511 963 645 990 comm,
669 952 763 985 fletus
787 954 961 994 corporalis
984 953 1020 985 fit
1042 964 1100 995 per
1123 954 1285 994 quandam
1311 954 1435 985 resolu-
1490 955 1759 985 commassatione
1783 964 1959 995 corporum
1982 954 2216 992 damnatorum,
2241 965 2324 996 quae
2347 965 2422 996 prae
2444 955 2551 986 multi-

367 998 491 1029 tionem
514 998 727 1029 lacrimarum.
759 997 822 1030 Sed
852 1008 871 1029 a
894 999 1084 1039 corporibus
1115 999 1340 1030 damnatorum
1366 1008 1435 1029 non
1489 997 1600 1029 tudine
1623 999 1667 1029 ita
1689 999 1858 1039 replebunt
1881 999 1991 1029 locum
2014 999 2131 1030 inferni
2154 999 2243 1040 quod
2266 1000 2345 1030 nihil
2363 1000 2407 1030 ibi
2427 999 2467 1031 de
2483 1010 2553 1031 aere

365 1047 473 1083 potest
494 1041 564 1073 fieri
587 1048 743 1083 perpetua
766 1043 932 1079 resolutio,
949 1053 1024 1074 cum
1047 1043 1127 1074 nihil
1142 1044 1176 1074 in
1192 1044 1237 1074 eis
1252 1053 1310 1084 per
1326 1043 1435 1074 cibum
1449 1056 1476 1071 πο
1488 1043 1640 1074 manebit.
1672 1043 1714 1073 Et
1743 1044 1788 1074 sic
1811 1053 1879 1074 non
1903 1044 1962 1074 erit
1991 1044 2035 1074 ibi
2058 1044 2178 1084 aliquid
2206 1044 2245 1075 de
2273 1044 2433 1084 diaphano
2464 1044 2553 1085 quod

366 1091 576 1118 restauretur:
601 1096 700 1118 omne
723 1087 811 1118 enim
834 1086 962 1119 finitum
986 1088 1187 1119 consumitur
1209 1088 1236 1118 si
1259 1087 1380 1128 aliquid
1396 1088 1434 1118 ab
1489 1088 1590 1127 possit
1614 1096 1682 1118 esse
1705 1088 1886 1118 subiectum
1901 1088 1981 1118 lucis
2005 1094 2036 1119 et
2059 1089 2218 1125 tenebrae,
2234 1089 2295 1119 nisi
2314 1089 2401 1119 oculi
2424 1088 2554 1120 damna-

367 1140 407 1162 eo
431 1132 586 1162 continue
608 1132 816 1163 abstrahatur.
840 1132 927 1173 Ergo
950 1133 984 1163 in
1008 1132 1164 1163 damnatis
1185 1142 1255 1164 non
1278 1133 1337 1163 erit
1364 1141 1434 1163 cor·
1489 1137 1608 1168 torum,
1633 1132 1690 1172 qui
1714 1137 1807 1163 erunt
1830 1133 2038 1163 obtenebrati.

366 1175 485 1216 poralis
508 1175 612 1207 fletus.
1544 1176 1586 1206 Et
1607 1185 1666 1216 per
1687 1176 1751 1207 hoc
1774 1182 1861 1217 patet
1883 1177 2050 1217 responsio
2075 1177 2115 1207 ad
2137 1177 2272 1208 obiecta.

421 1220 613 1251 Rasponnno
637 1230 797 1251 memnon
814 1220 904 1261 quod
925 1221 960 1252 in
982 1220 1061 1252 fletu
1087 1221 1246 1261 corporali
1262 1220 1328 1251 duo
1344 1221 1433 1251 inve-

366 1264 509 1297 niuntur.
524 1264 678 1303 Quorum
692 1275 797 1296 unum
813 1267 860 1296 e‘st
874 1265 1076 1296 lacrimarum
1092 1265 1257 1296 resolutio.
1274 1265 1315 1296 Et
1331 1275 1433 1306 quan-
1448 1280 1471 1301 ,ς
1576 1259 1676 1290 ART-
1693 1259 1732 1290 V·
1757 1270 1862 1290 unum
1885 1270 1966 1291 roms
1990 1271 2124 1296 mrum,
2146 1271 2210 1291 ouo
2231 1270 2464 1291 cnucmumun

366 1313 438 1340 tum
461 1308 501 1340 ad
523 1309 587 1340 hoc
610 1309 705 1340 fletus
728 1310 903 1350 corporalis
926 1310 960 1340 in
976 1309 1132 1340 damnatis
1148 1319 1216 1340 esse
1231 1319 1300 1340 non
1315 1315 1432 1350 potest.
1689 1314 1832 1334 CORPORA
1856 1314 2080 1341 DAMNATORUM,
2105 1315 2151 1335 SIT
2174 1314 2352 1335 CORl'ORBUS

366 1352 453 1391 Quia
474 1358 550 1394 post
573 1353 659 1385 diem
682 1353 803 1390 iudicii,
827 1355 1013 1395 quiescente
1043 1359 1137 1385 motu
1166 1354 1263 1394 primi
1292 1354 1433 1390 mobilis,
1502 1353 1536 1375 lv
1551 1353 1617 1376 Cont.
1635 1353 1712 1381 Gent„
1727 1360 1778 1382 cap.
1794 1360 1834 1380 xc;
1850 1354 2051 1409 gadqeefiimgd
2067 1359 2163 1403 ushal-¹1:
2172 1355 2216 1410 3De
2233 1355 2312 1382 verit„
2327 1361 2366 1383 qu.
2381 1362 2444 1383 xxvi,
2459 1359 2500 1378 art.
2518 1363 2540 1381 ι;

366 1407 434 1429 non
457 1398 516 1429 erit
532 1398 638 1438 aliqua
660 1398 823 1438 generatio
839 1398 890 1429 vel
907 1399 1082 1439 corruptio,
1099 1398 1150 1429 vel
1167 1398 1341 1439 corporalis
1357 1398 1434 1436 alte-

126 1431 339 1492 affin-mz
366 1443 447 1472 ratio
459 1443 486 1473 '.
507 1442 543 1473 In
558 1442 761 1473 lacrimarum
777 1448 885 1474 autem
899 1443 1096 1474 resolutione
1119 1448 1247 1483 oportet
1263 1452 1331 1473 esse
1349 1442 1434 1473 illius
1554 1450 1575 1471 1>
1600 1450 1740 1471 omnum
1764 1450 1809 1471 sm
1833 1450 2037 1471 pnoennrrun.
2061 1441 2196 1472 Videtur
2216 1441 2306 1482 quod
2325 1442 2406 1482 ignis
2426 1441 2551 1478 inferni,

125 1499 169 1520 m.
185 1474 340 1525 avi-⁹¹22&
366 1487 512 1518 humoris
522 1488 764 1527 generationem
776 1488 832 1527 qui
843 1497 900 1527 per
915 1487 1060 1518 lacrimas
1072 1487 1209 1518 distillat.
1226 1486 1321 1518 Unde
1333 1496 1434 1527 quan·
1450 1500 1476 1520 ιο
1493 1454 1622 1526 Aquo
1647 1485 1874 1516 cruciabuntur
1898 1494 2034 1525 corpora
2062 1485 2302 1522 damnatorum,
2325 1495 2393 1516 non
2419 1486 2458 1516 sit
2484 1496 2554 1517 cor-

366 1535 438 1563 tum
460 1530 500 1562 ad
514 1531 579 1562 hoc
594 1531 769 1572 corporalis
784 1530 878 1562 fletus
901 1532 935 1562 in
958 1531 1114 1562 damnatis
1131 1541 1199 1562 esse
1221 1541 1290 1562 non
1305 1532 1433 1572 poterit.
1489 1539 1618 1571 porcus·
1650 1530 1736 1560 Dicit
1759 1530 1846 1560 enim
1869 1530 2104 1566 Damascenus‚
2127 1530 2161 1560 in
2189 1530 2233 1561 IV
2255 1531 2354 1566 libro,
2379 1531 2412 1561 in
2435 1529 2500 1561 fine
2515 1532 2549 1561 ἐ

421 1574 521 1606 Aliud
544 1575 634 1616 quod
656 1576 818 1606 invenitur
839 1577 873 1606 in
897 1576 1057 1616 corporali
1079 1575 1172 1613 fletu,
1198 1581 1245 1606 est
1275 1575 1435 1616 quaedam
1494 1574 1656 1605 Tradetur
1678 1574 1836 1610 diabolus,
1856 1579 1887 1605 et
1909 1574 2080 1605 daemones
2096 1579 2127 1605 et
2144 1575 2239 1605 homo
2257 1575 2334 1611 eius,
2351 1575 2472 1605 scilicet
2486 1576 2552 1605 An-

367 1620 547 1651 commotio
572 1625 604 1650 et
626 1620 765 1651 turbatio
790 1620 901 1660 capitis
931 1626 963 1650 et
994 1620 1176 1651 oculorum.
1207 1620 1249 1651 Et
1277 1625 1436 1660 quantum
1491 1619 1663 1654 tichristus,
1680 1623 1712 1649 et
1734 1618 1823 1659 impii
1846 1623 1877 1649 et
1892 1624 2092 1658 peccatores,
2109 1619 2142 1649 in
2167 1619 2275 1660 ignem
2291 1624 2467 1655 aeternum,
2489 1629 2554 1650 non

367 1662 407 1695 ad
421 1664 486 1694 hoc
501 1662 595 1694 fletus
609 1664 644 1695 in
660 1663 816 1695 damnatis
833 1674 901 1695 esse
921 1665 1039 1705 poterit
1060 1670 1136 1704 post
1158 1665 1434 1695 resurrectionem.
1490 1663 1701 1699 materialem,
1726 1663 1832 1703 qualis
1855 1668 1902 1694 est
1923 1663 1979 1703 qui
2001 1663 2089 1703 apud
2112 1673 2171 1694 nos
2190 1669 2252 1699 est,
2276 1663 2332 1694 sed
2347 1664 2473 1704 qualem
2493 1664 2554 1694 uti-

367 1707 515 1748 Corpora
537 1709 625 1739 enim
648 1707 874 1744 damnatorum
897 1718 966 1739 non
988 1709 1096 1739 solum
1120 1718 1159 1739 ex
1182 1709 1330 1739 exteriori
1358 1708 1436 1739 affli-
1451 1721 1474 1741 ις
1490 1717 1552 1748 que
1575 1707 1666 1738 novit
1687 1707 1786 1737 Deus.
1812 1707 1875 1738 Sed
1893 1717 1992 1737 omne
2008 1717 2203 1747 corporeum
2219 1713 2265 1738 est
2280 1708 2451 1738 materiale.
2468 1708 2554 1748 Ergo

366 1757 499 1792 gentur:
525 1751 581 1783 sed
597 1753 692 1783 etiam
709 1753 747 1783 ab
763 1753 916 1789 interiori,
933 1752 1113 1784 secundum
1133 1753 1222 1793 quod
1239 1762 1357 1793 corpus
1374 1754 1436 1784 im-
1490 1752 1572 1792 ignis
1595 1751 1711 1782 inferni
1733 1760 1802 1781 non
1826 1752 1884 1782 erit
1907 1761 2093 1791 corporeus.

366 1802 509 1828 mutatur
531 1796 572 1828 ad
594 1798 779 1838 passionem
802 1798 928 1828 animae
951 1798 984 1828 in
1008 1798 1134 1828 bonum
1156 1798 1208 1828 vel
1230 1797 1363 1828 malum.
1395 1797 1436 1828 Et
1547 1805 1577 1826 2.
1601 1796 1799 1831 marma,
1823 1796 1948 1826 animae
1967 1795 2192 1826 damnatorum
2209 1805 2226 1825 a
2242 1805 2378 1836 corpore
2394 1802 2555 1837 separatae

126 1843 188 1866 '0‘-
202 1849 251 1872 arg.
266 1849 286 1867 ι-
367 1846 526 1882 quantum
557 1840 598 1872 ad
628 1842 709 1878 hoc,
733 1841 828 1872 fletus
851 1843 954 1873 carnis
976 1842 1244 1873 resurrectionem
1267 1841 1386 1872 indicat
1401 1843 1436 1879 ’ς
1491 1840 1531 1871 ad
1561 1841 1670 1881 ignem
1692 1839 1809 1871 inferni
1839 1839 2034 1871 deferuntur.
2070 1839 2134 1871 Sed
2155 1841 2355 1880 Augustinus
2383 1840 2474 1877 dicit,
2498 1841 2556 1871 XII

367 1890 399 1917 et
421 1885 596 1926 respondet
619 1885 824 1917 delectationi
847 1887 972 1927 culpae,
997 1896 1081 1927 quae
1104 1886 1166 1917 fuit
1183 1887 1215 1918 in
1233 1887 1340 1917 anima
1356 1891 1387 1917 et
1402 1887 1435 1917 in
1490 1895 1588 1925 super
1612 1885 1691 1915 Gen.
1715 1884 1759 1915 ad
1781 1885 1841 1915 titt.
1858 1885 1893 1915 *z
1926 1885 2134 1925 Spiritualem
2165 1885 2310 1915 arbitror
2337 1894 2421 1922 esse,
2445 1885 2556 1916 locum

125 1929 187 1955 ‘oe
201 1934 250 1958 ⁸¹2-
264 1935 285 1953 ²·
367 1939 504 1970 corpore
519 1931 546 1961 ³.
1450 1942 1477 1963 ⁴0
1491 1929 1611 1960 scilicet
1634 1928 1674 1959 ad
1698 1938 1797 1969 quem
1820 1929 1926 1959 anima
1949 1928 2089 1959 defertur
2110 1934 2186 1969 post
2207 1935 2364 1966 mortem,
2389 1939 2455 1960 non
2483 1939 2556 1960 cor-

421 1974 463 2006 Et
485 1983 543 2016 per
565 1975 630 2006 hoc
652 1980 740 2016 patet
764 1975 932 2015 responsio
956 1974 996 2006 ad
1019 1975 1156 2006 obiecta.
1484 1974 1646 2015 poralem.
1671 1973 1756 2013 Ergo
1780 1974 1861 2013 ignis
1884 1973 1936 2004 ille
1959 1983 2027 2004 non
2051 1978 2099 2004 est
2121 1983 2306 2013 corporeus.

1547 2018 1577 2049 3.
1601 2018 1798 2054 Parmam,
1821 2018 1903 2058 ignis
1927 2027 2102 2058 corporeus
2125 2018 2159 2048 in
2182 2017 2283 2048 modo
2314 2027 2390 2048 suae
2421 2018 2555 2048 actionis

553 2048 653 2080 ΛΒΤ·
671 2049 724 2080 IV·
748 2059 854 2080 unum
877 2059 1018 2080 ΒΑΜΝΑΤῙ
1041 2059 1155 2080 FUTUR¹
1179 2059 1248 2083 srm·
1490 2072 1559 2093 non
1582 2063 1727 2102 sequitur
1749 2062 1886 2092 modum
1910 2062 2023 2103 culpae
2038 2063 2072 2093 in
2089 2071 2128 2092 eo
2145 2063 2202 2102 qui
2225 2063 2299 2102 igne
2315 2067 2482 2099 crematur,
2499 2063 2554 2093 sed

669 2103 702 2124 ΙΝ
726 2103 873 2124 muamus
897 2103 1129 2124 conponarmus
1491 2107 1591 2147 magis
1614 2106 1752 2137 modum
1775 2106 1899 2137 humidi
1922 2107 1973 2137 vel
1992 2107 2084 2137 sicci:
2109 2107 2142 2136 in
2159 2106 2275 2137 eodem
2292 2107 2378 2137 enim
2394 2107 2466 2147 igne
2483 2116 2553 2137 cor-

708 2144 792 2172 Supra,
807 2151 847 2173 qu.
862 2150 909 2172 ¹⁰¹²
925 2148 968 2167 ¹¹³·
984 2152 1012 2172 4’
1027 2145 1056 2166 ⁸⁶¹
1070 2151 1090 2173 ³·
1450 2157 1475 2178 ⁴5
1490 2161 1593 2192 poreo
1616 2150 1763 2182 videmus
1786 2150 1881 2191 affligi
1905 2151 2025 2181 iustum
2041 2156 2072 2182 et
2087 2151 2235 2191 impium.
2260 2151 2323 2182 Sed
2337 2151 2419 2191 ignis
2438 2151 2554 2182 inferni

431 2204 452 2224 n
481 2203 630 2225 auam-uu
645 2204 692 2225 SIC
707 2204 913 2225 nocam-run.
937 2194 1072 2226 Videtur
1092 2195 1183 2236 quod
1204 2195 1345 2227 damnati
1366 2205 1436 2226 non
1490 2196 1524 2226 in
1546 2195 1648 2226 modo
1672 2205 1748 2226 suae
1771 2196 1905 2226 actionis
1928 2196 2073 2236 sequitur
2094 2195 2231 2226 modum
2255 2195 2368 2236 culpae
2390 2196 2424 2226 in
2441 2205 2480 2226 eo
2498 2196 2551 2236 qui

367 2207 494 2270 Asint
521 2239 556 2269 in
583 2238 722 2270 tenebris
749 2239 979 2280 corporalibus.
1008 2239 1114 2278 Quia,
1140 2246 1175 2270 ut
1203 2239 1280 2271 dicit
1311 2239 1434 2281 Grego-
1489 2241 1638 2281 punitur:
1670 2239 1756 2270 unde
1788 2239 1864 2270 dicit
1893 2239 2086 2280 Gregorius,
2110 2240 2143 2270 in
2174 2240 2217 2270 IV
2244 2240 2379 2281 Dialog.
2395 2241 2428 2270 *z
2463 2241 2554 2271 Unus

123 2285 337 2336 39:237133
365 2284 441 2359 zius,
457 2283 492 2314 in
514 2283 627 2358 Dillilp.
644 2283 767 2314 Moral.
784 2284 811 2320 ”,
828 2293 924 2325 super
946 2284 1104 2359 illudHIob
1119 2285 1200 2360 κί’,
1216 2284 1436 2326 Sempiternus
1490 2285 1616 2326 quidem
1649 2289 1697 2315 est
1724 2284 1892 2325 gehennae
1920 2284 2022 2326 ignis,
2046 2284 2103 2315 sed
2132 2294 2197 2314 non
2229 2294 2293 2315 uno
2317 2284 2413 2315 modo
2445 2294 2554 2315 omnes

170 2355 176 2362 ,
201 2329 210 2340 '
330 2328 336 2335 '
387 2327 543 2359 orror-‘n
567 2337 587 2358 a
609 2327 689 2358 itat:
744 2328 870 2359 uamuis
901 2328 914 2358 i
938 2329 989 2359 nis
1017 2329 1029 2359 i
1055 2329 1085 2359 ic
1114 2338 1134 2359 a
1180 2330 1436 2360 consolationem
1490 2329 1616 2360 cruciat
1666 2334 1849 2359 eccatores:
1873 2329 2062 2360 unius-cuius
2083 2338 2123 2359 ue
2153 2329 2236 2359 enim
2288 2334 2422 2359 uantum
2451 2329 2505 2359 exi
2531 2329 2555 2359 it

124 2344 276 2389 &kg-¹¹32,
366 2382 432 2404 non
457 2337 580 2408 lu‘c'teat,
605 2327 783 2408 tamen,Qut
805 2339 1094 2415 magisgtorqueat,
1118 2373 1162 2404 ad
1185 2373 1309 2414 aliquid
1332 2374 1436 2405 lucet:
1450 2389 1476 2410 50
1490 2374 1596 2415 culpa,
1621 2339 1746 2404 tgntum
1769 2373 1924 2404 sentietur
1940 2339 2082 2414 poena.q
2092 2373 2178 2413 Ergo
2205 2339 2287 2403 nonq
2297 2378 2344 2403 est
2367 2339 2553 2413 corporegs.

367 2426 443 2448 nam
465 2426 617 2458 sequaces
639 2426 720 2457 quos
743 2427 851 2448 secum
874 2422 1049 2449 traxerunt
1070 2418 1110 2449 de
1132 2418 1253 2449 mundo
1284 2419 1432 2459 reprobi,
1546 2418 1608 2449 Suu
1631 2427 1755 2448 CONTRA
1778 2428 1832 2448 nsr
1856 2417 1946 2458 quod
1969 2417 2084 2448 dicitur
2099 2417 2142 2448 IV
2157 2417 2292 2459 Dialog.
2309 2418 2342 2447 *ι
2367 2418 2482 2459 Ignem
2496 2427 2554 2460 ge-

357 2461 499 2501 flamma
523 2461 718 2498 illustrante,
742 2462 846 2493 uisuri
868 2467 952 2493 sunt.
977 2463 1063 2503 Ergo
1086 2472 1155 2493 non
1179 2468 1273 2494 erunt
1287 2464 1331 2494 ibi
1347 2469 1436 2494 tene·
1489 2463 1615 2494 hennae
1639 2472 1831 2503 corporeum
1855 2472 1923 2493 esse
1946 2472 2012 2493 non
2036 2462 2181 2503 ambigo,
2205 2463 2238 2492 in
2262 2472 2326 2503 quo
2357 2467 2478 2493 certum
2508 2468 2555 2493 est

366 2506 442 2536 brae
465 2505 658 2545 corporales.
1490 2517 1632 2548 corpora
1655 2507 1808 2538 eruciari.

424 2559 453 2580 2.
478 2549 676 2586 Pnazrnaua,
696 2549 838 2581 damnati
852 2550 962 2582 vident
976 2560 1118 2591 poenam
1135 2560 1242 2582 suam:
1266 2552 1331 2582 hoc
1347 2553 1435 2583 enim
1546 2562 1575 2582 2.
1593 2552 1789 2588 ΡΜΕΤΕΚΕΑ,
1803 2551 1878 2591 Sap.
1890 2561 1912 2582 v
1926 2552 1943 2567 ³*
1959 2550 2092 2582 dicitur:
2108 2550 2273 2592 Pugnabit
2288 2550 2375 2581 orbis
2391 2556 2553 2581 terrarum

368 2598 415 2625 est
438 2594 483 2624 eis
506 2593 547 2624 ad
569 2600 779 2634 augmentum
801 2604 938 2635 poenae.
963 2595 1027 2626 Sed
1049 2595 1129 2626 nihil
1151 2595 1276 2627 videtur
1299 2597 1367 2627 sine
1386 2597 1436 2627 lu·
1450 2611 1474 2632 55
1490 2601 1608 2627 contra
1629 2596 1819 2627 insensatos.
1849 2594 1912 2626 Sed
1941 2605 2009 2626 non
2032 2601 2120 2626 totus
2143 2595 2228 2626 orbis
2257 2600 2411 2625 terrarum
2444 2600 2554 2626 contra

366 2638 464 2670 mine.
489 2638 576 2678 Ergo
598 2648 668 2669 non
690 2644 765 2670 sunt
787 2639 831 2669 ibi
855 2640 1004 2670 tenebrae
1028 2640 1221 2680 corporales,
1489 2641 1667 2671 insensatos
1690 2645 1848 2681 pugnaret
1870 2641 1897 2670 si
1919 2639 2127 2670 solummodo
2151 2640 2304 2680 spirituali
2319 2649 2426 2680 poena
2442 2646 2473 2670 et
2487 2649 2553 2670 non

424 2682 453 2713 3.
477 2682 676 2719 Pmrmuea,
700 2682 841 2714 damnati
856 2684 900 2714 ibi
915 2684 1080 2715 habebunt
1098 2685 1279 2724 potentiam
1301 2685 1435 2715 visivam
1490 2685 1650 2725 corporali
1673 2685 1872 2725 punirentur.
1895 2684 1982 2724 Ergo
2004 2685 2180 2724 punientur
2202 2685 2276 2724 igne
2295 2693 2463 2724 corporeo.

366 2731 441 2768 post
464 2736 640 2767 corporum
663 2728 929 2768 resumptionem.
954 2728 1019 2759 Sed
1037 2728 1151 2759 frustra
1167 2729 1200 2759 in
1217 2730 1261 2759 eis
1278 2734 1360 2760 esset
1374 2730 1436 2760 nisi
1544 2730 1735 2763 Rnsrosmzo
1761 2738 1922 2759 mersurum
1953 2727 2043 2768 quod
2069 2728 2108 2758 de
2138 2729 2212 2768 igne
2242 2727 2357 2758 inferni
2386 2727 2553 2767 multiplex

367 2770 489 2811 aliquid
511 2770 665 2802 viderent.
690 2772 787 2812 Ergo,
813 2781 889 2803 cum
911 2773 991 2803 nihil
1014 2772 1159 2804 videatur
1174 2774 1235 2804 nisi
1251 2774 1285 2804 in
1300 2773 1434 2810 lumine,
1489 2773 1550 2804 fuit
1572 2774 1702 2814 positio.
1728 2772 1869 2811 Quidam
1893 2773 1979 2802 enim
2002 2772 2198 2812 philosophi,
2216 2777 2252 2802 ut
2274 2772 2439 2802 Avicenna
2455 2773 2481 2808 ⁴⁶,
2503 2781 2553 2801 re-

365 2815 492 2846 videtur
516 2816 605 2856 quod
628 2825 697 2847 non
719 2817 782 2847 sint
805 2817 941 2848 omnino
965 2818 1000 2847 in
1022 2817 1170 2848 tenebris.
1448 2826 1476 2847 ⁶0
1489 2818 1721 2848 surrectionem
1743 2827 1812 2848 non
1836 2816 2015 2852 credentes,
2039 2816 2138 2846 solius
2161 2816 2286 2846 animae
2313 2821 2388 2856 post
2411 2821 2550 2846 mortem

126 2866 137 2878 '
149 2864 219 2887 vm.
234 2870 266 2893 ¹3·
422 2859 485 2891 San
502 2869 627 2891 comm
642 2870 696 2891 Bsr
721 2860 811 2901 quod
826 2860 941 2892 dicitur
957 2861 1070 2892 Matth.
1086 2871 1151 2892 xxn
1166 2862 1197 2892 ἢ
1221 2861 1349 2903 Ligatis
1364 2872 1433 2893 ma·
1488 2871 1631 2903 poenam
1654 2871 1722 2892 esse
1746 2860 1956 2892 crediderunt.
1981 2861 2022 2892 Et
2045 2861 2120 2900 quia
2144 2861 2188 2890 eis
2211 2860 2442 2890 inconveniens
2465 2859 2552 2891 vide-

367 2904 460 2935 nibus
483 2905 552 2935 eius
575 2910 607 2936 et
621 2904 768 2945 pedibus,
787 2905 942 2945 proiicite
964 2915 1037 2936 eum
1061 2906 1094 2936 in
1119 2906 1266 2936 tenebras
1293 2907 1434 2937 exterio-
1489 2907 1581 2937 batur
1603 2911 1640 2936 ut
1663 2906 1786 2941 anima,
1811 2915 1886 2935 cum
1910 2905 1949 2935 sit
1971 2905 2178 2944 incorporea,
2201 2905 2276 2944 igne
2306 2913 2464 2945 corporeo
2491 2914 2552 2944 pu-

125 2950 340 2982 *umat.iib.}x,
367 2958 429 2980 res.
453 2948 557 2990 Super
587 2949 677 2990 quod
709 2949 785 2980 dicit
819 2949 993 2990 Gregorius
1009 2951 1041 2980 ὓς
1067 2950 1104 2980 Si
1126 2950 1214 2992 ignis
1244 2950 1299 2981 ille
1331 2951 1434 2981 lucem
1488 2951 1620 2986 nitetur,
1643 2954 1841 2990 negaverunt
1863 2949 1971 2989 ignem
1994 2958 2188 2989 corporeum
2213 2958 2281 2979 esse
2304 2958 2370 2988 quo
2393 2949 2469 2979 mali
2491 2958 2552 2989 pu-

125 2977 340 3031 ἳιῗπῗίῃιιῖζῗ
365 2992 505 3030 haberet,
523 2994 556 3024 in
574 2994 721 3025 tenebras
736 2994 916 3025 exteriores
939 3003 1141 3035 nequaquam
1159 2994 1243 3025 mitti
1260 2994 1433 3026 diceretur.
1488 2995 1642 3030 nitentur,
1666 2994 1812 3024 volentes
1836 2992 1926 3034 quod
1949 2992 2107 3033 quidquid
2123 2993 2237 3023 dicitur
2253 2992 2292 3023 de
2310 3002 2418 3033 poena
2433 2993 2553 3023 anima-

126 3036 288 3079 ?ijoss'ffi„
314 3057 340 3078 ,-,ι
423 3046 454 3068 2.
477 3037 674 3075 Puni-nau,
687 3039 822 3070 Basilius
838 3038 914 3069 dicit
925 3040 952 3075 *,
965 3048 1061 3079 super
1075 3038 1155 3070 illud
1170 3038 1288 3069 Psalmi
1302 3040 1347 3075 ἢ,
1366 3039 1435 3070 Vox
1448 3046 1473 3073 σς
1488 3048 1561 3070 rum
1584 3044 1659 3078 post
1681 3043 1820 3069 mortem
1842 3047 1901 3078 per
1923 3038 2030 3078 aliqua
2053 3037 2231 3078 corporalia
2246 3035 2362 3072 futura,
2384 3037 2552 3077 metapho-

126 3083 246 3132 {exaffiolu
261 3083 340 3136 ‘'3'1'33
366 3081 501 3112 Domini
519 3082 739 3114 intercidentis
752 3084 927 3123 flammam
951 3083 1047 3124 ignis,
1065 3082 1154 3124 quod
1175 3083 1293 3114 uirtute
1307 3083 1371 3114 Dei
1385 3093 1434 3114 se-
1488 3084 1553 3114 rice
1573 3082 1705 3113 dicatur.
1730 3082 1820 3113 Sicut
1843 3082 1930 3112 enim
1952 3081 2111 3112 bonarum
2126 3082 2305 3112 animarum
2328 3080 2496 3112 delectatio
2521 3087 2552 3111 et

127 3140 150 3158 et
163 3125 253 3158 Homa-
269 3135 302 3158 vl
315 3136 340 3158 fn
361 3125 538 3165 parabitur
560 3127 695 3159 claritas
710 3128 798 3169 ignis
812 3128 852 3158 ab
877 3128 945 3158 eius
961 3128 1080 3159 uirtute
1094 3127 1264 3158 adustiua:
1287 3127 1332 3158 ita
1348 3128 1436 3168 quod
1488 3126 1670 3158 iucunditas
1698 3136 1767 3157 non
1797 3127 1855 3157 erit
1883 3126 1918 3156 in
1940 3126 2047 3166 aliqua
2069 3136 2103 3156 re
2127 3125 2296 3166 corporali,
2320 3125 2376 3156 sed
2398 3125 2552 3166 spirituali

127 3162 339 3217 ’.ἕῇῗξξῆᾆᾶἳ
368 3169 502 3201 claritas
525 3171 614 3202 cedet
636 3172 669 3203 in
692 3172 851 3214 gaudium
874 3172 1052 3208 beatorum,
1077 3177 1108 3203 et
1131 3172 1270 3203 ustivum
1295 3171 1383 3213 ignis
1400 3173 1433 3203 in
1488 3176 1624 3207 tantum,
1649 3170 1739 3211 quod
1763 3171 1821 3201 erit
1843 3171 1876 3201 in
1901 3171 2130 3201 consecutione
2154 3170 2203 3200 sui
2226 3169 2317 3206 finis;
2347 3170 2391 3200 ita
2422 3169 2550 3200 afflictio

127 3222 149 3244 ⁷·
369 3217 563 3245 tormentum
586 3215 825 3248 damnatorum.
850 3217 937 3257 Ergo
954 3216 1095 3248 damnati
1109 3216 1274 3247 habebunt
1288 3217 1434 3247 tenebras
1487 3216 1650 3247 malorum
1673 3215 1843 3255 spiritualis
1866 3215 1924 3245 erit
1946 3219 2082 3251 tantum,
2106 3215 2140 3245 in
2163 3215 2227 3244 hoc
2249 3214 2370 3244 scilicet
2393 3213 2483 3254 quod
2497 3214 2550 3244 tri-

369 3258 562 3298 corporales.
1448 3273 1475 3294 7⁰
1488 3260 1656 3291 stabuntur
1679 3259 1718 3290 de
1741 3259 1805 3290 hoc
1829 3258 1919 3299 quod
1941 3259 2172 3299 separabuntur
2195 3268 2213 3288 a
2243 3257 2325 3294 fine,
2349 3259 2440 3289 cuius
2470 3258 2552 3288 inest

424 3301 594 3340 Quaedam
615 3312 694 3335 vero
717 3305 778 3336 alia
801 3315 884 3346 quae
903 3305 943 3336 ad
958 3314 1099 3346 poenam
1119 3304 1344 3336 damnatorum
1362 3314 1434 3346 per·
1489 3305 1534 3336 eis
1558 3303 1751 3335 desiderium
1774 3303 1927 3334 naturale.
1951 3302 2056 3339 Unde,
2079 3303 2162 3333 sicut
2185 3303 2295 3333 omnia
2317 3311 2400 3342 quae
2423 3302 2463 3333 de
2496 3302 2547 3333 de-

128 3349 138 3360 ·
152 3347 215 3396 ⁰223
227 3352 340 3395 mvi-qu.
368 3345 483 3382 tinent,
506 3345 714 3379 determinata
735 3355 811 3380 sunt
832 3359 929 3390 supra
944 3350 971 3380 ἦ
1488 3349 1660 3380 lectatione
1683 3349 1862 3379 animarum
1883 3353 1959 3388 post
1980 3353 2120 3378 mortem
2139 3346 2288 3378 dicuntur
2303 3356 2387 3387 quae
2402 3346 2550 3377 videntur

127 3379 280 3429 &aqi-0⁹53
296 3379 340 3427 (uia-¹
423 3389 615 3421 Rtsronnuo
638 3401 799 3424 memmi
822 3393 912 3434 quod
935 3393 1103 3434 dispositio
1126 3392 1243 3424 inferni
1274 3394 1332 3424 erit
1364 3394 1434 3424 talis
1489 3392 1529 3424 ad
1552 3392 1798 3424 delectationem
1821 3392 2022 3433 corporalem
2039 3392 2209 3432 pertinere,
2232 3396 2269 3422 ut
2292 3391 2382 3432 quod
2404 3390 2549 3422 refician-

128 3429 340 3482 ξξὲζΛ-,ξξὸξῇ
369 3433 460 3473 quod
481 3435 620 3466 maxime
642 3436 788 3468 miseriae
810 3437 1036 3470 damnatorum
1060 3443 1232 3479 competet.
1264 3437 1358 3470 Unde
1385 3447 1434 3469 se-
1489 3443 1551 3474 tur,
1576 3437 1666 3478 quod
1687 3437 1820 3473 rideant,
1844 3442 1876 3467 et
1898 3435 2102 3472 huiusmodi,
2134 3436 2177 3466 ita
2201 3436 2296 3467 etiam
2319 3434 2479 3476 quidquid
2512 3434 2551 3466 de

128 3483 172 3502 m.
186 3481 214 3508 ³)-
370 3477 514 3509 cundum
536 3479 600 3510 hoc
623 3485 698 3511 sunt
719 3480 764 3512 ibi
786 3481 841 3512 lux
864 3487 896 3513 et
917 3483 1048 3514 tenebra
1079 3488 1178 3524 prout
1199 3483 1338 3514 maxime
1363 3492 1434 3523 spe·
1449 3493 1474 3515 75
1490 3491 1600 3513 earum
1623 3481 1795 3512 afflictione
1819 3480 1933 3512 dicitur
1956 3479 2045 3521 quod
2067 3481 2101 3511 in
2125 3480 2325 3521 corporalem
2348 3480 2551 3521 punitionem

510 3540 621 3566 Smnuu
639 3541 742 3567 Τπιοι.
756 3541 788 3568 D.
806 3542 922 3568 Tuon!
941 3543 973 3570 T.
988 3544 1031 3570 IX.
2360 3540 2408 3566 31*

2577 292 2587 302 *
2606 290 2658 313 Lib.
2673 290 2691 317 1,
2707 296 2757 318 cap.
2769 296 2788 317 ι,

2577 323 2677 366 leeth?
2698 317 2724 339 ⁵·
2742 317 2789 339 v..

2581 825 2590 835 ·
2605 823 2640 845 ef.
2656 827 2700 846 ιη.
2714 830 2735 851 7.

2580 1529 2591 1539 ·
2601 1527 2638 1548 De
2651 1526 2710 1548 Fide
2725 1526 2793 1548 Orth.

2581 1554 2621 1575 lib.
2628 1552 2793 1580 1V,cap.xxvu.

2583 1885 2594 1895 '¹
2608 1884 2665 1911 Cap.
2681 1889 2754 1905 xxxii.

2581 2237 2591 2248 ²
2606 2236 2663 2264 Cap.
2678 2242 2743 2258 mu.

2580 2419 2592 2430 '¹
2605 2418 2662 2446 Cap.
2678 2424 2740 2439 xxix.

2578 2550 2591 2564 ¹
2605 2550 2671 2572 Vers.
2687 2556 2720 2572 21.

2581 2772 2589 2781 ·
2606 2769 2642 2792 Cf.
2657 2769 2725 2791 Avic.
2739 2768 2794 2790 Me-

2580 2796 2655 2824 taph„
2669 2799 2736 2817 tract.
2751 2794 2792 2822 lx,

2579 2829 2606 2845 ca
2625 2822 2791 2849 .vu;Algazel,

2613 2849 2713 2877 ilosoph.
2750 2848 2791 2869 lib.

2578 2877 2608 2903 11,
2615 2879 2680 2898 tract.
2687 2882 2708 2902 v,
2717 2880 2768 2902 cap.
2772 2880 2790 2902 5.
