2878 4088
83 348 94 358 ·
109 346 175 367 νεη.
188 352 212 372 4,
227 351 246 373 5.

81 614 91 624 ·
101 612 149 640 Qu.
160 618 200 639 xn,
215 615 256 634 art.
271 618 292 641 3.

80 876 90 887 ‘
100 874 133 897 1v
146 875 221 902 Seni„
238 875 291 898 dist.

79 907 118 928 xv,
128 907 179 930 cap.
191 908 205 924 ι.

1014 179 1278 228 QUAESTIO
1308 179 1406 226 XIV,
1426 179 1719 217 ARTICULUS
1747 181 1789 227 11,
1810 181 1855 217 111
2275 192 2278 198 ·
2462 193 2510 230 29

320 257 440 288 seilicet
462 257 620 288 luxuriam
634 258 771 290 refrenet
791 265 822 290 et
845 260 990 290 avaritiae
1006 260 1136 290 insistat.
1160 259 1245 299 Ergo
1270 258 1309 289 de
1325 267 1392 289 uno
1447 262 1484 287 ut
1498 263 1585 298 patet
1601 258 1613 288 Ι
1631 258 1707 289 Cor.
1720 269 1775 289 xm
1786 260 1819 289 *2
1840 259 1875 289 Si
1890 260 2082 291 distribuero
2100 262 2132 291 in
2149 261 2234 292 cibos
2244 271 2436 302 pauperum,
2450 267 2509 292 etc.

320 307 453 341 peccato
476 307 583 341 potest
605 301 673 333 fieri
696 303 866 334 satisfactio
891 304 958 334 sine
982 304 1054 334 alio.
1447 301 1532 341 Ergo
1556 311 1616 332 nec
1640 302 1809 333 satisfactio
1834 303 1939 343 aliqua
1963 310 2018 334 est.

375 344 438 376 San
461 355 595 382 CONTRA,
611 346 708 378 Isaiae
730 358 804 377 Lvm
819 349 846 384 *,
869 348 1027 379 ieiunium
1049 357 1162 379 eorum
1187 348 1244 388 qui
1258 347 1302 377 ad
1316 356 1392 377 con-
1501 345 1690 377 Responnao
1710 356 1869 377 mensuum
1885 347 1975 387 quod
1990 347 2121 387 quidam
2137 348 2283 379 dixerunt
2306 349 2406 390 quod,
2422 355 2510 390 post-

321 389 477 420 tentiones
500 395 531 420 et
553 391 623 421 lites
639 391 833 427 ieiunabant,
850 391 921 422 Deo
945 398 1114 432 acceptum
1136 401 1204 423 non
1227 398 1301 427 erat,
1318 391 1391 421 licet
1446 398 1545 428 quam
1568 391 1678 420 omnia
1700 396 1831 431 peccata
1853 400 1911 431 per
1940 391 2183 431 praecedentem
2213 394 2439 424 contritionem
2461 404 2509 424 re-

320 433 477 464 ieiunium
500 435 540 464 sit
561 434 782 466 satisfactionis
799 445 891 475 opus.
916 435 979 466 Sed
998 446 1066 467 non
1089 441 1196 476 potest
1211 435 1279 466 fieri
1302 436 1390 465 satis·
1413 443 1422 462 ς
1445 433 1540 463 missa
1563 440 1646 470 sunt,
1663 435 1690 464 Si
1713 435 1827 475 aliquis
1843 441 1916 465 ante
1939 435 2186 466 satisfactionem
2202 443 2363 476 peractam
2385 439 2418 468 in
2434 447 2509 477 pec-

321 476 416 507 factio
439 478 500 508 nisi
523 488 580 518 per
603 488 686 519 opus
709 480 781 510 Deo
805 485 983 519 acceptum.
1007 480 1093 520 Ergo
1114 490 1182 511 non
1204 484 1311 520 potest
1334 480 1390 519 qui
1445 482 1552 508 catum
1575 477 1709 514 decidat,
1726 484 1758 509 et
1779 479 1814 509 in
1836 484 1970 519 peccato
1994 480 2129 510 existens
2153 480 2329 517 satisfaciat,
2349 481 2438 521 quod
2461 491 2509 511 sa-

319 521 415 552 habet
437 522 570 563 aliquod
592 529 771 563 peccatum,
788 524 859 554 Deo
883 523 1071 554 satisfacere.
1443 521 1579 552 tisfactio
1603 522 1672 552 talis
1697 523 1726 553 ei
1749 523 1860 559 valeat,
1876 523 1920 553 ita
1942 523 2042 563 quod,
2059 524 2085 553 si
2107 524 2140 553 in
2163 530 2296 564 peccato
2324 525 2380 555 illo
2403 535 2509 556 more-

377 575 407 596 2.
432 566 636 603 Pmrnmza,
663 567 834 598 satisfactio
864 573 911 598 est
932 567 1092 598 medicina
1122 577 1235 599 curans
1258 572 1389 607 peccam
1443 570 1538 601 retur,
1554 567 1588 596 in
1610 566 1736 597 inferno
1760 566 1800 597 de
1822 567 1883 597 illis
1906 567 2045 607 peccatis
2067 577 2135 598 non
2151 568 2333 607 puniretur.

319 611 487 649 praeterita
509 617 541 641 et
563 620 766 651 praeservans
790 622 808 642 a
830 611 962 647 futuris,
986 617 1022 642 ut
1051 612 1173 642 dictum
1201 617 1248 642 est
1264 612 1290 640 ἦ
1326 610 1388 641 Sed
1498 609 1561 640 Sed
1583 611 1647 640 hoc
1670 620 1738 641 non
1760 616 1868 650 potest
1883 620 1961 642 esse.
1985 611 2071 649 Quia
2094 612 2127 642 in
2143 611 2357 642 satisfactione
2380 618 2509 652 oportet

320 659 452 693 peccata
472 664 540 686 non
563 661 700 695 possunt
722 656 790 686 sine
812 656 911 695 gratia
934 656 1046 686 curari.
1070 655 1166 696 Ergo,
1183 664 1259 686 cum
1283 654 1387 694 quod·
1403 662 1429 676 ¹⁰
1443 653 1542 692 quod,
1559 655 1655 684 etiam
1678 655 1816 685 amicitia
1838 655 1991 691 restituta,
2011 655 2149 686 iustitiae
2172 656 2343 695 aequalitas
2366 657 2508 687 restitua-

318 697 395 728 libet
409 704 579 738 peccatum
600 700 733 739 gratiam
748 699 878 735 auferat,
894 709 963 730 non
979 704 1085 739 potest
1107 699 1147 730 de
1170 709 1238 730 uno
1253 704 1387 739 peccato
1441 702 1502 732 tur,
1520 698 1612 728 cuius
1636 699 1831 729 contrarium
1855 700 2027 730 amicitiam
2050 700 2142 735 tollit,
2160 705 2195 730 ut
2218 700 2450 740 Philosophus,
2474 701 2508 731 in

319 742 387 773 sine
411 742 474 773 alio
497 742 566 773 fieri
588 742 770 774 satisfactio,
986 751 996 758 ·
1441 740 1484 770 IX
1495 741 1599 772 Ethic.
1612 743 1639 778 *‚
1653 742 1738 773 dicit.
1754 743 1939 783 Aequalitas
1951 749 2059 774 autern
2074 744 2108 774 in
2123 743 2338 774 satisfactione
2349 743 2389 774 ad
2401 744 2507 775 Deum

373 786 564 817 Rxsponnno
587 797 748 817 mesanum
771 786 861 827 quod
884 786 1015 826 quidam
1030 786 1178 817 dixerunt
1200 786 1290 827 quod
1312 791 1385 826 pot·
1439 794 1508 814 non
1532 791 1579 815 est
1601 786 1780 817 secundum
1810 787 2093 827 aequivalentiam,
2116 787 2172 818 sed
2198 789 2299 828 magis
2329 788 2507 819 secundum

320 835 366 860 est
389 830 429 861 de
452 840 519 861 uno
543 836 676 870 peccato
699 830 842 861 satisfieri
857 831 926 861 sine
949 831 1028 861 alio:
1053 836 1089 861 ut
1111 831 1260 871 Magister
1279 831 1313 860 in
1335 830 1385 860 lit-
1440 830 1696 868 acceptationem
1718 831 1829 871 ipsius.
1854 832 1894 862 Et
1916 831 1990 862 ideo
2015 837 2143 872 oportet
2166 832 2266 872 quod,
2290 833 2348 862 etsi
2370 833 2435 862 iam
2458 832 2507 863 of-

318 879 384 905 tera
400 875 416 891 *
440 873 524 905 dicit.
540 892 564 897 —
585 873 650 905 Sed
672 874 735 905 hoc
766 884 836 904 non
857 879 964 914 potest
988 884 1066 905 esse.
1102 874 1189 905 Cum
1219 875 1305 905 enim
1328 884 1386 914 per
1400 880 1423 900 ¹5
1440 871 1528 903 fensa
1540 874 1579 903 sit
1590 873 1718 905 dimissa
1730 884 1788 915 per
1798 875 2043 915 praecedentem
2055 877 2293 912 contritionem,
2306 875 2396 916 quod
2409 886 2507 916 opera

318 917 565 949 satisfactionem
580 918 651 948 tolli
666 917 779 948 debeat
794 917 915 949 offensa
929 918 1133 958 praecedens,
1151 924 1279 959 oportet
1295 918 1385 959 quod
1439 916 1645 948 satisfactoria
1661 919 1723 949 sint
1738 919 1809 950 Deo
1826 926 1966 960 accepta.
1991 920 2091 959 Quod
2106 919 2159 951 dat
2175 922 2219 952 eis
2235 921 2356 951 caritas.
2376 921 2417 951 Et
2431 920 2505 952 ideo

318 961 388 992 talis
411 962 450 992 sit
471 961 590 992 modus
613 961 834 992 satisfactionis
859 963 915 1002 qui
945 968 1107 1003 competat
1137 963 1177 993 ad
1204 962 1385 994 tollendum
1439 962 1506 992 sine
1531 962 1658 993 caritate
1681 973 1780 1003 opera
1803 963 1885 995 facta
1907 974 1976 995 non
1999 970 2073 996 sunt
2095 964 2312 996 satisfactoria.

318 1004 483 1036 offensam.
509 1005 658 1036 Offensae
681 1011 790 1037 autem
818 1006 935 1037 ablatio
960 1012 1007 1037 est
1030 1007 1186 1038 amicitiae
1215 1008 1382 1038 restitutio.
1493 1006 1544 1036 An
1568 1016 1686 1037 numm
1708 1018 1791 1038 eaeo
1815 1018 1975 1039 mensuum
2005 1009 2095 1049 quod
2125 1009 2297 1040 consilium
2320 1009 2434 1040 Daniel
2457 1010 2505 1040 in-

317 1049 359 1080 Et
380 1048 465 1085 ideo,
482 1050 508 1079 si
531 1049 653 1090 aliquid
676 1051 715 1080 sit
738 1050 828 1090 quod
852 1051 1008 1082 amicitiae
1023 1052 1258 1082 restitutionem
1281 1053 1383 1092 impe·
1438 1049 1589 1090 telligitur
1603 1051 1694 1090 quod
1716 1062 1734 1082 a
1756 1058 1891 1092 peccato
1915 1059 2059 1090 cessaret,
2077 1059 2109 1084 et
2126 1054 2316 1094 poeniteret,
2333 1058 2365 1084 et
2387 1054 2432 1084 sic
2448 1063 2506 1093 per

316 1092 391 1129 diat,
408 1094 504 1124 etiam
526 1093 614 1134 apud
628 1094 776 1125 homines
799 1094 969 1126 satisfactio
986 1105 1054 1126 esse
1069 1105 1137 1126 non
1156 1101 1272 1136 potest.
1297 1095 1384 1127 Cum
1398 1101 1424 1116 ²⁰
1439 1093 1658 1135 eleemosynas
1682 1095 1883 1128 satisfaceret.

317 1146 393 1177 ergo
410 1137 577 1177 quodlibet
591 1144 761 1178 peccatum
778 1139 949 1170 amicitiam
966 1140 1100 1170 caritatis
1120 1140 1283 1180 impediat,
1300 1149 1383 1180 quae
1491 1138 1543 1168 An
1567 1149 1730 1170 saetmntm
1753 1150 1912 1171 memnon
1943 1140 2052 1181 quod,
2076 1142 2158 1172 sicut
2188 1142 2290 1172 homo
2320 1142 2422 1172 nescit
2444 1151 2503 1181 pro

317 1186 364 1212 est
386 1181 527 1212 hominis
542 1182 583 1213 ad
604 1183 722 1219 Deum,
739 1183 935 1223 impossibile
951 1189 998 1214 est
1022 1183 1112 1224 quod
1134 1185 1235 1215 homo
1259 1184 1299 1215 de
1314 1194 1382 1215 uno
1438 1187 1525 1212 certo
1548 1188 1657 1214 utrum
1673 1185 1835 1215 caritatem
1850 1185 1995 1216 habuerit
2017 1186 2051 1216 in
2069 1185 2291 1216 satisfaciendo
2306 1185 2357 1216 vel
2380 1186 2503 1221 habeat,

315 1231 450 1265 peccato
473 1226 642 1257 satisfaciat
665 1227 727 1257 alio
751 1232 892 1258 retento:
921 1228 1004 1258 sicut
1024 1237 1085 1259 nec
1108 1229 1233 1259 homini
1263 1228 1380 1259 satisfa-
1437 1227 1480 1256 ita
1495 1227 1592 1257 etiam
1606 1229 1708 1259 nescit
1730 1238 1789 1269 pro
1813 1235 1900 1260 certo
1917 1235 2026 1260 utrum
2041 1230 2137 1270 plene
2157 1229 2349 1260 satisfecerit.
2374 1229 2415 1260 Et
2429 1229 2503 1260 ideo

317 1275 403 1300 ceret
427 1271 483 1310 qui
506 1280 565 1310 pro
589 1271 680 1311 alapa
701 1272 761 1302 sibi
790 1271 863 1302 data
886 1273 915 1302 ei
938 1282 972 1302 se
998 1278 1212 1312 prosterneret
1235 1278 1267 1303 et
1289 1273 1381 1303 aliam
1437 1270 1551 1301 dicitur
1565 1272 1666 1303 Eccli.
1681 1283 1702 1303 v
1716 1274 1748 1303 *2
1773 1273 1824 1303 De
1838 1274 2020 1314 propitiatu
2030 1279 2240 1314 peccatorum
2263 1274 2332 1305 noli
2347 1283 2415 1304 esse
2435 1274 2505 1305 sine

317 1314 414 1347 simul
435 1313 552 1353 deret(
562 1328 575 1329 ⁷⁷
596 1326 598 1328 ’
1397 1321 1420 1342 ²5
1437 1320 1532 1346 metu.
1552 1316 1620 1347 Nec
1636 1322 1743 1347 tamen
1760 1318 1894 1357 exigitur
1909 1317 1999 1357 quod
2013 1323 2146 1358 propter
2161 1318 2248 1349 hunc
2262 1323 2387 1349 metum
2402 1319 2503 1348 homo

327 1368 331 1369 ⁷
371 1356 430 1388 An
446 1369 563 1389 ramum
587 1369 670 1390 nnoo
693 1369 853 1390 monimum
876 1360 976 1400 quod,
993 1362 1068 1401 quia
1083 1367 1214 1401 peccata
1236 1371 1304 1391 non
1327 1361 1382 1391 ha·
1436 1359 1685 1391 satisfactionem
1701 1361 1860 1401 expletam
1875 1363 1975 1398 iteret,
1992 1363 2018 1392 si
2035 1363 2264 1393 conscientiam
2279 1363 2403 1402 peccati
2417 1372 2504 1392 mor-

316 1402 393 1433 bent
408 1403 645 1434 connexionem
661 1403 701 1434 ad
723 1405 862 1435 invicem
877 1405 911 1435 in
934 1405 1044 1445 aliquo
1065 1415 1143 1441 uno,
1160 1415 1263 1436 unum
1277 1411 1383 1445 potest
1436 1403 1506 1433 talis
1529 1413 1598 1435 non
1620 1405 1724 1435 habet.
1760 1405 1915 1443 Quamvis
1939 1407 2026 1436 enim
2057 1415 2199 1446 poenam
2221 1416 2290 1437 non
2318 1407 2425 1447 expiet
2446 1416 2504 1446 per

316 1446 389 1486 quis
410 1447 572 1478 incurrere
594 1448 662 1478 sine
679 1448 752 1478 alio.
777 1448 840 1479 Sed
863 1458 966 1479 unum
982 1455 1014 1479 et
1035 1448 1122 1480 idem
1138 1455 1184 1480 est
1203 1449 1387 1487 secundum>
1436 1448 1623 1479 huiusmodi
1638 1449 1897 1486 satisfactionem,
1914 1455 2022 1481 tamen
2036 1460 2105 1481 non
2120 1451 2252 1481 incurrit
2266 1456 2390 1481 reatum
2406 1451 2503 1480 omis-

314 1490 407 1530 quod
429 1491 540 1522 omnia
561 1497 692 1531 peccata
715 1492 928 1523 remittuntur.
953 1493 994 1523 Et
1016 1493 1090 1524 ideo
1110 1494 1312 1524 remissiones
1335 1493 1382 1524 di-
1436 1492 1536 1522 sionis
1560 1502 1598 1523 ex
1621 1493 1834 1524 satisfactione
1857 1495 2020 1534 neglecta:
2045 1495 2128 1525 sicut
2149 1504 2210 1525 nec
2232 1495 2286 1525 ille
2302 1495 2359 1535 qui
2381 1493 2504 1525 accedit

257 1564 259 1567 Α
314 1544 479 1568 versorum
503 1541 711 1575 peccatorum
727 1545 890 1567 connexae
906 1542 989 1567 sunt.
1014 1537 1055 1567 Et
1078 1536 1151 1568 ideo
1175 1537 1214 1568 de
1230 1547 1298 1568 uno
1314 1538 1382 1568 sine
1398 1545 1423 1565 ³⁰
1437 1535 1476 1566 ad
1499 1536 1731 1568 Eucharistiam
1754 1538 1822 1568 sine
1839 1539 2034 1569 conscientia
2056 1539 2180 1578 peccati
2194 1539 2337 1570 mortalis
2361 1539 2413 1569 cui
2429 1538 2503 1568 sub-

260 1967 266 1972 „
311 1930 451 1967 tonatur,
467 1941 536 1963 non
558 1931 665 1962 solum
680 1937 810 1972 oportet
833 1932 923 1972 quod
938 1933 1111 1972 aequalitas
1134 1934 1270 1964 iustitiae
1291 1935 1379 1964 resti—

70 2152 285 2180 ‘nordalli-XXV,

22 2193 26 2195 -
70 2185 124 2208 αν.
138 2185 176 2206 rx:
194 2179 219 2203 in
239 2183 285 2203 vet.

70 2211 125 2235 enp-
138 2212 179 2230 m.

70 2627 216 2657 'Vm-24.

71 2721 84 2732 ·
97 2719 165 2751 Vere.
179 2725 205 2748 ²⁵
219 2726 273 2749 sqq.

38 2847 43 2854 ’
72 2850 199 2874 'Vnt-

74 3339 85 3351 ·
98 3337 166 3362 Vm.
181 3345 214 3362 η.

314 1578 378 1610 alio
402 1578 547 1610 satisfieri
569 1589 637 1610 non
659 1585 775 1619 potest.
1436 1580 1528 1616 iacet,
1544 1586 1668 1611 reatum
1690 1581 1840 1622 indignae
1863 1583 2054 1623 sumptionis
2077 1583 2219 1613 incurrit.

369 1622 422 1653 An
444 1632 607 1654 sncuunum
631 1633 791 1654 nrcaunun
814 1624 904 1664 quod
926 1625 960 1655 in
976 1624 1170 1664 obligatione
1194 1625 1291 1655 debiti
1315 1635 1382 1656 non
1491 1624 1542 1654 An
1566 1634 1700 1655 TERTIUM
1724 1636 1883 1656 mmmmm
1907 1626 1997 1666 quod
2019 1627 2154 1657 intentio
2177 1627 2231 1657 illa
2258 1627 2434 1666 interrupta
2456 1632 2503 1657 est

312 1671 362 1697 eat
383 1667 444 1697 nisi
466 1667 675 1706 inaequalitas
697 1668 834 1698 iustitiae
857 1669 1016 1708 opposita,
1042 1669 1117 1708 quia
1140 1678 1224 1699 unus
1246 1678 1315 1699 rem
1338 1670 1382 1699 al-
1435 1677 1493 1707 per
1516 1674 1685 1707 peccatum
1701 1679 1848 1710 sequens.
1872 1670 1914 1701 Et
1936 1671 2011 1701 ideo
2027 1680 2094 1701 non
2118 1670 2171 1701 dat
2185 1672 2252 1701 vim
2267 1671 2408 1710 aliquam
2424 1680 2502 1711 ope-

308 1710 411 1743 -tetius
440 1710 544 1741 habet.
578 1710 620 1741 Et
645 1710 720 1742 ideo
748 1711 788 1741 ad
810 1712 1044 1743 restitutionem
1074 1722 1142 1743 non
1165 1713 1299 1752 exigitur
1321 1714 1383 1743 nisi
1435 1712 1522 1742 ribus
1545 1718 1619 1751 post
1641 1720 1810 1752 peccatum
1833 1713 1933 1744 factis.

312 1752 403 1794 quod
425 1755 607 1785 restituatur
630 1755 802 1794 aequalitas
825 1756 972 1786 iustitiae.
1001 1755 1102 1794 Quod
1124 1756 1256 1796 quidem
1276 1762 1382 1797 potest
1398 1764 1419 1784 ³5
1491 1756 1542 1786 Ar>
1567 1767 1715 1787 unaarum
1738 1768 1898 1788 meatuum
1922 1758 2012 1799 quod
2034 1768 2102 1789 non
2125 1764 2232 1799 potest
2253 1758 2322 1789 fieri
2345 1757 2502 1798 adaequa-

312 1796 382 1829 fieri
404 1797 444 1829 de
466 1808 534 1829 uno
557 1798 666 1829 debito
690 1805 723 1829 et
736 1809 805 1830 non
827 1799 867 1830 de
890 1800 964 1830 alio.
980 1818 1001 1822 —
1021 1799 1084 1831 Sed
1107 1801 1161 1831 ubi
1179 1807 1226 1831 est
1249 1801 1380 1838 offensa,
1435 1800 1481 1830 tio
1505 1799 1665 1831 sufficiens
1687 1811 1748 1832 nec
1771 1802 1950 1833 secundum
1980 1802 2121 1833 divinam
2149 1803 2418 1843 acceptationem,
2442 1813 2502 1833 nec

311 1842 358 1873 ibi
372 1847 420 1874 est
434 1842 642 1882 inaequalitas
660 1853 729 1874 non
743 1849 869 1874 tantum
884 1844 1021 1875 iustitiae
1037 1845 1197 1884 opposita,
1214 1845 1270 1875 sed
1286 1846 1381 1876 etiam
1435 1844 1614 1875 secundum
1638 1846 1915 1885 aequivalentiam.
1940 1847 1981 1877 Et
1996 1846 2070 1877 ideo
2094 1848 2174 1877 ratio
2190 1847 2243 1877 illa
2265 1856 2333 1877 non
2348 1848 2501 1887 sequitur.

311 1886 480 1918 amicitiae.
505 1887 547 1918 Et
568 1886 643 1918 ideo
659 1887 699 1918 ad
721 1888 786 1918 hoc
809 1888 899 1928 quod
913 1898 971 1928 per
993 1888 1242 1920 satisfactionem
1258 1889 1380 1920 offensa
1478 1910 1578 1941 ART.
1595 1910 1646 1941 ΠΙ.
1667 1921 1781 1948 υΉωΜ,
1798 1921 1964 1943 posmnm
1986 1922 2075 1943 HOMO
2101 1923 2275 1943 mmmmm
2292 1923 2456 1948 mmmm

1611 1965 1731 1986 VALERE
1754 1966 1887 1986 INCIPIAT
1907 1966 2103 1987 SATISFACTIO
2127 1967 2324 1987 PRAECEDENS

312 1979 419 2005 tuatur
439 1984 498 2015 per
521 1977 855 2015 recompensationem
879 1977 1019 2016 aequalis
1036 1987 1180 2017 poenae,
1205 1977 1260 2008 sed
1284 1979 1377 2008 etiam
1393 1988 1419 2008 ιο
1745 2011 1805 2033 pm
1820 2011 1905 2039 mm
1928 2017 2014 2033 rxxxxx
2037 2015 2071 2033 m
2095 2011 2109 2033 6
2132 2011 2161 2033 ad
2175 2018 2187 2040 3

1854 2027 1859 2038 ‚
1908 2027 1913 2033 .
2017 2027 2022 2038 ,
2073 2027 2079 2033 .
2112 2028 2117 2037 ,
2190 2027 2195 2033 .

312 2018 403 2059 quod
425 2020 606 2051 restituatur
638 2020 795 2051 amicitiae
827 2021 1009 2061 aequalitas.
1045 2021 1145 2059 Quod
1172 2031 1241 2052 non
1272 2027 1380 2062 potest

312 2062 380 2093 fieri
403 2062 482 2094 dum
505 2063 625 2104 aliquid
649 2069 695 2094 est
719 2064 808 2104 quod
832 2065 1002 2095 amicitiam
1026 2065 1188 2105 impediat.
1434 2075 1517 2136 An
1548 2075 1682 2095 'reamur
1711 2075 1757 2096 src
1787 2076 1991 2097 nocem-run.
2030 2066 2164 2098 Videtur
2194 2067 2298 2107 quod,
2327 2073 2501 2109 postquam

366 2107 418 2138 An
441 2117 577 2138 warum
600 2118 761 2138 meaivnmr
784 2108 874 2148 quod
898 2118 998 2139 unum
1023 2115 1192 2149 peccatum
1215 2120 1277 2141 suo
1294 2120 1379 2151 pon·
1497 2109 1598 2140 homo
1640 2111 1803 2141 caritatem
1836 2111 1997 2147 habuerit,
2029 2111 2133 2141 valere
2166 2112 2298 2152 incipiat
2329 2112 2500 2143 satisfactio

311 2151 388 2182 dere
409 2151 453 2182 ad
475 2152 567 2182 aliud
590 2152 698 2187 trahit,
716 2158 751 2182 ut
767 2152 941 2193 Gregorius
964 2153 1040 2183 dicit
1055 2155 1082 2184 ’ἢ
1107 2153 1183 2184 Ideo
1204 2155 1259 2194 qui
1276 2164 1378 2185 unum
1432 2153 1635 2192 praecedens.
1661 2154 1764 2194 Super
1786 2154 1866 2186 illud
1889 2155 1988 2186 Levit.
2005 2165 2066 2185 xxv
2081 2157 2108 2191 ff,
2129 2155 2165 2185 Si
2192 2161 2378 2187 attenuatus
2390 2157 2502 2198 suerit

311 2201 481 2236 peccatum
504 2196 628 2232 retinet,
651 2206 719 2226 non
749 2196 942 2227 sufficienter
966 2207 1075 2228 causas
1105 2198 1232 2229 alterius
1256 2199 1377 2239 peccati
1392 2208 1416 2228 45
1423 2197 1540 2238 frater
1563 2202 1636 2228 tuus
1659 2203 1731 2234 etc„
1755 2198 1832 2229 dicit
1855 2198 1970 2230 Glossa
1985 2201 2001 2216 ¹¹*
2025 2199 2115 2239 quod
2128 2200 2265 2241 finctus
2291 2201 2396 2231 bonae
2422 2210 2499 2231 con-

312 2239 437 2270 excidit.
1432 2241 1590 2272 versionis
1613 2242 1703 2273 debet
1717 2244 1898 2283 computari
1913 2253 1955 2274 ex
1970 2253 2007 2274 eo
2030 2249 2172 2284 tempore
2186 2253 2250 2284 quo
2260 2245 2416 2284 peccavit.
2436 2245 2500 2276 Sed

1432 2295 1500 2316 non
1524 2292 1788 2326 computarentur
1809 2288 1870 2318 nisi
1892 2288 2033 2328 aliquam
2056 2287 2230 2318 efficaciam
2258 2290 2438 2329 acciperent
2461 2299 2499 2320 ex

1433 2330 1561 2360 caritate
1584 2332 1741 2371 sequenti.
1766 2331 1852 2371 Ergo
1875 2338 1950 2371 post
1973 2333 2135 2362 caritatem
2157 2338 2377 2373 recuperatam
2394 2333 2499 2364 valere

1433 2374 1600 2414 incipiunt.

1394 2427 1420 2447 50
1490 2428 1519 2448 2.
1543 2419 1740 2455 pantani,
1757 2421 1840 2450 sicut
1855 2419 1995 2450 efficacia
2010 2420 2231 2451 satisfactionis
2254 2421 2427 2461 impeditur
2441 2431 2499 2462 per

378 2469 398 2489 n
419 2469 582 2489 szcunnuu
604 2470 649 2490 sm
670 2470 874 2491 Pnocnnrwn.
891 2461 1026 2492 Videtur
1041 2462 1131 2502 quod
1148 2463 1204 2502 qui
1217 2462 1256 2494 de
1273 2465 1378 2494 omni—
1433 2468 1613 2501 peccatum,
1636 2464 1679 2493 ita
1702 2463 1842 2494 efficacia
1864 2465 2013 2504 baptismi
2042 2465 2214 2505 impeditur
2236 2475 2294 2505 per
2322 2465 2497 2496 fictionem.

315 2473 437 2534 Abos
460 2504 598 2543 peccatis
629 2505 783 2535 contritus
807 2504 867 2535 fuit
890 2506 994 2545 prius,
1019 2511 1051 2537 et
1073 2511 1186 2546 postea
1207 2508 1241 2538 in
1264 2517 1377 2547 pecca·
1432 2505 1496 2536 Sed
1518 2507 1695 2547 baptismus
1718 2508 1831 2548 incipit
1852 2509 1956 2539 valere
1979 2509 2147 2540 recedente
2170 2508 2311 2540 fictione.
2342 2510 2427 2550 Ergo
2450 2520 2498 2540 sa-

313 2553 383 2578 tum
406 2547 526 2583 incidit,
550 2547 590 2578 de
613 2548 681 2586 aliis
703 2550 852 2588 peccatis,
876 2558 958 2589 quae
981 2550 1041 2580 sibi
1063 2560 1122 2590 per
1151 2552 1378 2582 contritionem
1432 2550 1569 2581 tisfactio
1594 2551 1762 2582 recedente
1785 2558 1929 2593 peccato.

314 2590 443 2622 dimissa
465 2591 604 2628 fuerunt,
621 2592 797 2623 satisfacere
821 2594 921 2634 possit
945 2599 1030 2624 extra
1046 2596 1207 2626 caritatem
1231 2597 1376 2627 existens.
1489 2595 1518 2625 3.
1543 2595 1739 2632 paam-saza,
1756 2597 1782 2626 si
1805 2597 1900 2627 alicui
1915 2607 1975 2637 pro
1999 2599 2137 2637 peccatis
2156 2599 2334 2628 commissis
2356 2599 2499 2629 iniuncta

314 2635 400 2666 Dixit
416 2636 502 2666 enim
517 2636 631 2666 Daniel
646 2637 958 2675 Nabuchodonosor,
975 2638 1056 2669 Dan.
1073 2649 1104 2669 1v
1120 2640 1153 2669 ἐ
1169 2640 1305 2671 Peccata
1321 2646 1377 2671 tua
1393 2647 1415 2667 ⁵⁵
1432 2638 1550 2670 fuerint
1572 2640 1673 2672 multa
1695 2641 1824 2677 ieiunia,
1849 2647 1879 2671 et
1894 2642 1927 2671 in
1943 2647 2113 2682 peccatum
2137 2642 2252 2672 cadens
2268 2652 2306 2673 ea
2320 2642 2496 2682 perfecerit·

313 2679 526 2720 eleemosrnis
549 2679 678 2711 redime.
704 2681 766 2712 Sed
788 2682 857 2722 ipse
881 2682 985 2713 adhuc
1008 2689 1158 2723 peccator
1181 2690 1263 2714 erat:
1287 2685 1378 2726 quod
1431 2693 1500 2714 non
1522 2684 1708 2724 iniungitur,
1726 2694 1801 2715 cum
1816 2686 1934 2716 iterum
1957 2685 2157 2722 confiteatur,
2174 2692 2210 2716 ut
2232 2687 2350 2717 ieiunia
2365 2687 2419 2717 illa
2440 2687 2498 2717 ite-

311 2733 451 2764 sequens
473 2734 580 2764 poena
603 2724 799 2756 demonstrat
814 2727 841 2756 ’ἦ
865 2725 950 2766 Ergo
973 2732 1080 2767 potest
1102 2729 1136 2758 in
1155 2734 1288 2768 peccato
1313 2731 1378 2760 exi·
1430 2733 1487 2758 ret.
1522 2728 1743 2768 Iniungeretur
1770 2735 1878 2760 autem
1905 2731 1934 2760 ei
1962 2731 1988 2760 si
2012 2740 2070 2770 per
2092 2740 2129 2761 ea
2152 2730 2321 2761 satisfactio
2347 2741 2415 2761 non
2438 2732 2497 2761 im-

311 2773 397 2798 stens
419 2768 608 2799 satisfacere.
1430 2772 1580 2812 pleretur.
1604 2773 1690 2813 Ergo
1713 2783 1771 2814 per
1789 2775 2021 2814 poenitentiam
2044 2780 2232 2815 sequentem
2249 2784 2347 2815 opera
2369 2785 2497 2815 praece·

368 2821 398 2842 2.
422 2812 626 2849 PRAETEREA‚
652 2823 744 2844 nemo
771 2814 831 2844 scit
861 2819 969 2845 utrum
999 2815 1041 2846 sit
1071 2815 1191 2857 dignus
1221 2817 1296 2848 odio
1328 2818 1379 2849 vel
1431 2816 1538 2847 dentia
1561 2817 1772 2849 satisfaciendi
1795 2818 1969 2849 efficaciam
1992 2819 2163 2859 accipiunt.

311 2865 434 2892 amore,
449 2856 556 2887 Eccle.
573 2867 605 2887 rx
620 2858 646 2887 *.
672 2857 706 2889 Si
729 2867 804 2898 ergo
827 2868 895 2890 non
918 2860 1019 2899 possit
1037 2859 1106 2890 fieri
1129 2860 1300 2892 satisfactio
1316 2863 1378 2893 nisi
1390 2866 1418 2887 60
1487 2861 1549 2891 SED
1574 2871 1707 2897 CONTRA,
1724 2871 1823 2902 opera
1839 2868 1925 2893 extra
1941 2863 2101 2893 caritatem
2125 2863 2206 2894 facta
2228 2862 2302 2894 ideo
2318 2873 2386 2893 non
2409 2869 2498 2893 erant

310 2901 351 2931 ab
370 2910 410 2931 eo
434 2901 491 2941 qui
514 2907 561 2932 est
583 2902 617 2931 in
641 2903 785 2938 caritate,
811 2903 918 2934 nullus
947 2904 1041 2934 sciret
1064 2914 1097 2934 se
1121 2905 1308 2937 satisfacere.
1336 2906 1378 2937 Et
1431 2904 1637 2936 satisfactoria
1659 2907 1735 2946 quia
1757 2906 1888 2938 fuerunt
1909 2913 2037 2938 mortua
2051 2908 2078 2937 *.
2103 2907 2165 2938 Sed
2187 2917 2244 2947 per
2266 2908 2496 2947 poenitentiam

308 2945 374 2975 hoc
397 2950 445 2975 est
467 2946 707 2976 inconveniens.
1431 2959 1499 2980 non
1521 2949 1732 2981 vivificantur.
1756 2951 1842 2991 Ergo
1865 2960 1926 2982 nec
1948 2952 2106 2992 incipiunt
2129 2961 2197 2982 esse
2219 2951 2434 2982 satisfactoria.

368 2989 397 3020 3.
422 2989 618 3026 Pium-amia,
636 3000 674 3020 ex
689 2991 868 3021 intentione
891 3001 990 3031 quam
1005 2987 1105 3023 hoino
1129 2993 1224 3024 habet
1242 2994 1275 3024 in
1290 2995 1377 3034 prin-
1488 3003 1517 3024 2.
1542 2994 1738 3031 Plurimum,
1756 2996 1867 3026 caritas
1890 3005 1958 3026 non
1984 2995 2135 3026 informat
2165 3001 2272 3026 actum
2295 2996 2356 3026 nisi
2378 2996 2434 3035 qui
2457 2996 2495 3025 ab

311 3033 398 3074 cipio
421 3038 520 3070 actus,
536 3039 623 3065 totus
639 3040 727 3065 actus
742 3034 942 3066 informatur.
967 3035 1030 3066 Sed
1049 3038 1228 3076 poenitens,
1246 3038 1376 3078 quando
1430 3038 1499 3078 ipsa
1521 3039 1699 3079 aliqualiter
1721 3039 1876 3080 procedit.
1901 3039 1964 3071 Sed
1987 3050 2085 3080 opera
2099 3049 2167 3070 non
2190 3045 2325 3080 possunt
2340 3049 2408 3070 esse
2423 3040 2495 3070 Deo

311 3078 543 3118 poenitentiam
565 3079 736 3114 inchoavit,
753 3080 786 3109 in
810 3080 938 3110 caritate
962 3086 1035 3110 erat.
1061 3081 1146 3121 Ergo
1167 3086 1235 3112 tota
1257 3082 1377 3113 satisfa-
1389 3086 1414 3112 65
1431 3088 1571 3122 accepta,
1587 3093 1624 3113 ac
1647 3093 1704 3123 per
1726 3084 1790 3114 hoc
1813 3093 1874 3114 nec
1896 3084 2111 3120 satisfactoria,
2135 3085 2195 3115 nisi
2216 3085 2279 3114 sint
2298 3084 2424 3114 caritate
2447 3084 2495 3114 in-

312 3122 376 3152 ctio
399 3131 537 3162 sequens
561 3132 599 3152 ex
622 3123 675 3153 illa
697 3124 824 3154 caritate
852 3124 1064 3155 intentionem
1093 3125 1287 3156 informante
1310 3125 1376 3157 effi·
1430 3125 1576 3157 formata.
1595 3127 1692 3167 Ergo,
1709 3137 1785 3158 cum
1801 3137 1899 3168 opera
1913 3128 1995 3159 facta
2011 3134 2096 3159 extra
2111 3129 2272 3159 caritatem
2287 3128 2378 3158 nullo
2394 3127 2494 3158 modo

383 2305 483 2335 ART.
505 2305 542 2335 II.
566 2315 671 2335 ornum
695 2316 818 2336 AL10U1S
842 2316 882 2336 mr
905 2317 1049 2337 peccans
1072 2317 1158 2338 Parus
1182 2318 1308 2338 nmrsS1s

439 2358 640 2379 sarrsracemz
663 2359 766 2380 rossu-
790 2360 890 2380 nxrna
913 2361 1087 2381 camaram
1111 2361 1253 2382 mnsrass

475 2396 477 2398 ¹
501 2414 515 2423 ι
583 2403 617 2425 1v
630 2403 704 2430 Sent.‚
720 2404 774 2426 dist.
789 2411 845 2430 xxn,
861 2411 901 2433 qu.
915 2411 930 2431 ι,
946 2409 988 2427 art.
1006 2413 1025 2433 ι,
1040 2405 1068 2426 ad
1083 2412 1102 2434 5.

311 3166 433 3196 caciam
455 3166 592 3197 habebit.
1432 3179 1470 3200 ex
1494 3171 1622 3201 can'tate
1645 3173 1867 3211 processerint,
1890 3173 1941 3203 vel
1964 3173 2003 3203 de
2028 3178 2133 3203 cetero
2157 3172 2331 3213 procedere
2354 3173 2493 3212 possint,

366 3218 399 3248 4.
422 3209 618 3246 Pronum,
634 3210 804 3242 satisfactio
829 3213 973 3243 consistit
996 3213 1030 3243 in
1052 3213 1191 3253 quadam
1219 3214 1376 3255 adaequa—
1430 3214 1521 3245 nullo
1544 3215 1645 3246 modo
1668 3221 1822 3256 poterunt
1844 3218 1878 3247 in
1901 3217 2148 3248 satisfactionem
2172 3217 2361 3257 computari.

312 3253 402 3284 tione
424 3262 550 3293 poenae
565 3254 606 3286 ad
623 3255 762 3295 culpam.
786 3255 849 3287 Sed
865 3257 933 3287 talis
957 3257 1146 3298 adaequatio
1162 3267 1288 3298 poenae
1303 3265 1376 3299 pot·
1484 3259 1675 3290 strounno
1691 3262 1851 3291 memmi
1862 3261 1952 3301 quod
1964 3261 2095 3301 quidam
2107 3262 2123 3278 ⁸*
2136 3261 2282 3291 dixerunt
2295 3259 2384 3300 quod
2396 3269 2494 3300 opera

313 3302 360 3327 est
383 3297 479 3328 etiam
500 3297 570 3328 fieri
591 3299 625 3330 in
648 3309 688 3330 eo
711 3301 769 3340 qui
792 3301 953 3332 caritatem
975 3311 1044 3332 non
1066 3302 1171 3332 habet.
1194 3303 1291 3343 Ergo,
1315 3309 1374 3334 etc.
1390 3312 1417 3333 7⁰
1430 3303 1464 3333 in
1488 3304 1615 3334 caritate
1639 3303 1731 3340 facta,
1748 3314 1831 3345 quae
1848 3306 1925 3336 ,viva
1948 3305 2107 3341 dicuntur,
2133 3311 2207 3335 sunt
2229 3305 2389 3335 meritoria
2411 3305 2494 3334 vitae

368 3340 431 3372 San
455 3351 588 3378 com-u,
603 3343 755 3375 Proverb.
778 3354 798 3375 x
813 3346 846 3375 *z
874 3346 1033 3376 Universa
1056 3346 1173 3377 delicta
1196 3348 1301 3387 operit
1322 3357 1376 3378 ca·
1430 3352 1587 3383 aeternae,
1610 3353 1642 3378 et
1663 3348 1870 3380 satisfactoria
1891 3355 2039 3390 respectu
2068 3359 2193 3390 poenae
2216 3348 2438 3384 dimittendae;
2462 3354 2495 3379 et

313 3385 404 3416 ritas.
429 3384 492 3416 Sed
514 3386 735 3419 satisfactionis
758 3394 806 3419 est
828 3388 933 3420 delere
949 3389 1073 3421 delicta.
1097 3391 1183 3430 Ergo
1206 3392 1274 3422 sine
1298 3393 1376 3422 cari-
1430 3391 1521 3431 quod
1543 3401 1601 3431 per
1623 3393 1785 3424 caritatem
1800 3399 1989 3434 sequentem
2012 3404 2110 3435 opera
2128 3399 2213 3424 extra
2228 3394 2389 3424 caritatem
2412 3391 2494 3422 facta

312 3430 404 3460 ritate
426 3438 494 3460 non
516 3430 612 3461 habet
633 3440 724 3462 suam
747 3433 906 3464 virtutem.
1430 3435 1630 3466 vivificantur
1653 3442 1811 3476 quantum
1833 3437 1874 3469 ad
1896 3439 1960 3469 hoc
1983 3438 2073 3479 quod
2095 3443 2170 3469 sunt
2196 3437 2413 3473 satisfactoria,
2438 3436 2494 3467 sed

370 3482 400 3504 2.
416 3473 612 3511 Pium-mum,
623 3476 834 3516 praecipuum
845 3486 929 3518 opus
943 3478 978 3508 in
993 3478 1214 3510 satisfaciendo
1232 3485 1278 3510 est
1293 3480 1376 3511 elee-
1429 3489 1498 3510 non
1522 3486 1679 3520 quantum
1702 3481 1742 3512 ad
1765 3482 1828 3512 hoc
1847 3482 1937 3522 quod
1960 3489 2034 3513 sunt
2056 3483 2217 3513 meritoria
2231 3483 2314 3512 vitae
2337 3486 2492 3512 aeternae.

312 3526 458 3558 mosyna.
483 3517 547 3549 Sed
569 3518 773 3560 eleemosyna
796 3526 881 3552 extra
904 3523 1065 3554 caritatem
1081 3523 1163 3554 facta
1185 3533 1253 3555 non
1276 3524 1374 3555 valet:
1389 3533 1414 3553 75
1486 3524 1550 3555 Sed
1572 3525 1636 3556 hoc
1658 3535 1727 3556 non
1749 3531 1856 3566 potest
1886 3536 1963 3557 esse.
1999 3527 2085 3566 Quia
2118 3532 2292 3567 utrumque
2314 3526 2432 3556 habent
2455 3534 2493 3555 ex

2538 267 2548 278 ·
2562 266 2628 289 Vei-s.
2642 274 2663 296 3.

2538 751 2675 800 'Caffi1,¹n.r
2686 759 2747 781 sqq.;

2535 785 2570 826 {a
2579 794 2618 827 nb'.
2625 783 2687 832 viii}
2695 785 2747 854 ᾆξ’.

2534 837 2699 880 ila?·1'=?.‘¹‘¹·‘⁸·
2739 848 2746 855 ·

2531 1278 2542 1288 ·
2552 1279 2618 1299 Vers.
2629 1284 2648 1306 5.

2527 2162 2537 2172 ·
2553 2161 2618 2183 Vers.
2633 2167 2657 2189 25
2674 2167 2724 2190 sqq.

2527 2206 2537 2215 ·
2551 2204 2651 2226 interlin.

2524 2911 2534 2920 ·
2552 2910 2612 2931 Part.
2627 2910 2672 2936 111,
2695 2916 2734 2938 qu.

2524 2942 2617 2964 Lxxxtx,
2632 2940 2674 2958 art.
2685 2937 2708 2959 6.

2521 3266 2531 3276 ·
2553 3265 2589 3287 Cf.
2610 3265 2685 3293 Mag„
2701 3265 2732 3287 1v

2520 3291 2600 3318 Sena,
2615 3292 2677 3323 dist..
2687 3298 2717 3313 xv
2726 3309 2731 3318 ,

2521 3323 2588 3371 2¹32·
2677 3319 2733 3366 ‘'tt-2

2521 3371 2661 3396 ostenduam·
2667 3378 2684 3393 s.
2691 3371 2733 3393 Bo-

2521 3403 2572 3418 nav.
2596 3397 2628 3419 1v
2653 3398 2731 3423 Sext„

2521 3423 2574 3454 ⁶¹⁸!-
2586 3430 2623 3448 κν,
2632 3430 2655 3451 p.
2665 3430 2680 3447 ι,
2689 3428 2732 3446 ιη.

2521 3456 2591 3477 unic„
2606 3456 2645 3478 qu.
2660 3456 2689 3472 ιν.
