2918 4088
455 199 503 237 86

455 293 579 330 quens
607 293 687 318 non
714 280 888 330 baptizet.
918 281 1056 329 Neque
1077 278 1188 316 etiam
1218 275 1355 326 poterit
1374 274 1510 332 dicere,

456 334 539 370 Nos
557 339 591 370 te
609 335 854 383 baptizamus.-
881 345 971 370 cum
991 340 1126 368 neuter
1144 330 1317 379 baptizet.
1349 327 1389 364 Si
1408 337 1512 384 enim

457 387 536 423 duo
554 386 629 423 sint
651 398 819 436 quorum
839 398 941 423 unus
968 397 1087 422 unam
1107 390 1254 432 partem
1274 379 1356 417 libri
1376 377 1512 414 scribat

1116 196 1377 245 QUAESTIO
1406 194 1561 238 LXVII,
1590 189 1881 228 ARTICULUS
1909 188 1958 224 VI

1567 279 1602 307 et
1630 270 1725 307 alius
1754 269 1880 316 aliam,
1910 280 1990 305 non
2010 276 2065 305 est
2083 267 2239 318 propria
2258 268 2412 315 locutio,
2442 269 2524 306 Nos
2541 271 2628 306 scri-

1561 325 1704 372 psimus
1731 322 1866 359 librum
1896 323 2021 367 istum,
2052 321 2119 358 sed
2148 321 2438 371 synecdochica,
2467 321 2629 371 inquan-

1537 363 1540 426 Ι
1565 383 1649 411 tum
1678 382 1803 411 toturn
1832 374 1990 423 ponitur
2016 386 2088 423 pro
2116 382 2233 424 parte.

1125 473 1458 508 Commentaria
1482 469 1735 502 cardinalis
1759 469 1959 502 Caietani

519 567 625 587 notus
648 561 683 586 ut
706 560 806 585 sonat.
830 572 852 576 -
883 554 917 583 In
939 560 1073 591 corpore
1100 548 1221 579 articuli
1245 551 1290 576 est
1314 554 1378 575 una
1401 542 1510 573 distin-

457 569 581 632 Tetio
612 599 651 631 de
674 599 776 630 forma
806 607 869 637 qua
899 597 1005 636 plures
1035 592 1128 624 simul
1155 591 1349 630 baptizantes
1378 591 1511 627 possent

456 646 513 676 uti.
537 645 644 675 Altera
667 648 730 673 est:
755 642 824 672 Nos
847 646 877 671 te
899 639 1103 679 baptizamus.
1127 635 1233 665 Altera
1250 638 1295 663 est
1318 637 1353 662 ut
1376 636 1511 670 uterque

457 689 590 720 diceret:
614 687 688 728 Ego
713 691 742 716 te
764 685 897 725 baptizo.
922 684 962 713 Et
982 682 1096 722 primo,
1122 678 1316 709 examinatur
1333 681 1364 725 et
1378 684 1511 714 respon-

457 733 548 763 detur
572 731 715 771 quaesito
738 730 823 759 iuxta
846 728 980 768 primam
1003 724 1155 758 formam;
1180 719 1333 755 secundo,
1357 724 1443 749 1uxta
1462 727 1510 748 se-

562 785 605 805 m.

457 776 629 857 cuanilioad
654 818 811 858 primum,
842 815 987 844 recitatur
1010 811 1121 851 opinio
1151 819 1216 839 una
1246 807 1420 838 dicentium
1443 815 1510 837 non

455 864 559 894 valere
575 863 767 902 baptismum
790 860 815 889 si
831 859 936 898 plures
952 856 1066 891 dicant,
1083 854 1152 884 Nos
1169 858 1198 883 te
1213 851 1419 892 baptizamus,
1436 851 1524 895 quia?

455 917 523 939 non
546 911 684 937 servatur
708 904 809 934 forma
832 901 1008 935 Ecclesiae,
1042 908 1123 939 quae
1153 897 1248 927 habet
1279 894 1369 936 quod
1391 896 1424 926 in
1447 895 1510 925 sin-

455 951 555 992 gulari
578 958 713 990 persona
736 946 868 977 ministri
892 944 1100 987 exprimatur,
1124 940 1278 976 dicendo,
1305 939 1380 981 Ego
1405 944 1434 970 te
1456 939 1511 970 ba-

477 996 501 1026 ti
520 1005 549 1025 ο.

449 1006 475 1036 p
501 1006 632 1069 {Deinde
657 1040 766 1067 contra
789 1035 869 1064 hanc
885 1032 1040 1062 rationem
1055 1030 1179 1060 Auctor
1194 1029 1305 1069 arguit,
1322 1029 1424 1059 immo
1440 1037 1511 1058 eam

455 1082 601 1117 excludit,
635 1090 672 1110 ex
702 1079 804 1109 multo
835 1077 947 1107 maiori
974 1084 1101 1105 recessu
1123 1073 1246 1104 formae
1271 1072 1470 1104 Graecorum
1493 1082 1511 1102 a

454 1127 556 1157 forma
575 1129 694 1155 nostra.
729 1123 769 1152 Et
797 1126 855 1151 stat
877 1120 956 1152 ratio
980 1120 1013 1149 in
1036 1119 1118 1154 hoc,
1149 1117 1239 1158 quod
1269 1117 1308 1147 ad
1336 1116 1511 1147 tollendam

453 1170 614 1200 veritatem
638 1166 784 1207 baptismi
808 1174 875 1195 non
891 1163 1006 1194 sufficit
1021 1172 1162 1193 recessus
1178 1162 1217 1192 ab
1233 1162 1292 1192 ista
1307 1160 1420 1197 forma,
1435 1160 1510 1202 Ego

454 1219 483 1244 te
505 1212 638 1253 baptizo,
664 1211 747 1250 quia,
772 1210 797 1239 si
820 1217 962 1239 recessus
985 1206 1152 1242 sufficeret,
1177 1205 1264 1246 apud
1287 1205 1428 1235 Graecos
1443 1214 1511 1235 non

454 1262 534 1288 esset
556 1256 741 1295 baptismus.
765 1253 929 1291 Quoniam
952 1251 1055 1282 forma
1079 1260 1193 1281 eorum
1216 1250 1320 1280 multo
1339 1249 1439 1288 magis
1462 1258 1511 1279 re-

453 1301 536 1332 cedit
558 1300 596 1330 ab
618 1300 676 1329 hac
691 1303 798 1328 nostra
822 1305 919 1337 quam
934 1295 1060 1326 recedat
1075 1295 1142 1330 ista,
1167 1294 1237 1324 Nos
1253 1299 1283 1324 te
1298 1293 1512 1333 baptizamus:

453 1355 527 1376 cum
550 1345 601 1375 hic
624 1353 691 1373 non
713 1347 853 1372 mutetur
879 1341 940 1370 nisi
963 1339 1121 1380 singulare
1143 1339 1177 1369 in
1199 1337 1339 1378 plurale;
1367 1337 1411 1367 ibi
1434 1346 1510 1367 vero

453 1390 586 1420 omnino
617 1387 772 1418 omittitur
799 1394 935 1425 persona
962 1384 1114 1419 ministri,
1145 1388 1177 1413 et
1205 1383 1238 1412 in
1261 1382 1352 1412 tertia
1374 1390 1511 1421 persona

453 1433 635 1473 exprimitur
658 1436 755 1466 actus,
781 1428 928 1465 dicendo,
952 1428 1141 1469 Baptizetur
1156 1432 1215 1457 etc.

507 1477 646 1507 Demum
669 1475 762 1505 aliam
785 1474 941 1503 rationem
964 1472 1065 1503 reddit
1088 1472 1211 1502 Auctor
1235 1481 1273 1501 ex
1295 1475 1384 1511 parte
1407 1470 1511 1500 inten-

406 1537 409 1542 -
452 1522 546 1551 tionis
571 1520 751 1560 explicitae:
776 1518 895 1548 scilicet
919 1518 994 1558 quia
1016 1517 1075 1547 hac
1099 1515 1212 1552 forma,
1237 1515 1307 1545 Nos
1326 1520 1356 1545 te
1371 1514 1511 1555 baptiza-

215 3066 225 3076 ·
243 3064 315 3092 thid„
332 3065 424 3088 Comm.

215 3097 279 3113 num.
295 3097 319 3113 u.

215 3197 225 3207 '
239 3196 274 3218 ef.
289 3201 353 3218 num.
367 3201 407 3218 ιιι.

215 3283 226 3293 '
245 3280 315 3303 Num.
337 3286 411 3308 praec.
422 3297 427 3307 ,

214 3307 316 3329 Adverte
329 3307 407 3329 tertio.

216 3373 226 3383 ·
234 3371 280 3399 Qu.
288 3377 376 3398 uun,
384 3375 425 3393 art.

214 3404 234 3420 2.

214 3476 225 3486 '¹
245 3475 316 3497 Num.
351 3481 426 3503 raes„

210 3501 314 3523 Adverte
338 3502 405 3524 ertio.

452 1575 541 1601 mus,
574 1564 747 1604 explicatur
773 1562 908 1592 intentio
938 1562 1158 1591 ministrorum
1190 1559 1299 1600 quoad
1327 1559 1391 1589 hoc
1421 1557 1511 1599 quod

452 1610 558 1650 plures
582 1608 778 1639 conveniunt
801 1605 839 1636 ad
860 1615 962 1636 unum
978 1606 1172 1645 baptismum
1196 1603 1439 1634 conferendum.
1463 1603 1511 1633 Ex

453 1663 519 1694 quo
544 1653 697 1683 formatur
720 1651 788 1681 talis
811 1651 901 1680 ratio.
925 1650 1037 1680 Homo
1061 1659 1129 1679 non
1152 1649 1291 1689 baptizat
1313 1648 1374 1678 nisi
1396 1652 1432 1677 ut
1451 1647 1511 1677 mi-

452 1699 549 1728 nister
565 1697 690 1728 Christi.
713 1696 797 1735 Ergo
814 1700 942 1735 oportet
956 1694 1137 1724 ministrum
1153 1702 1221 1724 esse
1237 1702 1350 1728 unum,
1366 1697 1402 1722 ut
1418 1691 1510 1722 Chri-

453 1742 492 1772 sti
515 1742 668 1772 unitatem
691 1744 912 1780 repraesentet.
948 1738 1010 1769 Sed
1040 1738 1073 1768 in
1104 1737 1187 1768 dicta
1210 1736 1313 1767 forma
1336 1736 1511 1776 explicatur

454 1786 661 1816 contrarium:
686 1785 761 1824 quia
785 1783 958 1823 explicatur
980 1782 1141 1823 pluralitas
1163 1782 1392 1812 ministrorum.
1423 1780 1510 1820 Ergo

453 1830 535 1860 dicta
558 1829 661 1859 forma
682 1828 806 1858 videtur
832 1827 943 1857 tollere
967 1827 1171 1867 baptismum.
1194 1844 1218 1848 —
1239 1826 1281 1856 Et
1304 1824 1511 1855 confirmatur

453 1873 637 1904 huiusmodi
659 1873 763 1903 unitas
786 1872 972 1902 auctoritate
995 1871 1145 1911 Apostoli
1163 1870 1264 1901 Pauli.

507 1917 625 1956 Quoad
646 1916 829 1952 secundum,
845 1921 1011 1956 ponuntur
1027 1915 1092 1946 duo
1108 1914 1199 1946 modi
1215 1915 1332 1954 quibus
1352 1914 1416 1944 hoc
1432 1923 1510 1944 con-

452 1964 572 2002 tingere
594 1967 710 2002 posset.
736 1960 871 1996 Scilicet,
895 1960 946 1990 vel
968 1960 1067 1990 altero
1090 1959 1315 2000 praeveniente
1337 1958 1509 1998 reliquum.

452 2007 493 2037 Et
516 2007 559 2036 sic
590 2005 703 2036 dicitur
734 2004 822 2045 quod
853 2004 939 2034 solus
962 2005 1169 2044 praeveniens
1199 2004 1381 2044 baptizaret.
1404 2021 1428 2025 —
1449 2002 1510 2033 Vel

451 2056 589 2091 utroque
612 2050 706 2080 simul
730 2054 948 2079 concurrente.
983 2049 1024 2079 Et
1047 2049 1091 2078 sic
1114 2047 1228 2079 dicitur
1252 2046 1341 2088 quod
1365 2046 1510 2078 Christus

451 2104 507 2136 per
530 2100 702 2134 utrumque
726 2103 828 2124 unum
852 2093 1045 2133 baptismum
1069 2091 1237 2123 conferret.

507 2139 542 2169 ΙΙ.
568 2138 660 2171 Circa
683 2148 719 2168 ea
743 2147 825 2177 quae
848 2138 899 2167 hic
923 2137 1088 2173 dicuntur,
1114 2136 1241 2167 adverte
1264 2137 1380 2176 primo,
1405 2135 1509 2176 dupli-

452 2183 527 2214 citer
551 2183 735 2222 contingere
759 2181 840 2212 duos
859 2182 954 2212 simul
971 2182 1143 2222 baptizare:
1167 2181 1219 2211 vel
1242 2186 1380 2221 utroque
1404 2186 1509 2210 totum

451 2227 584 2257 faciente
608 2232 638 2257 et
661 2226 803 2262 dicente;
834 2226 884 2256 vel
908 2226 1006 2256 altero
1030 2225 1156 2256 dicente
1183 2231 1214 2256 et
1237 2225 1336 2255 altero
1364 2223 1509 2256 faciente.

450 2272 572 2302 Auctor
595 2270 772 2301 secundum
795 2269 930 2300 modum
953 2275 1089 2301 reservat
1112 2269 1311 2300 tractandum
1333 2269 1386 2299 hic
1409 2269 1442 2299 in
1462 2278 1509 2299 re-

450 2316 623 2356 sponsione
646 2315 685 2346 ad
708 2315 868 2345 ultimum.
904 2315 952 2345 De
982 2315 1087 2354 primo
1120 2319 1228 2344 autem
1254 2312 1355 2344 modo
1385 2318 1510 2344 tantum

450 2360 592 2400 loquitur
615 2360 648 2390 in
671 2360 734 2389 hoc
758 2368 894 2399 corpore
917 2358 1050 2389 articuli.

504 2403 641 2434 Adverte
664 2402 824 2439 secundo,
853 2403 1010 2433 rationem
1035 2403 1156 2433 litterae
1186 2401 1226 2432 ad
1249 2400 1510 2432 concludendum

450 2449 567 2478 irritam
591 2457 659 2478 esse
681 2447 819 2478 formam
842 2447 938 2483 illam,
963 2447 1033 2478 Nos
1049 2452 1079 2477 te
1093 2446 1300 2487 baptizamus,
1324 2455 1392 2476 non
1409 2444 1511 2476 afferri

450 2493 488 2522 ab
522 2493 662 2522 Auctore
694 2492 858 2527 assertive,
889 2491 946 2522 sed
969 2491 1147 2532 opinative:
1181 2496 1218 2521 ut
1245 2500 1303 2521 sua
1331 2495 1510 2520 monstrant

449 2537 557 2572 verba,
582 2537 677 2567 etiam
700 2536 867 2576 replicata,
892 2535 970 2566 dum
993 2534 1085 2571 dicit,
1117 2534 1213 2571 Quod
1235 2534 1361 2575 quidem
1385 2533 1512 2564 videtur

450 2590 516 2611 esse
539 2586 653 2611 contra
670 2581 829 2610 rationem
844 2579 993 2615 ministri,
1018 2585 1049 2610 et
1071 2584 1183 2619 postea
1199 2578 1315 2615 subdit,
1340 2578 1417 2609 Ideo
1434 2587 1511 2608 con-

451 2625 554 2655 traria
579 2625 711 2655 intentio
736 2623 863 2655 videtur
885 2623 1058 2654 excludere
1079 2628 1327 2654 sacramentum.

505 2669 642 2700 Adverte
658 2669 761 2705 tertio,
778 2668 955 2699 Auctorem
969 2668 1125 2708 superius,
1143 2677 1197 2708 qu.
1210 2677 1292 2703 vax,
1309 2672 1365 2697 art.
1377 2667 1406 2703 5,
1423 2666 1463 2697 ad
1477 2675 1509 2705 4,

451 2713 559 2744 afferre
576 2713 653 2744 duas
665 2713 739 2743 alias
751 2713 889 2743 rationes
905 2712 945 2743 ad
964 2711 1195 2742 excludendam
1211 2711 1346 2742 eandem
1362 2710 1509 2747 formam,

451 2757 587 2793 scilicet,
615 2758 686 2788 Nos
709 2762 739 2788 te
761 2757 967 2797 baptizamus.
1002 2756 1107 2786 Prima
1134 2756 1213 2786 ratio
1238 2761 1299 2792 est,
1323 2755 1399 2795 quia
1422 2760 1511 2786 actus

450 2802 677 2842 multiplicatur
698 2800 876 2832 secundum
891 2800 1192 2841 multiplicationem
1208 2800 1380 2840 agentium,
1397 2799 1424 2830 si
1438 2809 1510 2840 per-

451 2845 532 2876 fecte
557 2847 594 2875 ab
618 2855 821 2886 unoquoque
844 2850 963 2885 agatur.
989 2843 1062 2877 ,Sed
1091 2845 1267 2884 baptismus
1290 2849 1337 2874 est
1360 2849 1448 2874 actus
1472 2844 1510 2874 ab

451 2899 652 2930 unoquoque
668 2890 847 2930 baptizante
863 2888 1033 2929 perfectus.
1050 2888 1136 2929 Ergo
1153 2898 1236 2919 unus
1252 2888 1428 2928 baptismus
1443 2897 1511 2918 non

453 2939 499 2964 est
521 2943 539 2963 a
562 2933 697 2964 duobus.
721 2952 743 2956 -
767 2933 914 2964 Secunda
935 2933 1014 2963 ratio
1031 2938 1087 2969 est,
1113 2933 1188 2973 quia
1210 2938 1385 2963 mutaretur
1408 2931 1511 2963 forma

451 2978 599 3017 baptismi
615 2977 760 3014 dicendo,
777 2978 847 3008 Nos
862 2978 1080 3018 baptizamus:
1096 2978 1171 3017 quia
1187 2976 1291 3007 dicere
1308 2986 1367 3007 nos
1381 2986 1449 3007 non
1466 2982 1512 3007 est

451 3021 537 3052 idem
560 3021 664 3052 dicere
694 3021 783 3062 quod
810 3031 871 3063 ego
901 3027 931 3052 et
953 3031 1029 3063 ego,
1053 3021 1118 3057 sed,
1143 3031 1204 3063 ego
1229 3026 1260 3051 et
1282 3021 1350 3052 iste.
1373 3039 1396 3043 —
1419 3021 1511 3059 Quae

452 3065 525 3095 ideo
541 3066 673 3105 repetita
687 3066 739 3095 hic
755 3071 828 3096 sunt
844 3076 861 3095 a
876 3075 939 3102 me,
957 3066 1032 3106 quia
1047 3066 1192 3106 superius
1208 3066 1224 3082 ὓ
1243 3065 1283 3095 ad
1299 3065 1385 3096 hunc
1401 3065 1511 3096 locum

452 3117 505 3138 me
528 3118 644 3139 rem1s1.

508 3151 560 3182 111.
585 3152 677 3183 Circa
707 3153 788 3183 hanc
811 3153 988 3183 doctrinam
1019 3153 1153 3184 dubium
1179 3154 1284 3193 primo
1313 3153 1451 3183 occurrit
1474 3163 1511 3183 ex

454 3195 617 3231 Durando,
636 3197 670 3226 in
688 3196 730 3226 IV
746 3196 843 3232 Sent„
861 3196 930 3227 dist.
943 3207 986 3232 111,
1004 3207 1058 3237 qu.
1074 3207 1118 3233 111,
1138 3202 1193 3227 art.
1208 3207 1225 3227 2
1239 3198 1265 3227 ’ἢ
1290 3197 1397 3227 Primo
1414 3198 1511 3233 enim,

454 3245 563 3269 contra
579 3249 691 3270 omnes
710 3239 807 3270 dictas
823 3241 959 3270 rationes
978 3241 1127 3271 Auctoris
1142 3240 1296 3281 procedit.
1320 3241 1361 3271 Et
1375 3241 1512 3281 primam

454 3283 584 3323 quidem
600 3284 765 3319 rationem,
778 3285 876 3314 Actus
891 3284 1124 3323 multiplicatur
1142 3290 1201 3314 etc.
1212 3285 1239 3320 ἦ
1260 3284 1336 3314 dicit
1350 3294 1417 3314 non
1434 3294 1512 3314 con-

454 3327 580 3358 cludere
595 3327 629 3357 in
646 3328 809 3366 agentibus
832 3337 888 3367 per
903 3328 1117 3357 voluntatem:
1143 3333 1174 3358 et
1196 3337 1266 3357 eam
1282 3327 1416 3358 militare
1434 3337 1512 3358 con-

453 3376 500 3401 tra
521 3371 697 3402 Auctorem
724 3377 900 3411 ponentem
915 3372 932 3387 ᾖ
955 3371 1061 3411 plures
1093 3371 1271 3401 sacerdotes
1291 3380 1387 3411 posse
1418 3371 1513 3402 simul

454 3424 637 3445 consecrare
668 3414 802 3445 eandem
825 3415 970 3448 hostiam.
1005 3415 1064 3445 Par
1088 3415 1174 3445 enim
1202 3420 1248 3445 est
1270 3415 1442 3455 utrobique
1464 3416 1513 3446 iu-

453 3458 572 3490 dicium
596 3458 703 3499 quoad
725 3459 1023 3499 multiplicationem
1047 3464 1135 3489 actus
1158 3459 1197 3488 ab
1221 3464 1343 3499 agente.

508 3503 687 3534 Secundam
710 3512 786 3533 vero
810 3504 976 3539 rationem,
994 3502 1033 3533 de
1056 3503 1233 3533 mutatione
1257 3501 1378 3533 formae
1394 3503 1420 3539 *‚
1438 3503 1514 3533 dicit

1565 550 1633 571 non
1650 551 1765 581 cogere
1780 543 1813 572 *t
1837 543 1913 583 quia
1928 543 2064 573 mutatio
2081 542 2202 573 formae
2219 548 2376 583 quantum
2392 544 2431 574 ad
2447 544 2526 575 illud
2542 545 2631 586 quod

1565 594 1633 615 non
1657 591 1704 616 est
1734 585 1773 616 de
1796 587 1983 617 necessitate
2007 586 2146 624 formae,
2179 596 2247 618 non
2275 588 2359 618 tollit
2385 595 2629 621 sacramentum.

1566 628 1618 659 Sic
1641 635 1749 660 autem
1773 636 1820 660 est
1842 631 1876 661 in
1898 632 2077 671 proposito.
2102 631 2190 662 Tum
2214 631 2289 672 quia
2313 633 2472 672 expressio
2495 634 2631 673 ministri

1565 682 1634 703 non
1657 679 1704 704 est
1734 673 1774 705 de
1801 675 1988 706 necessitate
2018 674 2140 706 formae
2167 676 2380 716 baptismalis:
2414 682 2451 708 ut
2480 682 2568 718 patet
2589 677 2630 709 de

1566 716 1670 748 forma
1694 717 1901 750 Graecorum.
1936 719 2022 760 Ergo
2045 720 2149 750 multo
2173 721 2279 750 minus
2303 725 2350 751 est
2382 720 2421 751 de
2443 722 2630 753 necessitate

1566 762 1634 792 eius
1658 763 1819 802 expressio
1842 764 1977 794 ministri
1999 764 2032 794 in
2056 764 2207 804 singulari
2229 774 2379 795 numero.
2402 783 2427 787 —
2448 765 2535 796 Tum
2554 767 2630 807 quia

1566 806 1645 836 haec
1667 806 1787 841 forma.
1811 807 1881 838 Nos
1904 813 1934 838 te
1956 808 2169 850 baptizamus,
2201 809 2324 849 prolata
2347 810 2386 839 ab
2410 814 2566 850 utroque,
2591 820 2630 841 ex

1565 856 1654 890 parte
1677 851 1847 882 cuiuslibet
1869 851 2003 883 dicentis
2025 852 2193 884 resolvitur
2215 853 2248 884 in
2271 854 2383 890 istam,
2405 853 2480 895 Ego
2503 854 2629 896 baptizo

1567 899 1618 925 te:
1640 895 1695 925 ubi
1718 895 1807 926 nulla
1830 902 1961 936 apparet
1982 897 2118 928 mutatio
2142 897 2321 928 secundum
2344 907 2474 929 sensum
2492 908 2511 928 a
2526 898 2630 930 forma

1565 939 1731 970 Romanae
1753 939 1924 971 Ecclesiae.
1947 958 1971 963 —
1993 941 2034 971 Et
2056 941 2167 972 Petrus
2191 940 2230 972 de
2253 941 2383 979 Palude,
2406 942 2440 973 in
2464 942 2507 973 IV
2530 942 2628 980 sent„

1566 982 1636 1014 dist.
1653 993 1697 1020 111,
1722 993 1776 1024 qu.
1793 994 1826 1020 11,
1850 990 1906 1014 art.
1925 984 1961 1021 3,
1985 985 2167 1025 approbans
2194 986 2273 1016 haec
2297 986 2457 1023 Durandi,
2485 986 2629 1028 adiungit

1566 1027 1665 1067 quod,
1690 1028 1772 1059 sicut
1794 1028 1897 1059 forma
1920 1028 1983 1066 illa,
2007 1035 2043 1060 ut
2066 1029 2226 1070 profertur
2249 1031 2288 1060 ab
2311 1031 2384 1067 isto,
2407 1031 2577 1063 resolvitur
2594 1033 2628 1063 in

1565 1072 1664 1108 hanc,
1688 1072 1763 1114 Ego
1788 1078 1818 1103 te
1839 1073 1964 1114 baptizo
1988 1078 2019 1104 et
2039 1073 2092 1104 hic
2114 1074 2269 1115 baptizat,
2293 1075 2338 1105 sic
2361 1084 2378 1105 e
2402 1085 2569 1113 converso,
2593 1082 2630 1107 ut

1565 1115 1725 1156 profertur
1747 1117 1786 1147 ab
1810 1117 1920 1154 altero,
1944 1117 2113 1148 resolvitur
2135 1118 2169 1149 in
2184 1119 2277 1155 hanc,
2299 1119 2375 1160 Ego
2391 1119 2516 1161 baptizo
2533 1125 2564 1151 et
2577 1120 2630 1151 hie

1565 1160 1714 1201 baptizat.
1738 1161 1787 1191 Ac
1809 1170 1867 1201 per
1889 1161 1964 1198 hoc,
1987 1167 2128 1192 servatur
2151 1161 2255 1193 forma
2277 1162 2440 1207 Ecclesiae
2461 1165 2629 1196 Romanae

1566 1204 1675 1244 quoad
1690 1214 1833 1235 sensum:
1858 1205 1934 1246 quia
1949 1211 2085 1246 uterque
2100 1206 2187 1243 dicit,
2203 1206 2381 1238 secundum
2397 1217 2537 1245 sensum,
2552 1208 2628 1251 Ego

1565 1248 1690 1289 baptizo
1714 1253 1744 1279 te
1771 1254 1831 1279 etc.

1622 1291 1744 1322 Contra
1762 1294 1892 1324 tertiam·
1906 1299 2013 1324 autem
2028 1294 2196 1330 rationem,
2213 1294 2252 1325 de
2269 1296 2473 1335 expressione
2487 1296 2629 1336 plurium

1565 1336 1785 1367 ministrorum
1796 1338 1823 1373 *‚
1839 1338 1942 1377 arguit
1956 1337 2128 1368 Durandus
2143 1339 2306 1378 tripliciter
2321 1340 2366 1370 **.
2382 1339 2501 1371 Primo.
2518 1341 2630 1372 Unitas

1565 1380 1700 1410 ministri
1723 1381 1774 1411 vel
1802 1382 1936 1421 exigitur
1964 1381 2003 1412 ad
2033 1382 2228 1422 baptismum
2255 1383 2434 1415 secundum
2456 1394 2542 1416 rem:
2575 1390 2630 1416 aut

1566 1424 1745 1455 secundum
1769 1426 2016 1466 expressionem,
2040 1432 2119 1467 puta
2141 1426 2230 1467 quod
2254 1428 2388 1468 quilibet
2410 1429 2554 1460 minister
2576 1439 2630 1460 ex-

1565 1469 1681 1509 primat
1703 1478 1737 1500 se
1760 1475 1796 1500 ut
1819 1480 1932 1500 unum.
1956 1471 2033 1501 Non
2053 1476 2160 1511 potest
2175 1470 2238 1502 dici
2252 1472 2411 1512 primum:
2436 1473 2512 1513 quia
2526 1478 2630 1506 tumet

1566 1512 1643 1543 dicis
1660 1513 1750 1553 quod
1765 1513 1831 1544 duo
1848 1514 1943 1545 simul
1958 1520 2095 1555 possunt
2110 1516 2269 1556 baptizare
2285 1516 2435 1554 eundem,
2452 1518 2479 1548 si
2493 1523 2630 1559 uterque

1566 1556 1659 1593 dicat,
1674 1557 1750 1599 Ego
1767 1563 1797 1589 te
1811 1558 1947 1600 baptizo.
1962 1577 1986 1581 —
2001 1559 2187 1590 Secundum
2210 1565 2319 1591 autem
2341 1571 2409 1592 non
2431 1566 2478 1592 est
2492 1562 2630 1593 rationa-

1565 1601 1638 1632 bile.
1669 1602 1757 1632 Tum
1781 1603 1856 1643 quia
1879 1604 2039 1644 expressio
2062 1604 2198 1635 ministri
2219 1614 2288 1635 non
2311 1610 2358 1636 est
2380 1605 2420 1636 de
2442 1607 2630 1638 necessitate

1565 1647 1762 1677 sacramenti.
1786 1665 1809 1669 —
1831 1647 1919 1678 Tum
1949 1648 2044 1688 quia,
2076 1648 2102 1678 si
2132 1654 2261 1689 oportet
2277 1648 2470 1681 'ministrum
2495 1651 2630 1691 exprimi

1565 1690 1744 1721 secundum
1767 1693 2011 1732 congruentiam
2033 1692 2074 1723 ad
2095 1693 2270 1734 principale
2294 1703 2400 1734 agens
2425 1700 2461 1725 ut
2483 1700 2519 1725 tu
2541 1704 2630 1726 assu-

1565 1735 1636 1771 mis,
1661 1745 1736 1765 cum
1759 1736 1934 1776 principale
1958 1746 2054 1777 agens
2082 1738 2121 1767 sit
2143 1737 2296 1774 Trinitas,
2321 1739 2551 1779 congruentius
2574 1748 2629 1771 ex-

1564 1779 1660 1819 primi
1693 1779 1823 1810 deberet
1849 1781 1992 1811 minister
2021 1781 2055 1811 in
2085 1790 2222 1812 numero
2248 1781 2374 1822 plurali.
2397 1800 2420 1806 -
2442 1783 2531 1814 Tum
2553 1784 2630 1824 quia

1564 1822 1682 1854 modus
1707 1824 1904 1864 exprimendi
1931 1825 2112 1856 ministrum
2144 1825 2224 1856 nihil
2241 1825 2366 1858 videtur
2388 1826 2492 1858 facere
2518 1826 2559 1858 ad
2581 1837 2630 1859 sa-

1565 1873 1781 1899 cramentum:
1813 1868 1929 1900 sufficit
1956 1869 2043 1900 enim
2069 1870 2246 1910 principale
2269 1879 2366 1911 agens
2389 1876 2421 1902 et
2443 1876 2552 1902 actum
2575 1881 2629 1903 ex-

1564 1921 1712 1952 primere.

1621 1956 1674 1988 IV.
1691 1956 1814 1988 Contra
1831 1957 2075 1989 conclusionem
2090 1957 2208 1989 dictam
2223 1959 2250 1995 ἡ
2263 1959 2393 1997 scilicet,
2405 1959 2441 1990 Si
2455 1959 2630 2001 baptismus

1564 2010 1584 2031 a
1602 2001 1754 2041 pluribus
1769 2001 1868 2032 datur
1890 2002 2075 2038 dicentibus,
2100 2002 2170 2034 Nos
2186 2007 2216 2034 te
2230 2003 2437 2045 baptizamus,
2462 2014 2528 2036 non
2544 2004 2631 2036 valet

1563 2045 1748 2086 baptismus,
1770 2047 1872 2086 arguit
1894 2047 2005 2077 Petrus
2029 2046 2068 2078 de
2091 2046 2222 2083 Palude,
2245 2047 2365 2079 ibidem
2380 2049 2407 2079 ⁴*.
2431 2048 2519 2079 Tum
2543 2049 2628 2090 quia,

1565 2090 1696 2130 quando
1720 2090 1827 2131 plures
1842 2100 1959 2121 uxores
1981 2097 2130 2132 poterant
2145 2091 2240 2122 simul
2255 2093 2377 2124 nubere
2391 2093 2448 2123 uni
2462 2093 2543 2129 viro,
2559 2102 2628 2125 non

1564 2134 1719 2165 referebat
1742 2145 1783 2166 an
1807 2135 1967 2175 quaelibet
1990 2135 2127 2172 diceret,
2162 2136 2293 2176 Accipio
2318 2142 2348 2168 te
2371 2137 2404 2168 in
2429 2137 2552 2174 virum,
2574 2147 2628 2175 an,

1563 2179 1635 2210 Nos
1658 2179 1832 2220 accipimus
1855 2185 1885 2210 te
1908 2180 1940 2210 in
1965 2180 2091 2211 virum:
2121 2179 2301 2212 secundum
2323 2181 2403 2212 illud
2425 2181 2524 2214 Isaiae
2545 2192 2578 2213 xv
2592 2183 2627 2215 ἰ

1564 2224 1740 2255 Invocetur
1762 2233 1878 2255 nomen
1903 2229 1993 2255 tuum
2015 2234 2113 2265 super
2132 2234 2201 2261 nos,
2219 2231 2279 2256 etc.

1620 2268 1708 2298 Tum
1732 2269 1824 2308 quia,
1857 2268 1994 2299 dicendo
2016 2268 2226 2310 Baptizamus
2248 2274 2288 2306 te,
2318 2270 2419 2310 magis
2442 2270 2629 2311 exprimitur

1564 2313 1669 2343 unitas
1685 2313 1833 2353 baptismi
1853 2322 1951 2353 quam
1966 2317 2106 2353 utroque
2122 2312 2248 2344 dicente
2263 2314 2331 2351 uni,
2346 2314 2421 2356 Ego
2438 2319 2468 2345 te
2482 2314 2570 2355 bapti
2588 2321 2629 2346 o:

1565 2362 1695 2396 apparet
1718 2357 1805 2387 enim
1827 2357 1970 2397 singulos
1986 2366 2131 2388 seorsum
2154 2357 2323 2398 baptizare,
2339 2367 2377 2389 ac
2399 2367 2456 2399 per
2478 2359 2543 2390 hoc
2589 2359 2628 2390 's-

1563 2401 1680 2431 tinctos
1704 2399 1786 2431 duos
1809 2401 1984 2441 baptismos
2008 2401 2163 2432 conferre.
2194 2401 2342 2433 Dicendo
2365 2408 2491 2439 autem,
2514 2403 2628 2444 Bapti-

1564 2454 1688 2486 zamus,
1720 2450 1850 2485 apparet
1873 2445 2044 2476 convenire
2066 2446 2100 2475 in
2123 2455 2227 2477 unum
2250 2447 2416 2487 baptisma.
2439 2465 2463 2470 -
2485 2447 2527 2478 Et
2549 2457 2629 2478 con-

1564 2489 1718 2520 firmatur.
1752 2489 1847 2527 Quia,
1871 2489 1954 2520 sicut
1983 2488 2022 2520 de
2046 2490 2181 2520 essentia
2210 2496 2257 2521 est
2280 2492 2440 2532 expressio
2463 2497 2563 2528 actus,
2585 2492 2630 2523 ita

1565 2533 1676 2564 saltem
1700 2533 1739 2564 de
1763 2534 1971 2574 congruentia
1993 2538 2040 2564 est
2056 2535 2216 2574 expressio
2232 2535 2361 2576 unitatis
2375 2536 2427 2566 vel
2442 2535 2629 2576 pluralitatis

1566 2583 1664 2608 actus.

1620 2622 1707 2653 Tum
1731 2622 1816 2663 quia,
1841 2621 1969 2653 duobus
1993 2623 2199 2654 existentibus
2216 2622 2404 2655 officialibus
2427 2624 2461 2655 in
2477 2623 2627 2661 solidum,

1565 2672 1597 2697 et
1620 2667 1777 2697 ambobus
1797 2666 1979 2697 volentibus
1994 2667 2081 2698 idem
2097 2667 2200 2698 facere
2215 2668 2321 2705 simul,
2339 2669 2567 2709 congruentius
2581 2673 2630 2700 est

1564 2717 1600 2741 ut
1623 2710 1730 2742 dicant
1752 2710 1959 2747 Mandamus,
1976 2717 2031 2742 aut
2045 2711 2310 2749 Pronunfiams,
2328 2722 2426 2753 quam
2441 2718 2478 2744 ut
2493 2713 2629 2753 quilibet

1564 2765 1622 2796 per
1645 2765 1678 2785 se
1701 2754 1785 2786 dicat
1807 2755 1942 2791 Mando,
1968 2761 2022 2786 aut
2044 2756 2238 2787 Pronuntio.

1620 2799 1708 2830 Tum
1731 2800 1807 2840 quia
1829 2799 1951 2840 plurale
1978 2810 2046 2830 non
2070 2806 2117 2831 est
2144 2801 2206 2831 nisi
2228 2801 2427 2841 geminatum
2450 2801 2626 2842 singulare:

1564 2843 1650 2874 idern
1674 2844 1761 2874 enim
1783 2853 1894 2874 sensus
1918 2849 1964 2874 est
1987 2843 2110 2881 dicere,
2135 2844 2286 2876 Socrates
2309 2850 2341 2876 et
2361 2846 2456 2876 Plato
2479 2849 2627 2881 currunt,

1565 2893 1596 2918 et
1619 2887 1734 2924 dicere,
1759 2887 1910 2919 Socrates
1932 2888 2038 2919 currit
2059 2894 2091 2920 et
2111 2889 2206 2920 Plato
2225 2889 2339 2920 currit.
2362 2889 2404 2920 Et
2421 2889 2490 2929 pari
2503 2889 2628 2920 ratione

1565 2932 1651 2963 idem
1674 2938 1721 2962 est
1743 2933 1777 2962 in
1799 2933 1902 2972 prima
1928 2942 2076 2973 persona.
2110 2933 2151 2964 Et
2174 2933 2250 2973 quia
2272 2933 2369 2964 verba
2390 2933 2628 2964 sacramentalia

1566 2976 1707 3007 efficiunt
1723 2976 1813 3017 quod
1828 2976 2016 3017 significant,
2033 2986 2116 3017 quae
2132 2977 2351 3018 aequipollent
2362 2977 2395 3008 in
2407 2976 2627 3017 significando,

1565 3021 1785 3061 aequipollent
1807 3021 1903 3052 etiam
1924 3021 1959 3052 in
1982 3020 2161 3052 efficiendo.

1621 3065 1814 3105 Tenentque
1846 3070 2015 3106 propterea
2046 3064 2218 3096 Durandus
2245 3070 2276 3096 et
2298 3064 2410 3096 Petrus
2444 3065 2628 3106 oppositam

1566 3109 1825 3140 conclusionem:
1861 3109 2007 3149 quamvis
2038 3109 2135 3139 timor
2166 3109 2379 3140 reverentialis
2410 3109 2540 3140 Petrum
2573 3118 2628 3140 co-

1565 3153 1682 3184 hibeat.

1620 3197 1660 3227 V.
1685 3196 1778 3228 Circa
1800 3197 1950 3228 Auctoris
1972 3205 2170 3237 processum,
2195 3195 2330 3228 dubium
2345 3198 2483 3228 occurrit
2506 3197 2546 3229 de
2562 3197 2628 3229 suf-

1565 3240 1704 3271 ficientia
1720 3242 1746 3271 *.
1763 3240 1897 3272 Videtur
1912 3241 1998 3272 enim
2013 3239 2240 3272 insufficienter
2258 3246 2390 3272 tractare
2405 3243 2628 3282 quaestionem

1566 3285 1659 3320 hanc,
1683 3284 1772 3321 dum,
1796 3284 1996 3316 discutiendo
2019 3284 2138 3315 formas
2161 3285 2279 3325 quibus
2301 3286 2349 3316 uti
2366 3291 2498 3326 possent
2520 3287 2628 3327 plures

1567 3328 1661 3358 simul
1685 3329 1880 3369 baptizantes
1902 3338 2015 3364 unum,
2031 3338 2099 3359 non
2115 3328 2259 3360 discurrit
2281 3330 2342 3360 nisi
2363 3339 2421 3370 per
2437 3329 2555 3361 formas
2570 3340 2628 3362 seu

1567 3372 1704 3402 formam
1734 3372 1913 3403 secundum
1941 3373 2038 3403 ritum
2063 3373 2229 3404 Romanae
2252 3373 2423 3405 Ecclesiae.
2458 3374 2629 3406 Debuisset

1568 3417 1654 3446 enim
1681 3416 1837 3447 discutere
1865 3415 2000 3447 eandem
2031 3417 2253 3457 quaestionem
2282 3418 2461 3450 secundum
2490 3418 2628 3450 formam

1569 3469 1632 3500 qua
1655 3461 1754 3491 utitur
1776 3460 1917 3490 Ecclesia
1942 3459 2072 3497 Graeca,
2098 3466 2129 3491 et
2151 3461 2360 3493 determinare
2384 3473 2424 3494 an
2449 3463 2627 3495 secundum

1569 3504 1655 3534 illam
1678 3503 1815 3534 formam
1838 3510 1969 3544 possent
1991 3505 2084 3535 multi
2108 3506 2201 3536 simul
2225 3506 2384 3547 baptizare
2401 3517 2520 3538 unum.

2657 550 2669 562 ⁶
2683 549 2719 572 ef.
2738 555 2803 573 nam.
2817 555 2869 573 xm.

2657 1340 2752 1364 'Nm
2773 1340 2872 1369 hoe·

2656 1393 2872 1417 ‘'munum-

2656 1963 2667 1975 ·
2679 1961 2752 1990 num.
2762 1968 2782 1989 ι.
2794 1963 2847 1987 Βο-

2655 1994 2723 2012 ιιι-ι.

2655 2051 2667 2062 ·
2679 2049 2737 2073 hoe.
2758 2049 2797 2073 eit.
2818 2050 2847 2072 in·

2656 2082 2720 2099 unm.
2735 2081 2771 2100 m.
2782 2088 2794 2094 ·
2803 2076 2846 2100 cf.

2655 2109 2720 2126 nun.
2735 2109 2772 2126 xv.

2655 2179 2666 2190 ·
2679 2177 2749 2201 Vera.
2764 2184 2783 2200 ι.

2654 3243 2871 3268 'Cf-numm.
