2918 4088
943 180 1206 226 QUAESTIO
1234 181 1412 229 LXXVI,
1442 183 1733 222 ARTICULUS
1761 187 1841 224 VIII

306 256 460 297 quod‚‚si
483 264 591 287 unum‘
608 261 733 287 tantum
755 257 952 287 intellectum
976 257 1063 287 Deus
1095 263 1230 287 creasset
1260 263 1292 287 et
1314 258 1366 287 ille

304 300 425 331 videret
447 301 564 336 Deum,
590 306 671 331 esset
694 301 807 340 procul
831 300 929 331 dubio
953 301 1074 336 beatus,
1099 306 1130 331 et
1152 301 1229 331 nihil
1249 301 1365 331 horum

304 345 398 383 sciret
420 353 503 385 quae
526 343 566 374 ad
589 345 752 375 scientiam
775 345 906 375 visionis
929 350 1082 384 spectant,
1107 345 1182 384 quia
1205 345 1284 374 nihil
1307 345 1365 374 ho-

304 398 377 426 rum
399 387 519 424 fuisset,
537 393 628 425 esset,
648 394 703 419 aut
725 388 870 419 futurum
893 393 984 419 esset.

358 431 418 462 Vel
434 431 474 462 de
489 438 563 463 actu
578 432 726 463 beatifico
741 433 906 473 loquimur
924 431 1103 463 secundum
1119 431 1209 472 quod
1225 431 1264 462 de
1279 431 1364 462 facto

304 475 410 507 divina
425 475 550 516 largitas
568 476 660 507 illum
676 476 794 513 ditavit,
811 486 868 507 seu
884 476 1034 507 extendit.
1058 476 1099 506 Et
1117 477 1162 506 sic
1177 477 1258 506 visio
1274 476 1366 506 beata

304 519 444 551 extendit
473 530 506 550 se
529 520 569 551 ad
591 521 692 551 multa
715 521 775 551 alia
804 530 887 561 quae
909 530 977 551 non
1000 526 1074 551 sunt
1097 520 1281 560 simpliciter
1309 529 1366 550 ne-

304 564 438 595 cessaria
467 565 599 604 cognitu
626 564 667 595 ad
692 564 932 595 beatitudinem.
972 564 1056 595 Inter
1085 573 1168 604 quae
1195 564 1366 604 opinamur

304 617 373 639 esse
394 609 583 649 mysterium
605 609 830 639 incarnationis
854 614 886 639 et
907 608 1143 639 Eucharistiae:
1172 617 1209 638 ea
1231 608 1364 644 ratione,

304 652 380 692 quia
402 658 477 683 sunt
499 651 683 683 difficillima
705 653 787 683 inter
803 652 912 683 omnia
939 658 1041 682 creata
1064 651 1231 687 credenda,
1248 661 1285 682 ac
1308 661 1365 692 per

303 696 384 733 hoc,
413 706 431 726 a
453 697 614 731 mentibus
637 696 781 727 fidelium
804 695 895 726 valde
919 695 1092 726 desiderata
1122 701 1159 726 ut
1181 695 1363 731 videantur;

303 740 468 772 beatitudo
491 746 599 771 autem
622 741 764 771 satiativa
787 745 834 771 est
855 739 1017 776 fidelium,
1041 745 1077 770 ut
1099 739 1258 775 fidelium,
1283 739 1364 769 desi-

303 783 466 816 deriorum
488 790 554 815 tam
576 783 760 815 arduorum.

357 829 399 859 Et
414 829 530 860 Scotus
545 827 678 868 quidem
699 829 734 858 in
755 828 861 868 primo
877 836 973 858 sensu
988 827 1080 867 loqui
1095 826 1230 863 videtur,
1251 833 1282 857 et
1297 836 1365 857 non

301 872 336 902 in
359 872 519 903 secundo:
551 872 706 912 quoniam
735 872 815 901 ratio
845 881 903 901 sua
932 871 966 901 in
988 872 1094 910 primo
1121 876 1246 901 tantum
1269 880 1364 901 sensu

301 915 434 952 militat;
465 921 497 946 et
519 915 638 956 pluries
666 916 782 955 repetit
810 914 1032 945 necessitatem
1060 914 1100 944 ad
1123 913 1363 944 beatitudinem.

303 958 396 991 Unde
418 969 486 990 non
509 964 638 999 oportet
660 959 749 989 aliter
770 956 990 998 respondere.'

357 1003 410 1034 IX.
434 1003 486 1035 Ad
509 1004 634 1034 obiecta
657 1002 789 1034 demum
819 1002 858 1033 de
882 1002 1176 1042 supernaturalitate
1192 1002 1209 1018 ⁴*
1232 1011 1364 1042 respon-

302 1046 394 1078 detur
417 1047 554 1079 dicendo
584 1046 675 1088 quod
696 1047 839 1078 naturale
863 1051 894 1077 et
916 1047 1155 1087 supernaturale
1178 1051 1253 1076 sunt
1275 1045 1364 1076 diffe-

301 1092 421 1123 rentiae
444 1091 643 1133 quandoque
665 1091 778 1129 solum,
794 1090 974 1121 secundum
996 1095 1178 1130 respectum
1194 1090 1234 1121 ad
1249 1099 1362 1130 agens:

302 1135 499 1177 quandoque
521 1145 598 1166 vero
621 1140 697 1166 sunt
719 1134 914 1166 differentiae
937 1135 1027 1165 entis.
1052 1135 1093 1165 Et
1114 1139 1284 1175 propterea
1307 1133 1364 1164 fal-

301 1189 374 1211 sum
397 1185 444 1211 est
467 1179 698 1220 quodcumque
721 1189 787 1215 ens,
811 1184 984 1219 postquam
1007 1178 1128 1209 factum
1144 1184 1200 1215 est,
1225 1188 1293 1209 esse
1308 1188 1364 1208 na-

300 1224 416 1255 turale:
448 1223 488 1255 de
511 1224 620 1264 aliquo
644 1224 731 1255 enim
754 1229 800 1254 est
823 1233 951 1259 verum,
977 1228 1008 1253 et
1031 1222 1071 1253 de
1094 1223 1203 1264 aliquo
1226 1232 1304 1259 non,
1328 1228 1365 1253 ut

300 1277 397 1309 supra
411 1269 429 1286 ⁴*
452 1267 599 1299 diximus.

2401 202 2467 239 191

1474 259 1515 289 Et
1538 260 1577 290 ad
1601 261 1888 299 confirmationem,
1905 264 1944 294 de
1963 265 2136 298 differentia
2158 268 2334 308 imperfecti
2350 274 2381 299 et
2400 277 2471 309 per-

1420 301 1568 338 fectioris,
1593 303 1707 334 dicitur
1730 306 1819 344 quod
1842 313 1887 336 est
1910 308 2130 348 impertinens:
2159 313 2311 351 quoniam
2334 322 2401 342 non
2425 318 2472 343 est

1420 347 1564 385 quaestio
1589 346 1628 376 de
1651 347 1845 387 perfectione
1869 351 1919 380 vel
1942 352 2190 391 imperfectione,
2215 355 2270 385 sed
2293 355 2331 385 de
2346 362 2473 386 natura·

1418 389 1505 419 litate
1528 390 1578 420 vel
1594 393 1897 430 supernaturalitate.
1921 411 1944 415 —-
1965 394 2075 426 Posset
2090 402 2196 427 tamen
2212 397 2273 428 dici
2289 399 2377 438 quod
2393 409 2470 439 qua-

1418 432 1520 463 litates
1543 435 1795 472 supernaturales
1819 442 1892 466 sunt
1914 437 2109 475 perfectioris
2125 440 2243 470 ordinis
2267 451 2362 480 quarn
2385 448 2471 473 totus

1420 476 1500 506 ordo
1523 477 1732 507 naturalium:
1764 479 1839 518 quia
1862 486 1935 509 sunt
1966 481 2083 511 ordinis
2107 482 2220 519 divini,
2251 490 2286 514 ut
2309 486 2417 515 caritas
2441 492 2472 516 et

1419 520 1529 550 lumen
1552 521 1672 560 gloriae
1695 527 1858 552 testantur.

1471 563 1522 593 Ad
1545 564 1690 594 ultimam
1714 565 1989 597 confirmationem
2017 568 2130 599 dicitur
2156 569 2244 609 quod
2267 572 2383 610 angelis
2406 582 2473 602 non

1419 613 1492 638 sunt
1514 607 1632 639 inditae
1651 609 1772 648 species
1789 610 1936 640 omniurn
1952 613 2140 650 specierum,
2157 613 2211 643 sed
2228 623 2335 644 earum
2351 620 2474 645 tantum

1419 661 1501 691 quae
1517 651 1557 681 ad
1572 652 1748 681 naturalem
1765 652 1909 683 ordinem
1926 655 2062 685 universi
2079 661 2230 695 spectant.
2253 657 2292 686 Et
2308 664 2474 697 propterea

1418 695 1526 731 fidem,
1551 704 1642 734 spem
1666 701 1697 725 et
1720 696 1880 726 caritatem
1903 707 1970 727 non
1993 708 2050 737 per
2065 700 2238 730 naturalem
2258 702 2474 740 cognitionem

1418 740 1451 769 in
1474 739 1605 779 proprio
1628 748 1743 778 genere
1766 746 1935 776 noverunt,
1959 742 2019 772 nisi
2042 743 2193 774 habentes
2214 744 2283 774 illas
2305 745 2338 774 in
2354 746 2473 784 seipsis,

1418 788 1532 823 utpote
1555 782 1595 813 ad
1618 792 1674 813 eos
1697 789 1875 822 spectantes
1891 785 1917 814 *.

1472 827 1511 857 X.
1536 826 1573 856 In
1595 827 1804 866 responsione
1828 827 1868 858 ad
1891 829 2082 865 secundum,
2106 830 2245 870 intellige
2269 831 2475 863 differentiam

1418 871 1499 900 inter
1527 870 1660 900 oculum
1690 871 1891 910 corporalem
1915 871 2031 903 Christi
2062 879 2092 903 et
2123 875 2321 914 corporalem
2345 876 2476 907 oculum

1418 914 1555 944 aliorum
1573 920 1767 950 sanctorum,
1791 924 1858 945 non
1873 922 2019 955 respectu
2034 917 2162 947 visibilis
2184 927 2241 957 per
2263 928 2306 955 se,
2323 920 2476 958 quoniam

1417 959 1451 988 in
1475 967 1610 998 corpore
1627 958 1750 988 articuli
1772 959 1836 988 iam
1853 959 1973 989 dictum
1990 966 2055 991 erat
2070 961 2204 991 modum
2221 962 2344 993 essendi
2361 962 2476 994 Christi

1418 1002 1562 1042 corporis
1585 1003 1619 1032 in
1642 1002 1705 1032 hoc
1729 1008 1925 1033 sacramento
1954 1014 2021 1034 esse
2047 1005 2246 1042 invisibilem,
2270 1007 2406 1046 soloque
2428 1008 2476 1037 in-

1417 1046 1548 1076 tellectu
1570 1046 1768 1076 intuibilem:
1794 1046 1849 1077 sed
1871 1054 2018 1087 respectu
2034 1049 2162 1079 visibilis
2181 1059 2237 1089 per
2252 1050 2407 1081 accidens.
2432 1051 2477 1081 Ita

1419 1089 1509 1130 quod
1532 1089 1677 1120 Christus
1701 1089 1815 1120 dicitur
1839 1092 1997 1131 corporali
2020 1093 2117 1123 oculo
2132 1093 2238 1124 videre
2262 1095 2401 1135 seipsum
2417 1096 2475 1125 sub

1418 1135 1481 1164 hoc
1504 1139 1715 1170 sacramento,
1732 1135 1807 1174 quia
1830 1135 1875 1165 sic
1898 1136 2038 1175 seipsum
2061 1137 2146 1167 videt
2168 1143 2203 1168 ut
2227 1139 2330 1168 statim
2353 1139 2475 1169 intelle-

1419 1183 1472 1208 ctu
1488 1177 1594 1208 videat
1610 1187 1705 1208 suum
1722 1178 1845 1208 essendi
1868 1179 2002 1210 modurn
2018 1181 2051 1210 in
2067 1187 2262 1212 sacramento
2276 1192 2283 1218 ;
2308 1183 2388 1212 sicut
2403 1189 2476 1223 post

1417 1222 1684 1252 resurrectionem
1715 1222 1858 1252 dicemur
1883 1223 1989 1254 videre
2020 1224 2126 1255 Deum
2157 1226 2373 1265 corporalibus
2397 1236 2474 1257 ocu-

1417 1266 1465 1302 lis,
1485 1271 1521 1296 ut
1543 1266 1577 1296 in
1601 1275 1655 1306 qu.
1679 1276 1722 1296 1111
1737 1267 1754 1283 ³*
1776 1266 1900 1297 Primae
1923 1268 2020 1298 Partis
2043 1269 2166 1299 Auctor
2189 1269 2364 1300 declaravit.

1080 1429 1294 1472 ARTICU
1302 1429 1400 1472 LUS
1429 1429 1701 1472 OCTAVUS

428 1525 596 1561 UTRUM,
621 1523 806 1563 QUANDO
830 1524 875 1554 IN
898 1523 992 1554 HOC
1015 1522 1316 1554 SACRAMENTO
1340 1522 1622 1554 MIRACULOSE
1645 1492 1845 1554 ΑΡΡᾸΒΕΤ
1868 1524 1953 1554 VEL
1978 1524 2095 1556 CARO
2119 1526 2203 1556 VEL
2227 1526 2348 1562 PUER,

1052 1567 1120 1598 SIT
1144 1567 1199 1598 IBI
1222 1567 1339 1598 VERE
1362 1567 1532 1599 CORPUS
1555 1567 1730 1598 CHRISTI

902 1647 936 1671 lV
956 1646 1040 1675 Sent„
1060 1646 1118 1672 dist.
1137 1654 1161 1676 x,
1180 1650 1226 1671 art.
1247 1645 1271 1677 3,
1290 1645 1341 1679 qu⁸
1361 1653 1391 1678 23
1413 1646 1455 1671 De
1477 1646 1539 1671 Ven.
1559 1646 1682 1672 Sacram.
1700 1647 1798 1676 Altam,
1817 1654 1898 1672 serm.
1916 1654 1950 1672 xr.

480 1752 484 1758 ‹
510 1741 533 1766 D
548 1740 720 1766 ocrAvuM
739 1740 791 1766 s1c
810 1740 1046 1765 PRocnmrun.
1066 1727 1229 1764 Videtur
1242 1727 1362 1776 quod,

511 1781 670 1832 quando
698 1781 739 1818 in
766 1781 843 1819 hoc
863 1788 1104 1819 sacramento
1133 1780 1362 1818 miraculose

343 1749 395 1789 «ρξ’
417 1759 481 1792 εμ-

348 1795 351 1802 ,
430 1792 464 1811 „—

318 1867 337 1889 4¹
412 1857 426 1890 ἡ*
446 1790 670 1885 apparet
695 1836 791 1871 vel«
810 1846 899 1871 caro
927 1835 989 1871 vel
1015 1846 1124 1883 puer,
1155 1834 1264 1883 quod
1282 1845 1363 1870 non

307 1902 313 1911 ¹
334 1890 336 1892 ’
358 1884 415 1914 «’ἵ’ῖ
432 1905 440 1914 r
467 1881 499 1923 k
511 1888 557 1925 sit
574 1887 627 1925 ibi
644 1899 736 1924 vere
755 1899 897 1937 corpus
912 1886 1063 1925 Christi.
1086 1887 1239 1936 Corpus
1258 1886 1363 1923 enim

300 1939 440 1979 Christi
468 1940 605 1978 desinit
632 1952 715 1978 esse
743 1940 815 1978 sub
836 1941 912 1977 hoc
936 1947 1175 1977 sacramento
1203 1940 1362 1990 quando

298 1993 480 2032 desinunt
506 2006 588 2031 esse
625 1993 770 2044 species
798 1994 1107 2038 sacramentales,
1142 2001 1184 2030 ut
1216 1992 1363 2030 dictum

298 2054 356 2085 est
372 2046 404 2084 ¹¹².
443 2047 521 2085 Sed
548 2047 707 2097 quando
734 2054 893 2096 apparet
919 2058 1010 2084 caro
1038 2048 1100 2084 vel
1126 2059 1235 2095 puer,
1264 2046 1363 2087 desi-

298 2107 398 2138 nunt
424 2112 507 2138 esse
541 2099 687 2150 species
721 2100 1025 2137 sacramentales.
1069 2100 1171 2148 Ergo
1201 2111 1280 2136 non
1308 2106 1364 2136 est

298 2152 352 2193 ibi
378 2165 470 2190 vere
498 2165 639 2204 corpus
668 2152 819 2190 Christi.

304 2200 328 2219 θ’
353 2216 388 2242 2.
418 2205 660 2253 PRAETEREA,
689 2205 928 2255 ubicumque
957 2213 1012 2242 est
1040 2217 1181 2255 corpus
1210 2204 1362 2252 Christi,

297 2259 360 2299 vel
387 2266 443 2296 est
474 2258 527 2296 ibi
562 2259 636 2296 sub
668 2258 795 2308 specie
828 2258 1004 2308 propria,
1037 2259 1099 2296 vel
1131 2258 1204 2295 sub
1237 2257 1362 2308 specie

297 2311 537 2350 sacramenti.
568 2312 646 2350 Sed
673 2312 832 2361 quando
859 2313 952 2349 tales
973 2311 1232 2361 apparitiones
1249 2311 1362 2358 fiunt,

297 2364 543 2402 manifestum
571 2372 628 2402 est
660 2365 768 2415 quod
800 2377 881 2402 non
909 2372 965 2402 est
999 2364 1052 2401 ibi
1081 2364 1254 2402 Christus
1290 2365 1363 2402 sub

298 2417 425 2468 specie
457 2414 631 2468 pfopria:
669 2417 761 2468 quia
795 2418 835 2455 in
872 2418 948 2455 hoc
984 2425 1224 2455 sacramento
1260 2425 1363 2454 totus

299 2469 474 2508 Christus
487 2470 714 2518 continetur,
729 2470 797 2520 qui
809 2478 1011 2520 permanet
1025 2470 1170 2518 integer
1185 2470 1224 2507 in
1238 2471 1364 2508 forma

299 2535 378 2573 qua
409 2523 579 2560 ascendit
613 2522 653 2560 in
680 2525 850 2570 caelum3
888 2536 981 2561 cum
1013 2531 1144 2561 tamen
1179 2523 1218 2561 id
1255 2524 1363 2573 quod

298 2575 527 2614 miraculose
555 2584 714 2626 apparet
740 2576 780 2613 in
807 2578 885 2614 hoc
907 2584 1158 2624 sacramento,
1187 2577 1363 2626 quando-

299 2641 377 2679 que
404 2629 582 2667 videatur
608 2637 651 2666 ut
678 2630 871 2678 quaedam
898 2642 1019 2679 parva
1046 2642 1155 2677 caro,
1189 2630 1362 2680 quando-

299 2694 376 2732 que
396 2690 527 2719 autem
546 2690 588 2719 ut
606 2694 750 2732 parvus
768 2695 877 2732 puer.
906 2682 1154 2720 Manifestum
1173 2690 1228 2719 est
1247 2682 1363 2720 etiam

298 2735 407 2784 quod
435 2747 516 2772 non
535 2743 591 2772 est
609 2735 661 2772 ibi
690 2735 762 2772 sub
781 2734 906 2784 specie
926 2735 1166 2783 sacramenti,
1187 2747 1287 2785 quae
1307 2743 1363 2772 est

299 2787 444 2838 species
472 2788 583 2838 panis
601 2789 663 2825 vel
681 2787 772 2825 vini.
802 2789 904 2836 Ergo
923 2788 1076 2825 videtur
1094 2789 1201 2838 quod
1220 2801 1362 2838 corpus

301 2840 441 2879 Christi
469 2842 576 2878 nullo
605 2841 726 2878 modo
754 2840 800 2877 sit
827 2840 890 2878 ibi.

354 2893 388 2931 3.
418 2895 658 2941 PRAETEREA,
696 2906 837 2943 corpus
866 2893 1006 2931 Christi
1042 2893 1172 2943 incipit
1208 2906 1290 2931 esse
1322 2894 1362 2931 in

298 2947 375 2984 hoc
402 2955 641 2984 sacramento
679 2959 749 2996 per
775 2946 1104 2984 consecrationem
1138 2954 1175 2983 et
1202 2958 1362 2985 conver-

299 2999 461 3048 sionem,
489 3008 532 3037 ut
560 3012 677 3049 supra
690 2999 710 3022 '¹‘
729 2999 875 3036 dictum
894 3006 960 3036 est.
991 2999 1068 3037 Sed
1087 3011 1176 3037 caro
1195 3001 1262 3037 aut
1279 3002 1365 3038 sani

298 3052 382 3102 guis
413 3052 643 3090 miraculose
671 3064 860 3102 apparens
897 3064 977 3089 non
1009 3059 1098 3089 sunt
1130 3053 1361 3100 consecrata,

298 3117 372 3143 nec
389 3117 577 3143 conversa
595 3106 636 3143 in
653 3117 793 3142 verum
807 3117 949 3154 corpus
963 3112 999 3142 et
1014 3105 1241 3154 sanguinem
1256 3106 1362 3143 Chri-

299 3158 356 3196 sti.
394 3159 488 3197 Non
515 3171 605 3207 ergo
634 3157 707 3196 sub
735 3158 794 3195 his
822 3158 1022 3208 speciebus
1051 3165 1106 3195 est
1133 3170 1274 3208 corpus
1300 3160 1363 3196 vel

299 3211 454 3260 sanguis
481 3211 633 3249 Christi.

353 3264 428 3302 San
456 3276 601 3302 coum
628 3276 694 3302 EST
721 3264 847 3314 quod,
882 3264 946 3301 tali
979 3263 1216 3313 apparitione
1252 3264 1361 3311 facta,

299 3317 438 3355 eadem
474 3317 687 3355 reverentia
727 3317 929 3354 exhibetur
965 3316 1000 3354 ei
1037 3317 1144 3366 quod
1184 3325 1360 3366 apparet,

353 3448 381 3480 α)
400 3449 450 3475 vel.
467 3463 486 3468 -
504 3449 565 3475 Om.
584 3449 669 3474 PHsG
688 3454 714 3474 et
731 3456 755 3474 c.
773 3464 792 3468 —
810 3449 881 3481 quod
899 3455 958 3474 ante
978 3456 1030 3474 non
1049 3457 1103 3474 om.
1123 3449 1187 3474 PsB.

354 3484 381 3519 β)
400 3488 487 3511 tamen
508 3485 700 3511 immutatione.
718 3499 738 3504 -
756 3485 982 3510 transmutatione
1001 3484 1094 3509 CDEa.

1418 1739 1518 1776 quae
1546 1735 1583 1764 et
1610 1727 1716 1777 prius
1751 1728 2013 1765 exhibebatur.
2057 1729 2176 1775 Quod
2213 1730 2371 1779 quidem
2399 1743 2478 1767 non

1417 1780 1526 1817 fieret
1553 1780 1583 1817 si
1611 1793 1692 1817 non
1720 1793 1811 1818 vere
1849 1789 1945 1818 esset
1973 1780 2025 1818 ibi
2054 1781 2245 1829 Christus,
2284 1783 2346 1820 cui
2373 1796 2478 1821 reve-

1418 1833 1577 1871 rentiam
1608 1833 1736 1871 latriae
1765 1833 2004 1871 exhibemus.
2039 1835 2153 1883 Ergo,
2183 1835 2294 1872 etiam
2324 1835 2387 1873 tali
2414 1849 2478 1885 ap-

1417 1886 1604 1936 paritione
1631 1887 1739 1934 facta,
1770 1887 1944 1924 Christus
1969 1895 2024 1924 est
2043 1888 2114 1924 sub
2134 1889 2210 1925 hoc
2229 1897 2477 1926 sacramento.

1470 1941 1695 1978 Respounno
1722 1952 1905 1978 01οΕΝοοΜ
1940 1941 2048 1990 quod
2076 1941 2274 1990 dupliciter
2300 1942 2480 1990 contingit

1417 1992 1499 2030 talis
1518 1992 1717 2042 apparitio,
1733 2005 1811 2042 qua
1831 1993 2068 2043 quandoque
2087 1993 2127 2030 in
2146 1994 2222 2031 1100
2241 2003 2477 2032 sacramento

1417 2045 1647 2084 miraculose
1674 2046 1827 2084 videtur
1854 2058 1943 2084 caro
1972 2054 2038 2084 aut
2065 2047 2235 2095 sanguis,
2273 2055 2338 2084 aut
2365 2048 2479 2085 etiam

1418 2098 1557 2148 aliquis'
1581 2111 1690 2148 puer.
1720 2099 1971 2149 Quandoque
1990 2099 2094 2136 enim
2123 2101 2198 2137 hoc
2220 2100 2406 2149 contingit
2431 2113 2479 2138 ex

1417 2160 1524 2202 parte
1551 2152 1779 2200 videntium,
1809 2164 1980 2203 quorum
2007 2152 2109 2190 oculi
2137 2153 2390 2190 immutantur
2414 2153 2478 2190 tali

1417 2204 1685 2243 immutatione
1714 2217 1759 2242 ac
1777 2205 1808 2242 si
1828 2217 2004 2256 expresse
2023 2205 2196 2243 viderent
2215 2206 2376 2244 exterius
2399 2218 2478 2244 car-

1417 2270 1510 2299 nem
1537 2266 1604 2295 aut
1630 2258 1858 2307 sanguinem
1885 2260 1948 2296 vel
1975 2271 2143 2308 puerum
2162 2259 2193 2303 ²¹²,
2220 2260 2323 2296 nulla
2349 2267 2477 2296 tamen

1417 2311 1686 2348 immutatione
1705 2310 1720 2341 β
1746 2311 1843 2349 facta
1870 2324 1917 2349 ex
1938 2319 2045 2362 parte
2064 2312 2299 2350 sacramenti.
2328 2313 2376 2349 Et
2403 2313 2478 2348 hoc

1417 2364 1576 2413 quidem
1604 2364 1757 2401 videtur
1783 2364 2002 2414 contingere
2039 2366 2196 2415 quando
2233 2365 2301 2402 uni
2328 2365 2480 2402 videtur

1418 2417 1490 2454 sub
1519 2417 1645 2466 specie
1673 2417 1797 2454 carnis
1823 2419 1887 2455 vel
1913 2418 2036 2468 pueri,
2061 2418 2141 2455 aliis
2168 2425 2297 2455 tamen
2315 2417 2476 2465 videtur,

1418 2469 1513 2507 sicut
1541 2478 1578 2507 et
1604 2470 1724 2520 prius,
1753 2470 1826 2507 sub
1854 2471 1980 2520 specie
2007 2470 2134 2520 panis;
2163 2472 2224 2508 vel
2247 2471 2403 2520 quando
2428 2470 2478 2507 ei-

1417 2523 1509 2561 dem
1527 2528 1543 2551 Υ
1571 2523 1620 2560 ad
1647 2524 1787 2560 horam
1814 2523 1966 2561 videtur
2000 2524 2072 2561 sub
2108 2523 2232 2573 specie
2269 2523 2390 2561 carnis
2417 2525 2480 2560 vel

1416 2575 1538 2625 pueri,
1568 2584 1605 2613 et
1631 2577 1886 2626 postmodum
1915 2577 1987 2614 sub
2016 2577 2141 2626 specie
2169 2576 2289 2626 panis.
2319 2577 2403 2613 Nec
2425 2584 2477 2612 ta-

1417 2641 1508 2666 men
1537 2630 1612 2666 hoc
1639 2629 1802 2679 pertinet
1830 2630 1879 2666 ad
1898 2629 2067 2679 aliquam
2086 2630 2363 2678 deceptionem,
2383 2629 2479 2665 sicut

1417 2682 1552 2719 accidit
1579 2682 1620 2719 in
1647 2693 1853 2731 magorum
1871 2682 2095 2732 praestigiis:
2125 2683 2215 2731 quia
2234 2682 2315 2718 talis
2334 2681 2477 2731 species

1417 2735 1599 2772 divinitus
1626 2736 1816 2773 formatur
1833 2735 1872 2772 in
1892 2737 2006 2773 oculo
2025 2736 2074 2772 ad
2093 2735 2260 2784 aliquam
2280 2735 2477 2771 veritatem

1417 2788 1681 2836 figurandam,
1720 2788 1770 2825 ad
1802 2789 1878 2825 hoc
1905 2788 2043 2825 scilicet
2078 2788 2185 2836 quod
2220 2787 2477 2824 manifestetur

1417 2853 1508 2878 vere
1542 2853 1684 2891 corpus
1719 2841 1858 2878 Christi
1893 2853 1974 2877 esse
2011 2840 2083 2876 sub
2116 2841 2191 2877 hoc
2219 2847 2473 2884 sacramento;

1418 2894 1514 2931 sicut
1541 2894 1656 2931 etiam
1686 2894 1858 2931 Christus
1886 2894 2030 2942 absque
2050 2892 2272 2941 deceptione
2300 2891 2476 2940 apparuit

1394 2983 1397 2985 ,
1417 2947 1612 2997 discipulis
1635 2946 1815 2984 euntibus
1834 2946 1873 2982 in
1893 2947 2080 2983 Emmaus
2099 2945 2129 2981 ³¹².
2159 2944 2258 2981 Dicit
2276 2944 2379 2980 enim
2398 2945 2473 2980 Au-

1407 2998 1607 3051 gustinus,
1644 2999 1685 3049 iri
1700 2999 1808 3036 vlibro
1843 2999 1888 3035 de
1921 2999 2199 3041 Quaestionihus
2226 2997 2426 3046 Evangelii
2440 2996 2472 3042 ²¹²,

1416 3053 1536 3103 quod,
1556 3065 1642 3090 cum
1659 3054 1767 3101 fictio
1791 3057 1917 3089 nostra
1937 3052 2096 3099 rejsertur
2114 3050 2164 3087 ad
2180 3050 2343 3099 aliquam
2361 3051 2473 3099 signi-

1405 3107 1639 3154 ficationem,
1669 3117 1743 3142 non
1764 3111 1814 3141 est
1832 3104 2078 3149 mendacium,
2106 3103 2172 3139 sed
2196 3103 2320 3151 aliqua
2336 3104 2474 3152 figura

1416 3161 1587 3197 veritatis.
1618 3159 1666 3195 Et
1693 3157 1783 3206 quia
1810 3169 1879 3206 per
1897 3157 2002 3193 hunc
2020 3156 2183 3193 modurn
2211 3156 2315 3192 nulla
2333 3154 2474 3191 immu—

1416 3211 1507 3249 tatio
1526 3212 1571 3248 fit
1589 3223 1635 3248 ex
1654 3218 1759 3260 parte
1774 3209 2010 3256 sacramenti,
2026 3208 2271 3245 manifestum
2292 3215 2347 3244 est
2367 3207 2474 3256 quod

1416 3276 1497 3302 non
1525 3263 1662 3301 desinit
1692 3275 1773 3300 esse
1803 3261 1976 3299 Christus
2010 3261 2082 3298 sub
2115 3262 2190 3298 hoc
2224 3268 2472 3306 sacramento,

1416 3318 1480 3354 tali
1508 3315 1744 3366 apparitione
1771 3316 1878 3352 facta.

1471 3448 1498 3483 γ)
1517 3449 1611 3474 eidem.
1629 3462 1648 3467 -
1667 3447 1775 3478 PFIsG;
1794 3455 1847 3472 om.
1866 3447 1898 3476 Η,
1919 3446 1986 3471 idem
2006 3445 2092 3470 ceteri.

2502 792 2512 801 ·
2526 790 2561 813 Cf.
2583 797 2647 813 num.
2665 798 2711 819 vu,

2501 817 2538 838 Aa
2551 820 2668 844 quartum.

2501 1275 2512 1287 ·
2525 1275 2577 1298 Art.
2588 1282 2609 1304 3,
2623 1276 2651 1298 ad
2665 1282 2685 1299 2.

2503 2262 2714 2286 ‘Cf.Paschas.Rat—

2505 2289 2570 2315 bem,
2595 2288 2625 2310 de
2644 2289 2714 2316 Corp.

2505 2318 2529 2337 et
2544 2316 2618 2343 Sang.
2637 2315 2713 2342 Dora„

2504 2348 2553 2370 cap.
2569 2348 2615 2364 xiv.

2603 2369 2617 2402 β

2500 2945 2511 2955 ·
2520 2944 2577 2966 Luc.
2587 2949 2638 2972 cap.
2647 2950 2711 2970 xxiv.

2500 2977 2560 2992 vers.
2577 2977 2585 2992 ¹

2500 2999 2510 3008 ·
2520 2997 2570 3018 Lib.

2605 3013 2610 3022 ‚
2615 2976 2666 3025 ,11111ι
2671 2997 2711 3019 ult.
