2918 4088
1 538 6 556 1

0 557 7 614 ἓ
49 585 186 614 ‘Restm-d
200 591 260 614 ²·7·

34 1288 61 1303 v·
71 1285 106 1311 Ν
115 1286 190 1316 ὅσοι,
205 1287 259 1311 dist.

25 1318 145 1354 ‘wst-
153 1318 230 1354 522¹,
237 1320 259 1341 2-

38 1446 61 1480 3
65 1465 119 1489 us.
124 1465 167 1495 iv,
173 1471 226 1494 ap.
233 1473 257 1488 v.

940 200 1202 246 QUAESTIO
1231 201 1437 248 LXXVIII,
1466 202 1756 242 ARTICULUS
1785 206 1814 241 II

289 287 356 309 non
383 283 430 309 est
457 277 496 308 de
522 278 709 308 necessitate
737 278 935 307 sacramenti.
969 277 1018 307 Ac
1048 287 1104 317 per
1126 278 1206 314 hoc,
1238 277 1349 308 eadem

288 323 420 357 ratione,
444 322 477 352 in
501 321 740 352 consecratione
762 322 924 361 sanguinis
946 321 1000 351 illa
1015 321 1188 357 adiunctio,
1211 322 1267 361 qui
1284 331 1348 361 pro

289 365 377 397 vobis
392 371 463 402 etc.‚
479 375 547 395 non
570 370 617 395 est
640 364 679 395 de
702 366 887 395 necessitate
906 365 1109 395 sacramenti:
1135 364 1247 395 eadem
1263 365 1349 395 enim

290 415 336 440 est
351 409 430 439 ratio
447 410 480 439 in
495 414 630 448 utraque
646 408 750 439 forma
765 408 874 449 quoad
884 410 950 439 vim
966 409 1222 444 consecrationis,
1237 418 1348 448 quarn-

287 454 334 483 vis
357 463 424 483 non
439 453 479 483 sit
501 452 612 483 eadem
628 449 708 483 ratio
733 452 840 493 quoad
864 453 1121 483 convenientiam
1144 452 1348 492 explicandae

287 497 428 533 virtutis;
468 498 544 537 quia
578 497 820 527 convenientius
855 497 1028 537 explicatur
1060 497 1159 527 virtus
1193 497 1348 536 passionis

289 540 406 572 Christi
435 541 469 571 in
492 541 732 571 consecratione
755 541 917 581 sanguinis
945 550 1042 581 quam
1070 541 1231 580 corporis,
1256 546 1292 570 ut
1315 541 1348 571 in

287 585 390 616 littera
412 585 495 615 tertii
516 585 672 615 articuli*
695 586 819 615 Auctor
842 584 988 616 declarat.

342 629 380 659 11.
405 628 492 660 Cum
515 634 622 660 autem
645 638 684 659 ex
699 639 760 659 usu
783 628 944 659 Ecclesiae
964 628 1105 659 Graecae
1127 629 1161 658 in
1182 637 1348 658 consecra-

287 674 376 704 tione
399 673 560 713 sanguinis
583 673 756 703 habeamus
781 672 870 712 quod
892 682 960 703 non
984 673 1092 703 omnia
1116 681 1199 712 quae
1221 681 1281 702 nos
1302 671 1348 702 di—

288 718 390 748 cimus
413 722 488 748 sunt
509 717 685 747 necessaria
707 716 747 747 ad
770 717 1059 753 consecrationem;
1088 721 1119 746 et
1142 726 1180 746 ex
1203 725 1263 746 usu
1286 715 1348 746 Ec-

288 761 402 792 clesiae
424 761 556 791 Latinae
578 761 611 791 in
635 761 875 791 consecratione
897 761 1040 800 corporis
1062 760 1235 790 habeamus
1259 759 1349 799 quod

287 815 355 836 non
383 805 493 836 omnia
522 814 605 844 quae
634 810 712 834 tunc
736 803 881 835 Christus
904 803 982 834 dixit
1011 809 1085 834 sunt
1107 804 1283 834 necessaria
1309 803 1348 834 ad

288 849 578 880 consecrationem:
603 853 732 888 oportet
745 847 785 878 ad
800 847 933 887 aliquod
947 847 1088 878 solidum
1103 846 1348 877 fundamentum

287 902 465 928 recurrere,
493 901 589 931 super
612 891 702 931 quod
730 890 856 921 fundari
881 891 980 931 possit
1002 890 1159 921 certitudo
1183 890 1348 921 discretiva

286 937 458 967 verborum
482 934 522 965 ad
544 935 820 965 consecrationem
842 935 1094 965 necessariorum
1117 944 1135 964 a
1155 943 1223 964 non
1238 943 1348 964 neces-

286 980 373 1010 sariis
397 979 437 1010 ad
459 979 555 1009 illam.
590 979 631 1009 Et
654 988 730 1009 cum
751 979 815 1009 hoc
843 979 882 1008 sit
905 978 1087 1008 communis
1115 977 1169 1007 illa
1199 978 1346 1014 maxima,

286 1022 544 1055 Sacramentalia
568 1022 664 1053 verba
686 1022 875 1063 significant
903 1022 990 1062 quod
1011 1022 1154 1063 efficitur
1178 1031 1220 1052 ex
1242 1022 1275 1052 νὶ
1295 1031 1348 1052 sa-

286 1067 452 1103 cramenti,
470 1076 564 1107 quae,
579 1071 616 1097 ut
630 1072 718 1106 patet
733 1066 938 1096 discurrendo
953 1075 1011 1107 per
1022 1066 1131 1096 omnia
1143 1071 1347 1102 sacramenta,

286 1112 448 1143 verissima
470 1120 507 1141 ac
529 1110 719 1141 solidissima
739 1110 983 1150 comprobatur:
1008 1109 1093 1146 ideo,
1110 1109 1148 1140 ab
1164 1109 1224 1140 hac
1239 1109 1348 1149 regula

285 1165 354 1187 non
377 1154 566 1186 declinando
590 1153 630 1185 ad
652 1153 814 1185 dexteram
833 1159 888 1184 aut
903 1153 943 1184 ad
957 1154 1124 1190 sinistram,
1148 1153 1348 1184 inveniemus

285 1209 354 1231 non
377 1208 446 1230 esse
468 1198 643 1230 necessaria
659 1197 699 1228 ad
714 1199 988 1229 consecrationem
1004 1198 1165 1238 sanguinis
1187 1198 1249 1228 nisi
1270 1207 1348 1237 qua-

284 1249 360 1275 tuor
382 1242 478 1273 verba
499 1243 588 1278 haec,
611 1242 680 1273 Hic
702 1247 750 1273 est
770 1242 908 1283 sanguis
930 1251 1028 1273 meus.

341 1287 383 1318 Et
404 1287 478 1318 licet
498 1286 613 1317 Scotus
629 1287 656 1323 *,
673 1296 748 1317 cum
770 1286 879 1317 multis
902 1286 979 1321 aliis,
997 1285 1129 1322 dubitet,
1145 1286 1225 1316 mihi
1240 1290 1348 1316 tamen

285 1331 375 1364 nulla
397 1336 543 1372 apparet*
551 1330 716 1361 dubitandi
738 1331 818 1361 ratio
841 1330 1024 1371 probabilis,
1048 1329 1104 1360 sed
1126 1329 1258 1360 indubie
1276 1339 1348 1360 sen-

274 1370 432 1407 tiffidfim
455 1380 502 1405 est
524 1380 561 1405 ut
583 1374 730 1405 diximus.

340 1420 467 1450 Praeter
482 1418 651 1459 praedicta,
667 1418 747 1450 fulta
763 1428 895 1459 quoque
911 1424 958 1449 est
972 1418 1128 1449 sententia
1142 1418 1221 1448 haec
1237 1422 1348 1448 aucto-

285 1465 376 1496 ritate
391 1464 474 1494 beati
490 1463 662 1500 Ambrosii,
675 1464 709 1493 in
724 1463 805 1493 libro
818 1462 857 1493 de
868 1462 1087 1494 Sacramentis
1097 1463 1124 1498 *,
1138 1471 1236 1502 quam
1251 1462 1348 1492 habes

282 1504 326 1540 ‘de
343 1508 506 1544 Consecr.‚
519 1507 589 1537 dist.
605 1517 638 1543 11,
655 1517 724 1547 cap.
741 1507 861 1543 Panis,·
883 1512 915 1537 et
937 1506 1078 1546 Magistri
1101 1505 1347 1542 Sententiarum,

285 1554 320 1584 in
334 1562 390 1583 vm
405 1551 608 1582 distinctione
622 1552 640 1568 ³
655 1551 779 1589 Quarti,
795 1551 852 1581 ubi
868 1551 964 1581 etiam
980 1549 1109 1581 adducit
1123 1550 1254 1580 beatum
1269 1550 1348 1581 Am-

284 1597 439 1629 brosium.

283 1671 289 1674 .
340 1640 393 1672 111.
416 1639 521 1670 Verba
542 1643 651 1669 autem
677 1638 798 1669 litterae
825 1639 908 1668 tertii
938 1638 1062 1668 articuli
1082 1639 1117 1668 in
1140 1638 1257 1678 quibus
1279 1638 1347 1668 Au-

285 1690 356 1716 ctor
375 1682 501 1715 videtur
523 1692 637 1713 sonare
659 1682 866 1723 oppositum,
890 1681 1092 1712 verificantur
1122 1681 1347 1722 distinguendo

285 1727 376 1771 quod
402 1728 498 1758 verba
527 1727 634 1767 aliqua
663 1736 731 1757 esse
761 1725 801 1757 de
833 1726 1007 1757 substantia
1037 1725 1160 1756 formae
1190 1726 1348 1766 contingit

284 1771 468 1813 dupliciter:
485 1768 708 1812 primo‚'qu0d
723 1771 791 1801 sine
805 1770 867 1801 illis
882 1779 951 1800 non
966 1771 1005 1800 sit
1020 1769 1139 1806 forma;
1156 1770 1219 1800 alio
1234 1770 1346 1807 modo,

284 1816 376 1858 quod
391 1817 459 1846 sine
473 1815 534 1846 illis
549 1824 618 1846 non
634 1820 680 1845 est
695 1813 799 1845 forma
813 1813 963 1855 perfecta.
987 1814 1029 1844 Et
1043 1815 1078 1845 in
1093 1813 1236 1845 secundo
1252 1824 1348 1845 sensu

284 1859 486 1894 verificanmr
507 1859 604 1890 verba
625 1858 757 1895 litterae,
781 1868 849 1889 non
872 1864 980 1889 autem
1002 1859 1036 1888 in
1059 1859 1176 1899 primo.

338 1903 434 1937 Unde
457 1909 488 1934 et
509 1904 544 1946 in
569 1903 779 1943 responsione
795 1902 835 1933 ad
851 1901 1030 1934 secundum
1051 1902 1195 1933 eiusdem
1213 1902 1346 1939 articuli,

284 1958 361 1981 cum
383 1952 608 1989 argumentum
630 1952 712 1978 esset
727 1946 817 1988 quod
840 1956 905 1977 non
928 1951 1004 1977 sunt
1025 1947 1160 1977 maioris
1183 1946 1349 1988 efficaciae

283 1991 381 2026 verba
403 2001 487 2033 quae
506 1991 727 2033 proferuntur
749 1991 782 2021 in
807 1991 1050 2022 consecratione
1065 1991 1165 2031 panis
1189 1999 1286 2032 quam
1309 2001 1347 2022 ea

284 2045 368 2079 quae
383 2037 605 2078 proferuntur
619 2035 652 2065 in
674 2035 917 2066 consecratione
935 2035 1011 2071 vini,
1029 2040 1100 2071 etc.,
1117 2036 1284 2076 responsio
1308 2035 1348 2066 ad

282 2080 516 2122 perfectionem
532 2079 774 2110 convenientiae
797 2079 938 2115 recurrit,
963 2088 1061 2119 quare
1083 2079 1192 2119 potius
1215 2078 1271 2109 fiat
1293 2078 1347 2110 ad-

284 2124 364 2156 ditio
387 2125 421 2156 in
444 2124 685 2155 consecratione
708 2124 886 2164 sanguinis:
917 2133 986 2154 non
1007 2122 1156 2163 negando
1179 2123 1347 2163 aequalem

285 2168 459 2200 efficaciam
481 2169 516 2199 in
537 2168 641 2199 verbis
656 2169 823 2208 utriusque
838 2167 961 2198 formae
984 2166 1234 2208 significantibus
1258 2167 1348 2208 quod

285 2211 429 2244 efficitur.

251 2272 258 2279 ·
311 2279 324 2286 Ι
339 2256 393 2288 1v.
417 2257 511 2288 Ratio
535 2265 668 2296 quoque
691 2256 725 2286 in
747 2255 850 2286 littera
865 2256 882 2272 ⁴*
905 2255 1006 2291 allata,
1031 2255 1164 2292 scilicet,
1188 2255 1347 2286 Determi-

284 2301 433 2333 nationes
453 2300 638 2342 praedicati
662 2300 830 2340 pertinent
856 2299 900 2330 ad
922 2299 1140 2340 integritatem
1164 2299 1347 2336 locutionis,

285 2345 454 2386 dupliciter
479 2344 613 2385 intelligi
634 2349 750 2385 potest.
785 2344 911 2380 Primo,
943 2343 1034 2384 quod
1064 2345 1131 2374 sine
1161 2343 1348 2374 huiusmodi

284 2388 602 2423 determinationibus
629 2398 698 2419 non
720 2389 760 2419 sit
785 2389 907 2428 integra
929 2388 1069 2424 locutio,
1097 2388 1275 2428 integritate
1299 2398 1347 2419 es-

285 2433 418 2470 sentiali,
441 2427 649 2474 praeiacentis
671 2433 910 2463 enuntiationis.
934 2432 976 2462 Et
994 2433 1039 2462 sic
1054 2432 1088 2462 in
1102 2433 1271 2472 proposito
1295 2442 1346 2463 so-

284 2477 355 2511 lum
376 2476 456 2508 illud
477 2485 660 2518 pronomen
678 2486 767 2507 meus
790 2482 838 2507 est
860 2476 899 2507 de
914 2477 1092 2517 integritate
1109 2477 1346 2513 enuntiationis,

286 2530 362 2553 cum
385 2521 509 2558 dicitur,
532 2521 600 2552 Hic
622 2525 669 2551 est
690 2521 827 2562 sanguis
849 2530 947 2551 meus.

341 2565 415 2596 Alio
442 2564 560 2601 modo,
592 2563 683 2605 quod
706 2565 795 2605 ipsae
821 2564 1101 2595 determinationes
1131 2574 1199 2595 non
1229 2565 1347 2595 habent

284 2610 446 2650 integrum
468 2619 598 2640 sensum
620 2609 689 2639 sine
706 2609 906 2649 praeiacente
921 2609 1152 2640 enuntiatione.
1175 2609 1217 2639 Et
1232 2609 1277 2640 sic
1292 2619 1347 2639 ve·-

285 2652 425 2685 rificatur
446 2654 526 2684 ratio
548 2653 584 2684 in
605 2653 774 2693 proposito
797 2652 907 2693 quoad
929 2654 1038 2685 omnia
1061 2652 1219 2684 adiuncta.
1254 2653 1346 2691 Quo-

284 2698 373 2729 niam
401 2703 525 2728 constat
547 2696 654 2737 quod,
678 2696 832 2733 dicendo,
857 2697 933 2728 novi
962 2702 994 2728 et
1021 2698 1146 2728 aeterni
1168 2698 1348 2728 testamenti

283 2742 475 2783 mysterium
487 2741 572 2783 fidei
594 2741 650 2782 qui
666 2751 732 2782 pro
751 2741 840 2772 vobis
855 2746 926 2778 etc„
950 2741 1071 2782 integra
1085 2751 1154 2772 non
1169 2742 1209 2772 sit
1223 2741 1346 2772 locutio

2385 220 2459 258 207

1403 279 1471 308 sine
1493 280 1695 318 praecedenti
1718 284 1949 320 enuntiatione,
1974 286 2040 316 Hic
2061 292 2107 317 est
2129 289 2263 329 sanguis
2286 298 2383 319 meus.
2418 289 2459 319 Et

1403 322 1498 352 huius
1521 323 1705 363 integritatis
1733 326 1821 364 signa
1850 333 1932 363 sunt,
1961 338 2042 368 quae
2064 331 2098 360 in
2120 331 2221 361 littera
2235 333 2252 348 ’ἓ
2275 332 2456 368 afferuntur,

1403 365 1486 395 duo:
1510 367 1660 405 primum,
1681 368 1770 407 quod
1792 370 1942 400 sacerdos
1965 373 2073 402 eodem
2091 374 2154 404 ritu
2178 380 2209 404 et
2231 376 2324 406 modo
2349 376 2457 406 omnia

1402 409 1481 439 haec
1507 411 1660 450 profert;
1689 412 1876 448 seeundum,
1905 415 1993 452 quod
2016 416 2093 446 Luc.
2116 427 2179 447 xxn
2210 419 2458 458 interponuntur

1403 453 1499 483 verba
1521 454 1684 494 sequentia
1708 455 1811 485 verbis
1827 457 1953 495 primis.

1458 497 1496 527 V.
1509 497 1552 526 At
1563 498 1590 527 si
1602 498 1673 537 quis
1689 499 1860 528 contendat
1877 501 2090 539 expositiones
2106 503 2161 532 has
2176 513 2270 542 posse
2286 507 2456 536 convenire

1402 540 1523 571 litterae
1545 542 1663 577 verbis,
1695 541 1751 571 sed
1772 551 1840 572 non
1868 543 2037 574 intentioni
2059 546 2225 582 Auctoris,
2256 549 2311 586 qui
2334 549 2456 579 videtur

1403 593 1441 614 ex
1464 585 1632 625 proposito
1656 585 1770 615 docere
1791 587 1993 625 oppositum:
2018 589 2197 619 meminerit
2219 592 2334 630 primo,
2350 601 2402 622 me
2417 593 2455 622 ab

1402 628 1544 659 Auctore
1561 627 1716 664 didicisse,
1739 635 1814 668 post
1829 629 2045 669 Augustinum
2061 632 2087 667 *‚
2107 633 2203 662 talem
2219 634 2364 664 exhibere
2380 635 2456 665 alio-

1402 681 1474 702 rum
1497 673 1660 709 lectorem,
1686 673 1814 712 qualem
1837 682 1986 704 meorum
2009 681 2137 715 exopto.
2165 676 2200 706 In
2223 677 2336 707 ultimo
2360 679 2457 718 siqui-

1403 715 1477 746 dem
1491 715 1709 756 praecedentis
1725 717 1919 756 quaestionis
1935 718 2068 748 articulo
2081 719 2097 735 ἢ·
2113 720 2235 750 Auctor
2253 722 2347 751 verba
2363 721 2458 752 Inno-

1403 761 1498 790 centii
1515 760 1566 796 111,
1591 760 1630 790 de
1656 760 1879 790 Celebratione
1902 761 2095 798 Missurum,
2119 763 2152 792 in
2176 773 2244 803 cap.
2264 764 2344 794 Cum
2367 766 2458 795 Mar-

1403 804 1488 839 thae,
1513 803 1553 833 ad
1575 813 1687 834 verum
1710 813 1840 834 sensum
1862 805 1971 841 trahit,
1995 815 2062 836 non
2086 816 2198 836 curans
2221 807 2260 837 de
2283 809 2458 840 intentione

1403 848 1562 886 opinantis
1592 847 1738 878 accidens
1770 848 1905 887 migrare
1935 848 1975 878 de
1998 850 2140 880 subiecto
2163 851 2197 880 in
2220 851 2407 882 subiectum.
2436 871 2459 875 —

1402 890 1554 921 Advertat
1576 890 1691 921 deinde
1714 891 1900 927 Auctorem,
1925 893 1950 922 si
1967 894 2153 932 oppositum
2169 895 2274 930 sensit,
2300 896 2459 935 opinative

1402 935 1565 965 locutum:
1590 935 1701 974 incipit
1717 935 1803 965 enim
1819 944 1936 975 corpus
1952 937 2089 967 articuli:
2110 938 2206 968 Circa
2221 938 2304 969 hanc
2310 939 2459 980 formam

1402 983 1450 1008 est
1471 978 1591 1018 duplex
1615 978 1735 1018 opinio.

1458 1021 1584 1052 Omissa
1606 1023 1702 1062 igitur
1725 1022 1886 1062 superflua
1901 1024 2081 1055 curiositate
2104 1025 2182 1064 quid
2201 1026 2348 1066 opinatus
2366 1026 2460 1057 fuerit

1402 1066 1436 1096 in
1451 1075 1485 1096 re
1509 1065 1677 1096 clarificata
1699 1067 1751 1096 hic
1766 1067 1818 1096 vel
1833 1067 1886 1097 ille
1901 1068 2081 1108 theologus,
2100 1068 2243 1100 sufficere
2259 1071 2351 1101 nobis
2367 1070 2460 1102 debet

1403 1119 1442 1140 ex
1465 1109 1568 1140 solido
1593 1109 1803 1141 fundamento
1826 1111 1990 1142 veritatem
2014 1122 2215 1152 cognoscere.

1406 1208 1453 1270 ΙΝ
1469 1198 1679 1238 responsione
1702 1198 1742 1228 ad
1766 1204 1915 1238 quartum
1938 1200 2032 1238 primi
2055 1201 2186 1237 articuli,
2203 1202 2378 1241 specialiter
2400 1212 2459 1233 no-

1433 1241 1568 1272 tandum
1584 1242 1722 1272 occurrit
1733 1242 1823 1282 quod
1839 1242 1964 1279 Scotus‚
1977 1244 2010 1273 in
2025 1254 2080 1273 vm
2095 1244 2296 1276 distinctione
2307 1247 2324 1263 ¹*
2336 1246 2458 1284 Quarti,

1402 1287 1436 1316 in
1467 1285 1602 1316 dubium
1632 1286 1675 1316 ita
1704 1287 1797 1316 vertit
1824 1286 1914 1326 quod
1940 1288 2126 1327 ambiguum
2152 1289 2300 1329 relinquit
2330 1300 2370 1320 an
2392 1291 2460 1321 sola

1402 1330 1498 1360 verba
1521 1330 1768 1362 consecrationis
1790 1331 1913 1370 prolata
1928 1341 1946 1361 a
1961 1331 2123 1362 sacerdote
2150 1332 2320 1363 conficiant
2334 1334 2397 1365 hoc
2412 1344 2460 1364 sa—

1403 1379 1612 1410 cramentum,
1635 1375 1862 1414 praetermissis
1878 1375 1946 1405 aliis
1962 1384 2044 1415 quae
2067 1376 2100 1406 in
2116 1386 2239 1407 canone
2253 1378 2366 1408 missae
2383 1387 2460 1408 con—

1401 1419 1557 1448 tinentur:
1570 1423 1679 1448 motus
1694 1419 1817 1449 ratione
1833 1419 1866 1449 in
1878 1419 1980 1449 littera
1991 1420 2007 1436 ⁴*
2019 1419 2120 1456 allata,
2132 1420 2251 1451 scilicet
2267 1421 2355 1461 quod
2366 1422 2460 1452 verba

1391 1461 1589 1500 huiusmodi
1613 1461 1730 1492 debent
1752 1472 1791 1492 ex
1805 1463 1837 1493 vi
1852 1463 2024 1493 verborum
2040 1463 2213 1503 significare
2229 1465 2292 1495 hoc
2308 1475 2374 1495 esse
2391 1475 2460 1496 cor-

1401 1516 1463 1547 pus
1486 1505 1620 1542 Christi,
1653 1506 1797 1546 alioquin
1824 1516 1892 1537 non
1915 1506 2127 1547 significarent
2157 1509 2246 1548 quod
2272 1508 2405 1540 efficitur
2426 1511 2460 1540 in

1402 1551 1466 1581 hoc
1489 1555 1706 1586 sacramento;
1731 1550 1796 1587 sed,
1821 1552 2047 1591 praetermissis
2070 1552 2147 1588 aliis,
2170 1553 2233 1583 hoc
2255 1562 2323 1583 non
2343 1553 2460 1593 signifi-

1402 1600 1539 1630 caretur,
1563 1593 1619 1625 sed
1642 1594 1870 1634 significaretur
1893 1595 1956 1625 hoc
1980 1605 2047 1626 esse
2071 1605 2187 1636 corpus
2210 1597 2398 1634 sacerdotis,
2423 1607 2461 1628 ex

1401 1639 1433 1669 vi
1455 1638 1638 1675 verborum,
1662 1639 1736 1669 licet
1759 1648 1798 1669 ex
1818 1639 1996 1670 intentione
2019 1639 2247 1680 significaretur
2263 1650 2328 1671 esse
2345 1651 2460 1681 corpus

1403 1683 1531 1714 Christi.

1456 1727 1494 1757 ΙΙ.
1519 1726 1606 1757 Scito
1629 1727 1725 1767 igitur
1748 1726 1917 1767 dupliciter
1938 1728 2035 1758 verba
2056 1728 2135 1758 haec
2165 1727 2296 1768 proferri
2321 1738 2338 1758 a
2361 1738 2461 1759 sacer-

1402 1770 1496 1802 dote:
1522 1771 1642 1801 scilicet
1664 1772 1835 1807 recitative,
1860 1776 1892 1801 et
1914 1771 2130 1811 significative.
2154 1772 2196 1803 Et
2210 1773 2235 1802 si
2251 1772 2291 1803 ad
2305 1773 2461 1803 recitatio—

1401 1825 1477 1846 nem
1500 1820 1670 1855 spectetur,
1695 1816 1807 1855 opinio
1832 1825 1929 1856 quam
1952 1816 2095 1856 sequitur
2118 1816 2242 1853 Scotus‚
2267 1817 2305 1846 ab
2320 1817 2462 1847 Auctore

1401 1860 1590 1900 improbata,
1613 1860 1808 1890 rationabilis
1830 1860 2006 1890 invenitur:
2031 1861 2185 1900 quoniam
2200 1870 2268 1891 non
2282 1861 2462 1891 recitaretur

1401 1904 1466 1934 hoc
1499 1913 1567 1934 esse
1601 1913 1719 1944 corpus
1750 1903 1867 1934 Christi
1900 1904 1961 1934 nisi
1994 1905 2267 1944 prae-recitaretur
2301 1904 2462 1935 Christum

1402 1947 1526 1984 dixisse,
1550 1947 1627 1978 Hoc
1649 1953 1696 1978 est
1718 1957 1836 1988 corpus
1851 1957 1966 1978 meum.
1989 1948 2031 1978 Et
2054 1948 2163 1989 quoad
2185 1949 2258 1985 hoc,
2282 1948 2362 1979 idest
2383 1950 2462 1979 reci-

1401 1992 1530 2022 tationis
1553 1993 1630 2028 vim,
1653 1991 1800 2032 procedit
1821 1993 1902 2022 ratio
1926 1991 2071 2023 adducta.

1457 2035 1520 2066 Sed
1535 2037 1562 2066 si
1576 2037 1673 2067 verba
1687 2036 1767 2067 haec
1782 2035 1989 2076 significative
2005 2037 2110 2067 solum
2127 2036 2374 2073 considerentur,
2387 2047 2462 2068 cum

1400 2079 1607 2120 proferuntur
1638 2090 1655 2110 a
1678 2079 1842 2111 sacerdote
1864 2081 1899 2110 in
1921 2090 2059 2120 persona
2082 2080 2282 2123 Christi‚·ex
2304 2081 2367 2111 hoc
2390 2082 2460 2121 ipso

1402 2123 1492 2164 quod
1515 2123 1661 2155 sacerdos
1685 2124 1769 2155 dicit>
1783 2134 1821 2155 ea
1843 2124 1877 2154 in
1896 2134 2034 2165 persona
2049 2124 2175 2162 Christi,
2199 2124 2376 2165 significant
2398 2125 2461 2156 hoc

1402 2177 1470 2199 esse
1493 2178 1611 2208 corpus
1635 2168 1762 2199 Christi.

1456 2212 1498 2242 Et
1521 2212 1738 2253 comparando
1765 2212 1825 2243 hos
1855 2211 1937 2243 duos
1966 2212 2082 2244 modos
2110 2213 2291 2253 proferendi
2317 2213 2356 2243 ad
2381 2213 2461 2243 invi—

1402 2265 1490 2293 cem,
1514 2256 1674 2287 secundus
1703 2256 1937 2297 praeponderat
1965 2257 2087 2297 primo,
2111 2263 2241 2297 propter
2264 2257 2339 2288 duo.
2374 2257 2461 2287 Tum

1401 2301 1478 2341 quia
1500 2301 1661 2331 recitative
1682 2301 1779 2331 verba
1801 2306 1950 2332 tenentur
1971 2302 2181 2332 materialiter.

1456 2344 1544 2375 Tum
1568 2345 1644 2385 quia
1666 2345 1826 2375 recitative
1855 2345 2002 2376 sacerdos
2027 2355 2095 2376 non
2118 2345 2248 2376 conficit
2269 2346 2302 2375 in
2324 2354 2461 2385 persona

2486 341 2497 351 ⁸
2510 339 2571 361 lbid.

2483 638 2553 660 'etti-2
2571 639 2694 666 mxxxn,

2483 665 2511 685 al.
2523 665 2553 686 XI
2578 682 2583 691 ,
2594 666 2626 687 ad
2636 666 2693 688 Hie-

2483 696 2544 717 ron„
2560 697 2610 719 cap.
2626 699 2655 713 iv.

2485 730 2494 740 ·
2508 729 2575 759 Resp.
2590 731 2618 752 nd
2635 739 2654 753 ι.

2486 1250 2497 1260 ·
2513 1249 2559 1277 Qu.
2573 1255 2604 1277 u,
2619 1254 2660 1272 art.
2676 1257 2695 1272 2.

2487 1428 2498 1438 ·
2511 1427 2536 1448 In
2550 1432 2597 1454 arg.

1402 2388 1529 2425 Christi,
1554 2388 1610 2426 sed
1625 2389 1736 2419 recitat
1750 2388 1915 2420 Christum
1930 2389 2165 2420 conficientem.
2189 2390 2225 2420 In
2241 2389 2388 2420 Concilio
2404 2399 2460 2419 au-
2482 2415 2485 2419 .

1400 2438 1467 2463 tem
1482 2433 1670 2463 Florentino
1682 2434 1710 2470 *,
1726 2433 1785 2464 sub
1801 2433 1948 2474 Eugenio
1965 2434 2018 2470 IV,
2034 2434 2169 2474 legimus
2183 2434 2262 2464 haec
2276 2434 2384 2464 verba:
2401 2433 2460 2463 Sa-

1401 2477 1515 2519 cerdos
1538 2477 1571 2507 in
1589 2487 1733 2518 persona
1758 2477 1878 2508 Christi
1901 2478 2034 2518 loquens
2060 2479 2122 2508 hoc
2137 2478 2265 2519 conficit
2278 2487 2460 2508 sacramen—

1401 2527 1478 2552 tum.
1502 2521 1597 2552 Unde
1615 2522 1759 2562 sequitur
1775 2521 1864 2562 quod
1879 2522 2014 2552 intentio
2031 2519 2201 2553 sacerdotis
2224 2521 2263 2552 ad
2285 2521 2460 2562 gerendum

1400 2575 1572 2606 personam
1589 2565 1707 2596 Christi
1722 2566 1749 2602 ³,
1765 2566 1798 2596 in
1813 2566 1877 2596 hoc
1892 2566 1963 2606 ipso
1980 2565 2068 2606 quod
2083 2565 2218 2596 intendit
2241 2565 2397 2596 conficere
2413 2575 2460 2595 sa-

1401 2615 1611 2651 cramentum,
1635 2609 1771 2640 sufficiat
1786 2609 1826 2640 ad
1841 2609 2085 2650 exprimendum
2105 2620 2143 2640 ex
2158 2611 2190 2640 vi
2204 2611 2375 2640 verborum
2396 2610 2460 2639 hoc

1401 2663 1470 2684 esse
1493 2663 1611 2694 corpus
1635 2653 1763 2690 Christi,
1787 2653 1924 2684 dicendo
1947 2655 1981 2684 in
2003 2663 2140 2694 persona
2163 2653 2293 2690 Christi,
2317 2653 2392 2684 Hoc
2414 2659 2462 2684 est

1402 2707 1521 2738 corpus
1543 2708 1658 2729 meum.
1682 2698 1724 2728 Et
1745 2698 1806 2728 hac
1827 2698 1951 2729 ratione
1974 2704 2082 2729 motus
2106 2703 2152 2728 est
2174 2698 2306 2733 Auctor,
2323 2703 2359 2728 ut
2373 2703 2461 2738 patet

1401 2743 1435 2773 in
1457 2742 1570 2773 littera.

1049 2903 1369 2946 ARTICULUS
1398 2904 1700 2955 SECUNDUS

365 2999 523 3032 UTRUM
546 2998 667 3030 HAEC
691 2998 758 3029 srr
782 2997 1062 3029 CONVENIENS
1083 2996 1238 3029 FORMA
1261 2997 1640 3030 CONSECRATIONIS
1662 2997 1794 3034 PANIS,
1818 2996 1918 3028 Hoc
1938 2997 2027 3027 EST
2047 2996 2220 3027 CORPUS
2240 2996 2384 3026 MEUM

462 3086 553 3118 Supra.
572 3093 618 3118 qu.
636 3092 708 3114 LxxV,
727 3089 774 3110 art.
794 3091 823 3115 2;
843 3085 877 3108 IV
896 3084 985 3114 Sent„
1005 3083 1065 3109 dist.
1082 3091 1137 3115 vm,
1155 3091 1200 3117 qu,
1217 3091 1245 3116 11,
1264 3089 1311 3110 art.
1331 3090 1355 3114 1,
1373 3085 1424 3117 qu*
1445 3084 1468 3115 3,
1487 3092 1518 3116 4;
1537 3085 1567 3109 In
1587 3085 1702 3114 Mami„
1722 3092 1778 3116 cap.
1795 3091 1866 3114 xxv1;
1884 3083 1893 3107 Ι
1912 3083 1949 3107 ad
1969 3083 2038 3111 Cor„
2058 3090 2114 3115 cap.
2131 3089 2164 3112 xx,
2184 3083 2240 3107 lect.
2257 3089 2283 3107 v.

324 3278 428 3322 iar<

309 3303 322 3330 1
345 3318 444 3359 μὴ
460 3320 574 3368 Per
599 3331 765 3368 formam
785 3330 889 3368 enirn
908 3329 1134 3368 sacramenti
1154 3330 1267 3372 debet
1285 3342 1347 3368 ex-

286 3382 402 3433 primi
430 3384 656 3421 sacramenti
684 3384 853 3421 effectus.
898 3383 975 3421 Sed
1011 3383 1169 3420 effectus
1203 3383 1271 3432 qui
1304 3383 1349 3420 fit

286 3435 328 3473 in
354 3436 640 3474 consecratione
668 3436 789 3486 panis,
819 3443 874 3474 est
894 3436 1096 3474 conversio
1116 3435 1348 3473 substantiae

286 3488 398 3539 panis
426 3488 465 3526 in
492 3501 634 3539 corpus
663 3489 819 3527 Christi:
849 3502 949 3538 quae
978 3489 1098 3537 magis
1126 3488 1350 3538 exprimitur

252 3196 259 3230 3
318 3184 475 3278 &Aul
497 3184 720 3210 DSECUNDUM
731 3184 782 3209 sic
793 3171 1055 3209 PROCEDITUR*.
1070 3171 1348 3221 Videturquod
1373 3170 1377 3210 Ι
1401 3184 1471 3222 per
1498 3173 1574 3210 hoc
1600 3172 1765 3209 verbum
1781 3173 1843 3219 fit,
1873 3182 1992 3219 quam
2018 3181 2088 3219 per
2114 3170 2190 3207 hoc
2211 3169 2375 3206 verbum
2395 3174 2455 3205 est.

419 3211 471 3282 {⁴53
498 3226 595 3262 haec
622 3237 703 3262 non
731 3225 777 3262 sit
804 3224 1039 3262 conveniens
1065 3225 1190 3262 forma
1217 3237 1347 3262 conse-
1402 3226 1504 3274 Ergo
1532 3225 1572 3262 in
1599 3226 1723 3262 forma
1740 3222 2043 3274 ⁴consecrationis
2070 3222 2224 3259 deberet
2247 3221 2340 3258 dici:
2370 3223 2459 3258 Hoc

448 3279 470 3315 Υ,
499 3278 677 3315 erationis
704 3277 834 3327 panis:
864 3279 953 3315 Hoc
972 3283 1022 3314 est
1049 3290 1184 3327 corpus
1209 3290 1346 3315 meum.
1390 3280 1442 3326 fit
1468 3291 1603 3328 corpus
1630 3289 1765 3314 meum.

1457 3342 1491 3368 2.
1521 3332 1752 3374 PRAETEREA,
1781 3328 2008 3365 Ambrosius
2028 3327 2126 3375 dicit,
2155 3327 2195 3364 in
2213 3327 2309 3364 libro
2329 3327 2374 3364 de
2392 3329 2457 3364 Sa-

1401 3385 1600 3421 cramentis
1617 3383 1654 3419 *t
1684 3384 1813 3419 Sermo
1837 3382 1972 3418 Christi
1996 3382 2066 3418 hoc
2083 3382 2230 3428 conficit
2246 3392 2455 3417 sacramen-

1402 3442 1491 3473 tum.
1536 3437 1626 3478 Quis
1660 3447 1783 3472 sermo
1822 3433 1986 3471 Christi?
2021 3435 2100 3470 Hic
2135 3445 2206 3482 quo
2230 3434 2340 3481 sacta
2375 3438 2459 3469 sunt

1403 3491 1553 3526 omnia:
1583 3489 1694 3537 jussit
1737 3489 1917 3524 Dominus
1958 3492 1990 3523 et
2020 3487 2130 3534 facta
2170 3491 2253 3522 sunt
2293 3485 2388 3522 caeli
2426 3490 2459 3521 et

2485 2439 2637 2487 Emgecret.
2650 2446 2694 2468 pro

2486 2573 2497 2582 '¹
2510 2570 2532 2591 10
2550 2576 2606 2591 nens
2609 2586 2667 2592 .....

2487 2597 2576 2619 Chrzsti
2586 2603 2632 2619 om.
2644 2598 2667 2619 Ρ.

2485 3389 2495 3399 ·
2502 3388 2553 3410 Lib.
2559 3387 2599 3412 IV,
2607 3393 2633 3409 ca
2652 3393 2693 3408 .1v.

2485 3425 2496 3431 -
2507 3414 2544 3436 Cf.
2558 3420 2607 3435 can.
2641 3414 2694 3434 anis

2484 3443 2530 3488 530¹
2538 3440 2694 3487 dleIConren-r„

2500 3473 2520 3488 is
2531 3483 2537 3488 .
2574 3482 2581 3488 .
