2878 4088
163 464 174 474 ·
188 462 245 493 Cap.
269 467 324 487 xix,
346 461 375 482 al.

162 494 211 514 xvn
227 494 251 510 in
264 491 310 510 vet.
324 493 375 515 cap.

163 521 255 563 {Ilien-s.
270 546 304 569 23·

166 1348 176 1357 ·
192 1345 228 1368 Cf.
239 1349 325 1372 corpus
335 1347 378 1366 art.

165 1378 226 1395 vers.
242 1371 279 1393 fin.

175 2191 184 2201 “’
196 2189 251 2217 Cap.
267 2195 328 2211 mv.

170 2411 222 2433 *Pa
229 2416 357 2438 munerun
363 2417 370 2433 ι
375 2426 380 2432 .

169 2457 180 2467 ·
195 2454 262 2477 νοτε.
277 2460 314 2482 ²4·

171 2547 182 2557 ·
196 2544 296 2567 interlin.

169 2585 182 2595 ·
196 2584 253 2612 Cap.
268 2590 330 2606 xuv.

403 159 478 207 248

402 238 563 277 cogitaret.
587 254 610 258 —
632 236 691 267 Vel
715 240 822 276 potest
845 234 919 271 dici,
944 239 975 265 et
997 233 1122 270 melius,
1148 232 1237 274 quod
1257 242 1294 262 ex
1309 233 1373 262 hoc
1393 231 1464 271 ipso

402 281 491 322 quod
514 281 688 311 mortaliter
711 284 840 320 peccat,
865 278 964 310 finem
992 287 1088 309 suum
1117 279 1152 309 in
1181 282 1324 308 creatura
1348 275 1465 307 consti-

401 326 471 356 tuit.
496 326 537 356 Et
561 326 636 366 quia
659 324 699 355 ad
721 323 821 355 finem
843 324 926 354 vitae
949 328 1017 354 tota
1039 323 1103 353 vita
1127 321 1300 357 ordinatur,
1325 319 1398 350 ideo
1428 329 1466 349 ex

401 371 465 400 hoc
480 370 552 410 ipso
568 375 670 400 totam
684 369 783 399 vitam
806 377 898 399 suam
921 367 1046 398 ordinat
1069 366 1109 398 ad
1131 366 1210 397 illud
1228 370 1415 406 peccatum;
1435 368 1466 394 et

401 414 497 445 vellet
511 418 669 454 perpetuo
685 414 719 443 in
734 418 867 453 peccato
883 421 1013 443 manere
1029 412 1055 442 si
1070 412 1133 441 hoc
1149 411 1209 440 sibi
1225 415 1306 440 esset
1321 410 1464 449 impune.
1489 415 1498 435 ς

402 458 443 490 Et
458 459 522 489 hoc
537 464 584 489 est
599 457 689 498 quod
706 456 880 498 Gregorius
903 456 993 492 dicit,
1017 456 1051 486 in
1074 455 1207 485 XXXIV
1226 454 1279 485 lib.
1297 453 1421 483 Moral.
1438 453 1465 488 ἥ,

402 512 498 543 super
512 502 592 533 illud
603 502 661 533 Iob
677 512 728 532 xm
739 503 766 539 *‚
794 514 808 528 «
824 501 1011 532 Aestimabit
1025 499 1176 541 abyssum
1192 498 1285 539 quasi
1302 506 1467 529 senescen-

403 552 464 578 tem
483 560 497 574 ›
511 554 521 577 .·
543 547 653 588 Iniqui
675 546 747 577 ideo
763 555 835 577 cum
841 546 915 587 fine
933 545 1144 585 deliquerunt,
1161 543 1238 584 quia
1254 552 1326 573 cum
1332 542 1406 583 fine
1421 540 1467 572 vi-

402 596 532 622 xerunt.
562 591 743 622 Voluissent
764 591 879 631 quippe
908 590 977 620 sine
998 589 1072 630 fine
1103 588 1209 618 vivere
1241 592 1275 617 ut
1303 587 1373 617 sine
1394 585 1468 627 fine

404 685 558 722 appetunt
573 689 714 721 peccare
736 689 832 720 quam
856 679 973 710 vivere.

459 725 569 756 Potest
593 730 624 755 et
646 725 706 755 alia
729 725 809 755 ratio
833 723 983 763 assignari
1007 730 1105 762 quare
1121 729 1228 761 poena
1243 720 1366 761 peccati
1381 727 1468 750 mor-

404 769 474 800 talis
503 770 543 799 sit
572 774 717 799 aeterna:
750 768 825 808 quia
854 777 911 808 per
942 776 1014 797 eam
1043 770 1156 797 contra
1182 765 1304 801 Deum,
1335 764 1392 804 qui
1422 768 1470 794 est

1053 153 1318 202 QUAESTIO
1347 151 1482 200 XCIX,
1504 149 1799 188 ARTICULUS
1828 150 1869 197 ΙΙ,
1891 149 1936 186 111

1662 258 1761 290 ART.
1782 258 1819 289 ΙΙ.
1844 268 1949 289 uranu
1972 268 2030 289 PER
2052 267 2184 289 umnam
2207 267 2449 288 msamcoanum

1707 313 1800 334 omns
1823 313 1927 334 Pomm
1950 312 2147 333 TERMINETUR
2170 311 2233 333 TAM
2255 312 2402 333 nonnum

1855 357 1942 378 QUAM
1965 357 2060 378 ETIAM
2083 356 2258 377 DARMONUM

1611 400 1673 421 Part.
1688 399 1706 425 1,
1722 404 1760 446 qu.
1775 404 1836 424 mv,
1851 401 1892 419 art.
1908 404 1933 423 2:
1948 397 1981 418 111
1994 397 2068 424 Sent„
2085 396 2138 419 dist.
2153 402 2209 423 xxn,
2225 402 2263 424 qu.
2279 402 2303 423 n,
2319 400 2360 418 nrt.
2375 402 2396 423 2,
2411 397 2456 424 qu·
2474 402 2501 422 a:

1742 425 1761 446 11
1775 424 1841 446 Cont.
1859 424 1935 451 Gent„
1950 429 2001 452 cap.
2016 429 2096 450 cxuv;
2111 423 2137 446 In
2151 423 2246 450 Mami„
2262 429 2313 451 cap.
2327 429 2380 445 xxv.

1587 505 1608 526 D
1629 504 1792 526 sncuumm
1812 503 1858 524 sm
1878 502 2083 523 paocnmwa.
2103 492 2237 523 Videtur
2260 491 2351 532 quod
2372 502 2430 533 per
2448 492 2588 524 divinam

1523 507 1840 570 Amisericordiam
1864 538 1970 568 omnis
1993 546 2100 577 poena
2120 537 2308 568 terminetur
2327 542 2394 568 tam
2417 538 2588 568 hominum

1523 594 1621 626 quam
1637 584 1733 615 etiam
1749 582 1956 614 daemonum.
1973 581 2048 622 Sap.
2065 591 2097 612 XI
2108 582 2141 612 *z
2162 581 2331 612 Misereris
2350 581 2504 618 omnium,
2519 582 2589 612 Do-

397 636 581 676 potuissent
609 636 642 666 in
673 635 741 666 suis
771 634 992 676 iniquitatibus
1016 639 1231 674 permanere:
1254 640 1330 662 nam
1362 629 1468 671 magis
1483 643 1508 658 m
1523 629 1618 665 mine,
1643 628 1797 669 quoniam
1822 627 1932 657 omnia
1949 631 2052 667 potes.
2077 625 2140 657 Sed
2163 627 2246 656 inter
2269 627 2380 657 omnia
2404 627 2500 657 etiam
2516 625 2589 657 dae-

1522 683 1638 705 mones
1662 673 1877 708 continentur,
1903 671 1960 712 qui
1983 676 2058 702 sunt
2080 671 2142 701 Dei
2158 675 2328 701 creaturae.
2354 671 2440 711 Ergo
2457 676 2488 701 et
2502 671 2589 711 ipso-

1522 728 1596 749 rum
1619 717 1816 748 daemonum
1840 725 1946 757 poena
1969 714 2106 746 finietur.

1581 772 1610 793 2.
1635 762 1838 797 Prummu,
1862 761 1956 791 Rom.
1972 770 2004 790 xr
2020 760 2053 790 *z
2081 759 2249 790 Conclusit
2277 759 2367 790 Deus
2395 759 2505 790 omnia
2532 759 2590 790 sub

404 812 564 849 infinitus,
588 818 751 853 peccatur.
785 811 896 847 Unde,
921 820 996 842 cum
1026 819 1094 841 non
1123 814 1233 850 posset
1255 818 1323 839 esse
1346 807 1470 838 infinita
1518 812 1654 848 peccato
1679 811 1715 837 ut
1738 806 1881 836 omnium
1904 805 2106 836 misereatur.
2142 803 2206 835 Sed
2229 804 2317 835 Deus
2341 803 2516 835 daemones
2530 804 2590 834 sub

404 867 511 898 poena
533 866 591 897 per
613 857 840 891 intensionem,
864 855 940 895 quia
963 859 1106 885 creatura
1129 863 1197 884 non
1221 858 1268 883 est
1291 862 1389 893 capax
1414 852 1469 882 ali-
1485 864 1508 884 ις
1524 857 1658 892 peccato
1683 850 1856 886 conclusit,
1881 849 1978 886 idest,
2003 849 2062 880 sub
2090 854 2225 889 peccato
2256 848 2408 880 concludi
2437 848 2590 888 permisit.

405 902 496 932 cuius
521 901 678 941 qualitatis
702 899 864 935 infinitae;
889 899 1061 938 requiritur
1085 897 1175 937 quod
1193 898 1233 927 sit
1248 897 1361 928 saltem
1376 896 1469 927 dura-

404 946 493 976 tione
515 944 649 975 infinita.

458 989 515 1020 Est
539 989 634 1021 etiam
650 992 761 1028 quarta
775 987 855 1017 ratio
872 985 912 1016 ad
934 986 998 1016 hoc
1020 984 1123 1016 idem:
1155 985 1231 1024 quia
1249 984 1345 1025 culpa
1362 988 1472 1014 manet

403 1034 437 1064 in
469 1038 651 1069 aetemum;
676 1041 751 1062 cum
780 1031 875 1071 culpa
904 1039 972 1061 non
995 1030 1097 1070 possit
1128 1029 1247 1059 remitti
1270 1029 1338 1059 sine
1361 1028 1469 1068 gratia,

1525 894 1611 936 Ergo
1627 894 1752 925 videtur
1768 893 1858 935 quod
1875 894 1970 924 etiam
1986 893 2184 925 daemonum
2199 893 2373 934 aliquando
2394 893 2590 924 misereatur.

1582 940 1611 970 3.
1636 940 1833 975 Paanrmuza,
1858 939 1941 969 sicut
1964 937 2040 969 dicit
2062 938 2246 974 Anselmus,
2262 939 2296 969 in
2310 938 2391 968 libro
2418 937 2488 968 Cur
2501 937 2592 968 Deus

1525 984 1621 1014 homo
1638 985 1671 1013 ἐ
1696 983 1772 1013 Non
1797 988 1844 1013 est
1871 983 1989 1013 iustum
2014 987 2049 1013 ut
2070 982 2161 1013 Deus
2184 987 2369 1013 creaturam
2395 991 2492 1023 quam
2506 982 2594 1024 fecit

1526 1027 1569 1058 ad
1591 1027 1829 1063 beatitudinem,
1854 1026 1986 1057 omnino
2004 1027 2117 1067 perire
2138 1027 2234 1058 sinat.
2258 1027 2344 1067 Ergo
2362 1026 2498 1063 videtur,
2515 1035 2591 1057 cum

405 1087 502 1118 quam
517 1078 618 1108 homo
634 1086 703 1107 non
718 1081 825 1116 potest
846 1080 921 1115 post
935 1079 1074 1105 mortem
1094 1073 1268 1114 acquirere.
1291 1072 1361 1103 Nec
1377 1071 1472 1103 debet
1485 1084 1513 1099 ιο
1526 1071 1688 1112 quaelibet
1711 1076 1854 1101 creatura
1876 1070 2038 1101 rationalis
2062 1076 2166 1101 creata
2180 1070 2275 1102 fuerit
2290 1071 2330 1102 ad
2350 1070 2590 1107 beatitudinem,

403 1131 510 1162 poena
533 1131 653 1152 cessare
676 1120 819 1161 quandiu
843 1119 938 1159 culpa
960 1123 1078 1149 manet.

459 1166 510 1196 An
533 1175 651 1196 Panum
673 1174 756 1195 aizoo
781 1173 940 1194 memnon
964 1162 1053 1203 quod
1076 1171 1183 1202 poena
1205 1171 1273 1192 non
1296 1160 1392 1191 debet
1419 1169 1471 1191 ae-

405 1211 496 1251 quari
512 1210 625 1251 culpae
641 1208 820 1240 secundum
837 1208 1047 1248 quantitatem
1071 1206 1260 1237 durationis:
1286 1210 1322 1236 ut
1345 1204 1471 1235 videtur

406 1256 501 1286 etiam
525 1254 704 1285 secundum
726 1254 812 1294 leges
835 1253 991 1283 humanas
1015 1250 1167 1282 accidere.

461 1299 520 1330 Vel
544 1298 727 1334 dicendum,
752 1299 834 1328 sicut
857 1296 1031 1336 Gregorius
1055 1295 1167 1331 solvit,
1191 1293 1300 1335 quod,
1325 1294 1471 1334 quamvis
1486 1304 1509 1325 ²5

407 1343 502 1384 culpa
525 1344 564 1374 sit
587 1348 659 1374 actu
688 1341 891 1383 temporalis,
915 1341 1082 1371 voluntate
1104 1346 1212 1370 tamen
1233 1344 1280 1370 est
1302 1344 1429 1369 aeterna
1443 1339 1470 1368 ἦ

460 1388 511 1419 An
535 1397 698 1418 secunaum
721 1396 881 1418 DICENDUM
902 1385 992 1426 quod
1015 1385 1183 1425 quantitati
1199 1384 1323 1425 peccati
1338 1392 1470 1423 respon-

1525 1126 1594 1147 non
1618 1125 1685 1147 esse
1709 1116 1831 1146 iustum
1853 1120 1890 1146 ut
1912 1115 2048 1145 omnino
2072 1115 2175 1155 perire
2198 1116 2408 1155 permittatur.

1581 1160 1644 1191 San
1669 1169 1793 1190 eom-aa
1816 1169 1870 1190 asr
1894 1158 1984 1199 quod
2007 1158 2122 1190 dicitur
2146 1159 2258 1190 Matth.
2275 1169 2336 1190 xxv
2351 1160 2384 1189 *t
2409 1158 2468 1194 Ite,
2493 1159 2591 1190 male-

1525 1204 1612 1241 dicti,
1638 1205 1670 1235 in
1695 1205 1804 1246 ignem
1828 1208 2005 1239 aeternum,
2029 1203 2084 1244 qui
2101 1209 2242 1244 paratus
2265 1208 2312 1234 est
2333 1203 2463 1234 diabolo
2487 1208 2519 1234 et
2533 1213 2591 1234 an-

1524 1249 1609 1291 gelis
1632 1249 1710 1279 eius.
1734 1249 1821 1288 Ergo
1845 1248 2043 1285 aeternaliter
2065 1249 2249 1288 punientur.

1583 1304 1612 1324 2.
1637 1293 1842 1328 PRAETEREA,
1867 1293 1949 1323 sicut
1973 1292 2051 1322 boni
2074 1292 2179 1332 angeli
2203 1291 2307 1323 effecti
2330 1297 2405 1322 sunt
2427 1292 2512 1322 beati
2535 1300 2592 1332 per

1527 1338 1772 1369 conversionem
1796 1337 1835 1367 ad
1851 1337 1968 1372 Deum,
1985 1337 2029 1367 ita
2052 1337 2128 1367 mali
2147 1337 2252 1377 angeli
2268 1336 2373 1367 effecti
2395 1341 2471 1367 sunt
2485 1336 2592 1367 miseri

1525 1393 1583 1424 per
1614 1383 1813 1413 aversionem
1837 1391 1855 1411 a
1879 1381 1960 1412 Deo.
1996 1380 2030 1411 Si
2054 1390 2130 1422 ergo
2154 1382 2280 1412 miseria
2308 1381 2469 1412 malorum
2497 1389 2592 1421 ange-

407 1432 460 1464 det
483 1433 642 1472 quantitas
657 1441 783 1472 poenae
799 1430 980 1461 secundum
995 1429 1221 1460 intensionem.
1246 1428 1287 1459 Et
1306 1427 1380 1458 ideo
1396 1436 1472 1467 pec·
1526 1428 1634 1458 lorum
1663 1426 1792 1457 finiatur
1816 1425 2031 1466 quandoque,
2056 1430 2087 1456 et
2110 1426 2275 1457 beatitudo
2306 1426 2470 1456 bonorum
2492 1423 2592 1456 finem

408 1482 553 1507 catorum
575 1476 761 1507 mortalium
783 1474 1002 1515 inaequalium
1027 1479 1120 1504 erunt
1142 1482 1267 1514 poenae
1287 1471 1472 1512 inaequales
1526 1472 1663 1502 habebit.
1689 1470 1790 1509 Quod
1813 1476 1860 1501 est
1882 1470 2124 1500 inconveniens.

407 1521 598 1557 intensione,
623 1520 772 1560 aequales
795 1525 904 1550 autem
927 1518 1105 1550 duratione.
1580 1517 1770 1547 Responmzo
1794 1524 1955 1545 mmmmm
1979 1514 2069 1555 quod
2092 1524 2179 1545 error
2203 1513 2350 1554 Origenis
2373 1513 2443 1550 fuit,
2467 1518 2504 1544 ut
2525 1513 2594 1544 Au—

461 1566 512 1596 An
545 1575 680 1596 Taurum
711 1574 872 1595 mcennuu
900 1563 989 1604 quod
1016 1572 1142 1603 poenae
1174 1571 1257 1602 quae
1284 1560 1473 1601 infliguntur
1526 1562 1682 1602 gustinus,
1706 1560 1779 1590 XXI
1803 1559 1843 1590 de
1861 1559 1929 1590 Civ.
1946 1559 2009 1590 Dei
2024 1560 2051 1595 ⁹,
2077 1558 2163 1595 dicit,
2188 1558 2278 1599 quod
2301 1558 2477 1590 daemones
2492 1567 2594 1599 quan-

406 1610 455 1641 his
471 1610 528 1650 qui
545 1620 562 1640 a
578 1610 711 1640 civitatis
735 1609 887 1639 societate
909 1617 978 1639 non
1001 1608 1129 1648 penitus
1145 1606 1325 1641 eiiciuntur‚
1343 1610 1417 1636 sunt
1432 1604 1472 1636 ad
1526 1605 1636 1646 doque
1659 1614 1717 1645 per
1739 1605 1800 1635 Dei
1823 1603 2075 1635 misericordiam
2089 1603 2248 1634 liberandi.
2260 1609 2335 1634 sunt
2349 1613 2367 1634 a
2382 1603 2507 1644 poenis.
2531 1601 2595 1634 Sed

408 1655 642 1686 correctionem
665 1663 779 1684 eorum
799 1652 979 1684 ordinatae:
1004 1651 1060 1682 sed
1075 1651 1148 1682 illae
1171 1660 1297 1691 poenae
1313 1659 1371 1690 per
1394 1659 1473 1689 quas
1526 1651 1585 1680 iste
1609 1659 1696 1680 error
1719 1654 1766 1679 est
1790 1649 1828 1679 ab
1852 1648 1996 1679 Ecclesia
2018 1648 2207 1689 reprobatus
2225 1653 2357 1688 propter
2372 1647 2449 1678 duo.
2473 1647 2594 1684 Primo,

408 1699 508 1739 aliqui
521 1698 660 1729 totaliter
676 1708 694 1728 a
709 1698 843 1729 civitatis
859 1697 1010 1727 societate
1034 1696 1294 1731 exterminantur,
1310 1704 1379 1725 non
1399 1699 1474 1725 sunt
1528 1695 1603 1735 quia
1625 1693 1793 1724 manifeste
1813 1693 1993 1724 auctoritati
2009 1692 2190 1733 Scripturae
2205 1698 2372 1733 repugnat,
2389 1701 2473 1733 quae
2487 1691 2594 1728 habet,

409 1742 448 1774 ad
472 1743 705 1774 correctionem
728 1751 851 1772 eorum.
875 1741 1014 1772 Possunt
1037 1746 1145 1771 tamen
1161 1749 1230 1770 esse
1245 1739 1286 1770 ad
1302 1739 1473 1770 correctio-
1488 1747 1511 1768 ³5
1527 1740 1625 1779 Apoc.
1642 1748 1683 1768 xx
1698 1739 1732 1768 *z
1756 1738 1926 1774 Diabolus,
1943 1738 1999 1778 qui
2016 1737 2187 1768 seducebat
2204 1747 2269 1774 eos,
2286 1737 2402 1768 missus
2417 1742 2466 1768 est
2480 1737 2513 1767 in
2528 1741 2595 1768 sta-

409 1797 485 1818 nem
509 1793 540 1817 et
563 1786 824 1826 tranquillitatem
847 1786 982 1816 aliorum
1007 1785 1063 1825 qui
1086 1785 1119 1815 in
1144 1784 1269 1815 civitate
1296 1788 1471 1814 remanent.
1526 1792 1629 1825 gnum
1653 1782 1740 1824 ignis
1768 1787 1799 1812 et
1820 1782 2004 1822 sulphuris,
2030 1782 2084 1812 ubi
2106 1782 2205 1812 bestia
2234 1787 2266 1812 et
2287 1781 2590 1822 pseudoprophetae

410 1832 451 1863 Et
473 1832 516 1862 ita
539 1831 701 1862 damnatio
733 1836 860 1861 aeterna
890 1830 1066 1870 impiorum
1097 1834 1144 1859 est
1173 1827 1213 1858 ad
1240 1828 1474 1859 correctionem
1527 1827 1761 1858 cruciabuntur
1789 1826 1841 1857 die
1869 1836 1910 1857 ac
1941 1831 2034 1857 nocte
2063 1826 2096 1857 in
2126 1827 2258 1857 saecula
2285 1826 2508 1862 saeculorum,
2536 1834 2594 1866 per

410 1885 523 1907 eorum
547 1876 603 1916 qui
626 1884 713 1906 nunc
737 1880 812 1905 sunt
834 1875 867 1905 in
883 1874 1044 1905 Ecclesia:
1069 1883 1136 1903 non
1153 1873 1239 1903 enim
1258 1881 1384 1913 poenae
1399 1876 1474 1902 sunt
1528 1871 1617 1912 quod
1640 1872 1674 1901 in
1697 1871 1859 1911 Scriptura
1881 1870 2050 1911 significari
2073 1871 2239 1901 aeternitas
2262 1870 2440 1901 consuevit.

409 1920 449 1951 ad
481 1920 714 1950 correctionem
747 1919 853 1949 solum
886 1918 1017 1958 quando
1050 1916 1253 1957 infliguntur;
1287 1916 1343 1947 sed
1377 1917 1474 1946 etiam
1584 1915 1745 1951 Secundo,
1771 1915 1846 1955 quia
1870 1924 1907 1945 ex
1931 1924 1996 1946 una
2019 1920 2107 1954 parte
2130 1915 2226 1946 nimis
2253 1915 2315 1945 Dei
2341 1913 2594 1945 misericordiam

409 1963 538 2005 quando
563 1963 822 1994 determinantur.
1487 1967 1514 1987 4⁰
1528 1959 1728 1996 extendebat,
1753 1964 1785 1989 et
1808 1968 1845 1989 ex
1869 1959 1930 1989 alia
1952 1964 2042 1999 parte
2064 1959 2159 1989 nimis
2183 1968 2254 1990 earn
2278 1959 2467 1989 coarctabat.
2500 1958 2594 1989 Eius-

463 2008 514 2039 An
540 2018 688 2038 QUARTUM
711 2016 871 2037 nxcanmm
893 2005 983 2046 quod
1005 2006 1181 2045 impiorum
1204 2014 1330 2044 poenae
1353 2004 1386 2034 in
1401 2013 1473 2044 per·
1528 2003 1602 2034 dem
1627 2004 1713 2034 enirn
1736 2003 1866 2034 rationis
1890 2012 1958 2034 esse
1981 2002 2106 2034 videtur
2129 2003 2236 2034 bonos
2259 2003 2390 2043 angelos
2412 2003 2447 2033 in
2467 2008 2594 2034 aeterna

408 2058 544 2093 petuum
568 2052 735 2083 duraturae
766 2061 833 2082 non
864 2056 955 2081 erunt
981 2050 1115 2080 omnino
1139 2049 1179 2079 ad
1202 2049 1339 2079 nihilum
1369 2049 1472 2079 utiles.
1527 2047 1723 2079 beatitudine
1746 2056 1943 2088 permanere,
1968 2053 1999 2078 et
2021 2047 2125 2078 maios
2148 2047 2280 2088 angelos
2303 2048 2336 2078 in
2351 2053 2518 2078 aeternum
2533 2056 2594 2087 pu-

409 2097 490 2128 Sunt
507 2097 593 2128 enim
609 2096 702 2127 utiles
718 2095 758 2126 ad
773 2095 850 2126 duo.
877 2095 995 2130 Primo,
1013 2093 1053 2125 ad
1068 2094 1131 2125 hoc
1148 2092 1239 2134 quod
1253 2094 1287 2123 in
1303 2094 1348 2124 eis
1368 2092 1474 2124 divina
1527 2093 1598 2123 uiri.
1623 2091 1727 2128 Unde,
1752 2092 1834 2122 sicut
1856 2092 1998 2132 ponebat
2021 2091 2196 2123 daemones
2219 2097 2251 2122 et
2274 2092 2395 2123 animas
2425 2091 2592 2123 damnato-

407 2142 526 2172 iustitia
542 2146 762 2172 conservatur:
784 2149 867 2180 quae
884 2145 930 2170 est
945 2139 1016 2170 Deo
1033 2143 1164 2179 accepta
1178 2143 1310 2178 propter
1325 2138 1472 2178 seipsam.
1527 2147 1600 2168 rum
1623 2136 1821 2177 quandoque
1845 2146 1863 2166 a
1885 2145 1994 2176 poena
2016 2136 2202 2173 liberandas,
2226 2137 2269 2166 ita
2292 2136 2434 2177 ponebat
2463 2135 2594 2176 angelos

408 2185 502 2218 Unde
519 2185 703 2225 Gregorius,
717 2185 760 2215 IV
771 2184 907 2226 Dialog.
920 2185 953 2214 *2
974 2183 1183 2223 Omnipotens
1193 2183 1292 2218 Deus,
1309 2182 1386 2223 quia
1395 2182 1474 2223 pius
1487 2188 1511 2209 ⁴5
1528 2187 1559 2213 et
1583 2182 1704 2212 animas
1734 2181 1902 2212 beatorum
1935 2180 2133 2222 quandoque
2164 2191 2182 2212 a
2211 2180 2408 2212 beatitudine
2437 2180 2471 2212 in
2497 2181 2594 2212 huius

408 2236 463 2267 est,
481 2230 673 2261 miserorum
696 2229 842 2260 cruciatu
865 2238 930 2259 non
948 2228 1107 2268 pascitur.
1136 2227 1222 2264 Quia
1238 2232 1345 2258 autem
1370 2227 1472 2258 iustus
1526 2227 1610 2257 vitae
1633 2226 1774 2257 miserias
1797 2225 2022 2256 devolvendas.

408 2280 463 2311 est,
488 2275 527 2306 ab
552 2274 737 2315 iniquorum
762 2274 885 2304 ultione
908 2273 941 2303 in
966 2277 1159 2313 perpetuum
1185 2281 1249 2302 non
1273 2271 1416 2302 sedatur.
1582 2271 1634 2301 An
1657 2280 1774 2301 pamma
1797 2279 1880 2301 ssaoo
1902 2279 2062 2300 mmmmm
2078 2268 2167 2310 quod
2183 2269 2282 2306 Deus,
2299 2274 2458 2310 quantum
2472 2269 2593 2310 inipso

463 2318 623 2355 Secundo,
649 2317 688 2349 ad
710 2319 774 2349 hoc
798 2323 872 2348 sunt
895 2316 988 2348 utiles
1005 2322 1041 2347 ut
1060 2316 1100 2348 de
1115 2317 1164 2347 his
1187 2316 1280 2347 electi
1303 2315 1472 2356 gaudeant,
1528 2320 1588 2351 est.
1613 2315 1781 2345 miseretur
1811 2314 1979 2345 omnibus:
2011 2313 2067 2345 sed
2097 2315 2173 2355 quia
2203 2314 2272 2345 eius
2301 2312 2519 2345 misericordia
2545 2322 2595 2344 sa-

409 2363 487 2395 dum
510 2364 544 2394 in
566 2363 615 2394 his
639 2363 699 2394 Dei
722 2363 875 2393 iustitiam
899 2361 1173 2401 contemplantur,
1200 2366 1231 2391 et
1254 2370 1330 2391 cum
1353 2361 1416 2391 hoc
1439 2369 1473 2391 se
1527 2360 1666 2400 pientiae
1690 2359 1803 2390 ordine
1825 2358 1996 2399 regulatur,
2021 2357 2096 2389 inde
2120 2363 2167 2389 est
2190 2357 2280 2399 quod
2296 2357 2336 2389 ad
2351 2357 2510 2398 quosdam
2525 2367 2594 2390 non

410 2409 544 2439 evasisse
575 2412 786 2448 cognoscunt.
818 2406 913 2438 Unde
942 2405 1070 2436 Psalmo
1086 2406 1119 2435 *t
1151 2405 1340 2436 Laetabitur
1371 2405 1474 2436 iustus
1489 2416 1514 2437 50
1528 2413 1562 2434 se
1585 2403 1736 2440 extendit,
1760 2404 1817 2444 qui
1840 2413 1874 2434 se
1897 2402 2134 2434 misericordiae
2157 2402 2302 2434 fecerunt
2323 2402 2488 2443 indignos,
2511 2402 2595 2434 sicut

409 2462 481 2483 cum
512 2452 628 2483 viderit
657 2451 853 2488 vindictam;
882 2456 914 2481 et
944 2450 1041 2481 Isaiae
1071 2449 1127 2480 ult.
1146 2450 1179 2479 ἰ
1203 2450 1328 2485 Erunt,
1354 2449 1474 2480 scilicet
1528 2447 1702 2479 daemones
1719 2453 1750 2479 et
1765 2447 1916 2484 damnati,
1934 2448 1990 2488 qui
2005 2453 2080 2478 sunt
2103 2448 2136 2478 in
2159 2447 2279 2478 malitia
2301 2447 2461 2478 obstinati.
2483 2465 2507 2470 —
2530 2446 2594 2478 Ta-

409 2497 517 2537 impii‚
543 2506 642 2537 usque
671 2496 714 2526 ad
742 2495 920 2526 satietatem
952 2494 1101 2530 visionis,
1131 2494 1251 2524 scilicet
1280 2494 1414 2529 sanctis,
1438 2499 1475 2525 ut
1527 2502 1604 2524 men
1627 2498 1735 2533 potest
1757 2492 1820 2523 dici
1837 2491 1927 2532 quod
1943 2492 2039 2523 edam
2054 2492 2088 2523 in
2104 2493 2148 2523 eis
2171 2491 2389 2523 misericordia
2411 2491 2523 2522 locum
2537 2491 2594 2523 ha-

410 2540 526 2572 Glossa
540 2542 556 2558 ⁴*
581 2540 666 2571 dicit.
690 2540 733 2571 Et
755 2541 818 2570 hoc
842 2544 888 2570 est
912 2538 1003 2579 quod
1026 2538 1200 2578 Gregorius
1224 2537 1309 2574 dicit,
1334 2538 1377 2569 1V
1391 2538 1473 2568 Dia·
1527 2537 1591 2574 bet,
1615 2538 1809 2578 inquantum
1833 2537 1909 2567 citra
1933 2536 2131 2577 condignum
2155 2537 2350 2577 puniuntur:
2374 2545 2443 2567 non
2466 2534 2556 2576 quod
2575 2546 2594 2567 a

410 2586 476 2627 log.
493 2586 527 2615 *ε
552 2584 661 2625 Iniqui
680 2594 799 2620 omnes,
816 2588 949 2614 aeterno
966 2583 1123 2623 supplicio
1150 2582 1302 2623 deputati,
1318 2592 1379 2613 sua
1402 2583 1472 2623 qui·
1527 2591 1634 2622 poena
1657 2582 1795 2612 totaliter
1818 2581 2034 2612 absolvantur.

409 2629 480 2661 dem
503 2629 671 2670 iniquitate
687 2628 893 2669 puniuntur:
917 2632 947 2658 et
970 2632 1075 2658 tamen
1100 2626 1144 2658 ad
1166 2627 1290 2668 aliquid
1304 2626 1472 2664 ardebunt,
1489 2637 1512 2658 55
1583 2627 1634 2658 An
1659 2635 1822 2657 sacunnuu
1837 2635 1997 2656 mesanum
2013 2624 2103 2666 quod
2126 2625 2170 2656 ibi
2192 2623 2398 2665 intelligenda
2421 2629 2468 2655 est
2491 2623 2594 2656 distri-

408 2674 530 2705 scilicet
552 2678 588 2703 ut
610 2673 685 2704 iusti
708 2682 818 2703 omnes
833 2677 864 2703 et
879 2672 912 2702 in
928 2672 999 2702 Deo
1020 2671 1151 2702 videant
1163 2671 1289 2713 gaudia
1304 2681 1387 2712 quae
1396 2681 1473 2712 per·
1528 2671 1619 2702 butio
1639 2680 1703 2711 pro
1726 2670 1900 2713 generibus
1922 2670 2140 2712 singulorum,
2162 2674 2194 2700 et
2215 2679 2283 2700 non
2301 2679 2367 2710 pro
2383 2669 2523 2710 singulis
2536 2678 2594 2711 ge-

409 2722 570 2759 ceperunt,
595 2722 626 2748 et
649 2717 681 2748 in
706 2717 772 2748 illis
787 2717 973 2757 percipiant
994 2716 1152 2757 supplicia
1175 2725 1258 2757 quae
1281 2721 1474 2753 evaserunt;
1529 2723 1662 2747 nerum:
1685 2721 1722 2746 ut
1743 2714 1936 2755 intelligatur
1958 2715 2128 2745 auctoritas
2150 2713 2190 2744 de
2212 2714 2399 2744 hominibus
2413 2713 2594 2745 secundum

409 2767 566 2804 quatenus
589 2767 679 2792 tanto
703 2761 810 2803 magis
833 2761 866 2791 in
890 2766 1057 2791 aeternum
1081 2760 1209 2792 diuinae
1231 2761 1362 2802 gratiae
1389 2760 1473 2791 debi—
1528 2766 1646 2791 statum
1669 2760 1755 2796 viae;
1781 2760 1855 2799 quia
1879 2759 1999 2789 scilicet
2022 2764 2054 2789 et
2077 2758 2270 2789 Iudaeorum
2293 2764 2325 2789 et
2347 2757 2516 2798 gentilium
2532 2758 2592 2789 mi-

409 2813 495 2838 tores
517 2816 552 2837 se
574 2815 641 2837 esse
664 2811 874 2848 cognoscant,
898 2810 1019 2846 quanto
1044 2805 1077 2835 in
1101 2810 1268 2836 aeternum
1298 2805 1386 2836 mala
1411 2815 1474 2846 pu·
1528 2810 1630 2836 sertus
1654 2809 1717 2840 est,
1741 2803 1797 2835 sed
1820 2813 1888 2835 non
1911 2804 2060 2835 omnium
2082 2802 2251 2843 gentilium
2281 2802 2332 2833 vel
2363 2803 2512 2834 omnium
2541 2801 2592 2832 Iu-

409 2851 475 2882 niri
497 2851 712 2891 conspiciunt,
736 2860 819 2891 quae
841 2850 911 2881 eius
933 2850 1098 2880 adiutorio
1123 2850 1279 2881 vicerunt.
1487 2858 1515 2878 6⁰
1529 2848 1694 2880 dacorum.

461 2896 511 2926 An
536 2905 676 2926 anmi-uu
699 2905 858 2925 nrcnunum
886 2894 985 2935 quod,
1011 2895 1157 2934 quamvis
1180 2903 1287 2934 poena
1309 2903 1367 2934 per
1391 2894 1474 2925 acci-
1583 2894 1634 2924 An
1658 2902 1793 2924 ‘mamm
1812 2901 1972 2924 mensumn
1987 2890 2077 2932 quod
2092 2891 2265 2923 Anselmus
2279 2891 2426 2931 intelligit
2439 2899 2507 2921 non
2523 2898 2592 2921 etse

408 2939 487 2971 dens
509 2938 700 2980 respondeat
723 2940 857 2975 animae,
882 2944 990 2970 tamen
1013 2948 1070 2979 per
1094 2948 1126 2969 se
1150 2937 1323 2979 respondet
1346 2939 1472 2969 animae
1527 2939 1649 2969 iustum
1680 2943 1838 2978 quantum
1867 2936 1907 2968 ad
1937 2935 2116 2968 decentiam
2146 2935 2272 2967 divinae
2294 2935 2460 2966 bonitatis:
2489 2939 2521 2964 et
2542 2933 2590 2964 lo·

409 2984 504 3025 culpa
526 2983 672 3015 infectae.
696 2983 738 3014 Et
761 2984 837 3024 quia
860 2983 955 3023 culpa
977 2983 1011 3014 in
1034 2988 1227 3024 perpetuum
1250 2983 1283 3014 in
1308 2992 1345 3014 ea
1363 2992 1473 3014 mane·
1528 2983 1637 3023 quitur
1660 2981 1699 3013 de
1723 2987 1866 3013 creatura
1888 2980 2066 3012 secundum
2090 2988 2192 3021 genus
2215 2988 2320 3011 suum.
2344 2978 2422 3010 Non
2441 2978 2528 3009 enim
2543 2982 2591 3008 est

408 3029 464 3065 bit,
487 3027 561 3059 ideo
586 3033 617 3059 et
639 3037 746 3068 poena
767 3033 923 3068 perpetua
947 3028 1013 3058 erit.
1528 3027 1725 3058 conveniens
1748 3026 1874 3057 divinae
1897 3026 2031 3056 bonitati
2054 3029 2091 3056 ut
2113 3029 2219 3056 totum
2241 3031 2345 3055 unum
2373 3031 2475 3062 genus
2505 3031 2590 3053 crea-

463 3073 514 3103 An
546 3082 664 3103 snxrum
693 3082 854 3103 memma
888 3071 978 3112 quod
1007 3081 1115 3112 poena
1144 3071 1318 3112 respondet
1348 3071 1472 3112 culpae,
1486 3079 1511 3106 ες
1527 3076 1616 3103 turae
1639 3069 1766 3102 deficiat
1789 3080 1807 3101 a
1829 3070 1894 3101 fine
1917 3074 2050 3111 propter
2072 3067 2162 3109 quod
2185 3072 2232 3099 est
2254 3066 2384 3098 factum.
2409 3065 2503 3098 Unde
2529 3075 2591 3097 nec

409 3117 538 3158 proprie
565 3116 748 3156 loquendo,
773 3116 952 3147 secundum
975 3115 1247 3147 inordinationem
1270 3125 1353 3156 quae
1383 3116 1472 3147 inve·
1527 3125 1641 3147 omnes
1664 3115 1823 3151 homines,
1839 3124 1900 3145 nec
1916 3123 2030 3145 omnes
2045 3111 2176 3153 angelos
2191 3110 2333 3143 damnari
2349 3111 2509 3141 convenit.
2527 3109 2591 3142 Sed

408 3161 494 3192 nitur
509 3161 542 3191 in
557 3161 635 3201 ipsa,
653 3165 684 3191 et
706 3170 774 3191 non
797 3160 976 3191 secundum
1000 3160 1186 3201 dignitatem
1208 3161 1308 3201 ipsius
1324 3161 1358 3191 in
1373 3170 1473 3200 quem
1526 3160 1606 3192 nihil
1628 3159 1778 3200 prohibet
1802 3159 1882 3200 quin
1905 3158 2004 3198 aliqui
2019 3156 2070 3188 vel
2085 3165 2124 3188 ex
2146 3155 2332 3186 hominibus
2348 3155 2398 3185 vel
2416 3164 2454 3185 ex
2470 3155 2590 3196 angelis

409 3210 574 3245 peccatur:
600 3205 675 3244 quia
698 3205 743 3235 sic
766 3204 896 3236 cuilibet
918 3210 1052 3245 peccato
1075 3204 1283 3245 responderet
1297 3214 1404 3245 poena
1423 3205 1472 3235 in-
1525 3206 1559 3235 in
1583 3209 1749 3235 aeternum
1772 3207 1919 3244 pereant:
1945 3202 2021 3242 quia
2043 3199 2168 3232 divinae
2190 3199 2364 3230 voluntatis
2379 3199 2515 3231 intentio
2530 3199 2590 3231 im-

409 3248 498 3280 finita
513 3249 703 3279 intensione.
727 3249 882 3287 Quamvis
899 3258 974 3289 ergo
991 3258 1029 3280 ex
1045 3249 1108 3280 hoc
1125 3248 1215 3289 quod
1230 3249 1344 3289 aliquis
1359 3254 1472 3289 peccat
1525 3249 1631 3290 pletur
1654 3249 1688 3279 in
1711 3247 1788 3283 aliis,
1814 3247 1870 3287 qui
1893 3245 2063 3278 salvantur-

411 3298 521 3324 contra
535 3293 652 3329 Deum,
669 3293 726 3333 qui
741 3298 788 3324 est
803 3293 927 3324 Auctor
950 3292 1084 3330 essendi,
1101 3299 1260 3324 mereatur
1279 3294 1386 3333 ipsum
1403 3302 1472 3324 esse
1485 3306 1512 3327 70

411 3337 569 3373 amittere;
587 3336 784 3367 considerata
798 3342 905 3368 tamen
920 3337 1020 3377 ipsius
1035 3342 1124 3367 actus
1140 3337 1387 3373 inordinatione,
1402 3346 1471 3368 non

411 3380 544 3412 debetur
563 3381 593 3411 ei
608 3381 736 3411 amissio
746 3373 835 3412 'esse:
861 3381 937 3421 quia
955 3390 1023 3412 esse
1037 3382 1307 3422 praesupponitur
1322 3381 1362 3412 ad
1377 3382 1472 3412 meri-

411 3430 481 3455 tum
504 3430 535 3455 et
557 3423 764 3461 demeritum,
788 3434 848 3455 nec
874 3434 932 3465 per
954 3424 1225 3456 inordinationem
1251 3425 1375 3466 peccati
1404 3434 1471 3456 esse

411 3468 532 3499 tollitur
554 3468 605 3499 vel
629 3469 852 3508 corrumpitur.
883 3468 925 3499 Et
947 3468 1021 3499 ideo
1048 3479 1117 3500 non
1139 3474 1245 3509 potest
1268 3478 1336 3500 esse
1367 3468 1472 3500 debita

409 3521 518 3552 poena
540 3512 674 3544 alicuius
696 3512 811 3552 culpae
833 3512 967 3552 privatio
992 3513 1091 3552 ipsius
1115 3521 1193 3544 esse.

1487 1526 1513 1545 30

1554 3313 1654 3345 ART.
1672 3313 1723 3344 111.
1747 3321 1853 3343 u’rmm
1875 3321 1983 3342 nrva
2005 3318 2225 3340 msnarcoanm
2248 3319 2400 3340 pumma
2424 3318 2560 3341 nomas

1882 3365 1913 3385 m
1937 3363 2103 3386 ani-nanum
2126 3363 2229 3384 runnu

1590 3433 1611 3454 ι)
1632 3431 1767 3454 nimum
1790 3431 1836 3452 εις
1863 3429 2068 3451 nocam-run.
2092 3419 2227 3451 Videtur
2250 3419 2340 3460 quod
2368 3419 2475 3451 divina
2493 3419 2589 3450 mise·

1526 3434 1726 3497 Aricordia
1747 3474 1816 3496 non
1839 3465 1976 3505 patiatur
1996 3464 2108 3495 saltem
2122 3464 2271 3496 homines
2289 3465 2324 3495 in
2343 3469 2508 3495 aeternum
2527 3472 2589 3504 pu-

1486 3523 1510 3545 75
1525 3511 1596 3542 niri.
1614 3510 1727 3541 Genes.
1744 3519 1776 3540 vr
1792 3510 1825 3539 *:
1850 3509 1926 3540 Non
1941 3509 2145 3550 permanebit
2159 3509 2292 3550 spiritus
2307 3518 2396 3540 meus
2412 3508 2445 3539 in
2461 3507 2589 3539 homine

2617 585 2627 595 ·
2642 583 2706 606 vm.
2722 590 2758 611 ²4·

2618 763 2627 773 '¹
2643 761 2709 784 Vett.
2723 766 2757 790 32·

2619 983 2630 994 ·
2639 982 2690 1005 Lib.
2701 981 2730 1010 11,
2739 987 2790 1010 οιρ.
2799 986 2832 1004 iv.

2619 1160 2630 1172 ·
2644 1159 2711 1182 Ven-
2725 1166 2762 1187 ⁴¹.

2621 1556 2837 1606 :ee-sias

2620 1583 2788 1666 ἐνέᾗοέᾞὶυ.
2807 1609 2818 1631 1
2828 1625 2836 1636 ,

2621 1738 2632 1749 ·
2645 1737 2714 1760 von.
2728 1742 2756 1765 9,
2772 1743 2808 1759 io.

2616 3503 2742 3534 ‘Vx-‚3
