2918 4088
203 572 214 582 ·
224 571 269 598 Qu.
279 577 338 598 ικνι,
347 575 388 593 art.
397 579 414 594 ι.

201 1203 212 1212 ·’
230 1200 280 1222 Lib.
299 1199 340 1227 VI,
361 1205 412 1226 cap.

202 1233 247 1253 xiv,
263 1233 285 1248 n.
299 1232 335 1254 43.

199 2248 210 2259 ⁸
224 2247 239 2268 Ρ
255 2253 300 2269 om.
316 2247 397 2275 integr.

200 2274 331 2296 Comment.

200 2340 210 2350 '¹
225 2340 275 2360 Art.
297 2345 317 2367 2,
339 2339 411 2362 Com-

200 2370 271 2388 ment.

448 183 519 218 104

443 255 627 286 nascatur.
663 249 739 286 Sed
767 249 980 298 baptismus
1008 258 1062 286 est
1090 250 1282 298 quaedam
1302 247 1501 297 spiritualis

443 301 688 349 regeneratio.
731 303 824 339 Non
860 314 949 350 ergo
992 302 1104 339 debet
1145 301 1280 350 aliquis
1322 298 1502 348 baptizari

442 355 670 404 priusquam
697 366 744 391 ex
772 363 881 393 utero
910 363 1096 392 nascatur.

495 409 719 445 RESPONDEO
747 420 928 445 manDUM
966 408 1071 456 quod
1107 407 1154 442 de
1183 404 1403 442 necessitate
1435 403 1500 439 ba—

442 460 571 510 p1ismi
599 468 654 497 est
682 461 788 509 quod
818 473 957 509 corpus
985 457 1201 507 baptizandi
1229 457 1358 505 aliquo
1380 455 1500 492 modo

443 526 544 563 aqua
571 513 763 551 abluatur:
794 525 885 550 cum
912 511 1123 560 baptismus
1150 509 1195 545 sit
1221 509 1413 558 quaedam
1436 508 1500 544 ab-

443 566 547 613 lutio,
577 574 618 603 ut
646 578 761 615 supra
780 566 799 587 ’¹‘
827 565 971 602 dictum
999 571 1064 600 est.
1104 563 1255 610 Corpus
1288 569 1418 598 autem
1445 560 1500 597 in-

442 619 571 664 fantis,
600 627 807 667 antequam
835 624 1011 654 nascatur
1038 627 1084 651 ex
1112 622 1237 661 utero,
1267 626 1347 651 non
1377 621 1502 662 potest

443 672 572 721 aliquo
601 671 720 709 modo
749 670 852 708 ablui
871 681 988 718 aqua:
1019 666 1090 703 nisi
1113 667 1208 703 forte
1227 666 1375 704 dicatur
1393 667 1501 715 quod

443 724 586 762 ablutio
606 723 839 773 baptismalis
867 733 944 770 qua
963 732 1103 768 corpus
1122 719 1253 756 matris
1272 720 1430 766 lavatur,
1451 719 1500 756 ad

445 777 570 814 filium
598 776 637 813 in
664 783 795 813 ventre
825 774 1045 811 existentem
1074 771 1282 821 perveniat.
1321 773 1398 810 Sed
1426 773 1502 809 hoc

443 842 523 866 non
550 836 673 878 potest
701 840 802 866 esse:
832 835 915 863 tum
943 825 1033 874 quia
1061 824 1190 861 anima
1217 825 1339 874 pueri,
1360 826 1409 863 ad
1435 837 1500 862 cu-

443 882 502 919 ius
530 881 868 919 sanctificationem
896 878 1094 915 ordinatur
1121 877 1346 927 baptismus,
1371 877 1500 916 distin-

443 943 501 972 cta
529 942 583 971 est
612 935 659 971 ab
682 934 810 970 anima
829 931 977 973 matris;
1006 938 1090 967 tum
1118 930 1210 979 quia
1228 942 1369 980 corpus
1387 943 1501 981 puer-

441 987 536 1036 perii
560 992 574 1014 Υ
603 985 758 1024 animati
793 984 869 1021 iam
907 991 962 1020 est
989 984 1219 1029 formatum,
1250 991 1286 1020 et
1312 997 1382 1033 per
1409 996 1500 1021 con-

442 1052 606 1088 sequens
643 1052 665 1076 a
700 1049 860 1086 corpore
893 1036 1023 1073 matris
1056 1036 1286 1074 distinctum.
1330 1038 1379 1074 Et
1412 1036 1500 1074 ideo

441 1092 652 1141 baptismus
681 1103 760 1140 quo
788 1097 910 1126 mater
938 1089 1165 1138 baptizatur,
1199 1101 1280 1126 non
1313 1090 1502 1127 redundat

440 1145 479 1181 in
504 1146 654 1193 prolem
682 1144 721 1180 in
740 1150 850 1180 utero
870 1142 1104 1180 existentem.
1134 1143 1246 1180 Unde
1266 1143 1502 1190 Augustinus

440 1197 539 1242 dicit,
569 1203 699 1235 contra
725 1196 916 1233 Iulianum
935 1195 970 1232 *z
1006 1197 1047 1233 Si
1072 1197 1122 1233 ad
1147 1197 1276 1233 matris
1303 1209 1438 1245 corpus
1466 1196 1505 1233 id

440 1251 539 1299 quod
573 1252 610 1287 in
639 1262 683 1287 ea
718 1250 924 1298 concipitur
951 1251 1129 1298 pertinet,
1158 1251 1208 1287 ita
1237 1255 1275 1286 ut
1302 1251 1378 1286 eius
1409 1262 1503 1299 pars

439 1305 655 1353 imputetur,
693 1315 766 1340 non
805 1303 1052 1351 baptizaretur
1085 1303 1211 1350 infans
1244 1303 1348 1339 cuius
1384 1309 1504 1340 mater

438 1358 618 1405 baptizata
637 1361 698 1402 est,
724 1356 848 1405 aliquo
876 1357 1005 1392 mortis
1029 1361 1186 1405 urgente
1207 1355 1387 1405 periculo,
1417 1368 1502 1392 cum

437 1415 597 1458 gestaret
625 1411 661 1446 in
691 1414 805 1446 utero.
835 1409 951 1446 Nunc
968 1421 1069 1455 vero,
1090 1421 1175 1445 cum
1195 1410 1304 1446 etiam
1324 1410 1410 1458 ipse,
1431 1408 1500 1446 sci-

438 1461 523 1499 licet
551 1462 685 1509 infans,
714 1463 932 1512 baptizetur,
964 1474 1038 1499 non
1067 1463 1190 1511 utique
1216 1462 1267 1499 ad
1292 1467 1502 1499 maternum

439 1527 583 1565 corpus,
612 1528 697 1552 cum
726 1523 815 1552 esset
842 1517 879 1552 in
909 1521 1024 1561 utero,
1047 1516 1266 1564 pertinebat.
1297 1515 1345 1552 Et
1366 1514 1417 1552 ita
1444 1527 1501 1551 re-

439 1567 622 1618 linquitur
644 1569 750 1618 quod
769 1569 877 1605 nullo
896 1568 1017 1605 modo
1042 1567 1242 1605 existentes
1261 1567 1300 1604 in
1319 1567 1500 1605 maternis

438 1621 554 1658 uteris
573 1620 586 1643 ⁶
614 1621 797 1671 baptizari
825 1628 998 1670 possunt.

491 1677 549 1712 An
584 1687 720 1712 PR1MUM
750 1686 849 1712 ERGO
877 1686 1059 1712 DICENDUM
1088 1673 1195 1723 quod
1222 1673 1334 1723 pueri
1361 1673 1401 1710 in
1420 1686 1501 1711 ma-

438 1727 553 1764 ternis
590 1727 706 1765 uteris
743 1727 944 1764 existentes
981 1727 1160 1764 nondum
1200 1726 1426 1776 prodierunt
1462 1726 1502 1764 in

438 1781 585 1828 lucem,
614 1788 657 1818 ut
691 1792 782 1818 cum
817 1780 897 1818 aliis
934 1779 1158 1817 hominibus
1190 1779 1310 1816 vitam
1347 1779 1499 1817 ducant.

438 1834 550 1871 Unde
588 1846 668 1871 non
695 1841 858 1883 possunt
885 1833 1020 1871 subiici
1048 1832 1188 1870 actioni
1216 1833 1431 1879 humanae,
1459 1841 1503 1870 ut

490 1963 517 1997 γ)
533 1964 681 1996 puerperii.
698 1977 717 1982 -
731 1964 811 1996 pueri
830 1964 876 1994 Fa,
890 1964 981 1996 patris
999 1965 1033 1990 H.

490 1999 515 2032 δ)
534 2000 688 2025 existentes.
705 2014 724 2018 -
739 2000 819 2032 pueri
842 2000 989 2025 existentes
1007 2000 1036 2030 F.
1055 2000 1172 2033 infantes
1191 2001 1224 2030 H,
1243 2000 1361 2034 infantes
1385 2001 1425 2032 (in
1445 2008 1498 2025 ma-

438 2036 521 2061 ternis
540 2035 634 2067 uteris)
653 2035 799 2060 existentes
817 2035 951 2060 editiones.

491 2071 513 2103 ε)
533 2071 689 2096 materialis.
707 2085 726 2089 —
745 2071 896 2095 naturalem
916 2071 955 2095 ΡΙ.

1100 171 1362 219 QUAESTIO
1391 171 1559 216 LXVIII,
1588 169 1881 206 ARTICULUS
1909 169 1960 205 XI

1554 259 1624 295 per
1651 258 1788 283 eorum
1817 245 2071 283 ministerium
2100 256 2336 286 sacramenta
2355 248 2538 298 recipiant
2564 250 2615 287 ad

1555 300 1727 335 salutem.
1765 299 1932 335 Possunt
1959 305 2089 335 tamen
2117 299 2252 337 subiici
2279 302 2492 349 operationi
2519 302 2613 349 Dei,

1555 351 1659 400 apud
1687 363 1806 399 quern
1834 350 1982 396 vivunt,
2007 358 2050 388 ut
2068 352 2241 400 quodam
2259 353 2456 402 privilegio
2475 354 2615 403 gratiae

1554 403 1894 440 sanctificationem
1936 412 2244 453 consequantur:
2288 405 2384 444 sicut
2423 415 2526 456 patet
2566 408 2614 444 de

1555 455 1794 493 sanctificatis
1822 455 1861 493 in
1889 463 2011 494 utero.
2115 499 2118 501 Α

1607 510 1664 545 An
1684 521 1873 546 SECUNDUM
1891 521 2072 547 mcaNDUM
2091 510 2199 558 quod
2218 510 2440 548 membrum
2459 511 2616 550 interius

1554 561 1685 598 matris
1721 569 1777 598 est
1811 561 1955 611 aliquid
1990 561 2072 599 eius
2107 574 2178 611 per
2214 563 2541 602 continuationem
2580 573 2617 602 et

1554 614 1742 651 unionem
1770 614 1973 652 materialis
1993 619 2004 636 ⁸
2032 615 2148 664 partis
2176 616 2225 653 ad
2253 623 2390 653 totum.
2419 618 2522 655 Puer
2548 631 2616 656 au-

1554 675 1633 704 tem
1661 667 1700 704 in
1726 675 1835 704 utero
1861 667 1991 705 matris
2019 667 2182 705 existens
2210 676 2266 705 est
2284 668 2428 718 aliquid
2447 669 2529 707 eius
2547 682 2618 720 per

1555 720 1763 769 quandam>
1788 720 2067 768 colligationem
2100 733 2309 771 corporum
2337 721 2615 761 distinctorum.

1554 773 1666 810 Unde
1694 784 1775 810 non
1803 781 1859 810 est
1886 772 2018 810 similis
2045 774 2152 812 ratio.

1607 827 1664 862 An
1691 837 1851 863 TERTlUM
1877 838 2059 864 DICENDUM
2091 827 2197 876 quod
2232 840 2306 865 non
2334 834 2417 865 sunt
2434 829 2618 876 facienda

1535 879 1655 916 :mala
1684 884 1722 915 ut
1748 880 1898 916 veniant
1925 881 2044 925 bona,
2078 887 2121 917 ut
2147 880 2285 918 dicitur
2311 882 2423 918 Rom.
2444 893 2477 918 111
2495 881 2526 919 ²¹⁸.
2570 882 2618 919 Et

1554 931 1642 968 ideo
1675 943 1755 968 non
1783 931 1897 968 debet
1924 932 2046 970 homo
2081 933 2255 970 occidere
2284 942 2448 972 matrem
2482 943 2525 972 ut
2552 935 2617 972 ba-

1554 984 1668 1034 ptizet
1694 996 1874 1033 puerum.
1919 984 1959 1022 Si
1995 991 2125 1022 tamen
2161 994 2284 1023 mater
2317 995 2471 1024 mortua
2506 988 2618 1026 fuerit

1554 1037 1708 1075 vivente
1735 1036 1890 1086 puerot
1918 1036 1958 1074 in
1986 1044 2108 1083 utero,
2136 1038 2273 1087 aperiri
2301 1039 2425 1086 debet,
2451 1049 2494 1078 ut
2520 1051 2619 1091 puer

1554 1090 1776 1140 baptizetur.

1608 1145 1665 1180 An
1690 1140 2062 1185 QUARTUM'DICENDUM
2090 1143 2197 1192 quod
2226 1145 2461 1194 expectanda
2480 1153 2536 1183 est
2561 1153 2618 1185 to-

1554 1195 1637 1233 talis
1665 1196 1829 1245 egressio
1857 1195 1969 1245 pueri
1997 1208 2043 1233 ex
2062 1203 2172 1234 utero
2201 1197 2249 1234 ad
2268 1197 2518 1247 baptismum,
2545 1198 2620 1237 nisi

1536 1261 1662 1286 vmors
1689 1248 1899 1286 immineat.
1930 1248 1971 1287 Si
1997 1256 2128 1286 tamen
2155 1249 2283 1299 primo
2311 1258 2427 1300 caput
2453 1251 2619 1300 egredia-

1554 1310 1634 1346 tur,
1668 1301 1708 1338 in
1737 1314 1815 1351 quo
1843 1302 2026 1339 fundatur
2053 1314 2188 1340 sensus
2208 1309 2242 1350 η,
2276 1303 2390 1340 debet
2423 1303 2618 1354 baptizari,

1555 1355 1726 1405 periculo
1755 1354 1999 1392 imminente:
2037 1363 2072 1392 et
2100 1367 2181 1392 non
2209 1363 2264 1393 est
2295 1364 2429 1405 postea
2457 1357 2619 1408 rebapti-

1555 1408 1712 1455 zandus,
1742 1407 1772 1445 si
1801 1420 1893 1445 eum
1921 1407 2084 1457 perfecte
2112 1408 2216 1446 nasci
2244 1409 2451 1458 contigerit.
2488 1411 2537 1447 Et
2563 1410 2619 1448 vi-

1556 1462 1667 1499 detur
1706 1461 1812 1498 idem
1851 1461 2069 1498 faciendum
2113 1474 2385 1512 quaecumque
2422 1462 2495 1500 alia
2530 1475 2620 1513 pars

1555 1514 1779 1563 egrediatur,
1813 1513 1984 1563 periculo
2013 1514 2250 1552 imminente.
2291 1515 2395 1563 Quia
2421 1523 2552 1554 tamen
2579 1516 2620 1554 in
2657 1535 2660 1538 ⁴

1555 1569 1659 1605 nulla
1682 1566 1850 1617 partium
1869 1567 2103 1604 exteriorum
2122 1568 2312 1617 integritas
2331 1567 2344 1590 ⁰
2373 1568 2423 1606 ita
2450 1569 2621 1607 consistit

1555 1621 1651 1658 sicut
1679 1620 1718 1657 in
1746 1620 1879 1670 capite,
1899 1620 2051 1658 videtur
2069 1620 2304 1670 quibusdam
2323 1622 2443 1671 quod,
2462 1629 2621 1672 propter

1555 1673 1736 1720 dubium,
1765 1681 2014 1723 quacumque
2042 1673 2115 1711 alia
2142 1682 2249 1723 parte
2277 1674 2449 1724 corporis
2477 1675 2618 1723 abluta,

1554 1739 1653 1776 puer
1683 1734 1771 1776 post
1797 1726 2004 1776 perfectam
2032 1726 2268 1764 nativitatem
2295 1727 2341 1764 sit
2368 1727 2620 1778 baptizandus

1555 1779 1628 1817 sub
1656 1780 1730 1817 hac
1757 1779 1900 1817 forma:
1931 1782 1972 1818 Si
1998 1792 2072 1817 non
2101 1792 2139 1817 es
2166 1782 2378 1830 baptizatus,
2407 1793 2479 1831 ego
2507 1787 2542 1819 te
2558 1783 2620 1820 ba-

1554 1834 1661 1882 ptizo,
1682 1840 1751 1869 etc.
1771 1832 1792 1854 ’¹‘

1608 1963 1635 1998 ζ)
1649 1971 1745 1997 puero.
1762 1978 1782 1983 -
1794 1965 1875 1996 prole
1892 1965 1966 1989 tertia
1984 1969 2085 1996 praeter
2103 1965 2136 1990 G.

1606 2001 1634 2034 η)
1646 2000 1787 2034 fundatur
1810 2006 1911 2026 sensus.
1929 2014 1948 2019 -
1958 2000 2118 2033 fundantur
2142 2007 2235 2026 sensus
2255 2000 2329 2031 DGa,
2346 2001 2506 2035 fundantur
2529 2009 2622 2028 omnes

1555 2035 1803 2105 εεηὶἵδὶξτιέὲνίως.
1815 2085 1834 2089 -
1853 2070 1924 2096 vitae
1943 2071 2087 2104 integritas
2099 2071 2129 2102 E,
2143 2071 2287 2105 integritas
2307 2071 2378 2097 vitae
2395 2071 2427 2096 FI
2447 2077 2472 2097 et
2488 2072 2623 2098 editiones.

1111 2158 1329 2191 Commen
1334 2159 1448 2191 tar-ia
1470 2158 1722 2192 cardinalis
1743 2158 1946 2191 Caietam

437 2249 453 2264 ἢ*
496 2257 515 2277 N
545 2247 677 2277 articulo
708 2247 882 2278 undecimo
915 2247 1053 2278 occurrit
1081 2246 1302 2282 scribendum,
1327 2252 1358 2277 et
1387 2256 1500 2278 conse-

470 2259 632 2331 Iquenter
656 2291 838 2327 dicendum,
861 2292 920 2322 sub
944 2292 1144 2322 correctione
1167 2297 1284 2327 tamen,
1301 2292 1451 2331 parvulos
1467 2292 1500 2322 in

438 2336 587 2366 maternis
610 2336 706 2365 uteris
722 2336 933 2375 periclitantes
956 2345 1051 2375 posse
1067 2335 1197 2365 salvari:
1222 2336 1304 2366 sicut
1327 2336 1501 2376 superius*

440 2379 576 2410 diximus
604 2379 644 2410 de
666 2379 840 2410 infantibus
872 2380 928 2419 qui
955 2389 1023 2410 non
1046 2385 1182 2420 possunt
1207 2380 1368 2419 baptizari.
1403 2380 1501 2410 Posse

440 2430 547 2454 autem
570 2424 681 2454 salvari
705 2423 778 2454 dico
801 2433 859 2464 per
881 2429 1115 2454 sacramentum
1137 2424 1295 2464 baptismi,
1319 2433 1387 2454 non
1405 2424 1438 2454 in
1456 2433 1500 2460 re,

440 2467 495 2498 sed
510 2468 544 2498 in
558 2473 636 2498 voto
660 2473 829 2508 parentum
853 2473 1047 2508 susceptum,
1065 2477 1140 2498 cum
1156 2468 1262 2508 aliqua
1277 2467 1501 2498 benedictione

440 2512 538 2552 prolis
567 2521 625 2542 seu
651 2512 814 2543 oblatione
841 2513 941 2553 ipsius
969 2511 1010 2543 ad
1037 2512 1162 2548 Deum,
1193 2521 1269 2542 cum
1295 2512 1501 2543 invocatione

441 2556 613 2587 Trinitatis.

496 2600 631 2631 Moveor
654 2605 762 2631 autem
785 2599 824 2631 ad
846 2600 910 2631 hoc
933 2599 1053 2640 duplici
1075 2601 1207 2631 ratione.
1231 2600 1304 2631 Una
1326 2605 1382 2636 est,
1406 2601 1501 2631 ratio-

440 2644 545 2675 nabile
576 2654 643 2674 esse
673 2650 709 2674 ut
736 2644 843 2675 divina
871 2643 1087 2676 misericordia
1114 2643 1288 2686 providerit
1316 2644 1441 2675 homini
1467 2645 1501 2675 in

441 2697 651 2728 quocumque
669 2688 803 2719 naturali
826 2694 908 2719 statu
925 2688 964 2719 de
980 2689 1089 2729 aliquo
1105 2688 1248 2719 remedio
1272 2688 1390 2725 salutis,
1407 2689 1451 2719 ita
1466 2693 1501 2719 ut

440 2733 566 2763 nullum
578 2733 739 2773 reliquerit
758 2738 875 2763 statum
890 2738 1056 2773 potentem
1071 2732 1205 2773 allegare
1220 2732 1418 2773 impossibile
1433 2742 1501 2763 esse

441 2777 500 2807 sibi
523 2777 631 2807 salutis
653 2777 842 2808 remedium.
877 2777 969 2808 Esset
998 2782 1107 2808 autem
1138 2777 1207 2808 sine
1237 2778 1327 2808 omni
1356 2776 1499 2807 remedio

441 2820 608 2852 derelictus
632 2826 729 2852 status
751 2821 960 2852 morientium
974 2821 1008 2852 in
1023 2827 1126 2858 utem,
1150 2822 1211 2852 nisi
1233 2826 1403 2862 parentum
1421 2820 1500 2852 fides

440 2865 501 2896 illis
523 2871 632 2905 posset
655 2866 839 2896 subvenire:
864 2866 948 2896 salus
972 2866 1059 2896 enim
1081 2875 1164 2906 quae
1186 2871 1293 2906 potest
1316 2875 1334 2902 a
1357 2866 1428 2896 Deo
1450 2865 1499 2896 in-

1555 2246 1634 2278 fanti
1656 2248 1689 2278 in
1714 2252 1805 2278 utero
1829 2247 1967 2289 conferri
1991 2256 2028 2277 ex
2052 2248 2181 2287 speciali
2203 2248 2382 2288 privilegio,
2409 2257 2477 2278 non
2500 2251 2623 2288 spectat

1555 2291 1596 2323 ad
1618 2291 1797 2323 remedium
1819 2291 1903 2322 illius
1926 2296 2034 2328 status,
2059 2292 2215 2332 quoniam
2238 2291 2320 2322 infra
2335 2291 2481 2322 ordinem
2497 2291 2622 2323 divino-

1555 2346 1628 2366 rum
1650 2336 1880 2366 miraculorum
1905 2335 2118 2366 concluditur.

1611 2379 1778 2416 Secundo,
1811 2389 1849 2410 ex
1873 2389 1912 2410 eo
1945 2379 2035 2420 quod
2064 2385 2163 2410 status
2186 2379 2240 2410 ille
2271 2385 2318 2410 est
2344 2389 2443 2420 capax
2470 2380 2621 2420 baptismi

1555 2425 1727 2464 sanguinis.
1762 2424 1796 2454 Si
1819 2424 1906 2454 enim
1928 2429 2060 2464 propter
2079 2423 2243 2454 Christum
2265 2423 2369 2454 infans
2392 2425 2426 2454 in
2449 2429 2541 2455 utero
2565 2433 2622 2455 oc·-

1555 2468 1722 2504 cideretur‚
1746 2473 1864 2509 martyr
1887 2473 1978 2504 esset,
1995 2477 2064 2498 non
2078 2468 2186 2498 minus
2210 2477 2309 2508 quam
2325 2468 2526 2499 Innocentes.
2558 2468 2621 2499 Ra-

1555 2512 1708 2543 tionabile
1723 2511 1883 2552 siquidem
1898 2511 2022 2542 videtur
2045 2517 2214 2552 parentum
2237 2511 2335 2543 fidem
2358 2521 2454 2552 posse
2477 2510 2621 2553 optando

1555 2555 1729 2596 perducere
1753 2555 1793 2587 ad
1807 2555 1841 2586 id
1864 2555 1904 2587 ad
1919 2555 2009 2596 quod
2027 2557 2202 2596 corporalis
2221 2557 2327 2596 passio
2351 2556 2506 2588 infantem
2522 2555 2620 2588 ducit.

1609 2600 1770 2639 Quocirca
1794 2605 1886 2631 caute
1910 2606 1941 2631 et
1963 2600 2282 2640 irreprehensibiliter
2305 2606 2464 2641 ageretur,
2488 2601 2515 2631 si
2537 2601 2622 2640 peri-

1554 2644 1734 2676 clitantibus
1758 2645 1791 2675 in
1814 2650 1906 2675 utero
1930 2645 2037 2684 pueris
2061 2645 2103 2675 ob
2127 2650 2306 2675 maternam
2321 2644 2554 2685 aegritudinem
2569 2643 2621 2676 vel

1553 2693 1661 2729 partus
1677 2687 1905 2725 difficultatem,
1918 2687 2099 2719 benedictio
2112 2689 2145 2719 in
2156 2689 2290 2720 nomine
2302 2689 2466 2720 Trinitatis
2478 2688 2620 2720 daretur:

1553 2738 1585 2763 et
1610 2742 1724 2763 causae
1755 2733 1909 2764 discussio
1937 2732 2053 2764 deinde
2080 2732 2189 2764 divino
2217 2739 2428 2764 reservaretur
2457 2731 2617 2764 tribunali.

1554 2777 1636 2815 Quis
1659 2777 1718 2807 scit
1740 2778 1766 2807 si
1790 2776 1896 2807 divina
1918 2776 2136 2808 misericordia
2162 2777 2349 2808 huiusmodi
2373 2778 2568 2818 baptismum
2587 2776 2622 2806 in

1553 2826 1631 2852 voto
1648 2827 1817 2861 parentum
1833 2826 1989 2862 acceptet:
2015 2821 2072 2852 ubi
2085 2821 2175 2852 nulla
2189 2822 2322 2858 incuria,
2342 2821 2398 2853 sed
2416 2820 2485 2852 sola
2499 2821 2622 2861 impos-

1554 2865 1684 2896 sibilitas
1707 2866 1896 2896 sacramenti
1920 2866 2146 2896 executionem
2169 2863 2331 2897 excludit?

2645 881 2654 892 ⁸
2668 879 2736 903 Vers-
2751 881 2776 903 8.

2647 1834 2658 1846 ‘
2671 1833 2700 1856 D.
2714 1833 2764 1862 265,
2778 1833 2830 1862 ⁵⁸³-
