2918 4088
65 370 76 381 ·
90 368 157 391 νει-ι.
173 373 209 390 ιο.

6 404 10 406 ’
65 396 76 407 ·
89 395 118 419 D.
134 399 197 422 ¹095.

69 1119 82 1131 ‘
94 1117 106 1141 1
113 1117 183 1146 Pom,
193 1123 245 1148 ωρ.
254 1123 281 1144 ιι,

69 1150 130 1168 ναι.
143 1150 164 1168 2.

12 1906 29 1941 ¹¹*
16 1810 39 1901 3-er
5 1556 37 1799 itssqffl'WF‘W-fz
22 1533 26 1538 ·

73 2327 86 2340 ‘
96 2325 169 2360 *Vei-⁸.
182 2331 203 2348 a.

78 2485 89 2498 ¹
109 2483 162 2506 Aet.
185 2489 236 2512 etp.
259 2487 290 2510 ιι,

77 2516 138 2533 ven.
151 2515 164 2532 a
179 2515 231 2538 sqq.

77 2593 90 2605 ·
103 2591 171 2615 vm.
186 2598 219 2620 ⁴4
237 2597 288 2620 *qq-

77 2959 290 2988 *umbe-pau.

967 198 1229 246 QUAESTIO
1257 197 1414 243 LXXII,
1448 195 1740 233 ARTICULUS
1768 197 1817 233 VI

358 279 417 314 An
444 289 603 316 Tannum
622 290 803 316 monimum
831 278 938 327 quod
967 284 1202 314 sacramenta
1229 274 1367 312 veteris

307 330 397 378 legis
425 330 605 368 dicuntur
632 332 764 368 iustitia
783 329 796 352 δ
825 332 961 376 carnis,
986 338 1027 367 ut
1050 337 1152 379 patet
1173 329 1322 365 Heb.1x
1335 327 1366 374 *,

307 383 399 432 quia
427 383 564 420 scilicet
591 383 748 420 interius
776 383 870 420 nihil
898 382 1112 420 efficiebant
1130 381 1160 418 ²²⁸.
1204 381 1252 418 Et
1280 380 1367 416 ideo

306 435 346 472 in
374 435 663 473 circumcisione
696 435 988 486 imprimebatur
1015 436 1210 472 character
1241 433 1365 469 solum

359 557 385 592 ὃ)
405 558 517 584 iustitia.
534 573 554 577 -
572 559 691 584 iustitiae
709 559 738 585 P.

2409 200 2474 236 131

1423 273 1463 311 in
1491 286 1666 323 corpore,
1695 286 1775 311 non
1804 283 1933 311 autem
1962 275 2001 312 in
2020 276 2159 313 anima.
2191 279 2265 315 Sed
2286 278 2325 314 in
2344 280 2482 316 confir-

1422 326 1592 363 matione
1635 339 1726 363 cum
1768 328 1983 364 charactere
2025 330 2212 377 corporali
2254 331 2485 379 imprimitur

1424 379 1538 416 simul
1571 380 1766 416 character
1802 379 2021 428 spiritualis,
2052 393 2098 417 eo
2132 383 2239 430 quod
2273 392 2327 419 est
2363 397 2484 421 sacra-

1424 439 1602 468 mentum
1630 444 1755 469 novae
1784 432 1885 480 legis.

981 636 1315 671 Commentaria
1337 633 1590 666 cardinalis
1611 634 1812 667 Caietam

339 731 360 751 N
383 721 516 751 articulo
541 721 655 760 quinto
679 719 814 751 dubium
838 719 975 750 occurrit
998 717 1038 748 ad
1060 717 1237 748 hominem.
1276 715 1368 753 Quo-

312 732 426 795 Iniam
448 765 571 795 Auctor
594 765 748 804 superius,
772 765 806 794 in
831 773 985 803 qu.1.x111,
1003 767 1058 792 art.
1076 762 1106 798 6,
1130 761 1238 801 posuit
1262 760 1369 790 chara-

309 814 427 839 cterem
450 807 700 838 confirmationis
723 808 880 848 pertinere
903 806 943 837 ad
962 806 1159 846 recipientes.
1183 805 1246 834 Hic
1262 809 1369 834 autem

306 853 400 893 ponit
422 853 529 892 ipsum
553 862 590 883 ex
613 857 701 892 parte
717 852 879 892 potentiae
896 851 1026 886 activae,
1050 855 1086 880 ut
1102 855 1188 890 patet
1207 849 1240 878 in
1256 848 1368 878 littera.

307 896 402 927 Unde
424 895 547 926 videtur
569 896 719 926 Auctoris
742 895 886 926 doctrina
908 895 967 925 sibi
990 895 1050 934 ipsi
1073 894 1209 924 dissona.

361 939 413 970 Ad
428 940 491 970 hoc
515 939 629 970 dicitur
645 939 734 980 quod
749 940 828 970 haec
844 939 902 969 sibi
918 939 1056 969 invicem
1072 948 1139 968 non
1156 937 1368 967 adversantur.

308 984 472 1022 Quoniam
503 984 662 1014 character
691 983 960 1018 confirmationis,
992 988 1027 1013 ut
1053 983 1152 1023 ipsius
1182 981 1370 1012 sacramenti

306 1037 428 1059 nomen
443 1033 583 1064 testatur,
601 1033 647 1058 est
663 1028 848 1058 characteris
863 1027 1058 1067 baptismalis
1073 1026 1287 1068 confirmatio.
1311 1025 1370 1055 Per

308 1072 502 1112 baptismum
526 1072 612 1102 enim
635 1071 671 1102 fit
694 1071 902 1107 Christianus,
926 1070 1071 1102 infirmus
1094 1077 1212 1106 tamen,
1233 1071 1308 1111 quia
1324 1075 1371 1100 est

307 1116 392 1147 sicut
412 1116 508 1147 modo
531 1117 660 1158 genitus
684 1116 795 1158 infans
810 1117 843 1146 ἐ
875 1126 933 1156 per
956 1115 1236 1146 confirmationem
1263 1120 1370 1145 autem

307 1159 459 1191 firmatur.
483 1161 532 1191 Ac
554 1170 611 1200 per
633 1161 706 1197 hoc,
731 1170 769 1191 ex
793 1159 904 1190 eadem
927 1165 1015 1200 parte
1038 1160 1204 1199 utriusque
1228 1169 1260 1189 se
1284 1164 1371 1189 tenet

308 1205 495 1236 sacramenti
518 1205 686 1235 character.
710 1205 752 1235 Et
773 1214 830 1245 per
851 1214 1052 1244 consequens
1076 1205 1235 1235 character
1255 1203 1370 1234 confir-

308 1250 457 1280 mationis
481 1254 527 1280 est
549 1254 585 1279 ut
607 1248 774 1289 perficiens
798 1249 1010 1279 characterem
1033 1248 1262 1289 baptismalem.
1294 1248 1370 1286 Qui,

310 1302 386 1324 cum
408 1302 442 1324 se
464 1298 571 1324 teneat
593 1303 631 1324 ex
654 1299 742 1333 parte
761 1293 951 1333 recipientis,
967 1293 1060 1323 trahit
1076 1302 1186 1323 secum
1201 1302 1277 1323 suae
1294 1302 1371 1323 con-

310 1336 499 1380 fimans
518 1338 743 1368 characterem.
778 1336 872 1368 Unde
895 1337 945 1367 De
971 1337 1133 1373 Consecr„
1159 1337 1228 1367 dist.
1244 1347 1275 1372 v,
1300 1346 1369 1377 cap.

1423 714 1474 744 De
1496 714 1545 745 his
1569 724 1656 751 vero,
1681 715 1875 746 Melchiades
1898 716 1983 756 Papa
2005 717 2125 757 inquit:
2151 718 2202 748 Ita
2226 719 2398 749 coniuncta
2413 725 2490 750 sunt

1423 758 1502 789 haec
1525 758 1590 789 duo
1613 765 1819 790 sacramenta
1842 761 1928 800 quod
1951 771 2050 791 unum
2074 762 2143 792 sine
2166 762 2270 792 altero
2295 763 2356 793 rite
2371 764 2487 804 perfici

1424 812 1489 833 non
1500 808 1628 843 potest:
1645 822 1668 826 -
1685 803 1808 841 Glossa,
1826 804 1914 841 idest,
1935 805 2154 836 Christianum
2161 806 2280 847 facere
2295 817 2358 837 non
2370 813 2486 847 potest,

1423 847 1547 887 supple,
1566 848 1759 889 perfectum.

1480 891 1686 932 Apparetque
1710 893 1773 922 hoc
1798 892 1883 923 idern
1908 903 1945 924 ex
1969 894 2090 924 actibus
2105 894 2272 934 utriusque
2292 895 2488 926 characteris.

1424 936 1507 966 Nam
1531 937 1679 976 baptismi
1704 943 1750 967 est
1781 936 1925 967 confiteri
1949 936 2062 974 fidem;
2099 938 2350 969 confirmationis
2381 946 2488 970 autem

1424 980 1521 1010 libere
1545 990 1602 1011 seu
1626 981 1782 1021 intrepide
1799 981 1944 1012 confiteri
1961 982 2111 1018 eandem;
2136 983 2192 1013 ubi
2208 989 2294 1023 patet
2310 984 2488 1014 secundum

1424 1024 1577 1065 perficere
1602 1031 1632 1055 et
1655 1024 1780 1056 firmare
1804 1026 1955 1065 primum.

1478 1069 1569 1099 Patet
1603 1070 1697 1099 etiam
1728 1079 1794 1100 non
1826 1071 1869 1100 sic
1902 1080 1969 1100 esse
1999 1071 2241 1110 intelligendum
2276 1073 2489 1103 characterem

1425 1123 1491 1143 esse
1515 1114 1693 1153 potentiam
1716 1115 1882 1154 passivam,
1906 1120 2059 1154 tanquam
2079 1116 2103 1145 si
2120 1121 2292 1155 poneretur
2314 1126 2394 1156 pure
2417 1126 2489 1157 pas-

1423 1158 1498 1188 siva.
1523 1158 1631 1188 Potest
1654 1159 1740 1188 enim
1763 1158 1903 1198 aliquem
1927 1164 2033 1189 actum
2057 1159 2189 1195 habere,
2215 1169 2290 1190 cum
2313 1161 2376 1190 hoc
2400 1160 2489 1201 quod

1425 1203 1588 1233 constituit
1620 1208 1890 1233 sacramentorum
1920 1204 2117 1243 receptivum
2149 1203 2327 1243 perfectum
2357 1215 2413 1235 seu
2436 1204 2489 1235 fir-

1426 1256 1526 1277 mum.
1544 1247 1744 1287 Baptismalis
1760 1247 1918 1287 siquidem
1935 1248 2094 1278 character
2109 1249 2307 1288 receptivum
2326 1249 2488 1285 absolute;

1426 1290 1679 1322 confirmationis
1706 1297 1814 1321 autem
1840 1293 2037 1332 receptivum
2063 1291 2203 1332 perfecte
2231 1298 2261 1323 et
2287 1293 2384 1323 libere
2412 1303 2490 1323 con-

1426 1337 1536 1366 stituit.

1123 1468 1442 1531 ART1CULUS
1473 1489 1681 1530 SEXTUS

794 1582 950 1613 UTRUM
975 1582 1244 1612 CHARACTER
1268 1581 1642 1612 CONFIRMATIONIS
1664 1581 2006 1612 PRAESUPPONAT

867 1626 925 1656 EX
948 1626 1247 1656 NECESSITATE
1271 1625 1605 1656 CHARACTEREM
1629 1625 1938 1656 BAPTISMALEM

1092 1704 1127 1728 1v
1145 1704 1228 1734 Seni„
1249 1704 1306 1730 dist.
1326 1711 1370 1735 vn,
1390 1712 1434 1736 qu.
1452 1711 1479 1734 u,
1500 1709 1547 1728 art.
1568 1711 1591 1734 1,
1611 1703 1660 1736 qu*
1681 1703 1705 1729 3.

427 1820 466 1838 s
521 1804 544 1828 ι)
572 1803 714 1829 si-:XTUM
742 1804 794 1829 sm
823 1804 1058 1830 PRocanUR.
1087 1793 1249 1829 Videtur
1267 1793 1374 1842 quod

359 1845 382 1896 J
438 1835 489 1894 {⁴50
522 1845 718 1882 character
745 1845 1049 1882 confirmationis
1082 1858 1163 1882 non
1190 1858 1374 1895 praesup-

329 1890 372 1946 ,ᾗ
412 1916 447 1954 ς,
457 1884 489 1939 (ἃ
503 1896 508 1900 ⁴
522 1905 641 1947 ponat
669 1910 715 1935 ex
733 1898 954 1935 necessitate
974 1899 1234 1936 characterem
1253 1899 1374 1948 bapti-

366 1971 376 1987 .»
400 1948 463 1985 '⁴529
478 1944 695 1988 Ksmalem.
727 1951 1022 1996 Sacramentum
1043 1951 1148 1989 enim
1168 1952 1374 1989 confirma-

309 2003 423 2042 tionis
458 2004 657 2041 ordinatur
690 2005 739 2041 ad
768 2004 1034 2042 confitendum
1065 2004 1218 2054 publice
1255 2005 1375 2042 fidem

313 2056 463 2095 Christi.
507 2057 584 2095 Sed
611 2057 721 2094 multi
754 2057 869 2094 etiam
904 2065 990 2095 ante
1018 2057 1255 2108 baptismum
1288 2066 1376 2095 sunt

311 2110 433 2148 fidem
466 2109 606 2147 Christi
639 2110 791 2160 publice
819 2110 1002 2156 confessi,
1036 2111 1263 2159 sanguinem
1291 2111 1375 2148 fun-

312 2164 445 2201 dentes
472 2175 544 2213 pro
572 2163 662 2200 fide.
706 2164 807 2211 Ergo
843 2164 1038 2201 character
1073 2163 1376 2201 confirmationis

313 2228 394 2254 non
421 2216 698 2266 praesupponit
724 2217 984 2253 characterem
1012 2217 1290 2266 baptismalem.

369 2281 404 2307 2.
434 2271 665 2316 PRAETEREA,
695 2269 743 2306 de
772 2269 964 2318 Apostolis
996 2281 1076 2307 non
1104 2269 1239 2318 legitur
1270 2269 1377 2319 quod

313 2322 453 2360 fuerint
466 2322 659 2372 baptizati:
675 2322 898 2372 praesertim
913 2334 1005 2359 cum
1019 2322 1177 2369 dicatum,
1193 2324 1296 2359 Ioan.
1305 2335 1338 2359 ιν
1344 2322 1375 2369 *,

315 2376 423 2426 quod
457 2377 533 2425 ipse
564 2377 728 2412 Christus
764 2387 839 2412 non
868 2377 1088 2425 baptizabat,
1121 2376 1186 2412 sed
1212 2376 1380 2426 discipuli

317 2430 403 2466 eius.
433 2429 482 2465 Et
508 2425 639 2466 famen
663 2435 797 2478 postea
816 2428 970 2466 fuerunt
988 2428 1205 2466 confirmati
1223 2440 1294 2478 per
1312 2428 1377 2465 ad-

315 2488 478 2518 ventum
507 2481 668 2531 Spiritus
692 2481 820 2519 Sancti
838 2481 868 2518 ²¹².
899 2482 1000 2529 Ergo
1021 2481 1191 2519 similiter
1209 2481 1271 2518 alii
1289 2493 1378 2531 pos-

317 2541 407 2571 sunt
434 2533 654 2571 confirmari
682 2542 891 2583 antequam
918 2534 1167 2584 baptizentur.

373 2587 407 2623 3.
437 2587 669 2634 PRAETEREA,
693 2588 773 2624 Act.
794 2600 818 2624 x
835 2587 855 2609 '¹‘
883 2587 1020 2625 dicitur
1046 2588 1166 2637 quod,
1186 2588 1308 2624 adhuc
1326 2588 1378 2624 lo-

318 2645 449 2690 quente
474 2641 597 2686 Petro,
626 2640 754 2677 cecidit
776 2641 930 2689 Spiritus
949 2642 1104 2678 Sanctus
1122 2653 1233 2690 super
1252 2652 1380 2678 omnes

318 2694 384 2742 qui
407 2693 606 2730 audiebant
631 2694 797 2738 verbum,
827 2699 859 2729 et
887 2693 1084 2731 audiebant
1105 2706 1167 2731 eos
1194 2694 1380 2743 loquentes

317 2746 475 2796 linguis:
502 2753 538 2782 et
565 2753 698 2795 postea
725 2747 824 2782 iussit
852 2757 913 2783 eos
940 2747 1128 2796 baptizari.
1168 2747 1270 2795 Ergo
1298 2746 1381 2795 pari

317 2798 464 2836 ratione
492 2806 655 2848 possunt
682 2798 744 2835 alii
780 2798 886 2848 prius
914 2798 1136 2836 confirmari
1168 2811 1285 2848 quam
1315 2799 1381 2836 ba-

316 2851 516 2901 ptizentur.

371 2905 446 2942 SED
478 2916 623 2941 CONTRA
656 2917 721 2942 EST
753 2904 860 2954 quod
888 2904 1072 2942 Rabanus
1105 2904 1210 2951 dicit,
1245 2905 1290 2941 de
1317 2906 1381 2941 In-

315 2958 422 2995 stitut.
451 2957 581 2994 Cleric.
602 2957 638 2994 *z
668 2958 880 2995 Novissime
898 2970 921 2994 a
939 2969 1084 2994 summo
1109 2957 1298 2994 sacerdote
1310 2969 1383 3007 per

317 3011 586 3061 impositionem
615 3023 749 3048 manus
775 3011 982 3048 Paraclitus
1008 3011 1166 3047 traditur
1188 3011 1380 3060 baptizato,

317 3069 356 3101 ut
391 3065 587 3101 roboretur
617 3076 690 3113 per
724 3065 900 3113 Spiritum
935 3065 1111 3101 Sanctum
1149 3063 1200 3100 ad
1229 3063 1381 3113 praedi-

318 3117 491 3154 candum.

371 3170 595 3207 Respommo
615 3182 796 3207 DICENDUM
820 3170 928 3219 quod
955 3170 1150 3206 character
1176 3168 1382 3206 confirma-

318 3221 433 3260 tionis
470 3235 516 3260 ex
550 3222 772 3260 necessitate
808 3221 1087 3273 praesupponit
1123 3222 1381 3259 characterem

318 3275 607 3325 baptismalem:
646 3275 696 3313 ita
731 3275 869 3313 scilicet
903 3275 1031 3325 quod,
1070 3274 1101 3311 si
1133 3274 1269 3324 aliquis
1302 3287 1383 3312 non

319 3327 531 3378 baptizatus
546 3328 851 3378 confirmaretur,
867 3328 962 3366 nihil
976 3327 1170 3378 reciperet,
1187 3328 1254 3365 sed
1269 3340 1383 3378 opor-

374 3451 402 3484 α)
421 3451 485 3477 sic...
502 3451 580 3477 sicut.
596 3465 616 3471 -
632 3452 727 3477 sicut...
747 3452 786 3477 ita
804 3452 827 3476 Η
848 3457 874 3476 et
892 3451 1027 3477 editiones.

374 3484 400 3521 β)
418 3487 543 3520 conferri.
560 3501 581 3506 -
598 3488 720 3520 conferre
737 3487 757 3511 F
777 3492 802 3512 et
819 3487 901 3512 tertia.

1429 1800 1523 1829 teret
1551 1793 1680 1842 ipsum
1715 1792 1847 1829 iterato
1876 1792 2098 1829 confirmari
2130 1800 2217 1842 post
2244 1792 2492 1842 baptismum.

1431 1845 1552 1883 Cuius
1581 1846 1675 1882 ratio
1705 1853 1759 1882 est
1787 1845 1879 1895 quia
1907 1845 1959 1882 sic
1988 1857 2027 1882 se
2048 1845 2163 1882 habet
2182 1845 2424 1882 confirmatio
2445 1846 2493 1882 ad

1430 1899 1667 1948 baptismum
1696 1898 1791 1935 sicut
1811 1904 1828 1920 α
1856 1906 2108 1946 augmentum
2128 1899 2176 1935 ad
2195 1898 2492 1946 generationem,
2619 1911 2636 1927 α

1430 1960 1473 1988 ut
1501 1964 1547 1988 ex
1567 1964 1683 2001 supra
1701 1951 1721 1973 ’Β
1749 1951 1856 1988 dictis
1874 1959 1987 2000 patet.
2018 1951 2265 1988 Manifestum
2287 1959 2343 1988 est
2364 1959 2494 1988 autem

1431 2005 1538 2054 quod
1566 2006 1694 2042 nullus
1722 2012 1846 2054 potest
1873 2004 2097 2054 promoveri
2124 2004 2164 2041 in
2184 2012 2346 2041 aetatem
2373 2005 2493 2054 perfe-

1431 2066 1532 2095 ctam
1560 2057 1632 2094 nisi
1667 2057 1794 2107 primo
1827 2057 1939 2094 fuerit
1966 2065 2089 2094 natus.
2133 2058 2180 2094 Et
2208 2057 2392 2104 similiter,
2422 2057 2495 2094 nisi

1432 2110 1568 2160 aliquis
1595 2110 1722 2160 primo
1750 2109 1862 2147 fuerit
1888 2110 2111 2159 baptizatuS,
2132 2122 2213 2147 non
2231 2114 2356 2159 potest
2375 2123 2494 2147 sacra-

1432 2171 1610 2200 mentum
1638 2163 1942 2200 confirmationis
1971 2163 2154 2212 accipere.

1486 2218 1543 2253 AD
1577 2228 1712 2254 PR1MUM
1740 2228 1838 2253 ERGO
1866 2228 2047 2253 mCENDUM
2081 2217 2188 2265 quod
2215 2215 2335 2252 virtus
2363 2216 2495 2253 divina

1433 2281 1513 2306 non
1542 2277 1597 2306 est
1624 2269 1771 2317 alligata
1799 2269 2056 2307 sacramentis.
2099 2270 2211 2306 Unde
2248 2276 2372 2318 potest
2404 2281 2495 2306 con-

1433 2321 1554 2359 ferri?
1582 2321 1732 2359 homini
1767 2321 1959 2371 spirituale
1995 2323 2115 2359 robur
2151 2322 2200 2359 ad
2229 2321 2496 2359 confitendum
2623 2323 2638 2356 β

1433 2375 1585 2424 publice
1613 2375 1734 2411 fidem
1763 2374 1902 2412 Christi
1930 2375 2075 2424 absque
2100 2383 2337 2412 sacramento
2357 2375 2496 2411 confir-

1434 2427 1629 2465 mationis:
1669 2428 1765 2464 sicut
1793 2427 1908 2464 etiam
1942 2435 2066 2477 potest
2093 2427 2278 2476 consequi
2307 2427 2497 2464 remissio-

1434 2493 1525 2518 nem
1553 2488 1800 2530 peccatorum
1836 2481 1916 2517 sine
1952 2480 2155 2530 baptismo.
2199 2481 2371 2527 Tamen,
2402 2480 2498 2517 sicut

1434 2535 1562 2571 nullus
1590 2533 1839 2583 consequitur
1871 2534 2052 2571 effectum
2079 2533 2256 2583 baptismi
2296 2533 2377 2570 sine
2405 2541 2497 2570 voto

1434 2586 1624 2636 baptismi,
1654 2586 1704 2623 ita
1732 2588 1859 2624 nullus
1888 2586 2138 2636 consequitur
2158 2587 2338 2623 effectum
2358 2586 2497 2623 confir-

1434 2639 1614 2677 mationis
1646 2639 1727 2676 sine
1755 2647 1848 2676 voto
1881 2639 2010 2689 ipsius.
2055 2640 2173 2686 Quod
2211 2647 2335 2688 potest
2364 2639 2497 2676 haberi

1434 2693 1550 2730 etiam
1578 2700 1665 2730 ante
1693 2692 1979 2742 susceptionem
2007 2692 2197 2741 baptismi.

1488 2747 1545 2782 AD
1565 2758 1754 2783 SECUNDUM
1773 2758 1954 2783 DlCENDUM
1974 2746 2093 2794 quod,
2115 2745 2210 2782 sicut
2228 2744 2464 2792 Augustinus
2478 2744 2498 2766 '¹‘

1435 2798 1524 2836 dicit
1542 2803 1568 2845 Υ,
1599 2811 1645 2835 ex
1673 2799 1748 2835 hoc
1776 2798 1883 2847 quod
1911 2798 2105 2835 Dominus
2133 2797 2237 2845 dicit,
2266 2799 2369 2834 Ioan.
2390 2797 2496 2844 xl11*,

1439 2867 1458 2885 «
1486 2853 1561 2894 Qui
1586 2852 1679 2888 lotus
1707 2857 1767 2897 est,
1798 2863 1872 2888 non
1902 2852 2041 2901 indiget
2069 2852 2140 2887 nisi
2161 2857 2198 2887 ut
2215 2851 2328 2899 pedes
2347 2851 2443 2888 lavet
2463 2866 2497 2897 »,

1437 2905 1674 2954 intelligimus
1692 2905 1842 2940 Petrum
1863 2909 1895 2940 et
1914 2904 2006 2940 alios
2024 2905 2160 2940 Christi
2176 2903 2370 2951 discipulos
2386 2904 2500 2948 fuisse

1436 2958 1644 3006 baptizatos,
1664 2958 1740 2994 sive
1758 2958 1937 3006 baptismo
1955 2958 2121 3002 Ioannis,
2141 2958 2233 2992 sicut
2252 2956 2422 2993 nonnulli
2438 2968 2499 2992 ar-

1437 3011 1641 3054 bitrantur,·
1667 3011 1754 3055 sive,
1776 3009 1874 3058 quod
1897 3010 2020 3059 magis
2042 3009 2215 3045 credibile
2240 3014 2300 3054 est,
2320 3010 2499 3056 baptismo

1441 3063 1584 3099 Christi.
1610 3063 1743 3112 Neque
1761 3063 1859 3098 enim
1879 3063 1999 3098 renuit
2017 3063 2259 3098 ministerium
2279 3061 2498 3111 baptizandi,

1438 3121 1475 3152 ut
1493 3116 1644 3152 haberet
1661 3127 1786 3153 servos
1804 3113 1817 3136 δ
1839 3127 1912 3164 per
1931 3126 2020 3164 quos
2039 3120 2177 3151 ceteros
2196 3115 2404 3164 baptizaret.
2625 3115 2639 3140 ὃ

1490 3169 1547 3204 AD
1566 3180 1726 3205 TERTIUM
1744 3179 1926 3205 DICENDUM
1945 3167 2053 3216 quod
2081 3166 2278 3204 audientes
2305 3166 2500 3216 praedica-

1437 3220 1583 3258 tionem
1611 3220 1711 3257 Petri
1740 3228 1970 3270 acceperunt
1997 3220 2177 3257 effectum
2197 3219 2500 3257 confirmationis

1438 3273 1686 3311 miraculose:
1717 3286 1797 3310 non
1825 3281 1955 3311 tamen
1983 3281 2267 3310 sacramentum
2295 3272 2500 3309 confirma·
2528 3283 2538 3292 ·
2557 3281 2625 3308 Resp.
2645 3281 2673 3301 aa
2690 3286 2712 3305 2³

2528 3311 2569 3329 art.
2590 3313 2616 3335 2,
2637 3307 2665 3328 ad
2687 3313 2713 3332 ις

1437 3326 1562 3364 tionis.
1606 3326 1762 3363 Dictum
1794 3334 1849 3363 est
1877 3333 2007 3363 autern
2025 3325 2045 3347 ’¹‘
2073 3326 2180 3375 quod
2217 3326 2375 3363 effectus
2409 3337 2500 3362 con·
2527 3337 2607 3361 m.4‚
2623 3334 2651 3355 nd
2668 3340 2685 3354 ..

2522 1960 2531 1969 ·
2541 1959 2591 1980 Art.
2603 1965 2620 1985 ι;
2631 1964 2671 1986 qu.
2681 1963 2734 1984 va,

2521 1989 2563 2007 art.
2580 1993 2599 2007 ι.

2526 2743 2713 2802 ξιῗρρξιῖιῗχὲᾱ

2525 2797 2695 2819 Seleucnanam.

2621 2833 2638 2858 γ

2526 2860 2536 2870 ·
2551 2858 2618 2880 Vei-s.
2635 2864 2668 2879 ιο.

1491 3449 1518 3484 γ)
1538 3450 1611 3475 dicit.
1638 3464 1658 3468 -
1684 3450 1750 3475 d1‘c1't
1776 3448 1911 3475 cele'cianff
1939 3450 1956 3480 1,
1977 3449 2042 3474 dicit
2068 3453 2162 3475 contra
2189 3449 2367 3475 celeucianum
2391 3449 2437 3473 sG.
2462 3448 2500 3473 Cf.

1437 3494 1483 3519 qu.
1502 3493 1600 3510 Lxxxxv.
1619 3491 1665 3510 art.
1685 3493 1709 3518 7.
1729 3484 1750 3511 θ.

1491 3520 1516 3555 δ)
1535 3528 1633 3546 servos.
1651 3535 1670 3540 -
1688 3524 1714 3546 et
1732 3521 1880 3554 baptizatos
1898 3527 1988 3546 servos
2008 3521 2035 3546 P.
