2878 4088
87 513 98 523 ·
114 510 171 533 Can.
185 509 276 532 1uaae1.

89 771 100 783 ⁸
107 770 190 793 Cfim.
195 770 300 799 praeced.

91 1390 232 1414 ‘Verum

1031 196 1296 245 QUAESTIO
1326 195 1424 242 LIX,
1446 193 1739 232 ARTICULUS
1768 194 1818 230 IV

328 280 398 311 lum
420 279 460 310 sit
483 280 510 310 si
532 278 634 309 fidelis
658 283 861 309 commaneat
885 287 960 309 cum
983 277 1104 308 infideli
1128 286 1204 307 curn
1228 284 1292 316 qua
1310 276 1398 316 prius

329 328 545 359 contraxerat,
570 328 601 353 et
624 322 728 353 adhuc
755 323 876 359 maius,
901 323 977 362 quia
998 322 1156 362 neophyti
1179 319 1302 351 facilius
1326 329 1398 360 per-

328 373 495 398 vertuntur
519 377 617 407 quam
640 367 685 397 illi
709 368 765 407 qui
788 373 862 397 sunt
885 367 994 397 nutriti
1010 367 1044 396 in
1059 365 1140 396 fide:
1164 365 1290 395 videtur
1308 363 1398 404 quod

328 410 431 443 fidelis
465 417 540 452 post
573 412 819 442 conversionem
850 418 918 442 non
949 410 1051 451 possit
1084 418 1289 440 commanere
1323 418 1398 439 cum

329 464 430 488 uxore
452 454 584 486 infideli.

386 508 415 531 2.
440 501 638 536 Pinara-ana,
653 499 796 536 XXVIII,
814 508 869 540 qu.
885 507 897 529 1
911 500 939 535 *,
957 498 1085 529 dicitur:
1102 498 1178 528 Non
1195 502 1305 538 potest
1327 496 1398 538 infl-

329 545 410 576 dalis
433 545 466 575 in
490 545 560 575 eius
582 544 811 575 coniunctione
833 552 1029 584 permanere
1051 550 1134 583 quae
1157 542 1222 572 iam
1246 542 1278 572 in
1305 541 1399 571 Chri-

328 590 469 620 stianam
500 589 661 619 translata
691 593 738 619 est
757 588 871 629 fidem.
906 588 993 628 Ergo
1020 586 1123 617 fidelis
1150 587 1246 616 habet
1267 593 1399 616 necesse

329 641 466 665 uxorem
488 632 653 664 infidelem
677 632 846 663 dimittere.

387 679 417 709 3.
441 678 637 714 Pan-rann,
654 677 896 707 matrimonium
921 675 1011 716 quod
1033 676 1115 705 inter
1138 673 1249 704 fideles
1273 678 1398 704 contra-

330 723 432 758 hitur,
458 727 504 752 est
531 721 704 762 perfectius
735 729 833 761 quam
863 718 943 750 illud
973 718 1063 759 quod
1092 718 1289 749 contrahitur
1318 718 1400 748 inter

330 766 476 798 infideles
491 766 519 797 *-
543 765 606 797 Sed
622 767 648 796 si
662 765 773 796 fideles
790 765 978 795 contrahant
996 765 1030 793 in
1045 762 1146 803 gradu
1168 762 1343 802 prohibito,
1361 762 1399 792 ab

330 811 474 842 Ecclesia
496 810 679 841 dissolvitur
702 817 816 840 eorum
838 808 1090 838 matrimonium.
1122 806 1209 846 Ergo
1233 811 1264 837 et
1286 805 1401 836 infide-

330 855 420 886 lium.
444 855 486 885 Et
509 854 552 885 ita
574 855 622 884 vir
643 853 746 884 fidelis
761 861 829 883 non
845 857 952 892 potest
975 859 1181 882 commanere
1204 858 1280 881 cum
1299 858 1400 881 uxore

330 899 462 935 infideli,
478 899 519 929 ad
533 899 641 928 minus
664 897 795 938 quando
819 905 894 927 cum
918 905 955 927 ea
978 897 1012 926 in
1034 895 1221 926 infidelitate
1244 894 1401 925 contraxit

330 944 364 974 in
386 943 487 984 gradu
510 942 685 983 prohibito.

384 995 417 1026 4.
441 987 638 1022 Puerum,
656 983 770 1026 aliquis
793 983 930 1015 infidelis
953 985 1049 1015 habet
1071 983 1270 1024 quandoque
1293 984 1400 1024 plures

329 1041 456 1067 uxores,
481 1030 662 1061 secundum
685 1030 782 1060 ritum
805 1037 882 1060 suae
905 1029 993 1070 legis.
1024 1027 1058 1060 Si
1081 1037 1158 1069 ergo
1181 1033 1289 1068 potest
1312 1035 1401 1059 com—

329 1084 460 1107 manere
483 1083 560 1105 cum
583 1074 644 1105 illis
668 1083 744 1105 cum
768 1074 886 1114 quibus
908 1074 942 1104 in
964 1073 1152 1104 infidelitate
1172 1073 1338 1109 contraxit,
1354 1073 1402 1102 vi-

330 1119 423 1151 detur
445 1119 537 1160 quod
557 1119 661 1159 possit
684 1118 781 1149 etiam
803 1123 878 1159 post
899 1118 1146 1148 conversionem
1162 1117 1270 1158 plures
1285 1125 1401 1148 uxores

329 1163 476 1196 retinere.

387 1208 417 1240 5.
441 1209 645 1244 Pure-nuni,
673 1212 781 1248 potest
803 1207 990 1247 contingere
1019 1205 1124 1247 quod,
1148 1205 1315 1246 repudiata
1337 1213 1402 1236 una

330 1261 442 1290 uxore,
466 1253 561 1284 aliam
584 1252 718 1288 duxerit,
743 1256 775 1282 et
797 1252 831 1282 in
854 1251 911 1282 illo
934 1250 1142 1281 matrimonio
1165 1251 1301 1281 existens
1323 1259 1401 1281 con-

330 1302 480 1335 vertatur.
512 1297 648 1327 Videtur
678 1305 755 1337 ergo
786 1295 892 1336 quod,
917 1296 1029 1326 saltem
1059 1296 1092 1326 in
1119 1295 1184 1326 hoc
1215 1303 1309 1331 casu,
1333 1303 1402 1326 non

330 1342 434 1383 possit
455 1350 532 1372 cum
554 1349 656 1372 uxore
680 1348 779 1380 quam
801 1339 842 1371 de
864 1348 953 1370 novo
976 1340 1082 1376 habet,
1106 1347 1324 1370 commanere.

387 1386 450 1417 San
475 1395 599 1416 com-iu.
626 1394 680 1416 nsi·
708 1384 799 1425 quod
820 1384 1009 1425 Apostolus,
1027 1384 1040 1414 I
1058 1384 1135 1414 Cor.
1151 1392 1196 1415 vn
1211 1385 1238 1420 ⁴,
1262 1383 1403 1415 consulit

332 1429 423 1472 quod
445 1434 683 1461 commaneant.
1397 1466 1399 1469 Ι

385 1483 416 1505 2.
439 1474 637 1510 Puni-am,
654 1472 781 1504 nullum
796 1473 1065 1513 impedimentum
1081 1473 1310 1513 superveniens
1324 1480 1402 1502 vero

331 1519 538 1550 matrimonio
568 1518 652 1548 tollit
681 1518 799 1558 ipsum.
833 1517 896 1548 Sed
922 1518 1166 1548 matrimonium
1195 1522 1262 1547 erat
1288 1524 1403 1547 verum

331 1562 463 1604 quando
486 1568 623 1602 uterque
646 1561 783 1592 infidelis
807 1567 882 1592 erat.
907 1562 1004 1602 Ergo,
1021 1561 1152 1602 quando
1172 1561 1250 1591 alter
1268 1569 1403 1591 conver·
1417 1565 1443 1586 ³⁰

330 1607 418 1644 titur,
433 1616 503 1637 non
523 1606 682 1637 dirimitur
703 1615 762 1646 per
783 1606 848 1636 hoc
870 1607 1123 1636 matrimonium.
1148 1603 1189 1636 Et
1211 1606 1255 1636 ita
1277 1604 1403 1635 videtur

331 1650 423 1692 quod
444 1651 547 1691 possit
568 1650 654 1681 licite
678 1659 894 1680 commanere.

385 1695 576 1726 Rnsronnao
599 1703 761 1725 nrcannma
784 1693 875 1734 quod
897 1694 976 1725 fides
1000 1695 1068 1725 eius
1093 1692 1150 1734 qui
1173 1698 1220 1724 est
1242 1694 1275 1724 in
1294 1693 1403 1724 matri·

331 1740 456 1776 monio,
479 1749 548 1770 non
571 1739 676 1775 solvit,
700 1737 757 1769 sed
778 1738 904 1779 perficit
926 1739 1180 1769 matrimonium.
1204 1737 1310 1774 Unde,
1327 1746 1403 1768 cum

331 1785 415 1816 inter
427 1783 574 1815 infideles
596 1783 637 1814 sit
653 1790 768 1814 verum
790 1783 1045 1819 matrimonium,
1061 1788 1098 1813 ut
1112 1791 1151 1813 ex
1168 1781 1259 1812 dictis
1271 1783 1288 1799 ¹*
1303 1787 1402 1822 patet,
1419 1791 1441 1811 ις

331 1837 390 1870 per
411 1829 476 1859 hoc
500 1827 590 1869 quod
612 1827 691 1858 alter
714 1836 828 1858 eorum
852 1827 1048 1858 convertitur
1071 1826 1111 1857 ad
1133 1825 1248 1863 fidem,
1273 1835 1341 1857 non
1365 1834 1403 1856 ex

331 1873 396 1904 hoc
418 1873 492 1914 ipso
513 1872 681 1903 vinculum
710 1872 908 1902 matrimonii
938 1871 1082 1902 solvitur.
1115 1870 1178 1902 Sed
1207 1870 1402 1911 aliquando,

331 1917 463 1948 vinculo
485 1917 682 1948 matrimonii
705 1921 866 1953 manente,
883 1916 1017 1947 solvitur
1039 1915 1283 1946 matrimonium
1302 1923 1404 1955 quan-

331 1967 403 1993 tum
426 1961 467 1993 ad
489 1961 761 1992 cohabitationem
785 1966 817 1991 et
840 1960 938 1991 debiti
960 1960 1168 2001 solutionem.
1194 1960 1229 1990 In
1245 1967 1312 2000 quo
1335 1959 1404 2000 pari

2443 202 2508 230 121

1452 279 1526 304 sunt
1543 273 1681 304 adstricti
1704 274 1827 303 statutis
1844 273 2004 303 Ecclesiae
2021 275 2048 310 *‚
2065 274 2120 304 sed
2144 280 2218 304 sunt
2241 274 2378 305 adstricti
2395 276 2517 304 statutis
2545 284 2554 294 ·

1451 318 1527 349 iuris
1558 317 1667 348 divini.
1698 317 1739 347 Et
1761 316 1852 352 ideo,
1877 318 1902 347 si
1930 322 2154 348 contraxerunt
2184 319 2281 358 aliqui
2312 318 2456 349 infideles
2483 320 2515 350 in

1452 362 1601 404 gradibus
1624 361 1792 402 prohibitis
1815 361 1993 391 secundum
2010 362 2113 401 legem
2130 362 2279 399 divinam,
2293 363 2392 393 Levit.
2403 372 2478 394 xvm
2490 364 2516 399 ”,
2547 370 2557 380 ·
2571 368 2638 390 Vera.
2649 368 2663 389 6
2678 374 2731 396 sqq.

1453 407 1519 437 sive
1541 411 1677 446 uterque
1701 406 1766 436 sive
1791 405 1867 435 alter
1890 405 1930 435 ad
1950 405 2047 435 fidem
2072 412 2283 443 convertatur,
2299 417 2367 437 non
2383 413 2518 448 possunt

1452 452 1486 482 in
1509 449 1564 481 tali
1586 450 1791 481 matrimonio
1815 458 2030 480 commanere.
2055 449 2088 480 Si
2111 456 2218 480 autern
2242 457 2466 482 contraxerunt
2484 452 2517 482 in

1452 495 1601 536 gradibus
1624 494 1792 535 prohibitis
1815 503 1874 534 per
1898 499 2051 524 statutum
2076 494 2247 530 Ecclesiae,
2272 502 2406 535 possunt
2429 505 2519 526 com-

1452 548 1582 570 manere
1598 540 1625 575 ⁶,
1642 539 1667 569 si
1690 544 1826 578 uterque
1850 543 2062 573 convertatur,
2080 538 2130 568 vel
2153 539 2189 574 si,
2206 548 2273 569 uno
2297 549 2463 576 converso,
2481 541 2519 570 sit

1453 593 1525 624 spes
1549 583 1588 614 de
1612 583 1822 614 conversione
1846 582 1982 612 alterius.

1508 628 1559 658 An
1584 637 1733 657 auAR'rtm
1755 636 1915 657 mcnnnmr
1938 625 2028 666 quod
2055 626 2172 656 habere
2199 627 2306 666 plures
2334 637 2449 658 uxores
2473 634 2520 658 est

1454 677 1566 703 contra
1588 672 1694 711 legem
1721 676 1869 706 naturae,
1894 671 1947 701 cui
1971 670 2066 700 eu'am
2095 669 2239 700 infideles
2269 676 2344 701 sunt
2372 671 2519 702 adstricti.

1453 716 1495 746 Et
1516 716 1591 746 ideo
1615 725 1683 746 non
1707 721 1754 746 est
1777 725 1889 745 verum
1919 715 2160 745 matrimonium
2191 714 2327 745 infidelis
2357 716 2417 745 nisi
2446 725 2520 746 cum

1453 760 1507 790 illa
1529 768 1605 790 cum
1629 768 1694 800 qua
1716 760 1822 800 primo
1842 759 2007 789 contraxit.
2032 758 2137 797 Unde,
2154 759 2179 789 si
2195 759 2262 799 ipse
2280 768 2354 789 cum
2371 760 2521 790 omnibus

1454 805 1519 834 suis
1542 804 1697 834 uxoribus
1721 809 1934 840 convertatur,
1951 808 2058 844 potest
2081 812 2156 833 cum
2179 804 2283 843 prima
2306 813 2521 840 commanere,

1455 853 1486 879 et
1509 848 1584 878 alias
1608 848 1703 878 debet
1726 849 1861 878 abiicere
1877 848 1903 878 ”.
1928 865 1950 870 -
1973 847 2006 878 Si
2030 853 2138 877 autem
2165 848 2268 887 prima
2296 849 2439 878 converti
2462 858 2522 879 no-

1454 893 1558 929 luerit,
1575 898 1607 923 et
1630 893 1737 933 aliqua
1760 892 1894 923 aliarum
1917 897 2130 928 convertatur,
2147 891 2232 922 idern
2256 893 2306 922 ius
2329 892 2424 923 habet
2445 903 2522 923 con-

1454 936 1600 967 trahendi
1623 945 1698 967 cum
1721 936 1774 967 illa
1797 936 1837 967 de
1860 945 1948 967 novo
1973 935 2063 977 quod
2085 945 2161 967 curn
2184 936 2243 966 alia
2261 937 2373 967 habet:
2399 936 2438 967 de
2454 946 2521 978 quo

1454 987 1529 1022 post
1543 982 1560 998 *
1584 981 1717 1012 dicetur.

1510 1026 1561 1056 An
1585 1035 1726 1056 ommim
1749 1034 1909 1056 meamus«
1925 1025 2015 1065 quod
2030 1024 2203 1066 repudium
2225 1025 2333 1056 uxoris
2350 1030 2397 1056 est
2413 1031 2524 1056 contra

1455 1070 1560 1110 legem
1582 1076 1725 1101 naturae.
1749 1067 1844 1101 Unde
1867 1069 1988 1100 infideli
2006 1070 2165 1100 nonlicet
2187 1079 2322 1100 uxorem
2344 1070 2521 1111 repudiare.

1455 1115 1497 1145 Et
1518 1114 1604 1151 ideo,
1629 1115 1655 1145 si
1678 1119 1883 1145 convertatur
1905 1119 2089 1154 postquam,
2113 1124 2178 1144 una
2200 1113 2375 1154 repudiata,
2392 1115 2523 1145 alteram

1456 1159 1597 1196 duxerit,
1621 1159 1708 1190 idem
1731 1159 1887 1189 iudicium
1911 1163 1958 1189 est
1981 1158 2020 1189 de
2043 1159 2108 1189 hoc
2131 1164 2163 1189 et
2185 1158 2225 1189 de
2248 1158 2304 1189 illo
2332 1159 2388 1199 qui
2415 1159 2523 1199 plures

1455 1212 1572 1235 uxores
1594 1204 1746 1234 habebat:
1772 1204 1847 1243 quia
1869 1208 1996 1233 tenetur
2014 1204 2161 1243 primam,
2179 1212 2276 1243 quam
2292 1202 2522 1243 repudiaverat,

1456 1249 1611 1289 accipere,
1636 1248 1662 1278 si
1686 1249 1830 1278 converti
1852 1248 1999 1284 voluerit,
2025 1252 2056 1278 et
2079 1247 2172 1278 aliam
2196 1248 2332 1278 abiicere
2347 1249 2374 1278 *.

1526 1323 1626 1354 ART.
1652 1323 1705 1353 IV.
1729 1333 1835 1353 urium
1858 1333 1976 1353 munus
2000 1332 2175 1353 convensus
2198 1332 2302 1354 Possrr
2324 1333 2451 1354 uxomm

1604 1377 1773 1398 munzun
1795 1377 1962 1397 murra-emt
1985 1377 2152 1398 vomurma
2176 1376 2371 1398 commi-ann

1749 1421 1815 1442 SINE
1839 1421 2037 1442 CONTUMBLIA
2061 1420 2230 1442 CRRATORIS

1929 1462 1980 1484 Art.
1996 1468 2044 1490 seq.

1521 1522 1542 1544 1>
1574 1521 1723 1544 nuanwn
1746 1522 1792 1544 s1c
1815 1522 2019 1543 raocnnmm.
2051 1510 2185 1543 Videtur
2208 1512 2297 1552 quod
2320 1512 2422 1544 fidelis
2446 1523 2524 1544 con-

1457 1525 1630 1589 Aversus
1660 1566 1728 1588 non
1751 1558 1853 1598 possit
1879 1565 2014 1588 uxorem
2037 1556 2200 1587 infidelem
2227 1557 2385 1588 dimittere
2412 1558 2524 1588 volen—

1455 1608 1522 1634 tem
1539 1603 1720 1633 cohabitare
1735 1602 1805 1632 sine
1820 1602 2014 1632 contumelia
2030 1601 2198 1632 Creator-is
2209 1602 2235 1631 *.
2256 1602 2359 1632 Maius
2374 1603 2461 1632 enim
2478 1608 2524 1633 est

1456 1647 1623 1678 vinculum
1645 1647 1704 1677 viri
1727 1645 1767 1676 ad
1789 1646 1959 1676 mulierem
1983 1654 2081 1686 quam
2102 1646 2182 1676 servi
2199 1645 2238 1675 ad
2257 1645 2437 1677 dominum.
2462 1646 2523 1678 Sed

1456 1700 1566 1722 servus
1597 1700 1771 1722 conversus
1797 1699 1866 1720 non
1893 1690 2067 1720 absolvitur
2090 1699 2108 1720 a
2131 1690 2288 1720 servitutis
2311 1691 2460 1721 vinculo:
2489 1697 2525 1722 ut

1456 1741 1544 1777 patet
1567 1735 1580 1766 1
1598 1735 1675 1766 Cor.
1691 1745 1735 1764 vn
1750 1735 1767 1751 ⁴*
1791 1740 1822 1764 et
1845 1733 1857 1764 1
1878 1734 1957 1764 Tim.
1973 1742 2006 1765 vt
2022 1735 2066 1764 ”.
2094 1733 2181 1774 Ergo
2205 1739 2236 1764 et
2258 1735 2306 1764 vir
2327 1744 2395 1765 non
2418 1739 2526 1775 potest

1456 1789 1591 1811 uxorem
1614 1778 1778 1810 infidelem
1802 1778 1970 1809 dimittere.

1514 1834 1543 1855 2.
1567 1824 1764 1859 Pmn‘rmuza,
1789 1823 1897 1853 nullus
1920 1828 2028 1862 potest
2051 1820 2139 1853 alteri
2161 1822 2395 1862 praeiudicium
2422 1822 2526 1854 facere

1457 1870 1526 1900 sine
1556 1877 1717 1899 consensu
1746 1867 1856 1908 ipsius.
1890 1866 1954 1898 Sed
1982 1876 2065 1897 uxor
2093 1866 2231 1897 infidelis
2260 1867 2397 1898 habebat
2419 1868 2469 1898 ius
2492 1869 2526 1898 in

1458 1921 1594 1954 corpore
1616 1913 1675 1943 viri
1697 1911 1845 1942 infidelis.
1869 1911 1903 1942 Si
1927 1919 2002 1952 ergo
2025 1921 2083 1952 per
2101 1911 2164 1941 hoc
2184 1911 2274 1951 quod
2296 1912 2343 1942 vir
2366 1911 2406 1942 ad
2428 1911 2526 1942 fidem

1458 1958 1664 1993 convertitur,
1689 1956 1804 1987 mulier
1826 1955 2060 1996 praeiudicium
2078 1956 2144 1996 pati
2167 1961 2285 1996 posset,
2307 1961 2343 1986 ut
2365 1956 2463 1987 libere
2480 1956 2526 1987 di—

2613 289 2635 310 p.
2663 282 2757 304 Gaude-

2543 315 2602 337 mus,
2618 309 2647 330 de
2662 309 2756 330 Divort.

2546 547 2555 556 ·
2579 545 2636 572 Cap.
2663 544 2757 566 Gaude-

2545 578 2603 597 mus,
2620 571 2650 593 de
2663 571 2757 592 Divort.

2548 862 2560 872 ·
2573 860 2632 881 ibid.

2550 989 2559 999 ·
2574 988 2624 1009 Art.
2639 993 2659 1015 5.

2550 1230 2655 1284 ἷηηῗῗῖῐε
2667 1229 2762 1278 fixa

2551 1609 2560 1618 ·
2568 1606 2602 1628 Cf.
2612 1612 2662 1634 cap.
2670 1606 2764 1628 Gaude-

2550 1640 2608 1659 mm,
2619 1634 2648 1655 de
2657 1633 2750 1655 Dinon.

2552 1738 2563 1749 ⁶
2578 1737 2644 1758 Vei-s.
2661 1743 2694 1758 21.

2552 1765 2574 1776 '²
2588 1764 2655 1785 Vers-
2673 1770 2680 1785 ι
2699 1769 2751 1791 sqq.

332 2014 428 2047 passu
451 2011 584 2037 currunt
598 2004 768 2036 infidelitas
791 2010 823 2036 et
841 2004 1049 2036 adulterium:
1075 2005 1152 2045 quia
1166 2009 1341 2044 utrumque
1357 2008 1405 2034 est
1418 2015 1444 2037 4⁰
1457 2003 1646 2038 mitteretur,
1663 2011 1731 2032 non
1746 2006 1856 2041 posset
1874 2001 1921 2030 vir
1942 2001 2084 2031 converti
2100 1999 2140 2030 ad
2155 1999 2252 2030 fidem
2276 2001 2344 2030 sine
2368 2010 2527 2031 consensu

332 2056 445 2082 eontra
474 2051 599 2081 bonum
627 2049 738 2090 prolis.
769 2049 881 2086 Unde,
905 2050 987 2079 sicut
1014 2057 1049 2079 se
1072 2049 1167 2079 habet
1189 2049 1224 2079 in
1246 2053 1404 2088 potestate
1457 2047 1583 2077 uxoris:
1609 2046 1690 2076 sicut
1705 2055 1767 2076 nec
1782 2050 1889 2085 potest
1908 2044 2057 2081 ordinari,
2073 2054 2134 2075 nec
2149 2054 2267 2075 vovere
2284 2045 2526 2082 continentiam,

332 2094 513 2126 dimittendi
536 2094 712 2126 adulteram
727 2094 779 2124 vel
795 2093 1023 2124 commanendi
1047 2101 1122 2123 cum
1138 2102 1185 2129 ea,
1201 2093 1246 2122 ita
1254 2098 1294 2123 se
1309 2093 1405 2123 habet
1457 2092 1526 2121 sine
1549 2100 1710 2121 consensu
1733 2090 1850 2120 uxoris.

331 2140 366 2170 in
380 2145 540 2180 potestate
556 2137 738 2170 dimittendi
753 2137 918 2168 infidelem
932 2138 984 2168 vel
1000 2136 1226 2168 commanendi
1240 2145 1316 2167 cum
1327 2145 1366 2167 ea
1377 2137 1404 2167 *.
1515 2135 1545 2166 3.
1568 2135 1765 2170 Pmranna,
1782 2134 1808 2163 si
1823 2133 1938 2173 aliquis
1957 2133 2122 2163 contrahat
2145 2141 2220 2163 cum
2244 2132 2358 2163 ancilla
2380 2134 2525 2170 scienter,

332 2184 443 2215 Potest
465 2184 552 2214 enim
570 2183 620 2213 vir
633 2183 792 2213 innocens
814 2182 913 2212 libere
936 2190 1066 2212 manere
1089 2190 1165 2212 cum
1188 2180 1330 2212 adultera
1348 2189 1405 2221 spe
1459 2180 1524 2210 sive
1548 2180 1588 2209 sit
1611 2188 1719 2209 servus
1743 2178 1808 2208 sive
1832 2177 1920 2213 liber,
1942 2185 2010 2207 non
2033 2182 2165 2217 propter
2187 2176 2344 2207 diversam
2367 2177 2526 2208 conditio-

333 2228 542 2260 correctionis
558 2227 640 2267 (non
656 2232 765 2257 autem
780 2227 807 2257 si
822 2227 857 2257 in
873 2225 1019 2256 adulterii
1040 2231 1174 2267 peccato
1196 2225 1291 2255 fuerit
1307 2225 1405 2256 obsti·
1419 2236 1443 2257 ⁴5
1458 2233 1535 2254 nem
1549 2228 1657 2264 potest
1671 2223 1775 2263 ipsam
1791 2221 1948 2252 dimittere
1964 2223 1991 2252 ’ἱ
2016 2221 2102 2252 Cum
2125 2230 2201 2262 ergo
2225 2222 2281 2257 vir,
2298 2222 2428 2262 quando
2449 2231 2526 2252 con-

93 2277 104 2288 ·
127 2275 176 2325 ffl-
200 2275 259 2304 1¹⁸?-
279 2275 306 2298 ὀ·
331 2278 416 2309 nata,
430 2281 474 2303 ne
491 2271 636 2303 videatur
655 2276 815 2312 patronus
838 2269 1048 2313 turpitudinis
1062 2270 1110 2310 *);
1136 2270 1292 2310 quamvis,
1309 2270 1405 2300 etiam
1458 2269 1551 2299 traxit
1574 2276 1650 2298 cum
1672 2266 1804 2303 infideli,
1829 2266 1954 2296 sciverit
1977 2275 2048 2296 eam
2073 2275 2140 2296 esse
2163 2265 2337 2302 infidelem,
2361 2266 2486 2297 videtur
2509 2276 2527 2297 a

93 2302 305 2357 finiffissssaej
333 2326 410 2348 cum
432 2325 490 2357 spe
513 2316 731 2352 correctionis,
748 2316 850 2356 possit
865 2324 936 2346 eam
952 2315 1051 2345 libere
1067 2314 1235 2345 dimittere.
1255 2314 1406 2345 Similiter
1459 2313 1554 2343 simili
1570 2311 1661 2352 quod
1675 2321 1743 2342 non
1759 2311 1860 2351 possit
1876 2319 1947 2340 eam
1963 2310 2122 2340 dimittere
2141 2315 2273 2350 propter
2295 2309 2525 2341 infidelitatem.

91 2355 304 2405 fflssffieffin·
332 2360 437 2392 fidelis
452 2369 626 2403 conversus
647 2365 756 2400 potest
774 2368 850 2390 cum
868 2358 991 2390 infideli
1013 2367 1143 2390 manere
1163 2368 1238 2389 cum
1254 2368 1311 2399 spe
1326 2367 1405 2389 con·
1514 2366 1545 2396 4.
1570 2355 1766 2392 Priamum,
1791 2360 1880 2396 pater
1905 2360 2032 2385 tenetur
2054 2364 2093 2385 ex
2116 2354 2225 2384 debito
2248 2362 2420 2395 procurare
2443 2355 2526 2386 salu-

93 2398 305 2437 “numqui
332 2406 504 2442 versionis,
528 2405 555 2435 si
583 2413 654 2436 earn
677 2405 711 2435 in
742 2403 928 2435 infidelitate
954 2404 1147 2434 obstinatam
1176 2410 1245 2433 non
1274 2402 1403 2433 viderit:
1458 2406 1525 2432 tem
1547 2401 1656 2441 prolis.
1682 2399 1745 2431 Sed
1768 2400 1794 2430 si
1816 2398 1992 2430 discederet
2015 2400 2053 2429 ab
2077 2398 2198 2429 infideli
2221 2407 2332 2435 uxore,
2355 2398 2413 2429 filii
2437 2409 2526 2429 com-

95 2441 111 2459 ι’
334 2455 367 2481 et
388 2450 472 2481 bene
499 2449 576 2480 facit
603 2447 860 2485 commanendo,
883 2448 1011 2479 tametsi
1031 2456 1101 2478 non
1123 2452 1260 2478 tenetur.
1294 2447 1335 2478 Et
1364 2446 1405 2477 de
1420 2457 1446 2478 ςο
1458 2454 1574 2476 munes
1597 2446 1690 2475 matri
1712 2449 1923 2480 remanerent,
1940 2444 2016 2484 quia
2032 2448 2147 2484 partus
2168 2444 2314 2484 sequitur
2336 2448 2478 2474 ventrem
2493 2445 2525 2474 'z

93 2497 105 2509 ⁸
121 2496 175 2520 VH·
192 2499 243 2525 Μ
257 2495 308 2519 Soa
333 2495 398 2526 hoc
420 2499 468 2525 est
490 2493 665 2524 consilium
686 2493 838 2533 Apostoli
853 2494 880 2523 *.
1459 2495 1491 2520 et
1506 2490 1550 2520 sic
1570 2494 1675 2520 essent
1697 2490 1731 2519 in
1753 2488 1898 2529 periculo
1922 2488 2040 2518 salutis.
2065 2488 2150 2528 Ergo
2174 2497 2243 2518 non
2263 2492 2370 2528 potest
2391 2497 2526 2518 uxorem

93 2521 307 2577 maa-iffi·
388 2539 440 2569 An
463 2547 582 2568 »amun
604 2547 688 2568 aneo
712 2545 874 2568 memmi
897 2536 988 2577 quod
1010 2536 1134 2567 facilius
1156 2535 1331 2577 impeditur
1349 2535 1405 2566 ali-
1458 2534 1622 2565 infidelem
1645 2534 1731 2564 licite
1755 2532 1922 2564 dimittere.

93 2575 298 2600 «nascemini

91 2144 103 2156 ·
117 2143 154 2166 cr.
177 2148 228 2166 em.
249 2142 304 2165 1⁶0-

91 2169 207 2223 gum:
215 2175 305 2225 ‘iffi'

2553 2227 2564 2238 ‘
2571 2226 2606 2248 Cf.
2613 2232 2695 2253 qua-u,
2702 2229 2764 2248 arm.

2553 2443 2564 2454 '¹
2578 2441 2636 2464 Cod.
2646 2442 2685 2466 111.
2694 2447 2765 2468 xxxu,

2554 2468 2631 2490 deRei
2640 2468 2736 2495 vindic„
2743 2475 2764 2496 7.

93 2608 158 2626 enno.
189 2592 306 2626 nvm’
334 2582 414 2625 quid
435 2582 591 2619 fiendum,
616 2590 715 2623 quam
738 2581 918 2613 destruatur
942 2580 1032 2622 quod
1055 2581 1114 2611 rite
1137 2580 1259 2611 factum
1283 2586 1340 2611 est.
1364 2580 1405 2610 Et
1516 2579 1545 2609 5.
1570 2579 1767 2614 szraaaa,
1793 2577 1916 2608 adulter
1939 2583 2007 2607 non
2029 2581 2137 2616 potest
2160 2575 2335 2606 adulteram
2358 2574 2527 2613 dimittere,

93 2635 164 2679 22¹³
178 2619 308 2678 “vd-3⁶33}
333 2626 409 2659 ideo
431 2627 534 2658 multa
554 2632 630 2658 sunt
645 2635 728 2667 quae
743 2625 925 2667 impediunt
947 2626 1190 2656 matrimonium
1213 2625 1405 2656 contrahen-
1459 2623 1555 2654 etiam
1578 2628 1753 2663 postquam
1776 2621 1816 2652 de
1840 2621 1996 2652 adulterio
2020 2621 2252 2661 poenitentiam
2277 2621 2349 2661 egit.
2380 2621 2477 2661 Ergo,
2502 2622 2528 2651 si

93 2662 192 2706 ,αἶ’
334 2671 414 2703 dum
429 2672 455 2702 si
470 2671 672 2712 praecedant,
689 2680 773 2711 quae
793 2675 902 2701 tamen
924 2670 1033 2710 ipsum
1048 2678 1117 2700 non
1132 2675 1270 2710 possunt
1291 2668 1405 2699 dissol·
1420 2679 1443 2699 55
1459 2668 1498 2698 sit
1520 2667 1608 2698 idem
1638 2666 1795 2697 iudicium
1818 2665 1858 2696 de
1881 2665 2026 2696 adultero
2051 2670 2082 2695 et
2105 2664 2227 2695 infideli
2242 2666 2276 2701 ³,
2300 2674 2360 2695 nec
2391 2664 2527 2696 infidelis
2554 2666 2565 2677 ·
2579 2665 2615 2687 Cf·
2630 2671 2681 2696 9⁸¹¹·
2699 2664 2753 2686 10¹⁰-

93 2721 122 2760 ··
149 2726 173 2743 n.
195 2725 240 2747 u,
263 2723 307 2751 επ-
333 2726 408 2747 vere
431 2717 458 2746 si
480 2721 671 2756 sequantur:
696 2716 778 2746 sicut
801 2715 842 2746 de
857 2714 1016 2745 affinitate
1038 2719 1126 2755 patet
1142 2715 1168 2745 *.
1197 2714 1238 2745 Et
1261 2714 1405 2744 similiter
1458 2712 1633 2748 infidelem,
1659 2712 1754 2742 etiam
1778 2716 1952 2751 postquam
1976 2709 2015 2740 ad
2038 2709 2136 2740 fidem
2159 2715 2207 2740 est
2230 2718 2412 2740 conversus.
2555 2692 2668 2742 ii’ifitsi'iiJ
2677 2697 2752 2746 {2⁰1⁵}

94 2745 307 2801 {invffi'ffu'
335 2757 510 2792 dicendum
533 2765 580 2790 est
603 2758 643 2790 de
666 2757 847 2800 disparitate
871 2759 987 2789 cultus.
1515 2756 1578 2787 Sat>
1603 2766 1726 2786 comm
1750 2766 1804 2786 asr
1828 2754 1918 2795 quod
1940 2755 2118 2794 Apostolus
2142 2753 2226 2790 dicit,
2252 2754 2263 2783 I
2290 2754 2366 2784 Cor.
2382 2763 2426 2784 vn
2441 2755 2468 2784 '.
2555 2745 2737 2799 Ε’ῖῡζξξζξζῗκ·

389 2805 441 2835 AD
472 2814 636 2834 secuuntur
665 2812 826 2834 nxcmmmr
860 2800 951 2843 quod
983 2803 1016 2833 in
1051 2801 1212 2843 primitiva
1241 2802 1403 2839 Ecclesia,
1516 2809 1546 2831 2.
1570 2801 1774 2836 Pium-muza,
1799 2799 1990 2830 adulterium
2019 2798 2181 2839 spirituale
2205 2803 2251 2828 est
2273 2798 2399 2838 gravius
2429 2808 2527 2838 quam

334 2854 482 2889 tempore
504 2848 751 2888 Apostolorum,
767 2848 886 2888 passim
909 2847 1176 2878 convertebantur
1196 2846 1236 2877 ad
1259 2846 1358 2877 fidem
1374 2852 1405 2877 et
1459 2845 1595 2876 carnale.
1637 2845 1700 2875 Sed
1732 2850 1864 2885 propter
1899 2843 2024 2874 carnale
2055 2843 2246 2873 adulterium
2276 2843 2322 2872 vir
2345 2847 2451 2882 potest
2479 2850 2527 2872 re-

335 2893 446 2924 Iudaei
469 2898 500 2923 et
522 2891 666 2933 gentiles.
691 2892 732 2922 Et
746 2892 822 2922 ideo
844 2897 923 2922 tunc
945 2892 993 2922 vir
1015 2890 1118 2922 fidelis
1140 2896 1267 2932 poterat
1288 2891 1405 2922 habere
1418 2890 1604 2931 solinquere
1628 2898 1763 2920 uxorem
1787 2893 1944 2928 quantum
1960 2887 2000 2918 ad
2016 2887 2296 2918 cohabitationem.
2321 2886 2406 2926 Ergo
2422 2887 2526 2916 multo

334 2937 536 2978 probabilem
559 2945 650 2977 spem
673 2936 714 2967 de
732 2936 841 2967 uxoris
864 2936 1085 2972 conversione,
1103 2936 1199 2966 etiam
1222 2936 1248 2966 si
1271 2943 1406 2966 conver·
1459 2934 1572 2965 fortius
1588 2939 1721 2975 propter
1735 2932 1966 2968 infidelitatem,
1983 2941 2066 2972 quae
2082 2936 2129 2962 est
2145 2931 2336 2961 adulterium
2355 2931 2526 2970 spirituale.

335 2982 462 3013 sionem
477 2990 545 3012 non
561 2982 770 3022 promitteret.
794 2979 1009 3011 Postmodum
1032 2985 1150 3016 autem,
1167 2985 1314 3020 tempore
1328 2987 1406 3020 pro·
1513 2979 1703 3009 Rasroiumo
1727 2986 1888 3008 montinum
1915 2976 2005 3017 quod
2027 2976 2152 3006 homini
2175 2974 2353 3005 secundum
2377 2975 2470 3005 aliam
2495 2980 2526 3005 et

337 3026 481 3063 cedente,
506 3025 615 3056 Iudaei
637 3030 712 3056 sunt
734 3026 835 3066 magis
858 3025 1008 3055 obstinati
1031 3032 1130 3064 quam
1152 3024 1305 3064 gentiles:
1330 3024 1406 3065 quia
1459 3024 1554 3054 aliam
1575 3023 1674 3053 vitam
1696 3022 1820 3053 diversa
1843 3026 2032 3062 competunt
2055 3026 2086 3051 et
2109 3019 2292 3060 expediunt.
2317 3019 2358 3049 Et
2373 3019 2447 3049 ideo
2470 3019 2526 3059 qui

336 3070 470 3111 gentiles
489 3070 594 3101 adhuc
612 3070 771 3100 intrabant
786 3069 826 3100 ad
841 3067 950 3105 fidem,
966 3069 1049 3099 sicut
1063 3074 1210 3109 tempore
1229 3074 1406 3110 martyrum
1458 3068 1595 3098 moritur
1617 3067 1716 3108 priori
1738 3067 1832 3103 vitae,
1848 3074 1917 3096 non
1932 3070 2058 3096 tenetur
2081 3064 2120 3094 ad
2143 3064 2195 3094 illa
2218 3063 2257 3094 ad
2282 3070 2364 3103 quae
2379 3063 2412 3093 in
2428 3063 2527 3103 priori

338 3120 370 3146 et
392 3115 592 3155 temporibus
623 3114 828 3145 Constantini
858 3113 1060 3154 Imperatoris
1087 3118 1119 3143 et
1145 3113 1229 3143 circa
1258 3117 1406 3153 tempora
1419 3119 1444 3145 65
1458 3113 1523 3143 vita
1545 3112 1722 3142 tenebatur.
1746 3111 1788 3142 Et
1802 3110 1877 3141 inde
1901 3115 1947 3140 est
1970 3109 2060 3150 quod
2082 3109 2136 3139 ille
2160 3108 2226 3148 qui,
2242 3108 2275 3138 in
2291 3108 2355 3138 vita
2375 3106 2526 3138 saeculari

337 3158 401 3190 illa.
423 3159 466 3190 Et
487 3158 563 3190 ideo
585 3164 665 3190 tunc
686 3167 755 3189 non
779 3163 846 3189 erat
867 3163 975 3188 tutum
1001 3156 1088 3188 fideli
1111 3165 1187 3187 cum
1209 3164 1310 3188 uxore
1333 3156 1406 3187 infi-
1460 3157 1613 3192 existens,
1637 3154 1744 3196 aliqua
1766 3156 1871 3191 vovit,
1895 3163 1963 3185 non
1993 3159 2119 3184 tenetur
2145 3152 2215 3188 illa,
2239 3151 2370 3192 quando
2402 3151 2526 3182 mundo

339 3201 402 3233 deii
424 3202 541 3234 Iudaea
563 3203 755 3240 cohabitare,
771 3211 832 3233 nec
852 3207 918 3233 erat
940 3210 1013 3242 spes
1036 3201 1076 3232 de
1099 3200 1310 3232 conversione
1326 3202 1405 3238 eius,
1458 3202 1596 3232 moritur
1618 3201 1716 3231 vitam
1739 3199 1921 3240 religiosam
1944 3206 2122 3234 assumens,
2147 3196 2309 3238 perficere.
2340 3196 2395 3226 Ille
2418 3201 2527 3226 autem

338 3246 422 3277 siem
441 3252 510 3278 erat
530 3247 572 3278 de
594 3248 807 3279 conversione
828 3247 938 3278 uxoris
960 3245 1096 3286 gentilis.
1121 3246 1162 3276 Et
1177 3245 1251 3276 ideo
1273 3251 1352 3276 tunc
1368 3245 1406 3276 fi-
1460 3246 1518 3286 qui
1541 3244 1581 3275 ad
1603 3245 1799 3285 baptismum
1822 3243 1954 3279 accedit,
1971 3247 2173 3283 regeneratur
2188 3242 2221 3271 in
2237 3239 2365 3271 Christo
2381 3245 2413 3270 et
2427 3240 2527 3280 priori

339 3290 419 3322 delis
441 3299 614 3322 conversus
642 3297 769 3332 poterat
797 3291 981 3322 cohabitare
1007 3297 1085 3321 curn
1107 3287 1235 3331 gentili,
1259 3289 1316 3320 sed
1337 3298 1406 3320 non
1459 3291 1542 3320 vitae
1565 3290 1701 3320 moritur
1716 3290 1749 3319 ’z
1778 3296 1855 3319 cum
1880 3288 2050 3330 generatio
2075 3286 2171 3317 unius
2193 3285 2236 3316 sit
2257 3284 2423 3324 corruptio
2447 3285 2526 3315 alte-

340 3343 416 3366 eum
438 3334 565 3372 Iudaea,
579 3334 641 3366 nisi
661 3334 907 3367 conversionem
929 3336 1139 3376 promitteret.
1163 3334 1205 3365 Et
1226 3332 1406 3365 secundum
1420 3345 1447 3367 70
1460 3334 1530 3365 rius
1545 3334 1573 3364 ⁶.
1597 3334 1639 3364 Et
1661 3333 1736 3364 ideo
1767 3331 1917 3363 liberatur
1940 3332 1979 3362 ab
2002 3331 2198 3371 obligatione
2229 3338 2292 3370 qua
2322 3329 2415 3359 uxori
2437 3334 2526 3359 tene—

339 3379 405 3410 hoc
419 3379 563 3419 loquitur
583 3379 751 3411 decretum
771 3379 861 3411 illud.
885 3378 950 3411 Sed
971 3387 1060 3410 nunc
1082 3379 1150 3420 pari
1173 3386 1270 3419 passu
1295 3379 1407 3409 ambu-
1459 3379 1552 3409 batur
1565 3377 1699 3408 reddere
1714 3376 1869 3413 debitum,
1882 3381 1914 3407 et
1925 3377 1955 3407 ei
1967 3376 2148 3406 cohabitare
2163 3383 2231 3405 non
2246 3377 2382 3409 tenetur,
2395 3372 2525 3413 quando

339 3423 406 3454 lant
427 3423 567 3463 utrique,
582 3423 704 3454 scilieet
724 3424 858 3464 gentiles
874 3430 906 3455 et
921 3423 1048 3455 Iudaei:
1073 3424 1149 3464 quia
1163 3423 1293 3463 utrique
1308 3423 1407 3453 obsti-
1461 3422 1605 3453 converti
1627 3428 1696 3452 non
1718 3421 1796 3452 vult.
1813 3421 1970 3459 Quamvis
1984 3421 2018 3450 in
2034 3420 2143 3460 aliquo
2167 3426 2243 3449 casu
2265 3417 2362 3448 libere
2377 3416 2410 3447 id
2426 3417 2526 3457 possit

339 3468 406 3499 nni
429 3473 513 3498 simt-
537 3465 580 3498 Et
601 3467 687 3503 ideo.
708 3468 772 3499 nisi.
791 3475 876 3499 uxor
897 3467 1035 3499 infideils
1058 3468 1202 3498 converti
1225 3467 1311 3504 velit,
1339 3474 1408 3498 non
1460 3466 1575 3501 facere,
1592 3466 1674 3497 sicut
1697 3465 1819 3497 dictum
1843 3471 1890 3496 est
1905 3467 1937 3495 ἐ
1962 3466 2044 3495 sicut
2064 3469 2095 3494 et
2110 3463 2276 3503 religiosus
2299 3466 2406 3502 potest
2427 3460 2526 3492 libere

339 3512 542 3553 permittetur
563 3512 593 3542 ei
616 3512 808 3549 cohabitare,
832 3513 898 3543 sive
920 3514 961 3543 sit
982 3510 1109 3553 gentilis
1132 3512 1198 3543 sive
1221 3511 1347 3543 Iudaea.
1459 3510 1614 3552 perficere
1635 3516 1711 3541 vota
1735 3518 1819 3550 quae
1841 3509 1917 3540 fecit
1931 3510 1963 3540 in
1980 3508 2119 3544 saeculo,
2136 3508 2162 3538 si
2177 3516 2243 3537 non
2260 3510 2334 3537 sunt
2352 3510 2463 3536 contra
2478 3515 2526 3535 re-

360 3557 362 3559 '
395 3557 447 3587 Ar>
473 3565 606 3586 marrim
629 3563 789 3587 Dxcmmmt
811 3556 901 3597 quod
922 3555 1067 3588 infideles
1080 3563 1150 3587 non
1165 3557 1316 3597 baptizati
1338 3563 1406 3587 non
1420 3565 1445 3587 π
1460 3553 1616 3596 ugionem
1634 3561 1736 3590 suam,
1754 3554 1900 3595 quamvis
1916 3553 1956 3584 ad
1971 3561 2009 3584 ea
2023 3560 2092 3583 non
2107 3557 2262 3587 teneatur,
2278 3555 2315 3581 ut
2329 3549 2452 3581 dictum
2467 3555 2524 3580 est.

450 3609 452 3611 ¹
482 3618 592 3642 Sunium
611 3617 713 3642 Tnnot..
727 3617 759 3642 D.
771 3616 887 3642 Tuouan
905 3617 938 3643 T.
956 3617 999 3643 lx.
2334 3609 2382 3635 16*

2553 3289 2564 3299 '¹
2578 3287 2614 3310 Cf.
2632 3287 2671 3309 Aa
2683 3287 2747 3309 Rom.
2755 3303 2764 3314 ,

2553 3320 2763 3371 1534'3332'15112223

2554 3367 2593 3389 lib.
2603 3367 2644 3394 111,
2654 3373 2704 3394 cap.
2715 3372 2763 3393 vm,

2554 3400 2576 3415 n.
2602 3401 2621 3416 ¹.
2644 3405 2653 3409 -
2678 3394 2702 3415 S.
2717 3393 2765 3414 Th.

2553 3421 2605 3442 lect.
2619 3425 2669 3441 xm.

2553 3461 2564 3472 ·
2576 3461 2628 3482 Art.
2643 3458 2746 3488 praeced.
