2878 4088
15 1281 21 1293 a
12 1192 24 1242 ‹an-1

4 2075 14 2103 Νι
6 2059 12 2067 <
4 2030 17 2052 v:
0 1917 18 2023 <aa-‘W
0 1893 6 1897 ’

100 882 111 893 ·
132 881 189 904 Gen.
211 887 263 909 cap.
285 888 311 908 n,

98 913 248 963 ..aar
258 914 310 963 533:

98 971 109 981 ·
168 985 174 992 .
181 975 229 996 xiv,
238 975 261 992 n.
269 969 291 992 8.
301 981 310 986 -

98 996 124 1019 S.
196 997 247 1018 lect.
262 1002 301 1018 xiv

93 1588 175 1638 m
181 1594 237 1611 xxvi
255 1594 307 1636 eno.

94 3488 105 3499 ·
120 3487 191 3515 Apud
209 3487 305 3510 Hieron.

94 3513 247 3568 fionu'bm'
264 3514 304 3537 lib.

1006 180 1269 227 QUAESTIO
1299 180 1403 225 XLI,
1433 178 1726 216 ARTICULUS
1754 179 1796 223 ΙΙ,
1826 179 1870 214 ΙΙΙ
2475 191 2524 227 79

343 267 505 298 quaerere,
522 258 570 288 vel
595 257 634 288 ad
654 267 795 299 quorum
818 259 1082 289 sustentationem
1097 263 1198 288 mater
1220 257 1352 288 sufficit:
1379 262 1410 287 et
1518 256 1569 286 An
1593 266 1710 286 ramim
1733 266 1816 286 noo
1841 266 2000 287 memnon
2023 258 2112 297 quod
2127 264 2334 298 praeceptum
2356 258 2435 289 illud
2458 268 2525 289 non

342 303 374 332 in
398 302 447 332 his
466 311 535 332 non
559 308 606 332 est
629 303 734 343 aliqua
756 303 851 333 maris
874 302 914 333 ad
936 302 1090 333 feminam
1117 302 1348 333 determinatio.
1373 301 1408 331 In
1464 306 1511 330 est
1533 306 1729 330 revocatum.
1753 300 1821 330 Nec
1845 306 1951 330 tamen
1976 302 2093 341 obligat
2109 312 2386 342 unumquemque,
2403 303 2525 333 ratione

342 346 403 376 illis
426 352 534 376 autem
564 356 705 386 quorum
728 346 785 377 filii
807 346 951 387 indigent
978 348 1144 387 utriusque
1167 346 1407 381 sustentatione,
1462 346 1526 375 iam
1542 346 1558 361 ⁴*
1583 344 1679 375 dicta:
1704 345 1765 374 nisi
1780 344 1835 374 illo
1852 350 1997 384 tempore
2021 355 2087 385 quo
2111 347 2252 385 paucitas
2267 347 2438 377 hominum
2461 347 2523 377 exi-

342 389 398 420 sed
413 390 453 421 ad
467 400 603 430 parvum
618 397 755 431 tempus,
772 392 931 422 invenitur
947 391 1053 431 aliqua
1069 391 1290 421 determinatio
1307 399 1408 430 quan·
1462 389 1555 429 gebat
1579 395 1614 419 ut
1637 389 1772 429 quilibet
1793 390 1991 428 generationi
2014 396 2146 419 vacaret.

341 440 411 465 tum
435 434 474 465 ad
504 441 632 475 tempus
662 435 758 466 illud:
788 436 870 466 sicut
892 437 925 466 in
949 436 1059 466 avibus
1089 434 1282 475 quibusdam
1310 439 1406 474 patet.
1430 443 1439 463 ς
1517 433 1569 464 Ad
1591 433 1770 464 secundum
1794 438 1825 463 et
1842 434 1971 463 tertium
1995 439 2081 473 patet
2096 435 2261 473 responsio
2286 444 2324 464 ex
2347 434 2437 464 dictis
2452 436 2478 464 *ἦ

341 478 405 509 Sed
427 479 461 509 in
483 480 633 515 homine,
658 481 733 520 quia
756 480 876 520 indiget
899 479 983 510 filius
1006 489 1082 510 cura
1105 485 1273 519 parentum
1303 487 1407 518 usque
1517 478 1568 508 An
1592 488 1740 508 QUARTUM
1765 487 1926 507 manDtm
1942 477 2031 517 quod
2054 483 2166 507 natura
2180 479 2320 508 humana
2343 479 2523 509 communi-

341 522 381 553 ad
398 533 553 563 magnum
576 530 714 564 tempus,
738 530 785 555 est
806 525 945 554 maxima
968 523 1188 554 determinatio
1212 523 1345 553 masculi
1368 521 1408 552 ad
1461 528 1509 552 ter
1531 522 1571 552 ad
1594 522 1716 552 diversa
1748 521 1853 552 officia
1877 527 1908 551 et
1931 527 2019 552 actus
2042 521 2190 557 inclinat,
2216 528 2252 552 ut
2279 522 2399 552 dictum
2423 529 2470 552 est
2485 524 2521 552 *z

341 567 504 604 feminam,
522 567 562 598 ad
578 578 676 608 quam
695 569 790 599 etiam
813 574 925 599 natura
945 569 1069 608 generis
1088 568 1228 598 inclinat.
1461 566 1517 597 sed
1540 567 1615 606 quia
1637 572 1685 597 est
1708 565 1920 597 diversimode
1942 566 1976 596 in
1999 565 2138 601 diversis,
2163 565 2340 596 secundum
2364 566 2453 606 quod
2476 567 2523 596 in-

396 612 447 642 An
464 622 627 643 SECUNDUM
650 622 810 643 mmmmm
825 612 914 652 quod
936 613 1070 642 verbum
1086 611 1186 642 Tullii
1209 616 1315 651 potest
1339 620 1406 640 esse
1461 610 1642 641 dividuatur
1657 611 1690 641 in
1706 611 1769 641 hoc
1785 611 1835 641 vel
1854 611 1887 640 in
1902 610 1969 646 illo,
1986 619 2090 640 unum
2105 610 2205 649 magis
2221 610 2351 640 inclinat
2367 610 2406 640 ad
2421 620 2524 640 unum

340 665 453 687 verum
476 662 634 697 quantum
656 656 696 687 ad
719 657 859 696 aliquam
881 662 1010 696 gentem
1034 656 1080 695 (si
1103 661 1211 686 tamen
1234 655 1407 694 accipiatur
1422 667 1447 681 10
1460 655 1590 685 illorum
1614 654 1806 691 officiorum,
1823 655 1922 684 alium
1945 654 1985 684 ad
2007 653 2103 684 aliud.
2128 654 2168 684 Et
2192 663 2231 684 ex
2253 654 2311 684 hac
2336 653 2522 690 diversitate,

340 701 534 742 principium
558 702 743 741 proximum
761 701 846 731 illius
868 701 980 740 gentis,
997 709 1054 740 per
1070 699 1160 739 quod
1183 700 1221 729 ab
1242 699 1309 729 aliis
1328 708 1406 738 gen·
1461 699 1556 728 simul
1573 708 1647 729 cum
1664 699 1770 729 divina
1785 698 1994 739 providentia,
2013 708 2096 738 quae
2113 699 2222 728 omnia
2236 697 2429 734 moderatur,
2447 708 2523 728 con-

340 745 425 775 tibus
449 750 496 775 est
519 744 696 784 distincta):
722 745 797 784 quia
819 754 887 774 non
909 745 942 774 in
971 744 1122 774 omnibus
1155 742 1344 783 producitur
1366 742 1406 772 ad
1460 743 1554 782 tingit
1576 742 1666 782 quod
1688 753 1773 773 unus
1797 743 1890 783 eligat
1914 752 2016 773 unum
2041 742 2203 778 officium,
2229 747 2265 772 ut
2288 742 2523 782 agriculturam,

341 788 492 820 effectum
514 790 577 820 hoc
601 789 641 819 ad
664 788 754 828 quod
768 788 918 818 naturalis
937 789 1016 818 ratio
1039 788 1179 818 inclinat.
1204 787 1278 817 Non
1298 792 1406 816 autem
1460 786 1540 817 alius
1564 787 1660 817 aliud.
1694 787 1736 817 Et
1758 788 1803 817 sic
1827 788 1923 817 etiam
1955 788 2112 827 contingit
2135 786 2224 827 quod
2248 786 2379 826 quidam
2403 786 2524 826 eligunt

340 838 387 863 est
409 843 521 864 verum
544 833 777 863 universaliter:
802 833 877 872 quia
901 842 919 862 a
941 832 1101 872 principio
1125 832 1258 861 humani
1280 831 1405 871 generis
1459 831 1728 861 matrimonialem
1750 832 1858 867 vitam,
1886 837 1916 862 et
1940 831 2072 872 quidam
2103 831 2395 871 contemplativam.
2431 830 2523 861 Unde

339 887 426 908 sacra
449 877 610 917 Scriptura
632 877 742 907 recitat
765 875 862 906 fuisse
886 877 1036 916 coniugia
1051 877 1078 906 *.
1420 886 1442 906 ις
1458 875 1586 905 nullum
1609 876 1790 916 periculum
1813 876 1968 906 imminet.

393 922 444 952 An
468 930 603 951 murum
624 930 785 950 nrcznmm
809 919 915 960 quod,
942 919 1121 950 secundum
1153 919 1403 959 Philosophum,

337 966 371 996 in
393 965 451 996 VH
473 965 578 995 Ethic·
596 966 622 1000 u,
647 970 759 994 natura
787 965 928 995 humana
950 974 1018 995 non
1042 970 1088 995 est
1110 964 1298 1000 immobilis,
1322 964 1404 994 sicut
1458 950 1626 981 ART.111.
1651 960 1756 980 UTRUM
1779 961 1875 981 AcTth
1896 961 2138 981 MATRIMONIALIS
2159 960 2274 980 SEMPER
2295 960 2340 980 SIT
2362 960 2524 980 PECCATUM

338 1008 453 1040 divina-
478 1009 519 1039 Et
542 1008 615 1040 ideo
636 1007 887 1039 diversificantur
902 1018 940 1039 ea
962 1018 1045 1049 quae
1068 1014 1143 1039 sunt
1165 1008 1205 1039 de
1220 1009 1289 1039 iure
1311 1014 1404 1038 natu-
1458 1001 2521 1055 ¹“f‘²=aaz&322..⁴;3;.¹f.¹.¹.”.·‚{3¹:¹2³‘ar-11¹1·aaz}3;}P?‘÷.‡²3·.}2·‡·.2⁸“·²³

336 1053 393 1084 rali
416 1053 595 1084 secundum
628 1052 770 1083 diversos
802 1058 900 1084 status
924 1059 956 1083 et
984 1053 1185 1084 conditiones
1216 1053 1401 1083 hominum:
1618 1055 1626 1075 1
1642 1054 1675 1076 ad
1689 1055 1754 1081 cor„
1769 1055 1940 1103 ²⁸P·A{1¹¹J.1¹²1,⁶¹·
1957 1061 1976 1077 ¹:
1992 1055 2000 1076 ¹
2015 1052 2049 1076 aa
2059 1055 2148 1102 T',¹⁵⁸‡·’
2165 1060 2213 1082 0¹³9-
2230 1060 2260 1080 ιν,
2277 1055 2328 1076 ¹²0⁸·
2344 1060 2362 1079 ¹:

337 1098 483 1138 quamvis
506 1107 543 1128 ea
567 1107 650 1138 quae
673 1102 748 1128 sunt
777 1098 811 1128 in
833 1099 928 1128 rebus
961 1097 1075 1128 divinis
1106 1098 1289 1128 naturaliter
1311 1097 1402 1128 nullo
1417 1107 1444 1121 2⁰
1891 1088 1904 1102 ε
1920 1096 1935 1108 '²
1951 1087 2001 1108 ⁰⁵⁵²
2016 1087 2067 1105 '⁰¹¹'
2092 1087 2135 1102 κ’
2151 1087 2164 1102 ''

335 1141 436 1173 modo
459 1143 630 1172 varientur.
1522 1151 1543 1171 D
1567 1151 1702 1171 rmvrnm
1727 1151 1772 1171 s1c
1795 1150 2000 1170 nocam-rua.
2032 1140 2165 1170 Videtur
2187 1139 2277 1180 quod
2304 1145 2392 1170 actus
2416 1140 2522 1170 matri-

390 1187 442 1217 An
467 1196 616 1217 QUARTUM
631 1196 792 1216 memmius
807 1185 897 1226 quod
912 1191 1024 1216 natura
1042 1196 1110 1217 non
1126 1192 1251 1216 tantum
1267 1185 1403 1217 intendit
1460 1155 1670 1215 Amonialis
1693 1194 1820 1225 semper
1846 1185 1886 1215 sit
1913 1190 2092 1225 peccatum.
2118 1184 2130 1214 I
2149 1184 2225 1214 Cor.
2248 1194 2291 1215 vn
2307 1185 2341 1214 ⁵¹²:
2370 1183 2434 1220 Qui
2463 1194 2522 1214 nu-

337 1240 405 1262 esse
427 1231 460 1261 in
484 1231 585 1271 prole,
605 1230 661 1261 sed
685 1240 753 1261 esse
776 1229 964 1270 perfectum.
989 1230 1041 1261 Ad
1064 1231 1154 1271 quod
1178 1231 1312 1270 exigitur
1335 1240 1402 1260 ma·
1456 1229 1543 1265 bunt,
1560 1230 1625 1260 sint
1647 1234 1800 1270 tanquam
1823 1239 1888 1259 non
1913 1229 2073 1259 nubentes.
2099 1228 2161 1259 Sed
2183 1238 2249 1259 non
2274 1229 2431 1259 nubentes
2453 1238 2522 1259 non

335 1276 535 1311 aimonium,
552 1280 588 1307 ut
611 1284 650 1306 ex
673 1274 764 1305 dictis
780 1276 796 1291 ³*
820 1280 916 1314 patet.
1456 1275 1574 1304 habent
1597 1280 1705 1304 actum
1728 1273 2005 1304 matrimonialem.
2039 1274 2124 1313 Ergo
2148 1274 2243 1303 etiam
2266 1273 2423 1303 nubentes
2445 1282 2521 1313 pec-

342 1340 349 1342 -
368 1336 378 1337 „
411 1332 422 1333 ⁷⁷
442 1330 445 1331 ⁷
1416 1331 1440 1352 ²5
1457 1324 1529 1348 cant
1551 1319 1585 1348 in
1609 1324 1681 1348 actu
1704 1318 1771 1348 illo.

335 1349 435 1381 ΛΒΤ·
453 1349 490 1380 H·
514 1358 619 1379 mmm
635 1358 854 1378 ”AmmonM
874 1359 979 1379 ADHUC
997 1360 1122 1380 mnan
1146 1360 1199 1380 SUB
1223 1359 1400 1380 PRAECEPTO
1513 1372 1541 1393 2.
1566 1362 1762 1398 PRAETEREA,
1780 1362 1876 1392 Isaiae
1899 1371 1950 1391 ux
1965 1363 1998 1391 *2
2024 1361 2213 1402 Iniquitates
2246 1366 2377 1391 nostrae
2406 1361 2521 1392 divise-

677 1399 708 1420 ¹¹¹
724 1398 791 1421 CM·
808 1398 884 1425 ‘'em''
899 1405 950 1427 ‘³⁸⁹‘
965 1406 1058 1421 cmm·
1456 1412 1534 1437 runt
1557 1407 1641 1437 inter
1663 1416 1722 1437 nos
1745 1411 1776 1437 et
1797 1407 1902 1436 Deum
1927 1411 2082 1436 nostrum.
2107 1405 2170 1436 Sed
2193 1411 2281 1436 actus
2303 1406 2520 1436 matrimonia-

400 1460 421 1480 n
449 1460 611 1481 sncmmum
641 1460 687 1480 s1e
710 1459 914 1480 pnocanrrun.
950 1449 1084 1480 Videtur
1114 1450 1204 1490 quod
1236 1451 1406 1480 man-imm
1454 1452 1493 1482 lis
1521 1451 1632 1482 dividit
1661 1451 1828 1481 hominem
1851 1460 1869 1480 a
1892 1450 1980 1480 Deo:
2017 1450 2102 1480 unde
2125 1449 2235 1480 Exodi
2258 1460 2309 1480 xnr
2325 1451 2341 1467 *
2365 1450 2519 1490 praecipi-

335 1462 491 1525 Anium
515 1494 619 1525 adhuc
643 1499 771 1524 maneat
793 1495 852 1524 sub
875 1500 1058 1534 praecepto.
1083 1494 1168 1532 Quia
1193 1500 1400 1535 praeceptum
1454 1501 1506 1526 tur
1528 1495 1653 1535 populo
1677 1495 1734 1535 qui
1757 1494 1892 1525 debebat
1914 1495 2022 1525 Deum
2044 1494 2160 1530 videre,
2186 1494 2275 1534 quod
2299 1504 2364 1524 non
2388 1494 2518 1525 accede-

335 1539 455 1579 obligat
477 1538 621 1579 quandiu
644 1548 712 1569 non
735 1544 912 1569 revocatur.
937 1538 1000 1569 Sed
1023 1540 1125 1578 prima
1148 1539 1305 1569 institutio
1332 1549 1400 1569 ma·
1416 1552 1441 1572 30
1455 1545 1527 1570 rent
1550 1540 1593 1570 ad
1616 1549 1737 1570 uxores
1754 1546 1853 1576 suas,·
1876 1544 1907 1569 et
1925 1539 2144 1579 Hieronymus
2160 1537 2235 1568 dicit
2250 1539 2266 1555 ⁴*
2290 1538 2379 1578 quod
2395 1539 2427 1569 in
2444 1544 2519 1569 actu

334 1583 476 1614 trimonii
492 1582 552 1613 fuit
567 1583 627 1613 sub
644 1588 826 1623 praecepto,
843 1588 883 1613 ut
901 1583 933 1613 in
950 1583 1052 1613 littera
1068 1584 1085 1599 Ῥ
1108 1583 1239 1613 dicitur:
1264 1592 1324 1613 nec
1340 1593 1400 1613 un-
1454 1584 1689 1614 matrimoniali
1718 1583 1858 1623 Spiritus
1890 1583 2028 1613 Sanctus
2054 1583 2289 1623 prophetarum
2319 1582 2420 1613 corda
2453 1592 2518 1613 non

299 1630 306 1637 ⁰
334 1636 432 1667 quam
447 1627 512 1657 hoc
526 1632 735 1667 praeceptum
754 1627 868 1667 legitur
883 1632 1087 1663 revocatum;
1111 1628 1212 1657 immo
1230 1626 1399 1657 confirma-
1455 1629 1570 1669 tangit.
1603 1628 1689 1667 Ergo
1714 1633 1760 1658 est
1782 1628 1942 1667 iniquitas.

333 1676 413 1707 tum,
430 1671 541 1701 Matth.
558 1681 610 1701 x1x
626 1672 658 1701 *z
686 1670 783 1707 Quod
805 1671 895 1701 Deus
914 1671 1086 1701 coniunxit
1107 1672 1203 1701 homo
1220 1681 1285 1701 non
1308 1681 1399 1711 sepa·
1510 1672 1540 1703 3.
1564 1672 1760 1707 Pmnrnam,
1776 1671 1856 1702 illud
1875 1671 1964 1711 quod
1988 1670 2166 1701 secundum
2182 1681 2215 1701 se
2239 1677 2285 1701 est
2308 1677 2411 1710 turpe,
2427 1671 2518 1701 nullo

333 1720 391 1746 ret.
415 1715 501 1755 Ergo
526 1714 630 1745 adhuc
654 1720 702 1745 est
724 1715 966 1745 matrimonium
989 1715 1048 1745 sub
1072 1721 1255 1755 praecepto.
1453 1716 1554 1747 modo
1578 1721 1685 1756 potest
1711 1716 1793 1746 bene
1826 1715 1904 1746 fieri.
1938 1715 2001 1746 Sed
2034 1721 2123 1745 actus
2153 1715 2393 1746 matrimonialis
2424 1716 2519 1745 habet

389 1769 419 1790 2.
443 1759 639 1795 Primnum,
656 1765 826 1799 praecepta
840 1760 917 1789 iuris
936 1760 1086 1790 naturalis
1106 1760 1285 1791 secundum
1301 1769 1399 1790 omne
1415 1773 1437 1793 ες
1454 1761 1748 1800 concupiscentiam
1772 1759 1965 1795 adiunctam,
1982 1769 2064 1799 quae
2087 1769 2213 1799 semper
2229 1765 2275 1789 est
2298 1760 2408 1799 turpis.
2432 1759 2518 1799 Ergo

331 1809 460 1844 tempus
485 1803 637 1843 obligant.
661 1803 725 1834 Sed
747 1804 990 1834 matrimonium
1020 1809 1067 1834 est
1090 1803 1129 1834 de
1152 1805 1221 1835 iure
1244 1804 1398 1840 naturali,
1453 1814 1580 1845 semper
1603 1810 1650 1835 est
1672 1809 1851 1844 peccatum.

331 1853 368 1879 ut
391 1848 513 1879 dictum
537 1853 584 1878 est
598 1848 625 1878 ἱ
650 1847 746 1888 Ergo,
764 1853 824 1878 etc.
1509 1858 1540 1888 4.
1564 1849 1761 1884 PRAETEREA,
1778 1848 1858 1879 nihil
1874 1853 2050 1878 excusatur
2064 1848 2125 1878 nisi
2141 1853 2320 1888 peccatum.
2345 1847 2407 1878 Sed
2430 1853 2519 1878 actus

388 1892 418 1923 3.
441 1893 639 1928 Pium-nam,
656 1893 780 1922 bonum
804 1893 922 1932 speciei
946 1897 993 1922 est
1014 1892 1129 1923 melius
1153 1902 1251 1933 quam
1274 1894 1399 1924 bonum
1453 1893 1696 1924 matrimonialis
1727 1892 1849 1933 indiget
1881 1893 2023 1923 excusari
2046 1902 2104 1932 per
2127 1893 2213 1922 bona
2244 1892 2459 1928 matrimonii,
2483 1898 2519 1922 ut

331 1936 504 1967 individui:
536 1937 612 1977 quia
641 1937 760 1967 bonum
782 1937 890 1978 gentis
920 1942 967 1967 est
993 1936 1134 1967 divinius
1157 1947 1253 1977 quam
1280 1938 1398 1968 bonum
1454 1939 1603 1978 Magister
1626 1938 1702 1968 dicit
1717 1939 1743 1967 ἢ
1769 1937 1854 1977 Ergo
1879 1942 1925 1967 est
1948 1943 2126 1977 peccatum.

294 1992 305 1999 ·
332 1981 428 2012 unius
451 1981 599 2017 hominis,
616 1987 653 2011 ut
668 1981 783 2011 dicitur
803 1981 934 2011 IEthic.
951 1982 968 1998 ⁴*
991 1981 1054 2012 Sed
1069 1987 1277 2022 praeceptum
1293 1983 1398 2022 primo
1413 1993 1440 2014 4ο
1511 1983 1539 2012 5.
1564 1982 1761 2017 PRAn‘rmzaA,
1787 1981 1827 2012 de
1851 1981 2005 2011 similibus
2038 1982 2144 2021 specie
2167 1980 2253 2011 idem
2277 1986 2324 2011 est
2351 1980 2517 2011 iudicium.

331 2026 456 2056 homini
472 2025 582 2056 datum
599 2025 639 2056 ad
662 2026 940 2056 conservationem
956 2025 1112 2056 individui
1134 2035 1192 2066 per
1215 2032 1322 2056 actum
1338 2037 1399 2057 nu·
1454 2026 1517 2057 Sed
1533 2027 1723 2057 concubitus
1740 2025 1981 2056 matrimonialis
1998 2031 2044 2056 est
2061 2025 2204 2056 eiusdem
2220 2025 2337 2065 speciei
2354 2034 2429 2055 cum
2445 2030 2517 2055 actu

297 2087 303 2098 ,
330 2070 453 2101 tritivae
468 2071 495 2106 *‚
512 2070 617 2101 adhuc
634 2070 763 2109 obligat.
788 2070 874 2109 Ergo
891 2069 995 2100 multo
1019 2070 1119 2110 magis
1135 2076 1343 2113 praeceptum
1359 2071 1399 2102 de
1453 2070 1614 2101 adulterii:
1640 2071 1715 2110 quia
1740 2069 1780 2100 ad
1802 2069 1889 2100 idem
1910 2071 2129 2105 terminantur,
2153 2069 2273 2100 scilicet
2294 2070 2434 2109 speciem
2457 2069 2517 2099 hu-

297 2114 303 2124 '
330 2115 548 2151 matrimonio,
564 2114 655 2155 quod
677 2115 814 2153 pertinet
837 2113 877 2144 ad
900 2115 1177 2144 conservationem
1200 2115 1328 2154 speciei.
1452 2124 1591 2145 manam.
1616 2115 1713 2155 Ergo,
1737 2124 1812 2145 cum
1835 2119 1924 2144 actus
1947 2113 2092 2144 adulterii
2115 2114 2154 2144 sit
2175 2119 2355 2154 peccatum,
2372 2119 2404 2144 et
2429 2118 2517 2144 actus

385 2168 416 2198 4.
441 2159 638 2195 Puni-anim,
655 2159 711 2188 ubi
734 2163 842 2188 manet
865 2158 978 2188 eadem
1000 2159 1080 2188 ratio
1105 2159 1260 2198 obligans,
1286 2159 1398 2190 eadem
1452 2159 1657 2189 matrimonii.

331 2203 483 2244 obligatio
499 2213 628 2234 manere
653 2202 756 2233 debet.
774 2202 836 2233 Sed
859 2208 991 2242 propter
1007 2203 1071 2232 hoc
1095 2203 1316 2243 obligabantur
1338 2204 1398 2234 ho-
1412 2215 1435 2235 45
1509 2204 1538 2233 6.
1573 2203 1777 2239 PRAn‘rssmzA,
1809 2201 2009 2242 superfluitas
2039 2203 2073 2232 in
2106 2202 2306 2242 passionibus
2341 2202 2518 2242 corrumpit

330 2248 434 2278 mines
458 2247 497 2278 ad
519 2248 761 2277 matrimonium
785 2247 917 2286 antiquo
937 2252 1093 2286 tempore,
1109 2257 1150 2277 ne
1174 2247 1397 2288 multiplicatio
1452 2249 1602 2278 virtutem
1617 2248 1644 2278 θ’.
1669 2246 1732 2278 Sed
1747 2256 1873 2286 semper
1887 2247 1921 2277 in
1945 2252 2018 2277 actu
2033 2247 2258 2277 matrimoniali
2281 2251 2327 2277 est
2350 2245 2517 2286 superflui-

330 2292 464 2322 humani
487 2292 610 2332 generis
634 2296 778 2322 cessaret.
804 2290 890 2321 Cum
914 2300 989 2331 ergo
1009 2292 1073 2322 hoc
1095 2291 1181 2322 idem
1205 2298 1356 2332 sequatur
1372 2293 1398 2322 si
1452 2297 1498 2322 tas
1522 2291 1759 2322 delectationis:
1785 2291 1865 2321 adeo
1890 2290 1980 2330 quod
2003 2291 2151 2321 absorbet
2173 2291 2340 2327 rationem,
2364 2300 2447 2331 quae
2471 2295 2518 2320 est

332 2336 466 2376 quilibet
480 2336 578 2366 libere
597 2341 704 2376 potest
719 2345 736 2365 a
752 2336 958 2365 matrimonio
978 2336 1144 2372 abstinere,
1161 2336 1286 2366 videtur
1309 2336 1398 2376 quod
1452 2336 1628 2377 principale
1650 2336 1791 2366 hominis
1810 2336 1950 2372 bonum;
1974 2335 2061 2365 unde
2078 2335 2292 2375 Philosophus
2309 2334 2393 2371 dicit,
2410 2336 2443 2365 in
2459 2335 2516 2365 VII

330 2381 572 2412 matrimonium
596 2381 635 2410 sit
657 2381 691 2410 in
714 2385 896 2420 praecepto.
1451 2381 1555 2411 Ethic.
1572 2381 1599 2416 ἦ
1616 2380 1706 2420 quod
1725 2380 1918 2420 impossibile
1941 2385 1988 2410 est
2009 2380 2168 2410 hominem
2185 2379 2308 2420 aliquid
2331 2380 2363 2409 in
2381 2380 2449 2420 ipsa
2469 2379 2517 2409 in-

386 2424 449 2455 Szn
473 2435 596 2455 CONTRA
611 2434 666 2454 sss'r
683 2423 772 2464 quod
789 2424 904 2454 dicitur
919 2423 932 2453 Ῑ
951 2423 1027 2454 Cor.
1043 2434 1086 2455 vn
1102 2425 1137 2454 *:
1161 2424 1226 2461 Qui
1242 2435 1307 2455 non
1325 2425 1397 2455 iun·
1413 2435 1439 2455 5⁰
1453 2425 1609 2465 telligere.
1639 2425 1724 2464 Ergo
1748 2430 1837 2454 actus
1859 2424 2101 2454 matrimonialis
2123 2433 2249 2464 semper
2268 2430 2314 2454 est
2337 2429 2516 2463 peccatum.

329 2469 381 2511 git
402 2469 609 2499 matrimonio
626 2469 786 2510 virginem
801 2478 904 2504 suam,
921 2469 1035 2499 melius
1048 2469 1147 2510 facit,
1165 2469 1285 2500 scilicet
1300 2479 1398 2509 quam
1508 2469 1570 2499 Sao
1596 2478 1729 2504 CONTRA,
1746 2469 1758 2498 Ι
1778 2468 1854 2498 Cor.
1874 2478 1918 2499 vn
1933 2469 1949 2485 ⁴*
1973 2467 2104 2498 dicitur:
2134 2468 2243 2509 Virgo,
2267 2469 2295 2499 si
2319 2468 2426 2503 nubat,
2452 2477 2516 2498 non

331 2514 388 2554 qui
410 2513 522 2554 iungit.
547 2514 633 2553 Ergo
657 2518 839 2544 contractus
857 2513 1053 2543 matrimonii
1075 2523 1163 2544 nunc
1178 2523 1246 2544 non
1269 2519 1316 2544 est
1338 2515 1397 2544 sub
1448 2518 1563 2554 peccat
1569 2520 1581 2550 ;
1605 2518 1636 2543 et
1659 2513 1671 2543 I
1691 2513 1771 2543 Tim.
1788 2523 1808 2542 v
1824 2514 1858 2542 ἐ
1889 2512 1967 2542 Volo
1993 2513 2179 2543 iuvenculas
2198 2513 2326 2548 nubere,
2337 2522 2518 2552 procreare

330 2564 513 2598 praecepto.
1452 2558 1547 2590 lilios.
1572 2557 1635 2588 Sed
1650 2557 1828 2597 procreatio
1845 2556 1987 2587 filiorum
2010 2566 2078 2587 non
2093 2562 2199 2596 potest
2222 2566 2289 2587 esse
2310 2557 2378 2587 sine
2402 2557 2518 2587 carnali

387 2611 416 2632 2.
441 2602 646 2638 Priuernum,
673 2602 754 2632 nulli
778 2601 910 2632 debetur
941 2602 1120 2642 praemium
1144 2611 1203 2642 pro
1227 2608 1398 2643 transgres-
1453 2603 1693 2633 coniunctione.
1718 2602 1804 2641 Ergo
1821 2606 1909 2631 actus
1925 2601 2165 2631 matrimonialis
2181 2611 2249 2631 non
2265 2607 2311 2631 est
2334 2607 2516 2641 peccatum:

330 2647 421 2677 sione
437 2646 608 2687 praecepti.
633 2646 696 2677 Sed
711 2647 885 2686 virginibus
904 2646 1037 2677 debetur
1052 2646 1190 2686 speciale
1205 2648 1396 2686 praemium,
1413 2657 1435 2677 55
1452 2646 1527 2677 alias
1550 2646 1727 2686 Apostolus
1751 2655 1819 2676 non
1842 2646 1994 2676 voluisset
2017 2645 2105 2676 illud.

297 2708 303 2714 -
330 2691 451 2721 scilicet
473 2691 603 2722 aureola
618 2691 645 2721 ἢ
677 2691 762 2730 Ergo
785 2691 1028 2721 matrimonium
1057 2700 1125 2721 non
1149 2696 1196 2721 est
1219 2692 1278 2722 sub
1307 2701 1397 2732 prae·
1509 2701 1538 2721 2.
1559 2691 1755 2726 PRAETEREA,
1767 2690 1895 2720 nullum
1924 2695 2094 2730 peccatum
2118 2695 2164 2720 est
2186 2690 2220 2719 in
2243 2695 2424 2730 praecepto.
2456 2689 2518 2720 Sed

331 2740 436 2775 cepto.
1452 2741 1541 2766 actus
1564 2735 1806 2765 matrimonialis
1830 2740 1876 2765 est
1899 2735 1932 2765 in
1952 2739 2143 2774 praecepto:
2169 2733 2181 2763 I
2200 2734 2276 2764 Cor.
2293 2745 2336 2764 vn
2351 2735 2384 2770 *‚
2413 2734 2518 2764 Uxori

384 2779 575 2810 Rsssponnno
598 2789 759 2809 nrcmmtm
789 2778 878 2818 quod
901 2784 1013 2809 natura
1044 2779 1176 2810 inclinat
1207 2779 1247 2810 ad
1277 2780 1398 2820 aliquid
1452 2780 1504 2810 vir
1526 2779 1664 2810 debitum
1688 2779 1810 2809 reddat.
1835 2779 1920 2819 Ergo
1944 2789 2013 2809 non
2037 2784 2083 2808 est
2105 2783 2284 2818 peccatum.

331 2823 509 2864 dupliciter.
534 2823 609 2854 Uno
633 2823 750 2859 modo,
776 2824 858 2853 sicut
882 2823 922 2853 ad
944 2823 977 2854 id
1001 2823 1090 2863 quod
1114 2829 1160 2854 est
1183 2825 1397 2856 necessarium
1507 2825 1698 2854 Rnsronmzo
1722 2833 1883 2853 mmmmm
1899 2823 1998 2863 quod,
2015 2823 2183 2863 supposito
2208 2821 2297 2862 quod
2312 2828 2424 2852 natura
2447 2832 2517 2852 cor-

331 2868 371 2898 ad
393 2867 626 2908 perfectionem
649 2868 754 2898 unius.
779 2867 820 2898 Et
842 2867 912 2898 talis
935 2867 1099 2898 inclinatio
1117 2868 1293 2908 quemlibet
1316 2870 1397 2900 obli·
1411 2877 1439 2897 60
1451 2868 1570 2909 poralis
1586 2869 1625 2898 sit
1644 2878 1661 2898 a
1677 2868 1748 2898 Deo
1765 2868 1851 2898 bona
1866 2869 2017 2903 instituta,
2033 2867 2230 2906 impossibile
2247 2872 2293 2896 est
2308 2866 2411 2897 dicere
2428 2866 2517 2906 quod

329 2917 400 2952 gat:
421 2913 496 2953 quia
511 2912 669 2942 naturales
685 2911 897 2952 perfectiones
910 2912 1061 2942 omnibus
1076 2918 1151 2942 sunt
1163 2922 1399 2944 communes.—
1453 2922 1491 2943 ea
1514 2922 1597 2953 quae
1619 2913 1780 2952 pertinent
1803 2912 1842 2942 ad
1865 2912 2140 2942 conservationem
2171 2916 2301 2941 naturae
2325 2911 2515 2951 corporalis,

330 2956 405 2987 Alio
427 2956 529 2987 modo
544 2956 676 2987 inclinat
699 2955 739 2986 ad
762 2955 883 2996 aliquid
898 2956 988 2996 quod
1012 2961 1059 2987 est
1076 2957 1291 2987 necessarium
1314 2958 1398 2988 mul-
1453 2962 1485 2988 et
1503 2956 1543 2987 ad
1566 2966 1649 2997 quae
1664 2962 1776 2987 natura
1792 2957 1933 2992 inclinat,
1950 2957 2012 2986 sint
2028 2955 2244 2986 universaliter
2258 2955 2350 2985 mala.
2375 2955 2416 2985 Et
2431 2954 2515 2991 ideo,

329 2999 468 3031 titudini.
492 3001 534 3031 Et
553 3010 629 3031 cum
647 3000 750 3031 multa
768 3001 830 3031 sint
846 3000 1042 3037 huiusmodi,
1059 3010 1200 3041 quorum
1220 3011 1323 3032 unum
1337 3003 1398 3033 im·
1453 3011 1529 3032 cum
1552 3001 1718 3032 inclinatio
1742 3001 1781 3031 sit
1813 3006 1944 3031 naturae
1967 3000 2007 3031 ad
2029 3000 2127 3040 prolis
2159 3000 2415 3040 procreationem
2428 3023 2435 3035 ‚
2460 3008 2517 3039 per

329 3044 418 3085 pedit
440 3044 536 3081 aliud,
554 3055 592 3076 ex
606 3045 661 3076 tali
677 3045 872 3085 obligatione
887 3054 956 3075 non
971 3045 1130 3085 obligatur
1146 3046 1280 3086 quilibet
1294 3046 1396 3077 homo
1454 3055 1552 3086 quam
1574 3051 1687 3076 natura
1709 3046 1828 3085 speciei
1862 3050 2084 3080 conservatur,
2112 3043 2309 3084 impossibile
2333 3049 2380 3074 est
2411 3043 2516 3073 dicere

329 3098 388 3129 per
409 3088 546 3120 modum
569 3089 740 3130 praecepti,
758 3089 832 3120 alias
857 3089 991 3130 quilibet
1012 3090 1114 3120 homo
1143 3090 1336 3130 obligaretur
1358 3090 1398 3121 ad
1412 3097 1436 3123 65
1453 3090 1543 3130 quod
1566 3095 1655 3120 actus
1671 3099 1738 3130 quo
1754 3095 1940 3130 procreatur
1962 3089 2068 3129 proles
2091 3089 2131 3118 sit
2146 3088 2362 3118 universaliter
2377 3087 2514 3123 illicitus,

332 3133 556 3173 agriculturam
581 3139 612 3164 et
635 3133 674 3164 ad
690 3133 938 3164 aedificatoriam
959 3139 990 3164 et
1012 3133 1053 3164 ad
1072 3134 1259 3164 huiusmodi
1282 3134 1396 3171 officia,
1452 3140 1489 3165 ut
1503 3135 1537 3164 in
1554 3144 1593 3164 eo
1617 3134 1762 3164 medium
1778 3135 1900 3164 virtutis
1923 3134 2057 3164 inveniri
2079 3142 2146 3163 non
2162 3133 2278 3172 possit:
2295 3150 2317 3154 -
2333 3132 2393 3162 nisi
2412 3141 2514 3172 pona-

331 3186 414 3216 quae
437 3183 511 3208 sunt
533 3178 708 3208 necessaria
731 3178 955 3208 communitati
978 3178 1156 3209 humanae:
1187 3177 1243 3209 sed
1265 3179 1397 3209 inclina·
1451 3184 1513 3214 tur,
1530 3178 1709 3209 secundum
1733 3178 1938 3218 quorundam
1954 3179 1970 3195 *
1993 3178 2157 3213 insaniam,
2175 3176 2264 3216 quod
2287 3186 2335 3206 res
2359 3176 2515 3216 corrupti-

331 3221 413 3252 tioni
433 3227 564 3253 naturae
587 3221 697 3256 satisfit
720 3232 795 3253 cum
818 3232 876 3263 per
891 3222 1032 3253 diversos
1056 3222 1179 3253 diversa
1194 3223 1398 3263 complentur
1451 3223 1530 3253 biles
1562 3228 1684 3253 creatae
1707 3228 1782 3253 sunt
1805 3233 1823 3253 a
1845 3223 1930 3253 malo
1954 3222 2026 3252 deo.
2051 3222 2098 3252 Ex
2122 3231 2188 3261 quo
2213 3220 2294 3250 forte
2317 3221 2374 3250 ista
2403 3221 2515 3260 opinio

333 3263 373 3295 de
395 3265 572 3305 praedictis.
1451 3267 1610 3298 derivatur
1633 3276 1715 3307 quae
1738 3268 1772 3297 in
1804 3267 1905 3297 littera
1921 3268 1937 3283 *
1961 3267 2107 3306 tangitur.
2142 3265 2183 3295 Et
2205 3264 2279 3295 ideo
2310 3270 2356 3295 est
2378 3265 2515 3304 pessima

388 3308 475 3339 Cum
497 3319 572 3350 ergo
605 3309 645 3341 ad
676 3310 909 3351 perfectionem
938 3311 1098 3342 humanae
1121 3311 1334 3342 multitudinis
1357 3312 1397 3342 sit
1410 3323 1437 3344 70
1450 3311 1596 3342 haeresis.

331 3353 547 3384 necessarium
570 3354 694 3395 aliquos
718 3355 985 3396 contemplativae
1007 3356 1091 3386 vitae
1120 3356 1288 3392 inservire,
1313 3365 1396 3396 quae
1506 3355 1556 3385 AD
1581 3365 1698 3385 ramim
1721 3365 1804 3386 aneo
1828 3365 1987 3385 mcannum
2008 3353 2097 3395 quod
2112 3353 2288 3394 Apostolus
2311 3354 2344 3383 in
2360 3353 2462 3383 verbis
2478 3352 2515 3382 il-

332 3397 471 3428 maxime
493 3406 551 3437 per
580 3399 821 3430 matrimonium
852 3399 1044 3440 impeditur;
1077 3400 1242 3430 inclinatio
1265 3405 1396 3430 naturae
1450 3400 1488 3430 lis
1503 3409 1572 3430 non
1587 3400 1752 3439 prohibuit
1773 3400 1968 3429 matrimonii
1992 3404 2108 3435 actum,
2126 3399 2207 3428 sicut
2229 3407 2289 3428 nec
2311 3406 2417 3427 rerum
2439 3406 2514 3436 pos-

333 3441 373 3471 ad
396 3441 637 3472 matrimonium
652 3452 720 3473 non
743 3443 863 3484 obligat
885 3453 942 3483 per
956 3443 1093 3475 modum
1111 3444 1283 3484 praecepti,
1301 3444 1396 3474 etiam
1451 3444 1627 3474 sessionem
1644 3453 1720 3474 cum
1743 3443 1821 3474 dixit
1835 3444 1862 3480 ⁹,
1882 3443 1947 3480 Qui
1964 3448 2099 3474 utuntur
2113 3443 2174 3472 hoc
2189 3441 2318 3477 mund0,
2335 3441 2400 3472 sint
2422 3442 2514 3481 quasi

333 3484 512 3516 secundum
527 3486 748 3526 philosophos.
772 3487 866 3518 Unde
882 3488 1123 3528 Theophrastus
1141 3489 1255 3529 probat
1270 3489 1287 3505 θ
1307 3488 1397 3529 quod
1452 3498 1516 3518 non
1542 3493 1686 3518 utentes:
1709 3487 1764 3518 sed
1787 3488 1820 3518 in
1843 3493 1982 3528 utroque
2005 3486 2190 3518 fruitionem
2213 3486 2386 3526 prohibuit.
2415 3485 2514 3523 Quod

333 3530 468 3570 sapienti
491 3539 559 3560 non
583 3529 710 3570 expedit
731 3531 862 3562 nubere.
1411 3545 1434 3565 75
1450 3537 1538 3572 patet
1561 3541 1599 3562 ex
1622 3532 1693 3572 ipso
1716 3531 1817 3562 modo
1840 3531 2006 3573 loquendi.
2030 3532 2106 3562 Non
2129 3531 2215 3561 enim
2239 3530 2334 3566 dixit,
2360 3530 2425 3560 sint
2447 3539 2511 3559 non

2553 350 2563 361 ·
2576 349 2601 370 ln
2618 355 2723 377 corpore.

2552 440 2560 449 “
2576 437 2634 459 lbid.

2552 521 2562 531 ·
2575 520 2634 542 lbid.

2549 1190 2558 1199 ·
2575 1188 2639 1210 Vei-s.
2655 1195 2690 1217 ²9·

2548 1370 2557 1379 ·
2573 1368 2639 1391 νει-ε.
2654 1375 2675 1390 2.

2549 1460 2557 1470 ·
2572 1459 2639 1481 Vers.
2656 1466 2685 1487 ¹5.

2548 1544 2556 1553 ¹
2565 1542 2661 1573 Origen.
2670 1542 2757 1564 Hamil.

2547 1569 2583 1617 gill
2603 1568 2733 1617 giertggmii
2749 1581 2758 1585 -

2546 1621 2707 1676 §aaa
2742 1622 2758 1648 ¹·

2547 1941 2556 1950 ·
2571 1939 2603 1961 IV
2614 1939 2687 1966 Sent„
2704 1940 2757 1962 dist.

2545 1972 2662 1998 xnyncap.
2674 1966 2759 1988 Coniu-

2543 1999 2580 2020 gn
2595 1995 2679 2015 autem.

2544 2254 2554 2263 '
2561 2252 2596 2274 Cf.
2603 2253 2674 2275 Arist.
2680 2252 2755 2275 Ethic.

2544 2279 2584 2301 lib.
2592 2279 2622 2305 11,
2633 2285 2723 2307 cap-Vl,
2733 2286 2756 2302 n.

2574 2312 2625 2334 sqq.
2641 2318 2650 2322 -
2671 2306 2695 2328 S.
2710 2306 2756 2328 Th.

2553 2337 2596 2355 ect.
2611 2339 2642 2354 vr.

2545 2385 2628 2434 scili:
2637 2392 2703 2434 '52‘01‘3'
2710 2393 2755 2434 212·

2546 2475 2556 2485 ·
2570 2474 2636 2496 Vers.
2653 2475 2687 2501 28,
2701 2475 2736 2503 36.

2545 2520 2554 2529 ·
2569 2518 2636 2540 Vera.
2653 2525 2687 2545 14·

2545 2738 2555 2748 ·
2570 2737 2635 2759 Vera.
2650 2743 2670 2765 3.

2543 3181 2553 3190 ‘
2571 3179 2670 3201 Manich.
2687 3191 2696 3195 -
2717 3179 2752 3200 Cf.

2542 3212 2561 3228 s.
2577 3206 2690 3234 Epiphnn.
2708 3206 2756 3227 Ad-

2543 3238 2623 3254 versus
2630 3238 2690 3254 uxx
2698 3233 2753 3253 hae-

2542 3259 2753 3285 res.‚haeres.xi.v1‚

2543 3287 2571 3307 nl.
2580 3292 2641 3312 uvi,
2653 3286 2703 3310 n.8‚
2714 3291 2752 3312 25;

2543 3319 2560 3333 s,
2572 3313 2634 3339 Aug.
2650 3312 2679 3333 de
2694 3312 2751 3332 Vera

2542 3339 2625 3366 Relig„
2646 3344 2696 3365 cap.
2713 3344 2750 3363 ¹¹3

2542 3365 2551 3386 1
2563 3365 2665 3386 Retract.
2674 3381 2682 3391 ‚
2701 3370 2751 3391 cap.

2542 3398 2579 3417 xv,
2595 3397 2618 3413 n.
2635 3398 2652 3413 ι.

2542 3419 2552 3429 ·
2563 3417 2620 3439 Diu.
2629 3423 2691 3443 nvi,
2701 3422 2751 3445 cap.

2541 3443 2652 3465 Fuerunt.

2540 3472 2551 3482 ·
2566 3471 2631 3492 Vers.
2645 3476 2678 3498 3¹-
