2878 4088
163 667 173 678 ·
183 666 219 687 De
232 665 265 687 Lo
309 667 325 688 t.
340 669 364 687 et

163 693 251 714 Brevit.
295 692 346 714 stae
352 709 361 720 ,

164 725 214 747 cap.
230 725 246 741 ι.

170 1994 180 2004 '¹
193 1992 226 2014 1V
239 1992 312 2019 Sem„
326 1992 377 2013 dist.

170 2023 378 2067 ¹v‘aq⁰·.¹¹c¹‘f³l›¹.·.¹c

187 2052 275 2099 iffi...
293 2061 378 2098 ..13

169 2103 211 2120 art.
228 2106 260 2121 ¹2.

183 3446 195 3457 ·
206 3444 253 3472 Qu.
261 3451 315 3472 xxx,
324 3448 365 3467 art.
376 3453 393 3467 1.

402 188 451 223 60
947 185 1211 232 QUAESTlo
1241 184 1392 231 xxxn,
1420 184 1713 223 ARTICULUS
1742 186 1799 233 111,
1820 186 1881 232 1v,
1902 185 1948 232 V,
1969 186 2019 222 vl

401 271 461 295 tur.
486 265 571 305 Ergo
596 264 746 295 omnibus
769 263 1003 295 infirmantibus
1031 264 1125 295 debet
1147 265 1211 295 hoc
1235 269 1468 295 sacramentum
1577 264 1639 295 San
1665 274 1787 294 CONTRA
1811 274 1864 294 nsi·
1888 263 1978 304 quod
2008 264 2089 295 nulli
2113 263 2207 295 debet
2230 264 2296 296 dari
2325 266 2390 296 hoc
2412 274 2590 296 sacramen-

402 309 547 340 conferri.
1521 313 1592 338 turn
1615 309 1667 339 cui
1689 318 1758 338 non
1774 309 1929 348 competit
1944 307 2048 338 forma
2065 310 2262 340 sacramenti.
2287 309 2350 340 Sed
2368 309 2472 340 forma
2494 310 2590 340 huius

457 363 486 383 2.
511 353 706 389 Pium-man,
724 358 846 393 quanto
870 353 1049 384 remedium
1073 358 1120 383 est
1143 352 1279 393 dignius,
1299 357 1389 382 tanto
1414 351 1468 381 de-
1522 353 1710 382 sacramenti
1724 362 1792 382 non
1809 352 1964 392 competit
1978 353 2102 392 pueris:
2129 353 2205 392 quia
2221 363 2290 384 non
2305 359 2519 394 peccaverunt
2527 363 2591 394 per

401 398 454 427 bet
470 407 537 428 esse
553 397 740 438 generalius.
758 396 821 428 Sed
835 398 899 428 hoc
915 403 1149 428 sacramentum
1166 402 1211 427 est
1228 396 1354 436 dignius
1370 405 1468 436 quam
1523 396 1625 426 visum
1649 401 1680 426 et
1702 396 1858 431 auditum,
1875 401 1911 426 ut
1934 396 1967 426 in
1991 396 2095 427 forma
2117 397 2313 437 exprimitur.
2344 398 2431 438 Ergo
2456 398 2500 428 eis
2523 397 2591 428 dari

401 441 560 472 medicina
583 441 767 482 corporalis.
793 441 879 472 Cum
896 451 971 482 ergo
995 441 1154 472 medicina
1171 440 1344 481 corporalis
1364 440 1468 470 omni·
1490 449 1499 469 5
1522 449 1590 470 non
1614 439 1708 470 debet
1731 441 1795 471 hoc
1819 445 2063 471 sacramentum.

402 486 461 516 bus
483 485 618 517 infirmis
641 485 742 522 detur,
758 485 883 517 videtur
907 486 995 526 quod
1019 486 1115 516 etiam
1136 486 1200 516 hoc
1223 489 1466 515 sacramentum.
1577 485 1767 515 Ruspommo
1806 494 1966 515 mensuum
2005 484 2095 525 quod
2127 485 2191 515 hoc
2226 491 2460 516 sacramentum
2495 486 2590 526 exigit

457 530 519 561 San
543 540 677 566 comm,
693 530 757 560 hoc
780 536 1014 561 sacramentum
1038 530 1152 560 dicitur
1175 530 1213 560 ab
1238 528 1388 559 omnibus
1413 537 1468 558 ex·
1523 529 1680 559 actualem
1704 528 1912 559 devotionem
1934 529 1968 559 in
1992 529 2199 569 suscipiente,
2224 530 2306 560 sicut
2329 534 2360 560 et
2382 529 2589 560 Eucharistia.

403 579 523 606 tremae
546 574 717 606 unctionis.
742 574 805 605 Sed
827 584 895 605 non
919 575 1024 605 omnis
1040 573 1204 604 infirmitas
1228 572 1268 603 ad
1291 578 1467 603 extremum
1522 572 1626 608 Unde,
1651 573 1733 603 sicut
1756 573 1954 604 Eucharistia
1968 582 2037 603 non
2058 573 2153 604 debet
2176 572 2242 604 dari
2257 574 2374 614 pueriS,
2390 574 2434 603 ita
2451 582 2512 604 nec
2526 574 2591 604 hoc

401 619 484 650 vitae
507 619 668 659 perducit:
694 628 770 649 cum
786 618 944 659 quaedam
967 618 1178 658 aegritudines
1195 618 1257 648 sint
1280 626 1375 647 causa
1397 616 1468 646 lon·
1522 622 1766 648 sacramentum.

402 664 498 703 gioris
521 663 622 699 vitae,
649 668 686 693 ut
709 662 784 693 dicit
807 663 1022 703 Philosophus
1045 664 1072 693 *.
1107 662 1192 702 Ergo
1221 671 1289 692 non
1318 661 1468 691 omnibus
1484 672 1509 687 ιο
1577 661 1628 691 Ar>
1652 671 1768 692 pamma
1791 671 1874 692 ERGO
1898 671 2059 692 mmmmm
2087 660 2177 702 quod
2206 660 2404 692 infirmitates
2427 662 2461 691 in
2484 662 2591 702 pueris

401 707 635 738 infirmantibus
659 707 753 737 debet
775 708 839 738 hoc
862 712 1096 737 sacramentum
1120 706 1195 736 dari.
1522 714 1590 735 non
1614 711 1689 736 sunt
1712 715 1750 736 ex
1773 711 1906 746 peccato
1931 706 2047 736 actuali
2070 711 2226 742 causatae‚
2243 706 2325 736 sicut
2347 706 2382 736 in
2402 705 2526 736 adultis.
2550 706 2592 736 Et

457 753 646 783 Rasposnsso
670 761 830 781 Drcanum
862 751 951 791 quod
973 752 1037 781 hoc
1069 755 1303 781 sacramentum
1327 754 1374 779 est
1395 748 1468 779 ulti-
1523 754 1635 780 contra
1657 750 1725 780 illas
1747 751 1920 790 praecipue
1939 749 2137 781 infirmitates
2160 750 2224 781 hoc
2247 755 2482 781 sacramentum
2500 749 2592 780 datur

402 806 494 827 mum
517 796 695 826 remedium
719 795 809 835 quod
827 796 969 826 Ecclesia
992 801 1098 835 potest
1114 794 1268 830 conferre,
1285 792 1469 823 immediate
1524 803 1607 833 quae
1631 799 1705 824 sunt
1727 804 1766 824 ex
1788 800 1922 834 peccato
1947 800 2092 825 causatae
2116 795 2207 835 quasi
2229 795 2354 835 peccati
2376 794 2538 834 reliquiae.

404 842 494 881 quasi
517 840 690 880 disponens
707 839 746 870 ad
768 839 911 879 gloriam.
937 840 978 870 Et
993 839 1066 870 ideo
1090 839 1150 869 illis
1166 843 1291 868 tantum
1306 837 1468 868 infirman-
1576 838 1628 868 -An
1653 848 1817 869 sacrmmm
1836 849 1997 869 mmmmm
2013 839 2102 879 quod
2117 849 2185 869 non
2209 838 2301 869 datur
2316 844 2428 869 contra
2442 838 2591 878 reliquias

403 885 487 915 tibus
511 884 605 915 debet
628 884 767 914 exhiberi
791 885 847 923 qui
871 889 945 914 sunt
967 884 1000 913 in
1024 889 1106 914 statu
1130 883 1325 918 exeuntium,
1339 887 1469 921 propter
1484 894 1507 916 ις
1524 882 1684 922 originalis
1707 883 1831 923 peccati
1853 883 1915 914 nisi
1945 883 2124 914 secundum
2154 883 2245 923 quod
2268 888 2343 914 sunt
2371 892 2430 923 per
2456 882 2592 913 actualia

404 929 468 959 hoc
491 928 581 968 quod
603 927 768 968 aegritudo
791 933 865 958 nata
888 933 934 957 est
957 927 1108 958 inducere
1135 932 1283 963 mortem,
1297 931 1328 956 et
1351 925 1390 956 de
1413 935 1469 965 pe·
1522 932 1654 966 peccata
1670 927 1914 966 quodammodo
1931 927 2138 958 confortatae.
2163 927 2257 958 Unde
2275 927 2491 968 principaliter
2513 936 2591 958 con-

404 973 506 1003 riculo
530 973 668 1002 timetur.
1522 975 1570 1000 tra
1593 971 1727 1001 actualia
1750 977 1882 1011 peccata
1905 971 2006 1008 datur,
2023 977 2059 1002 ut
2077 982 2116 1003 ex
2137 972 2206 1012 ipsa
2229 971 2333 1002 forma
2347 976 2435 1012 patet
2450 972 2483 1002 *z
2508 981 2591 1012 quae

459 1017 509 1046 An
526 1026 642 1046 pamma
658 1025 740 1045 aizoo
756 1025 917 1044 mmmmm
933 1015 1022 1054 quod
1038 1015 1198 1054 quaelibet
1213 1013 1378 1044 infirmitas
1393 1023 1469 1052 aug·
1522 1023 1591 1044 non
1615 1020 1689 1045 sunt
1711 1015 1745 1045 in
1768 1016 1886 1055 pueris.

404 1065 543 1091 mentata
565 1056 671 1099 potest
693 1064 831 1089 mortem
846 1058 1008 1088 inducere.
1033 1059 1075 1088 Et
1097 1057 1181 1094 ideo,
1198 1058 1224 1087 si
1244 1066 1360 1096 genera
1382 1056 1469 1086 infir-

404 1105 550 1135 mitatum
574 1108 756 1143 pensentur,
773 1103 806 1132 in
823 1102 964 1142 qualibet
986 1101 1183 1141 aegritudine
1198 1106 1304 1141 potest
1325 1100 1391 1130 dari
1405 1101 1469 1130 hoc
1484 1113 1510 1128 ιο
1623 1103 1722 1133 ART.
1739 1103 1779 1134 V.
1804 1113 1909 1134 u'rmm
1931 1113 1996 1134 noc
2020 1114 2222 1135 SACRAMENTO
2242 1114 2349 1135 Torum
2372 1114 2487 1135 eonpvs

405 1153 653 1179 sacramentum:
679 1147 754 1186 quia
769 1146 946 1186 Apostolus
962 1155 1030 1175 non
1050 1145 1238 1175 determinat
1252 1143 1470 1174 infirmitatem
1930 1157 2039 1178 numm
2066 1158 2187 1178 mmm-1·

405 1193 554 1232 aliquam.
578 1190 641 1221 Sed
664 1191 689 1220 si
705 1195 855 1230 pensetur
878 1189 1067 1220 infirmitatis
1087 1188 1204 1219 modus
1228 1194 1259 1218 et
1277 1193 1385 1223 status,
1401 1197 1469 1218 non

405 1246 530 1276 semper
553 1235 647 1266 debet
669 1234 902 1265 infirmantibus
925 1234 988 1264 hoc
1012 1238 1246 1264 sacramentum
1270 1231 1346 1262 dari.
1525 1242 1610 1305 An
1635 1243 1776 1263 amm-um
1799 1243 1844 1264 src
1871 1243 2076 1264 raecum-rua.
2110 1234 2244 1265 Videtur
2276 1235 2367 1275 quod
2395 1236 2459 1266 hoc
2491 1246 2592 1267 sacra-

460 1282 510 1311 An
534 1289 695 1310 SECUNDUM
717 1288 877 1308 mmmmm
894 1277 984 1318 quod
1005 1277 1164 1308 medicina
1183 1276 1356 1316 corporalis
1375 1276 1470 1306 habet
1589 1282 1701 1307 mento
1731 1283 1838 1308 totum
1861 1287 1979 1318 corpus
2009 1278 2122 1318 inungi
2145 1278 2268 1309 debeat.
2301 1279 2388 1317 Quia
2414 1280 2593 1311 secundum

405 1335 464 1366 pro
480 1324 645 1365 principali
662 1322 776 1353 effectu
799 1323 966 1352 sanitatem
982 1321 1193 1362 corporalem,
1210 1330 1274 1361 qua
1293 1329 1406 1350 omnes
1422 1320 1470 1349 in-
1485 1332 1508 1352 25
1524 1321 1743 1361 Augustinum
1758 1322 1784 1358 *‚
1802 1322 1875 1352 tota'
1893 1322 2004 1352 anima
2027 1327 2074 1353 est
2097 1323 2130 1352 in
2154 1327 2221 1353 toto
2245 1332 2392 1363 corpore.
2417 1323 2481 1354 Sed
2501 1333 2593 1364 prae-

408 1369 488 1399 firmi
507 1370 539 1399 in
556 1368 699 1408 quolibet
722 1372 803 1397 statu
819 1365 971 1406 indigent.
997 1366 1060 1397 Sed
1082 1367 1146 1396 hoc
1165 1370 1400 1396 sacramentum
1414 1365 1470 1394 ha·
1525 1365 1619 1405 cipue
1643 1365 1735 1396 datur
1750 1366 1813 1396 hoc
1828 1371 2063 1397 sacramentum
2078 1366 2119 1397 ad
2134 1367 2312 1398 sanandum
2333 1368 2482 1399 animam.
2506 1368 2592 1409 Ergo

405 1415 459 1444 bet
481 1423 539 1453 pro
556 1412 720 1452 principali
745 1410 860 1441 effectu
886 1411 974 1440 illam
1002 1411 1188 1450 sospitatem
1211 1419 1295 1449 quae
1327 1409 1470 1439 exeunti·
1524 1410 1558 1439 in
1582 1419 1718 1450 corpore
1741 1415 1811 1440 toto
1835 1410 1931 1441 debet
1952 1411 2098 1441 inunctio
2122 1410 2201 1442 fieri.

405 1459 464 1488 bus
488 1463 518 1487 et
541 1458 599 1487 iter
622 1456 660 1486 ad
683 1456 817 1495 gloriam
848 1455 1014 1495 agentibus
1038 1459 1084 1485 est
1115 1454 1301 1484 necessaria.
1333 1453 1374 1483 Et
1395 1452 1469 1483 ideo
1582 1463 1611 1484 2.
1636 1454 1833 1490 PRAETEREA,
1849 1455 1906 1485 ubi
1930 1460 1976 1485 est
1999 1455 2142 1492 morbus,
2159 1456 2204 1486 ibi
2227 1455 2322 1486 debet
2345 1457 2467 1496 apponi
2492 1455 2594 1488 medi-

405 1512 473 1532 non
497 1506 542 1532 est
565 1501 677 1531 simile.
1525 1498 1606 1528 cina.
1631 1497 1695 1529 Sed
1718 1498 1915 1539 quandoque
1949 1499 2083 1530 morbus
2116 1505 2163 1530 est
2185 1500 2371 1530 universalis
2396 1506 2427 1531 et
2455 1501 2489 1531 in
2522 1505 2593 1532 toto

1486 1553 1511 1574 ³0
1525 1551 1671 1583 corpore,
1688 1543 1770 1574 sicut
1792 1543 1898 1574 febris.
1922 1543 2008 1583 Ergo
2031 1549 2138 1574 totum
2161 1553 2279 1584 corpus
2309 1544 2404 1575 debet
2426 1545 2549 1585 inungi.

1581 1587 1611 1617 3.
1635 1587 1832 1624 menm,
1859 1588 1893 1618 in
1925 1588 2085 1628 baptismo
2114 1593 2222 1619 totum
2245 1598 2364 1630 corpus
2385 1589 2593 1630 immergitur.

1524 1630 1611 1672 Ergo
1635 1637 1666 1662 et
1689 1632 1741 1662 hic
1764 1637 1871 1662 totum
1894 1631 2023 1663 deberet
2045 1633 2168 1673 inungi.

580 1566 678 1597 ART.
697 1565 747 1595 ΙΙΙ.
772 1575 877 1595 ornum
900 1574 1037 1595 Fumos1s
1059 1574 1098 1594 ΕΤ
1121 1574 1293 1594 ΑΜΕΝτῐΒυε

661 1619 725 1640 noc
748 1619 973 1640 SACRAMENTU'M
995 1619 1070 1638 nam
1093 1619 1214 1639 nanum·

2618 974 2629 984 ·
2650 972 2686 995 Cf.
2708 977 2748 1000 qu.
2766 977 2822 994 mx

2618 1002 2660 1021 nrt.
2678 999 2701 1027 8,
2719 1004 2767 1026 arg.
2783 988 2834 1021 Seol

2619 1027 2680 1048 cont.
2696 1032 2715 1048 ι.

2619 1332 2668 1354 'De
2674 1332 2741 1355 Trtn.
2749 1332 2833 1361 umvl,

2620 1364 2670 1387 cap.
2685 1364 2717 1382 vx.

470 1688 489 1708 D
521 1687 654 1707 raerM
677 1686 723 1706 sm
755 1685 959 1706 moenum-un.
991 1674 1125 1706 Videtur
1158 1674 1248 1715 quod
1281 1674 1409 1705 furiosis
1440 1680 1471 1705 et
1580 1675 1642 1706 San
1667 1686 1791 1706 con-rm
1813 1686 1868 1707 nsr
1890 1677 2075 1707 universalis
2104 1677 2268 1708 Ecclesiae
2294 1677 2389 1714 ritus,
2416 1676 2596 1709 secundum
2641 1692 2645 1695 ·

407 1690 647 1752 Aamentibus
675 1721 738 1750 hoc
766 1725 999 1750 sacramentum
1030 1719 1096 1750 dari
1126 1719 1249 1750 debeat.
1280 1719 1365 1757 Quia
1393 1719 1470 1750 tales
1525 1729 1624 1760 quem
1646 1730 1715 1751 non
1729 1721 1895 1761 inungitur
1917 1720 2063 1752 infirmus
2078 1722 2140 1752 nisi
2162 1722 2196 1752 in
2218 1721 2434 1753 determinatis
2453 1722 2595 1763 partibus

407 1766 616 1806 aegritudines
639 1770 712 1795 sunt
735 1764 1032 1804 periculosissimae,
1050 1769 1082 1794 et
1104 1764 1168 1794 cito
1185 1763 1224 1794 ad
1247 1769 1385 1794 mortem
1409 1763 1471 1794 dis·
1486 1774 1508 1796 ³5
1525 1765 1678 1804 corporis.

406 1816 541 1851 ponunt.
577 1809 639 1840 Sed
673 1809 817 1849 periculo
853 1808 947 1839 debet
980 1808 1122 1839 adhiberi
1156 1808 1344 1839 remedium.
1384 1808 1470 1848 Ergo
1578 1809 1770 1839 Rusponnzo
1793 1819 1954 1840 mcnnntm
1977 1809 2067 1850 quod
2089 1810 2153 1841 hoc
2183 1816 2418 1841 sacramentum
2443 1820 2502 1851 per
2523 1820 2595 1842 mo-

406 1856 469 1885 hoc
492 1859 733 1889 sacramentum,
751 1852 840 1893 quod
864 1858 911 1883 est
933 1853 967 1883 in
990 1852 1169 1883 remedium
1198 1852 1388 1883 infirmitatis
1411 1853 1470 1883 hu·
1525 1852 1604 1883 dum
1627 1854 1799 1884 curationis
1822 1854 1997 1885 exhibetur.
2034 1854 2166 1886 Curatio
2197 1860 2306 1885 autem
2329 1855 2504 1895 corporalis
2526 1864 2595 1886 non

405 1909 528 1935 manae,
545 1898 638 1928 debet
661 1898 775 1928 talibus
799 1897 947 1928 conferri.
1525 1903 1654 1937 oportet
1677 1897 1767 1938 quod
1789 1897 1845 1929 fiat
1866 1908 1927 1939 per
1946 1898 2140 1929 medicinam
2163 1900 2223 1929 toti
2246 1899 2375 1940 corpori
2404 1899 2594 1940 appositam,

462 1953 490 1973 2.
515 1943 709 1978 PRAETEREA‚
727 1941 853 1982 dignius
869 1946 1104 1972 sacramentum
1120 1946 1166 1972 est
1181 1941 1357 1981 baptismus
1373 1951 1471 1982 quam
1525 1941 1581 1972 sed
1603 1942 1664 1972 inis
1686 1942 1828 1982 partibus
1851 1943 1907 1973 ubi
1931 1948 1978 1973 est
2000 1943 2086 1974 radix
2109 1944 2224 1974 morbi.
2254 1943 2295 1974 Et
2317 1942 2392 1974 ideo
2416 1944 2512 1974 etiam
2534 1953 2595 1974 un-

405 1987 499 2018 istud.
524 1986 586 2018 Sed
609 1987 784 2026 baptismus
802 1986 893 2016 datur
916 1985 1053 2021 furiosis,
1069 1991 1105 2016 ut
1121 1995 1216 2026 supra
1231 1987 1247 2002 *
1271 1985 1394 2016 dictum
1414 1992 1470 2016 est.
1485 1998 1512 2019 40
1525 1986 1590 2016 ctio
1622 1986 1856 2017 sacramentalis
1889 1986 1984 2017 debet
2006 1986 2075 2018 fieri
2097 1987 2131 2017 in
2153 1987 2214 2018 illis
2240 1987 2383 2028 partibus
2412 1993 2539 2019 tantum
2560 1988 2595 2019 in

406 2032 490 2072 Ergo
515 2037 546 2062 et
568 2032 631 2061 hoc
654 2036 889 2061 sacramentum
913 2031 957 2060 eis
981 2030 1075 2060 debet
1099 2029 1174 2060 dari.
1526 2031 1643 2071 quibus
1667 2036 1713 2061 est
1737 2030 1824 2061 radix
1847 2031 2016 2071 spiritualis
2039 2031 2239 2062 infirmitatis.

460 2076 521 2107 SED
547 2086 679 2111 CONTRA,
698 2076 762 2105 hoc
781 2080 1014 2105 sacramentum
1030 2084 1098 2104 non
1122 2080 1168 2104 est
1184 2073 1325 2105 dandum
1343 2075 1405 2105 nisi
1423 2083 1472 2105 re·
1580 2075 1631 2104 An
1647 2085 1764 2105 Panum
1787 2085 1870 2105 aneo
1887 2085 2047 2106 mmmmm
2071 2075 2161 2116 quod
2176 2077 2292 2112 anima,
2310 2076 2455 2116 quamvis
2474 2077 2514 2107 sit
2528 2082 2597 2108 tota

407 2120 673 2161 cognoscentibus
689 2120 806 2159 ipsum.
831 2118 894 2150 Sed
917 2119 994 2149 tales
1009 2128 1077 2149 non
1096 2124 1171 2149 sunt
1189 2118 1300 2149 furiosi
1316 2123 1348 2150 et
1363 2128 1471 2149 amen-
1525 2119 1559 2149 in
1583 2119 1724 2159 qualibet
1746 2125 1835 2159 parte
1859 2121 2003 2160 corporis
2019 2126 2178 2160 quantum
2201 2120 2241 2151 ad
2263 2121 2443 2158 essentiam,
2459 2130 2528 2151 non
2550 2126 2596 2152 ta-

405 2170 462 2195 tes.
486 2165 571 2204 Ergo
597 2165 640 2194 eis
664 2163 731 2194 dari
753 2173 820 2194 non
844 2163 947 2194 debet.
1525 2173 1602 2194 men
1625 2169 1783 2203 quantum
1799 2163 1839 2194 ad
1854 2165 2024 2204 potentias,
2041 2174 2125 2205 quae
2148 2170 2223 2195 sunt
2237 2163 2358 2196 radices
2374 2170 2505 2196 actuum
2520 2174 2596 2206 pec-

460 2210 648 2239 Raspounao
668 2218 828 2238 mensuum
845 2207 934 2248 quod
951 2207 990 2238 ad
1007 2207 1157 2238 effectum
1173 2208 1268 2238 huius
1284 2209 1472 2238 sacramenti
1486 2219 1510 2240 45
1526 2209 1598 2238 cati.
1622 2208 1663 2238 Et
1685 2207 1759 2239 ideo
1784 2213 1913 2248 oportet
1936 2209 2026 2249 quod
2048 2210 2082 2240 in
2106 2209 2320 2240 determinatis
2342 2209 2485 2250 partibus
2507 2209 2596 2247 fiant,

407 2253 649 2294 percipiendum
672 2253 848 2292 plurimum
864 2253 947 2282 valet
970 2251 1100 2282 devotio
1119 2253 1330 2292 suscipientis,
1347 2258 1378 2283 et
1401 2262 1472 2292 per·
1526 2254 1560 2283 in
1584 2253 1701 2293 quibus
1723 2252 1795 2283 illae
1819 2253 1982 2292 potentiae
2005 2254 2124 2284 habent
2147 2263 2226 2284 esse.

407 2298 516 2328 sonale
539 2298 689 2328 meritum
709 2297 953 2333 conferentium,
971 2302 1002 2326 et
1017 2296 1163 2336 generale
1179 2298 1278 2327 totius
1293 2297 1470 2327 Ecclesiae:
1581 2297 1632 2327 An
1657 2307 1819 2328 sacrmnum
1834 2307 1994 2328 nrcrmnum
2010 2297 2100 2338 quod
2115 2307 2183 2328 non
2198 2307 2325 2338 semper
2340 2298 2514 2338 apponitur
2528 2308 2596 2330 me-

409 2342 498 2382 quod
520 2347 606 2382 patet
630 2351 667 2371 ex
690 2342 754 2371 hoc
778 2341 867 2381 quod
890 2351 946 2381 per
970 2340 1106 2371 modum
1122 2340 1354 2380 deprecationis
1370 2341 1473 2372 forma
1527 2341 1632 2372 dicina
1664 2342 1720 2372 ubi
1744 2346 1790 2372 est
1822 2342 1971 2372 morbus:
2005 2341 2062 2373 sed
2092 2343 2322 2382 congruentius
2344 2343 2400 2373 ubi
2431 2348 2479 2373 est
2509 2342 2597 2374 radix

407 2387 502 2416 huius
525 2386 712 2416 sacramenti
736 2385 907 2416 confertur.
932 2385 973 2415 Et
995 2385 1068 2415 ideo
1092 2385 1152 2415 illis
1176 2386 1232 2425 qui
1247 2395 1315 2416 non
1338 2391 1474 2426 possunt
1526 2386 1642 2417 morbi.

408 2440 636 2470 recognoscere
661 2435 691 2460 et
715 2439 790 2460 cum
821 2429 993 2460 devotione
1023 2430 1183 2469 suscipere
1206 2430 1269 2460 hoc
1296 2440 1474 2460 sacramen·
1489 2440 1514 2461 ⁵⁰
1585 2430 1633 2463 An
1658 2440 1793 2460 Taurum
1816 2440 1976 2460 melinum«
2000 2430 2090 2471 quod
2122 2431 2300 2470 baptismus
2321 2429 2358 2461 fit
2380 2439 2438 2471 per
2459 2431 2597 2463 modum

409 2480 488 2510 tum,
506 2475 570 2505 dari
593 2484 661 2505 non
685 2474 793 2505 debet:
819 2480 850 2504 et
872 2474 1045 2514 praecipue
1068 2473 1195 2504 furiosis
1219 2479 1250 2504 et
1273 2475 1472 2511 amentibus,
1528 2474 1710 2505 ablutionis.
1733 2475 1866 2505 Ablutio
1890 2480 1998 2505 autem
2022 2475 2195 2515 corporalis
2209 2485 2278 2506 non
2300 2480 2415 2515 purgat
2436 2476 2597 2507 maculam

411 2520 466 2559 qui
488 2524 618 2559 possent
633 2519 869 2549 irreverentiam
888 2523 1085 2549 sacramento
1101 2528 1159 2558 per
1177 2518 1318 2558 aliquam
1333 2519 1474 2550 immun·
1529 2519 1567 2549 ab
1591 2519 1698 2559 aliqua
1720 2524 1809 2559 parte
1831 2519 1892 2550 nisi
1910 2519 1963 2550 cui
1987 2520 2170 2559 apponitur.
2194 2519 2236 2550 Et
2253 2519 2327 2551 ideo
2343 2519 2520 2560 baptismus
2535 2521 2596 2552 toti

411 2563 519 2594 ditiam
542 2563 661 2600 facere;
685 2563 746 2593 nisi
761 2564 914 2593 haberent
930 2562 1035 2593 lucida
1050 2563 1223 2599 intervalla,
1241 2564 1357 2604 quibus
1373 2573 1474 2594 sacra·
1528 2564 1657 2604 corpori
1680 2563 1856 2594 adhibetur.
1881 2563 1980 2595 Secus
2003 2569 2112 2594 autem
2135 2569 2182 2594 est
2205 2563 2245 2595 de
2269 2569 2409 2595 extrema
2431 2565 2596 2602 unctione,

411 2613 517 2638 menta
528 2613 804 2647 recognoscerent,
818 2613 849 2637 et
860 2608 905 2638 sic
918 2608 962 2637 eis
975 2606 1112 2637 conferri
1124 2607 1157 2637 in
1170 2613 1252 2638 statu
1264 2607 1319 2638 illo
1331 2613 1473 2648 possent.
1528 2609 1651 2639 ratione
1675 2608 1739 2638 iam
1754 2609 1771 2624 ⁴*
1795 2607 1887 2638 dicta.

466 2652 516 2681 An
539 2662 655 2682 PRIMUM
678 2662 760 2682 aneo
785 2662 945 2682 nrcannum
975 2651 1080 2691 quod,
1105 2652 1250 2692 quamvis
1273 2653 1306 2682 in
1329 2652 1474 2692 periculo
1489 2661 1512 2682 55

412 2697 521 2726 mortis
544 2696 620 2726 tales
644 2695 840 2736 quandoque
863 2697 934 2732 sint,
958 2701 1066 2726 tamen
1089 2696 1267 2727 remedium
1297 2707 1354 2737 per
1377 2697 1475 2727 devo·
1643 2679 1743 2710 ΛΚΤ·
1759 2679 1813 2710 VI·
1837 2689 1941 2710 UTRUM
1965 2689 2201 2710 CONVENOENTER
2224 2690 2484 2711 ”nummum

412 2741 534 2770 tionem
563 2741 723 2780 propriam
754 2750 822 2771 non
844 2746 951 2781 potest
974 2741 1019 2771 eis
1049 2741 1210 2781 applicari.
1242 2741 1283 2771 Et
1310 2741 1384 2772 ideo
1407 2751 1476 2772 non
1914 2734 2028 2754 maras
2050 2734 2218 2755 nummum

413 2784 506 2814 debet
530 2785 573 2814 eis
597 2784 742 2814 conferri.
1877 2778 1911 2800 lv
1925 2778 1992 2801 0⁰⁸¹-
2009 2778 2086 2806 Genu„
2101 2784 2152 2806 ‹³9-
2167 2785 2250 2801 mm.

467 2829 517 2858 An
542 2839 702 2858 sactmnum
731 2839 890 2859 monimum
921 2828 1011 2869 quod
1040 2830 1216 2870 baptismus
1245 2839 1313 2860 non
1345 2831 1477 2871 requirit
1595 2840 1615 2860 D
1646 2839 1765 2860 ssxrun
1792 2839 1838 2860 s1c
1861 2839 2066 2859 PROCEDITUR.
2094 2828 2229 2860 Videtur
2251 2829 2342 2870 quod
2367 2830 2598 2862 inconvenien-

413 2878 539 2903 motum
561 2873 651 2903 liberi
666 2873 792 2909 arbitrii,
811 2874 886 2914 quia
909 2873 1001 2904 datur
1016 2879 1127 2904 contra
1150 2874 1303 2914 originale
1318 2875 1476 2915 principa·
1490 2884 1517 2904 6ο
1532 2842 1642 2904 Ater
1671 2873 1922 2904 determinentur
1950 2874 2028 2904 istae
2062 2879 2184 2914 partes:
2214 2879 2252 2904 ut
2287 2874 2407 2906 scilicet
2434 2873 2598 2906 infirmans

413 2917 493 2953 liter,
510 2917 599 2956 quod
621 2927 688 2947 non
712 2923 839 2948 curatur
857 2918 890 2948 in
913 2919 1007 2948 nobis
1031 2928 1068 2949 ex
1083 2924 1194 2949 nostro
1213 2919 1314 2949 libero
1338 2919 1475 2950 arbitrio.
1530 2919 1702 2959 inungatur
1717 2919 1750 2948 in
1767 2918 1880 2955 oculis,
1896 2918 1930 2948 in
1945 2918 2084 2954 naribus,
2100 2918 2134 2948 in
2150 2918 2288 2955 auribus,
2305 2919 2339 2948 in
2361 2918 2461 2955 labiis,
2477 2918 2511 2949 in
2530 2928 2598 2950 ma-

415 2960 477 2991 Sed
499 2962 532 2991 in
554 2962 618 2991 hoc
633 2968 830 2992 sacramento
854 2963 1025 3002 requiritur
1039 2968 1148 2993 motus
1171 2963 1261 2993 liberi
1285 2964 1412 2994 arbitrii.
1436 2964 1477 2994 Et
1530 2963 1625 2993 nibus
1649 2968 1680 2994 et
1695 2962 1840 3003 pedibus.
1865 2962 1951 3000 Quia
1973 2963 2099 3002 sapiens
2118 2962 2263 2993 medicus
2286 2967 2375 2993 curat
2396 2962 2548 2994 morbum
2563 2964 2598 2994 in

415 3003 487 3034 ideo
510 3014 578 3035 non
602 3011 647 3035 est
670 3006 781 3036 simile.
797 3024 820 3028 —
843 3006 883 3036 Et
906 3013 1068 3047 praeterea
1099 3008 1275 3047 baptismus
1306 3013 1353 3038 est
1376 3018 1477 3039 sacra·
1531 3006 1645 3038 radice.
1670 3007 1734 3038 Sed
1748 3007 1787 3037 de
1802 3007 1900 3037 corde
1915 3011 2034 3037 exeunt
2055 3007 2270 3048 cogitationes
2283 3015 2367 3047 quae
2387 3007 2600 3048 coinquinant

416 3054 561 3079 mentum
583 3050 791 3080 necessitatis:
816 3060 883 3081 non
907 3057 1046 3082 extrema
1068 3052 1190 3082 unctio.
1530 3052 1707 3088 hominem,
1731 3057 1768 3082 ut
1790 3051 1906 3082 dicitur
1938 3050 2050 3082 Matth.
2066 3061 2107 3081 xv
2122 3051 2150 3081 *.
2180 3051 2266 3091 Ergo
2289 3051 2323 3081 in
2349 3056 2481 3091 pectore
2503 3051 2599 3083 debet

1490 3105 1515 3131 65
1530 3095 1600 3127 fieri
1622 3096 1779 3127 inunctio.

1588 3150 1618 3171 2.
1642 3141 1838 3176 Pani-nnn,
1854 3139 1975 3180 puritas
1998 3140 2114 3170 mentis
2136 3148 2204 3169 non
2227 3139 2334 3170 minus
2353 3144 2400 3170 est
2421 3140 2599 3171 necessaria

421 3190 502 3252 An
531 3190 677 3210 oum-rum
704 3191 749 3212 sm
772 3192 974 3213 paoermrua.
1006 3183 1140 3214 Videtur
1163 3183 1254 3224 quod
1277 3183 1390 3215 debeat
1413 3184 1478 3216 dari
1532 3185 1721 3215 exeuntibus
1745 3193 1844 3224 quam
1858 3184 2057 3214 intrantibus.
2082 3182 2145 3214 Sed
2167 3183 2319 3213 intrantes
2336 3189 2502 3224 unguntur
2517 3185 2598 3215 chri-

482 3225 597 3263 pueris.
629 3225 713 3262 Quia
745 3225 864 3257 eisdem
893 3226 1128 3259 infirmitatibus
1163 3228 1360 3269 quandoque
1389 3229 1478 3260 labo·
1532 3234 1632 3259 smate
1655 3229 1689 3259 in
1711 3229 1829 3259 vertice
1853 3238 1871 3258 a
1893 3227 2057 3258 sacerdote
2073 3226 2112 3258 ad
2131 3226 2376 3267 significandum
2399 3229 2515 3259 mentis
2537 3238 2598 3269 pu-

419 3272 487 3297 rant
502 3269 592 3307 pueri
615 3274 646 3298 et
661 3269 768 3300 adulti.
793 3270 856 3301 Sed
872 3271 975 3301 eidem
993 3273 1108 3303 morbo
1126 3272 1219 3303 debet
1238 3272 1378 3304 adhiberi
1393 3273 1479 3304 idem
1532 3274 1666 3304 ritatem.
1691 3273 1777 3313 Ergo
1801 3277 1833 3303 et
1855 3277 2008 3303 exeuntes
2030 3272 2095 3302 hoc
2110 3277 2307 3302 sacramento
2331 3273 2409 3312 ungi
2432 3271 2550 3304 debent
2564 3273 2598 3304 in

419 3310 604 3341 remedium.
628 3312 724 3352 Ergo,
741 3314 823 3344 sicut
845 3314 969 3350 adultis,
985 3316 1028 3346 ita
1052 3322 1083 3347 et
1105 3318 1212 3357 pueris
1228 3316 1323 3348 debet
1344 3318 1408 3348 hoc
1431 3328 1478 3348 sa-
1492 3332 1520 3354 70
1531 3317 1660 3349 vertice.

421 3360 617 3385 eramentum
641 3356 715 3386 dari.
1590 3362 1619 3392 3.
1643 3361 1839 3397 Pmrmum,
1855 3360 1900 3390 ibi
1923 3359 2019 3390 debet
2033 3358 2174 3390 adhiberi
2197 3359 2375 3391 remedium
2391 3361 2447 3392 ubi
2470 3366 2517 3392 est
2531 3369 2599 3392 ma-

469 3408 505 3448 .²'
525 3398 722 3448 'Palam-nam,
747 3401 810 3431 hoc
840 3409 1071 3434 sacramentum
1094 3403 1185 3435 datur
1215 3405 1255 3436 ad
1276 3406 1479 3446 purgandum
1533 3406 1583 3437 ior
1604 3406 1652 3436 vis
1674 3405 1789 3436 morbi.
1814 3403 1877 3436 Sed
1904 3404 2073 3444 spiritualis
2102 3404 2234 3434 morbus
2263 3405 2435 3446 praecipue
2457 3405 2543 3445 viget
2564 3405 2599 3436 in

421 3441 568 3481 reliquias
583 3444 714 3482 peccati,
731 3450 767 3474 ut
782 3455 875 3485 supra
886 3447 903 3463 ὕ
919 3446 1040 3477 dictum
1056 3453 1111 3484 est,
1124 3454 1189 3479 tam
1205 3450 1365 3489 originalis
1381 3460 1479 3491 quam
1533 3450 1662 3481 renibus
1678 3450 1761 3486 viris,
1779 3454 1810 3480 et
1825 3448 2011 3479 mulieribus
2026 3448 2060 3478 in
2075 3448 2244 3478 umbilico:
2264 3454 2301 3479 ut
2317 3448 2431 3480 dicitur
2446 3449 2504 3480 Iob
2520 3459 2560 3479 xx.
2571 3450 2598 3486 ⁴,

423 3485 561 3535 actualis.
596 3485 659 3517 Sed
681 3488 714 3517 in
746 3489 852 3527 pueris
875 3496 948 3520 sunt
979 3491 1130 3531 reliquiae
1163 3494 1323 3533 originalis
1345 3495 1478 3535 peccati.
1533 3495 1679 3525 Potestas
1701 3494 1770 3525 eius
1793 3493 1826 3524 in
1850 3493 1964 3524 lumbis
1979 3493 2057 3528 eius,
2074 3492 2253 3524 secundum
2268 3494 2503 3534 expositionem
2520 3493 2599 3525 Gre-

423 3528 509 3568 Ergo
533 3538 577 3560 els
601 3529 694 3561 debet
716 3531 779 3562 hoc
802 3540 1034 3565 sacramentum
1057 3535 1132 3566 dari.
1493 3554 1518 3576 75
1533 3539 1616 3579 gorii
1630 3539 1657 3569 ⁹.
1681 3538 1766 3579 Ergo
1790 3537 1835 3568 ibi
1858 3537 1952 3568 debet
1974 3536 2043 3568 fieri
2065 3537 2221 3568 inunctio.
2513 3544 2515 3547 ·

447 3114 546 3144 ART.
563 3114 614 3144 IV.
638 3125 743 3145 unum
764 3126 828 3146 Hoc
851 3126 1076 3148 sAeRAMENTuM
1099 3127 1219 3148 nanum
1242 3128 1317 3148 ΒΑΜ
1339 3129 1445 3150 PUERIS

2623 2592 2838 2622 ‘becquet-d

2625 3061 2635 3071 ·
2649 3059 2716 3082 ven.
2732 3059 2759 3082 ¹8
2772 3065 2826 3088 sqq.

2625 3453 2637 3464 ·
2650 3451 2718 3475 ven.
2734 3458 2767 3475 n.

2625 3497 2637 3509 ⁶
2658 3495 2748 3519 Moru.
2770 3495 2811 3519 Hb.

2625 3522 2731 3551 xxxu,
2759 3528 2812 3552 ap.

2625 3555 2671 3577 xxv,
2686 3549 2716 3573 ⁸1.
2729 3555 2762 3572 ιι.
