<?xml version="1.0" encoding="UTF-8"?>
<!DOCTYPE html PUBLIC "-//W3C//DTD XHTML 1.0 Transitional//EN"
    "http://www.w3.org/TR/xhtml1/DTD/xhtml1-transitional.dtd">
<html xmlns="http://www.w3.org/1999/xhtml" xml:lang="en" lang="en">
 <head>
  <title>
</title>
<meta http-equiv="Content-Type" content="text/html;charset=utf-8" />
  <meta name='ocr-system' content='tesseract 3.04.00' />
  <meta name='ocr-capabilities' content='ocr_page ocr_carea ocr_par ocr_line ocrx_word'/>
</head>
<body>
  <div class='ocr_page' id='page_1' title='image "./operaomniaiussui12thom/operaomniaiussui12thom_0490.png"; bbox 0 0 2878 4088; ppageno 0'>
   <div class='ocr_carea' id='block_1_1' title="bbox 422 196 1924 250">
    <p class='ocr_par' dir='ltr' id='par_1_1' title="bbox 422 196 1924 250">
     <span class='ocr_line' id='line_1_1' title="bbox 422 196 1924 250; baseline -0.007 -9"><span class='ocrx_word' id='word_1_1' title='bbox 422 203 470 241; x_wconf 86' lang='lat'>30</span> <span class='ocrx_word' id='word_1_2' title='bbox 1075 200 1339 250; x_wconf 91' lang='lat' dir='ltr'>QUAESTIO</span> <span class='ocrx_word' id='word_1_3' title='bbox 1368 199 1466 245; x_wconf 86' lang='lat' dir='ltr'>XIV,</span> <span class='ocrx_word' id='word_1_4' title='bbox 1488 197 1780 234; x_wconf 89' lang='lat' dir='ltr'>ARTICULUS</span> <span class='ocrx_word' id='word_1_5' title='bbox 1808 196 1869 242; x_wconf 89' lang='lat' dir='ltr'>IV,</span> <span class='ocrx_word' id='word_1_6' title='bbox 1889 196 1924 232; x_wconf 93' lang='lat' dir='ltr'>V</span> 
     </span>
    </p>
   </div>
   <div class='ocr_carea' id='block_1_2' title="bbox 421 273 2611 545">
    <p class='ocr_par' dir='ltr' id='par_1_2' title="bbox 421 273 2611 412">
     <span class='ocr_line' id='line_1_2' title="bbox 421 273 2610 323; baseline -0.005 -8"><span class='ocrx_word' id='word_1_7' title='bbox 421 283 534 315; x_wconf 88' lang='lat' dir='ltr'>eadem</span> <span class='ocrx_word' id='word_1_8' title='bbox 549 284 672 314; x_wconf 86' lang='lat' dir='ltr'>ratione</span> <span class='ocrx_word' id='word_1_9' title='bbox 696 292 794 323; x_wconf 87' lang='lat' dir='ltr'>opera</span> <span class='ocrx_word' id='word_1_10' title='bbox 817 292 855 313; x_wconf 87' lang='lat' dir='ltr'>ex</span> <span class='ocrx_word' id='word_1_11' title='bbox 871 283 998 313; x_wconf 90' lang='lat' dir='ltr'>caritate</span> <span class='ocrx_word' id='word_1_12' title='bbox 1021 281 1112 317; x_wconf 87' lang='lat' dir='ltr'>facta,</span> <span class='ocrx_word' id='word_1_13' title='bbox 1130 281 1249 311; x_wconf 88' lang='lat' dir='ltr'>scilicet</span> <span class='ocrx_word' id='word_1_14' title='bbox 1265 289 1302 310; x_wconf 88' lang='lat' dir='ltr'>ex</span> <span class='ocrx_word' id='word_1_15' title='bbox 1317 279 1380 309; x_wconf 90' lang='lat' dir='ltr'>hoc</span> <span class='ocrx_word' id='word_1_16' title='bbox 1397 276 1486 318; x_wconf 92' lang='lat' dir='ltr'>quod</span> <span class='ocrx_word' id='word_1_17' title='bbox 1541 281 1588 306; x_wconf 86' lang='lat' dir='ltr'>est</span> <span class='ocrx_word' id='word_1_18' title='bbox 1603 285 1674 306; x_wconf 88' lang='lat' dir='ltr'>cum</span> <span class='ocrx_word' id='word_1_19' title='bbox 1691 275 1918 316; x_wconf 81' lang='lat' dir='ltr'>peccatoribus</span> <span class='ocrx_word' id='word_1_20' title='bbox 1935 274 2054 315; x_wconf 83' lang='lat' dir='ltr'>parcit,</span> <span class='ocrx_word' id='word_1_21' title='bbox 2071 274 2147 315; x_wconf 86' lang='lat' dir='ltr'>quia</span> <span class='ocrx_word' id='word_1_22' title='bbox 2166 283 2237 304; x_wconf 86' lang='lat' dir='ltr'>eum</span> <span class='ocrx_word' id='word_1_23' title='bbox 2254 274 2351 305; x_wconf 83' lang='lat' dir='ltr'>decet.</span> <span class='ocrx_word' id='word_1_24' title='bbox 2374 274 2416 304; x_wconf 89' lang='lat' dir='ltr'>Et</span> <span class='ocrx_word' id='word_1_25' title='bbox 2431 273 2610 305; x_wconf 80' lang='lat' dir='ltr'>secundum</span> 
     </span>
     <span class='ocr_line' id='line_1_3' title="bbox 422 317 2611 368; baseline -0.005 -9"><span class='ocrx_word' id='word_1_26' title='bbox 422 334 495 359; x_wconf 91' lang='lat' dir='ltr'>sunt</span> <span class='ocrx_word' id='word_1_27' title='bbox 519 328 590 358; x_wconf 90' lang='lat' dir='ltr'>Deo</span> <span class='ocrx_word' id='word_1_28' title='bbox 614 333 710 368; x_wconf 88' lang='lat' dir='ltr'>grata.</span> <span class='ocrx_word' id='word_1_29' title='bbox 734 326 838 363; x_wconf 89' lang='lat' dir='ltr'><strong>Unde,</strong></span> <span class='ocrx_word' id='word_1_30' title='bbox 859 327 940 357; x_wconf 92' lang='lat' dir='ltr'>sicut</span> <span class='ocrx_word' id='word_1_31' title='bbox 963 326 1073 356; x_wconf 89' lang='lat' dir='ltr'>caritas</span> <span class='ocrx_word' id='word_1_32' title='bbox 1097 325 1267 356; x_wconf 87' lang='lat' dir='ltr'>adveniens</span> <span class='ocrx_word' id='word_1_33' title='bbox 1290 332 1358 353; x_wconf 89' lang='lat' dir='ltr'>non</span> <span class='ocrx_word' id='word_1_34' title='bbox 1381 326 1487 362; x_wconf 87' lang='lat' dir='ltr'>potest</span> <span class='ocrx_word' id='word_1_35' title='bbox 1541 322 1614 356; x_wconf 92' lang='lat' dir='ltr'>hoc,</span> <span class='ocrx_word' id='word_1_36' title='bbox 1640 321 1735 350; x_wconf 91' lang='lat' dir='ltr'>etiam</span> <span class='ocrx_word' id='word_1_37' title='bbox 1758 320 1909 350; x_wconf 89' lang='lat' dir='ltr'>meritum</span> <span class='ocrx_word' id='word_1_38' title='bbox 1933 318 2102 358; x_wconf 88' lang='lat' dir='ltr'>dupliciter</span> <span class='ocrx_word' id='word_1_39' title='bbox 2125 317 2248 348; x_wconf 91' lang='lat' dir='ltr'>dicitur.</span> <span class='ocrx_word' id='word_1_40' title='bbox 2282 318 2356 349; x_wconf 89' lang='lat' dir='ltr'>Uno</span> <span class='ocrx_word' id='word_1_41' title='bbox 2379 317 2496 354; x_wconf 89' lang='lat' dir='ltr'>modo,</span> <span class='ocrx_word' id='word_1_42' title='bbox 2521 323 2611 349; x_wconf 90' lang='lat' dir='ltr'>actus</span> 
     </span>
     <span class='ocr_line' id='line_1_4' title="bbox 422 361 2609 412; baseline -0.005 -9"><span class='ocrx_word' id='word_1_43' title='bbox 422 382 460 403; x_wconf 88' lang='lat' dir='ltr'>ea</span> <span class='ocrx_word' id='word_1_44' title='bbox 475 371 649 412; x_wconf 85' lang='lat' dir='ltr'>gratificare</span> <span class='ocrx_word' id='word_1_45' title='bbox 666 377 823 412; x_wconf 89' lang='lat' dir='ltr'>quantum</span> <span class='ocrx_word' id='word_1_46' title='bbox 843 370 882 401; x_wconf 87' lang='lat' dir='ltr'>ad</span> <span class='ocrx_word' id='word_1_47' title='bbox 897 380 1011 406; x_wconf 91' lang='lat' dir='ltr'>unum,</span> <span class='ocrx_word' id='word_1_48' title='bbox 1027 371 1071 400; x_wconf 91' lang='lat' dir='ltr'>ita</span> <span class='ocrx_word' id='word_1_49' title='bbox 1085 379 1145 400; x_wconf 92' lang='lat' dir='ltr'>nec</span> <span class='ocrx_word' id='word_1_50' title='bbox 1162 374 1318 408; x_wconf 90' lang='lat' dir='ltr'>quantum</span> <span class='ocrx_word' id='word_1_51' title='bbox 1335 366 1374 397; x_wconf 87' lang='lat' dir='ltr'>ad</span> <span class='ocrx_word' id='word_1_52' title='bbox 1390 365 1485 396; x_wconf 89' lang='lat' dir='ltr'>aliud.</span> <span class='ocrx_word' id='word_1_53' title='bbox 1542 374 1599 404; x_wconf 90' lang='lat' dir='ltr'>per</span> <span class='ocrx_word' id='word_1_54' title='bbox 1615 373 1713 404; x_wconf 91' lang='lat' dir='ltr'>quem</span> <span class='ocrx_word' id='word_1_55' title='bbox 1730 363 1864 394; x_wconf 87' lang='lat' dir='ltr'><strong>efficitur</strong></span> <span class='ocrx_word' id='word_1_56' title='bbox 1879 368 1916 393; x_wconf 92' lang='lat' dir='ltr'>ut</span> <span class='ocrx_word' id='word_1_57' title='bbox 1930 363 1999 403; x_wconf 92' lang='lat' dir='ltr'>ipse</span> <span class='ocrx_word' id='word_1_58' title='bbox 2016 371 2111 402; x_wconf 87' lang='lat' dir='ltr'>agens</span> <span class='ocrx_word' id='word_1_59' title='bbox 2127 362 2242 392; x_wconf 87' lang='lat' dir='ltr'>habeat</span> <span class='ocrx_word' id='word_1_60' title='bbox 2257 361 2401 393; x_wconf 90' lang='lat' dir='ltr'>debitum</span> <span class='ocrx_word' id='word_1_61' title='bbox 2424 362 2609 402; x_wconf 87' lang='lat' dir='ltr'>recipiendi.</span> 
     </span>
    </p>

    <p class='ocr_par' dir='ltr' id='par_1_3' title="bbox 423 406 2611 545">
     <span class='ocr_line' id='line_1_5' title="bbox 477 406 2611 455; baseline -0.005 -9"><span class='ocrx_word' id='word_1_62' title='bbox 477 417 528 447; x_wconf 81' lang='lat' dir='ltr'>An</span> <span class='ocrx_word' id='word_1_63' title='bbox 544 425 661 446; x_wconf 69' lang='lat' dir='ltr'>numm</span> <span class='ocrx_word' id='word_1_64' title='bbox 676 425 759 446; x_wconf 72' lang='lat' dir='ltr'>nmo</span> <span class='ocrx_word' id='word_1_65' title='bbox 776 425 935 445; x_wconf 75' lang='lat' dir='ltr'>mcmmtm</span> <span class='ocrx_word' id='word_1_66' title='bbox 955 414 1044 455; x_wconf 92' lang='lat' dir='ltr'>quod</span> <span class='ocrx_word' id='word_1_67' title='bbox 1059 423 1127 444; x_wconf 92' lang='lat' dir='ltr'>non</span> <span class='ocrx_word' id='word_1_68' title='bbox 1143 413 1237 443; x_wconf 88' lang='lat' dir='ltr'>debet</span> <span class='ocrx_word' id='word_1_69' title='bbox 1251 411 1382 450; x_wconf 85' lang='lat' dir='ltr'>intelligi</span> <span class='ocrx_word' id='word_1_70' title='bbox 1399 409 1487 449; x_wconf 92' lang='lat' dir='ltr'>quod</span> <span class='ocrx_word' id='word_1_71' title='bbox 1542 409 1584 439; x_wconf 92' lang='lat' dir='ltr'>Et</span> <span class='ocrx_word' id='word_1_72' title='bbox 1605 409 1668 438; x_wconf 92' lang='lat' dir='ltr'>hoc</span> <span class='ocrx_word' id='word_1_73' title='bbox 1692 413 1825 438; x_wconf 90' lang='lat' dir='ltr'>vocatur</span> <span class='ocrx_word' id='word_1_74' title='bbox 1848 407 1997 437; x_wconf 88' lang='lat' dir='ltr'>meritum</span> <span class='ocrx_word' id='word_1_75' title='bbox 2019 406 2185 447; x_wconf 82' lang='lat' dir='ltr'><strong><em>condigni.</em></strong></span> <span class='ocrx_word' id='word_1_76' title='bbox 2209 406 2284 436; x_wconf 91' lang='lat' dir='ltr'>Alio</span> <span class='ocrx_word' id='word_1_77' title='bbox 2307 406 2419 442; x_wconf 90' lang='lat' dir='ltr'>mod0‚</span> <span class='ocrx_word' id='word_1_78' title='bbox 2436 415 2493 446; x_wconf 85' lang='lat' dir='ltr'>per</span> <span class='ocrx_word' id='word_1_79' title='bbox 2512 415 2611 446; x_wconf 91' lang='lat' dir='ltr'>quem</span> 
     </span>
     <span class='ocr_line' id='line_1_6' title="bbox 423 449 2610 500; baseline -0.006 -8"><span class='ocrx_word' id='word_1_80' title='bbox 423 461 544 491; x_wconf 85' lang='lat' dir='ltr'>fructus</span> <span class='ocrx_word' id='word_1_81' title='bbox 568 465 774 500; x_wconf 89' lang='lat' dir='ltr'>computetur</span> <span class='ocrx_word' id='word_1_82' title='bbox 790 470 807 490; x_wconf 94' lang='lat' dir='ltr'>a</span> <span class='ocrx_word' id='word_1_83' title='bbox 822 465 968 500; x_wconf 90' lang='lat' dir='ltr'>tempore</span> <span class='ocrx_word' id='word_1_84' title='bbox 992 468 1058 498; x_wconf 92' lang='lat' dir='ltr'>quo</span> <span class='ocrx_word' id='word_1_85' title='bbox 1081 458 1187 498; x_wconf 91' lang='lat' dir='ltr'>primo</span> <span class='ocrx_word' id='word_1_86' title='bbox 1203 457 1236 486; x_wconf 92' lang='lat' dir='ltr'>in</span> <span class='ocrx_word' id='word_1_87' title='bbox 1252 460 1384 496; x_wconf 88' lang='lat' dir='ltr'>peccato</span> <span class='ocrx_word' id='word_1_88' title='bbox 1409 453 1486 484; x_wconf 85' lang='lat' dir='ltr'>fuit:</span> <span class='ocrx_word' id='word_1_89' title='bbox 1510 462 1519 482; x_wconf 78' lang='grc' dir='ltr'>ς</span> <span class='ocrx_word' id='word_1_90' title='bbox 1543 452 1677 483; x_wconf 86' lang='lat' dir='ltr'>efficitur</span> <span class='ocrx_word' id='word_1_91' title='bbox 1700 458 1736 482; x_wconf 92' lang='lat' dir='ltr'>ut</span> <span class='ocrx_word' id='word_1_92' title='bbox 1758 453 1797 481; x_wconf 90' lang='lat' dir='ltr'>sit</span> <span class='ocrx_word' id='word_1_93' title='bbox 1821 451 1965 482; x_wconf 90' lang='lat' dir='ltr'>debitum</span> <span class='ocrx_word' id='word_1_94' title='bbox 1993 450 2089 481; x_wconf 88' lang='lat' dir='ltr'>dandi</span> <span class='ocrx_word' id='word_1_95' title='bbox 2115 451 2148 480; x_wconf 92' lang='lat' dir='ltr'>in</span> <span class='ocrx_word' id='word_1_96' title='bbox 2171 450 2265 480; x_wconf 82' lang='lat' dir='ltr'>dante</span> <span class='ocrx_word' id='word_1_97' title='bbox 2293 449 2471 483; x_wconf 81' lang='lat' dir='ltr'>secundum</span> <span class='ocrx_word' id='word_1_98' title='bbox 2495 449 2610 480; x_wconf 87' lang='lat' dir='ltr'>decen-</span> 
     </span>
     <span class='ocr_line' id='line_1_7' title="bbox 424 494 2610 545; baseline -0.005 -9"><span class='ocrx_word' id='word_1_99' title='bbox 424 505 480 536; x_wconf 90' lang='lat' dir='ltr'>sed</span> <span class='ocrx_word' id='word_1_100' title='bbox 495 515 513 535; x_wconf 91' lang='lat' dir='ltr'>a</span> <span class='ocrx_word' id='word_1_101' title='bbox 528 510 674 545; x_wconf 89' lang='lat' dir='ltr'>tempore</span> <span class='ocrx_word' id='word_1_102' title='bbox 692 505 726 534; x_wconf 90' lang='lat' dir='ltr'>in</span> <span class='ocrx_word' id='word_1_103' title='bbox 742 514 808 544; x_wconf 93' lang='lat' dir='ltr'>quo</span> <span class='ocrx_word' id='word_1_104' title='bbox 831 513 964 544; x_wconf 89' lang='lat' dir='ltr'>peccare</span> <span class='ocrx_word' id='word_1_105' title='bbox 984 503 1124 537; x_wconf 88' lang='lat' dir='ltr'>cessavit,</span> <span class='ocrx_word' id='word_1_106' title='bbox 1142 510 1208 541; x_wconf 92' lang='lat' dir='ltr'>quo</span> <span class='ocrx_word' id='word_1_107' title='bbox 1232 500 1351 530; x_wconf 89' lang='lat' dir='ltr'>scilicet</span> <span class='ocrx_word' id='word_1_108' title='bbox 1373 498 1487 528; x_wconf 89' lang='lat' dir='ltr'>ultimo</span> <span class='ocrx_word' id='word_1_109' title='bbox 1543 497 1619 526; x_wconf 88' lang='lat' dir='ltr'>tiam</span> <span class='ocrx_word' id='word_1_110' title='bbox 1634 497 1743 536; x_wconf 92' lang='lat' dir='ltr'>ipsius.</span> <span class='ocrx_word' id='word_1_111' title='bbox 1769 496 1810 526; x_wconf 90' lang='lat' dir='ltr'>Et</span> <span class='ocrx_word' id='word_1_112' title='bbox 1825 495 1898 526; x_wconf 92' lang='lat' dir='ltr'>ideo</span> <span class='ocrx_word' id='word_1_113' title='bbox 1915 496 1979 525; x_wconf 91' lang='lat' dir='ltr'>hoc</span> <span class='ocrx_word' id='word_1_114' title='bbox 1994 495 2144 525; x_wconf 89' lang='lat' dir='ltr'>meritum</span> <span class='ocrx_word' id='word_1_115' title='bbox 2166 494 2280 524; x_wconf 93' lang='lat' dir='ltr'>dicitur</span> <span class='ocrx_word' id='word_1_116' title='bbox 2295 494 2444 524; x_wconf 82' lang='lat' dir='ltr'>meritum</span> <span class='ocrx_word' id='word_1_117' title='bbox 2459 494 2610 536; x_wconf 81' lang='lat' dir='ltr'>congrui.</span> 
     </span>
    </p>
   </div>
   <div class='ocr_carea' id='block_1_3' title="bbox 424 538 2613 675">
    <p class='ocr_par' dir='ltr' id='par_1_4' title="bbox 424 538 2613 675">
     <span class='ocr_line' id='line_1_8' title="bbox 424 538 2612 589; baseline -0.001 -18"><span class='ocrx_word' id='word_1_118' title='bbox 424 551 458 580; x_wconf 70' lang='lat' dir='ltr'>in</span> <span class='ocrx_word' id='word_1_119' title='bbox 480 554 614 589; x_wconf 69' lang='lat' dir='ltr'>peccato</span> <span class='ocrx_word' id='word_1_120' title='bbox 637 548 707 579; x_wconf 63' lang='lat' dir='ltr'>fuit,</span> <span class='ocrx_word' id='word_1_121' title='bbox 1599 540 1686 571; x_wconf 92' lang='lat' dir='ltr'>Cum</span> <span class='ocrx_word' id='word_1_122' title='bbox 1709 545 1816 570; x_wconf 88' lang='lat' dir='ltr'>autem</span> <span class='ocrx_word' id='word_1_123' title='bbox 1839 541 1873 570; x_wconf 92' lang='lat' dir='ltr'>in</span> <span class='ocrx_word' id='word_1_124' title='bbox 1897 539 2047 570; x_wconf 91' lang='lat' dir='ltr'>omnibus</span> <span class='ocrx_word' id='word_1_125' title='bbox 2069 539 2130 569; x_wconf 87' lang='lat' dir='ltr'>illis</span> <span class='ocrx_word' id='word_1_126' title='bbox 2154 548 2237 579; x_wconf 90' lang='lat' dir='ltr'>quae</span> <span class='ocrx_word' id='word_1_127' title='bbox 2258 539 2352 578; x_wconf 87' lang='lat' dir='ltr'>gratis</span> <span class='ocrx_word' id='word_1_128' title='bbox 2368 538 2492 575; x_wconf 84' lang='lat' dir='ltr'>dantur,</span> <span class='ocrx_word' id='word_1_129' title='bbox 2509 539 2612 578; x_wconf 88' lang='lat' dir='ltr'>prima</span> 
     </span>
     <span class='ocr_line' id='line_1_9' title="bbox 479 582 2612 633; baseline -0.006 -9"><span class='ocrx_word' id='word_1_130' title='bbox 479 594 540 624; x_wconf 92' lang='lat' dir='ltr'>Vel</span> <span class='ocrx_word' id='word_1_131' title='bbox 563 593 748 633; x_wconf 87' lang='lat' dir='ltr'>intelligitur</span> <span class='ocrx_word' id='word_1_132' title='bbox 771 591 901 632; x_wconf 90' lang='lat' dir='ltr'>quando</span> <span class='ocrx_word' id='word_1_133' title='bbox 925 592 1029 622; x_wconf 89' lang='lat' dir='ltr'>statim</span> <span class='ocrx_word' id='word_1_134' title='bbox 1051 595 1125 630; x_wconf 88' lang='lat' dir='ltr'>post</span> <span class='ocrx_word' id='word_1_135' title='bbox 1147 593 1316 629; x_wconf 88' lang='lat' dir='ltr'>peccatum</span> <span class='ocrx_word' id='word_1_136' title='bbox 1336 586 1489 617; x_wconf 76' lang='lat' dir='ltr'>contritus</span> <span class='ocrx_word' id='word_1_137' title='bbox 1544 586 1623 615; x_wconf 83' lang='lat' dir='ltr'>ratio</span> <span class='ocrx_word' id='word_1_138' title='bbox 1640 584 1736 615; x_wconf 85' lang='lat' dir='ltr'>dandi</span> <span class='ocrx_word' id='word_1_139' title='bbox 1760 585 1799 614; x_wconf 90' lang='lat' dir='ltr'>sit</span> <span class='ocrx_word' id='word_1_140' title='bbox 1822 593 1921 620; x_wconf 90' lang='lat' dir='ltr'>amor,</span> <span class='ocrx_word' id='word_1_141' title='bbox 1938 583 2136 623; x_wconf 91' lang='lat' dir='ltr'>impossibile</span> <span class='ocrx_word' id='word_1_142' title='bbox 2159 588 2206 613; x_wconf 89' lang='lat' dir='ltr'>est</span> <span class='ocrx_word' id='word_1_143' title='bbox 2229 582 2319 622; x_wconf 92' lang='lat' dir='ltr'>quod</span> <span class='ocrx_word' id='word_1_144' title='bbox 2340 582 2460 622; x_wconf 91' lang='lat' dir='ltr'>aliquid</span> <span class='ocrx_word' id='word_1_145' title='bbox 2474 583 2537 614; x_wconf 84' lang='lat' dir='ltr'>tale</span> <span class='ocrx_word' id='word_1_146' title='bbox 2553 582 2612 612; x_wconf 91' lang='lat' dir='ltr'>sibi</span> 
     </span>
     <span class='ocr_line' id='line_1_10' title="bbox 425 626 2613 675; baseline -0.006 -6"><span class='ocrx_word' id='word_1_147' title='bbox 425 637 495 674; x_wconf 85' lang='lat' dir='ltr'>fuit,</span> <span class='ocrx_word' id='word_1_148' title='bbox 521 643 551 668; x_wconf 92' lang='lat' dir='ltr'>et</span> <span class='ocrx_word' id='word_1_149' title='bbox 574 637 649 668; x_wconf 86' lang='lat' dir='ltr'>fecit</span> <span class='ocrx_word' id='word_1_150' title='bbox 670 637 771 667; x_wconf 90' lang='lat' dir='ltr'>multa</span> <span class='ocrx_word' id='word_1_151' title='bbox 794 637 879 666; x_wconf 89' lang='lat' dir='ltr'>bona</span> <span class='ocrx_word' id='word_1_152' title='bbox 903 641 1074 675; x_wconf 85' lang='lat' dir='ltr'>antequam</span> <span class='ocrx_word' id='word_1_153' title='bbox 1098 632 1311 664; x_wconf 88' lang='lat' dir='ltr'>confiteretur.</span> <span class='ocrx_word' id='word_1_154' title='bbox 1545 629 1689 659; x_wconf 92' lang='lat' dir='ltr'>debitum</span> <span class='ocrx_word' id='word_1_155' title='bbox 1719 628 1812 659; x_wconf 91' lang='lat' dir='ltr'>faciat</span> <span class='ocrx_word' id='word_1_156' title='bbox 1842 629 1898 669; x_wconf 90' lang='lat' dir='ltr'>qui</span> <span class='ocrx_word' id='word_1_157' title='bbox 1928 628 2067 658; x_wconf 89' lang='lat' dir='ltr'>amicitia</span> <span class='ocrx_word' id='word_1_158' title='bbox 2097 632 2190 657; x_wconf 88' lang='lat' dir='ltr'>caret.</span> <span class='ocrx_word' id='word_1_159' title='bbox 2224 627 2265 657; x_wconf 91' lang='lat' dir='ltr'>Et</span> <span class='ocrx_word' id='word_1_160' title='bbox 2287 626 2378 662; x_wconf 91' lang='lat' dir='ltr'>ideo,</span> <span class='ocrx_word' id='word_1_161' title='bbox 2404 635 2480 657; x_wconf 89' lang='lat' dir='ltr'>cum</span> <span class='ocrx_word' id='word_1_162' title='bbox 2503 627 2613 657; x_wconf 89' lang='lat' dir='ltr'>omnia</span> 
     </span>
    </p>
   </div>
   <div class='ocr_carea' id='block_1_4' title="bbox 426 670 2615 1202">
    <p class='ocr_par' dir='ltr' id='par_1_5' title="bbox 426 670 2613 984">
     <span class='ocr_line' id='line_1_11' title="bbox 479 670 2612 721; baseline -0.006 -8"><span class='ocrx_word' id='word_1_163' title='bbox 479 682 541 712; x_wconf 90' lang='lat' dir='ltr'>Vel</span> <span class='ocrx_word' id='word_1_164' title='bbox 565 681 736 712; x_wconf 91' lang='lat' dir='ltr'>dicendum</span> <span class='ocrx_word' id='word_1_165' title='bbox 760 679 859 721; x_wconf 92' lang='lat' dir='ltr'>quod,</span> <span class='ocrx_word' id='word_1_166' title='bbox 884 685 1004 720; x_wconf 91' lang='lat' dir='ltr'>quanto</span> <span class='ocrx_word' id='word_1_167' title='bbox 1029 684 1076 709; x_wconf 90' lang='lat' dir='ltr'>est</span> <span class='ocrx_word' id='word_1_168' title='bbox 1097 678 1199 708; x_wconf 89' lang='lat' dir='ltr'>maior</span> <span class='ocrx_word' id='word_1_169' title='bbox 1222 675 1381 710; x_wconf 89' lang='lat' dir='ltr'>contritio,</span> <span class='ocrx_word' id='word_1_170' title='bbox 1401 679 1489 704; x_wconf 91' lang='lat' dir='ltr'>tanto</span> <span class='ocrx_word' id='word_1_171' title='bbox 1506 686 1531 701; x_wconf 79' lang='lat' dir='ltr'>xo</span> <span class='ocrx_word' id='word_1_172' title='bbox 1545 674 1644 709; x_wconf 93' lang='lat' dir='ltr'>bona,</span> <span class='ocrx_word' id='word_1_173' title='bbox 1669 678 1700 703; x_wconf 92' lang='lat' dir='ltr'>et</span> <span class='ocrx_word' id='word_1_174' title='bbox 1723 673 1911 713; x_wconf 89' lang='lat' dir='ltr'>temporalia</span> <span class='ocrx_word' id='word_1_175' title='bbox 1935 678 1966 703; x_wconf 89' lang='lat' dir='ltr'>et</span> <span class='ocrx_word' id='word_1_176' title='bbox 1989 677 2131 707; x_wconf 88' lang='lat' dir='ltr'>aeterna,</span> <span class='ocrx_word' id='word_1_177' title='bbox 2157 680 2194 701; x_wconf 91' lang='lat' dir='ltr'>ex</span> <span class='ocrx_word' id='word_1_178' title='bbox 2218 671 2323 701; x_wconf 91' lang='lat' dir='ltr'>divina</span> <span class='ocrx_word' id='word_1_179' title='bbox 2347 671 2531 703; x_wconf 81' lang='lat' dir='ltr'>liberalitate</span> <span class='ocrx_word' id='word_1_180' title='bbox 2553 670 2612 700; x_wconf 89' lang='lat' dir='ltr'>do-</span> 
     </span>
     <span class='ocr_line' id='line_1_12' title="bbox 426 713 2612 766; baseline -0.006 -9"><span class='ocrx_word' id='word_1_181' title='bbox 426 726 527 766; x_wconf 81' lang='lat' dir='ltr'>magis</span> <span class='ocrx_word' id='word_1_182' title='bbox 550 725 699 756; x_wconf 90' lang='lat' dir='ltr'>diminuit</span> <span class='ocrx_word' id='word_1_183' title='bbox 721 725 761 755; x_wconf 93' lang='lat' dir='ltr'>de</span> <span class='ocrx_word' id='word_1_184' title='bbox 784 734 906 765; x_wconf 90' lang='lat' dir='ltr'>poena;</span> <span class='ocrx_word' id='word_1_185' title='bbox 938 729 969 754; x_wconf 90' lang='lat' dir='ltr'>et</span> <span class='ocrx_word' id='word_1_186' title='bbox 992 727 1113 763; x_wconf 92' lang='lat' dir='ltr'>quanto</span> <span class='ocrx_word' id='word_1_187' title='bbox 1144 721 1256 761; x_wconf 89' lang='lat' dir='ltr'>aliquis</span> <span class='ocrx_word' id='word_1_188' title='bbox 1285 720 1377 760; x_wconf 91' lang='lat' dir='ltr'>plura</span> <span class='ocrx_word' id='word_1_189' title='bbox 1406 719 1491 748; x_wconf 91' lang='lat' dir='ltr'>bona</span> <span class='ocrx_word' id='word_1_190' title='bbox 1545 723 1671 754; x_wconf 88' lang='lat' dir='ltr'>nentur,</span> <span class='ocrx_word' id='word_1_191' title='bbox 1688 717 1795 748; x_wconf 94' lang='lat' dir='ltr'>nullus</span> <span class='ocrx_word' id='word_1_192' title='bbox 1814 717 1978 757; x_wconf 75' lang='lat' dir='ltr'>acquirere</span> <span class='ocrx_word' id='word_1_193' title='bbox 2001 721 2107 757; x_wconf 92' lang='lat' dir='ltr'>potest</span> <span class='ocrx_word' id='word_1_194' title='bbox 2129 715 2273 746; x_wconf 88' lang='lat' dir='ltr'>debitum</span> <span class='ocrx_word' id='word_1_195' title='bbox 2290 714 2464 755; x_wconf 90' lang='lat' dir='ltr'>recipiendi</span> <span class='ocrx_word' id='word_1_196' title='bbox 2479 713 2612 754; x_wconf 82' lang='lat' dir='ltr'>aliquod</span> 
     </span>
     <span class='ocr_line' id='line_1_13' title="bbox 427 758 2613 810; baseline -0.006 -9"><span class='ocrx_word' id='word_1_197' title='bbox 427 770 501 801; x_wconf 84' lang='lat' dir='ltr'>facit</span> <span class='ocrx_word' id='word_1_198' title='bbox 524 771 557 800; x_wconf 92' lang='lat' dir='ltr'>in</span> <span class='ocrx_word' id='word_1_199' title='bbox 579 775 712 810; x_wconf 86' lang='lat' dir='ltr'>peccato</span> <span class='ocrx_word' id='word_1_200' title='bbox 737 769 881 805; x_wconf 86' lang='lat' dir='ltr'>existens,</span> <span class='ocrx_word' id='word_1_201' title='bbox 905 768 1004 808; x_wconf 88' lang='lat' dir='ltr'>magis</span> <span class='ocrx_word' id='word_1_202' title='bbox 1027 776 1060 797; x_wconf 91' lang='lat' dir='ltr'>se</span> <span class='ocrx_word' id='word_1_203' title='bbox 1076 766 1115 796; x_wconf 91' lang='lat' dir='ltr'>ad</span> <span class='ocrx_word' id='word_1_204' title='bbox 1138 766 1269 806; x_wconf 88' lang='lat' dir='ltr'>gratiam</span> <span class='ocrx_word' id='word_1_205' title='bbox 1293 762 1491 794; x_wconf 87' lang='lat' dir='ltr'>contritionis</span> <span class='ocrx_word' id='word_1_206' title='bbox 1545 762 1674 792; x_wconf 92' lang='lat' dir='ltr'>illorum</span> <span class='ocrx_word' id='word_1_207' title='bbox 1698 762 1758 792; x_wconf 91' lang='lat' dir='ltr'>nisi</span> <span class='ocrx_word' id='word_1_208' title='bbox 1781 771 1838 802; x_wconf 90' lang='lat' dir='ltr'>per</span> <span class='ocrx_word' id='word_1_209' title='bbox 1861 762 2022 791; x_wconf 89' lang='lat' dir='ltr'>caritatem</span> <span class='ocrx_word' id='word_1_210' title='bbox 2046 760 2086 790; x_wconf 94' lang='lat' dir='ltr'>ad</span> <span class='ocrx_word' id='word_1_211' title='bbox 2102 760 2218 790; x_wconf 91' lang='lat' dir='ltr'>Deum.</span> <span class='ocrx_word' id='word_1_212' title='bbox 2243 760 2284 790; x_wconf 93' lang='lat' dir='ltr'>Et</span> <span class='ocrx_word' id='word_1_213' title='bbox 2307 758 2381 789; x_wconf 89' lang='lat' dir='ltr'>ideo</span> <span class='ocrx_word' id='word_1_214' title='bbox 2406 768 2504 799; x_wconf 86' lang='lat' dir='ltr'>opera</span> <span class='ocrx_word' id='word_1_215' title='bbox 2527 763 2613 789; x_wconf 85' lang='lat' dir='ltr'>extra</span> 
     </span>
     <span class='ocr_line' id='line_1_14' title="bbox 428 803 2613 854; baseline -0.005 -9"><span class='ocrx_word' id='word_1_216' title='bbox 428 814 586 854; x_wconf 86' lang='lat' dir='ltr'>disponit;</span> <span class='ocrx_word' id='word_1_217' title='bbox 617 819 648 844; x_wconf 91' lang='lat' dir='ltr'>et</span> <span class='ocrx_word' id='word_1_218' title='bbox 670 813 743 844; x_wconf 93' lang='lat' dir='ltr'>ideo</span> <span class='ocrx_word' id='word_1_219' title='bbox 774 812 939 853; x_wconf 89' lang='lat' dir='ltr'>probabile</span> <span class='ocrx_word' id='word_1_220' title='bbox 962 817 1009 842; x_wconf 89' lang='lat' dir='ltr'>est</span> <span class='ocrx_word' id='word_1_221' title='bbox 1032 810 1121 851; x_wconf 94' lang='lat' dir='ltr'>quod</span> <span class='ocrx_word' id='word_1_222' title='bbox 1144 810 1276 840; x_wconf 88' lang='lat' dir='ltr'>minoris</span> <span class='ocrx_word' id='word_1_223' title='bbox 1305 816 1430 848; x_wconf 90' lang='lat' dir='ltr'>poenae</span> <span class='ocrx_word' id='word_1_224' title='bbox 1453 807 1492 836; x_wconf 88' lang='lat' dir='ltr'>sit</span> <span class='ocrx_word' id='word_1_225' title='bbox 1547 807 1708 836; x_wconf 89' lang='lat' dir='ltr'>caritatem</span> <span class='ocrx_word' id='word_1_226' title='bbox 1737 805 1819 836; x_wconf 86' lang='lat' dir='ltr'>facta</span> <span class='ocrx_word' id='word_1_227' title='bbox 1848 815 1915 836; x_wconf 90' lang='lat' dir='ltr'>non</span> <span class='ocrx_word' id='word_1_228' title='bbox 1948 810 2023 835; x_wconf 91' lang='lat' dir='ltr'>sunt</span> <span class='ocrx_word' id='word_1_229' title='bbox 2053 805 2215 835; x_wconf 85' lang='lat' dir='ltr'>meritoria</span> <span class='ocrx_word' id='word_1_230' title='bbox 2244 813 2282 834; x_wconf 89' lang='lat' dir='ltr'>ex</span> <span class='ocrx_word' id='word_1_231' title='bbox 2313 803 2475 843; x_wconf 87' lang='lat' dir='ltr'>condigno</span> <span class='ocrx_word' id='word_1_232' title='bbox 2505 812 2613 843; x_wconf 77' lang='lat' dir='ltr'>neque</span> 
     </span>
     <span class='ocr_line' id='line_1_15' title="bbox 428 847 2508 897; baseline -0.006 -8"><span class='ocrx_word' id='word_1_233' title='bbox 428 858 560 889; x_wconf 91' lang='lat' dir='ltr'>debitor.</span> <span class='ocrx_word' id='word_1_234' title='bbox 584 858 626 888; x_wconf 90' lang='lat' dir='ltr'>Et</span> <span class='ocrx_word' id='word_1_235' title='bbox 648 862 779 897; x_wconf 91' lang='lat' dir='ltr'>propter</span> <span class='ocrx_word' id='word_1_236' title='bbox 801 857 863 887; x_wconf 91' lang='lat' dir='ltr'>hoc</span> <span class='ocrx_word' id='word_1_237' title='bbox 887 856 1016 886; x_wconf 84' lang='lat' dir='ltr'>deberet</span> <span class='ocrx_word' id='word_1_238' title='bbox 1031 865 1049 885; x_wconf 88' lang='lat' dir='ltr'>a</span> <span class='ocrx_word' id='word_1_239' title='bbox 1064 853 1227 884; x_wconf 88' lang='lat' dir='ltr'>sacerdote</span> <span class='ocrx_word' id='word_1_240' title='bbox 1251 853 1383 883; x_wconf 90' lang='lat' dir='ltr'>discrete</span> <span class='ocrx_word' id='word_1_241' title='bbox 1403 860 1492 882; x_wconf 94' lang='lat' dir='ltr'>com-</span> <span class='ocrx_word' id='word_1_242' title='bbox 1547 851 1663 881; x_wconf 90' lang='lat' dir='ltr'>aeterni</span> <span class='ocrx_word' id='word_1_243' title='bbox 1688 859 1795 890; x_wconf 92' lang='lat' dir='ltr'>neque</span> <span class='ocrx_word' id='word_1_244' title='bbox 1817 849 2002 890; x_wconf 91' lang='lat' dir='ltr'>temporalis</span> <span class='ocrx_word' id='word_1_245' title='bbox 2025 849 2158 879; x_wconf 88' lang='lat' dir='ltr'>alicuius</span> <span class='ocrx_word' id='word_1_246' title='bbox 2181 849 2259 879; x_wconf 92' lang='lat' dir='ltr'>boni</span> <span class='ocrx_word' id='word_1_247' title='bbox 2283 847 2368 888; x_wconf 92' lang='lat' dir='ltr'>apud</span> <span class='ocrx_word' id='word_1_248' title='bbox 2391 847 2508 878; x_wconf 91' lang='lat' dir='ltr'>Deum.</span> 
     </span>
     <span class='ocr_line' id='line_1_16' title="bbox 427 890 2613 943; baseline -0.005 -11"><span class='ocrx_word' id='word_1_249' title='bbox 427 903 541 943; x_wconf 81' lang='lat' dir='ltr'>putari,</span> <span class='ocrx_word' id='word_1_250' title='bbox 557 907 594 932; x_wconf 92' lang='lat' dir='ltr'>ut</span> <span class='ocrx_word' id='word_1_251' title='bbox 617 902 646 931; x_wconf 93' lang='lat' dir='ltr'>ei</span> <span class='ocrx_word' id='word_1_252' title='bbox 661 902 820 931; x_wconf 89' lang='lat' dir='ltr'>minorem</span> <span class='ocrx_word' id='word_1_253' title='bbox 843 909 982 941; x_wconf 88' lang='lat' dir='ltr'>poenam</span> <span class='ocrx_word' id='word_1_254' title='bbox 1006 900 1165 938; x_wconf 89' lang='lat' dir='ltr'>iniungat,</span> <span class='ocrx_word' id='word_1_255' title='bbox 1189 899 1381 938; x_wconf 88' lang='lat' dir='ltr'>inquantum</span> <span class='ocrx_word' id='word_1_256' title='bbox 1404 896 1492 926; x_wconf 91' lang='lat' dir='ltr'>inve·</span> <span class='ocrx_word' id='word_1_257' title='bbox 1508 907 1530 926; x_wconf 84' lang='grc' dir='ltr'>ις</span> <span class='ocrx_word' id='word_1_258' title='bbox 1603 894 1666 925; x_wconf 91' lang='lat' dir='ltr'>Sed</span> <span class='ocrx_word' id='word_1_259' title='bbox 1689 895 1764 934; x_wconf 90' lang='lat' dir='ltr'>quia</span> <span class='ocrx_word' id='word_1_260' title='bbox 1787 893 1927 924; x_wconf 89' lang='lat' dir='ltr'>divinam</span> <span class='ocrx_word' id='word_1_261' title='bbox 1950 894 2126 924; x_wconf 88' lang='lat' dir='ltr'>bonitatem</span> <span class='ocrx_word' id='word_1_262' title='bbox 2150 892 2241 923; x_wconf 90' lang='lat' dir='ltr'>decet</span> <span class='ocrx_word' id='word_1_263' title='bbox 2264 898 2309 928; x_wconf 91' lang='lat' dir='ltr'>ut,</span> <span class='ocrx_word' id='word_1_264' title='bbox 2330 892 2529 932; x_wconf 91' lang='lat' dir='ltr'>ubicumque</span> <span class='ocrx_word' id='word_1_265' title='bbox 2551 890 2613 921; x_wconf 92' lang='lat' dir='ltr'>dis-</span> 
     </span>
     <span class='ocr_line' id='line_1_17' title="bbox 427 935 2613 984; baseline -0.005 -8"><span class='ocrx_word' id='word_1_266' title='bbox 427 947 475 977; x_wconf 93' lang='lat' dir='ltr'>nit</span> <span class='ocrx_word' id='word_1_267' title='bbox 498 955 573 976; x_wconf 91' lang='lat' dir='ltr'>eum</span> <span class='ocrx_word' id='word_1_268' title='bbox 596 945 710 975; x_wconf 88' lang='lat' dir='ltr'>melius</span> <span class='ocrx_word' id='word_1_269' title='bbox 733 944 933 984; x_wconf 89' lang='lat' dir='ltr'>dispositum.</span> <span class='ocrx_word' id='word_1_270' title='bbox 1546 939 1743 979; x_wconf 87' lang='lat' dir='ltr'>positionem</span> <span class='ocrx_word' id='word_1_271' title='bbox 1765 939 1895 974; x_wconf 87' lang='lat' dir='ltr'>invenit,</span> <span class='ocrx_word' id='word_1_272' title='bbox 1919 938 2151 978; x_wconf 86' lang='lat' dir='ltr'>perfectionem</span> <span class='ocrx_word' id='word_1_273' title='bbox 2174 936 2314 972; x_wconf 86' lang='lat' dir='ltr'>adiiciat;</span> <span class='ocrx_word' id='word_1_274' title='bbox 2338 936 2413 967; x_wconf 90' lang='lat' dir='ltr'>ideo</span> <span class='ocrx_word' id='word_1_275' title='bbox 2437 946 2475 966; x_wconf 87' lang='lat' dir='ltr'>ex</span> <span class='ocrx_word' id='word_1_276' title='bbox 2498 935 2613 969; x_wconf 84' lang='lat' dir='ltr'>merito</span> 
     </span>
    </p>

    <p class='ocr_par' dir='ltr' id='par_1_6' title="bbox 426 981 2615 1202">
     <span class='ocr_line' id='line_1_18' title="bbox 482 981 2615 1027; baseline -0.005 -7"><span class='ocrx_word' id='word_1_277' title='bbox 482 990 532 1020; x_wconf 85' lang='lat' dir='ltr'>An</span> <span class='ocrx_word' id='word_1_278' title='bbox 558 998 718 1019; x_wconf 76' lang='lat' dir='ltr'>SECUNDUM</span> <span class='ocrx_word' id='word_1_279' title='bbox 742 997 900 1018; x_wconf 73' lang='lat' dir='ltr'>mmmmm</span> <span class='ocrx_word' id='word_1_280' title='bbox 928 986 1017 1027; x_wconf 92' lang='lat' dir='ltr'>quod</span> <span class='ocrx_word' id='word_1_281' title='bbox 1039 987 1215 1026; x_wconf 87' lang='lat' dir='ltr'>baptismus</span> <span class='ocrx_word' id='word_1_282' title='bbox 1243 985 1396 1024; x_wconf 89' lang='lat' dir='ltr'>imprimit</span> <span class='ocrx_word' id='word_1_283' title='bbox 1419 984 1491 1013; x_wconf 88' lang='lat' dir='ltr'>cha·</span> <span class='ocrx_word' id='word_1_284' title='bbox 1547 983 1682 1022; x_wconf 88' lang='lat' dir='ltr'>congrui</span> <span class='ocrx_word' id='word_1_285' title='bbox 1705 982 1820 1013; x_wconf 91' lang='lat' dir='ltr'>dicitur</span> <span class='ocrx_word' id='word_1_286' title='bbox 1843 983 1956 1022; x_wconf 87' lang='lat' dir='ltr'>aliquis</span> <span class='ocrx_word' id='word_1_287' title='bbox 1983 982 2098 1012; x_wconf 84' lang='lat' dir='ltr'>mereri</span> <span class='ocrx_word' id='word_1_288' title='bbox 2127 981 2259 1021; x_wconf 90' lang='lat' dir='ltr'>aliquod</span> <span class='ocrx_word' id='word_1_289' title='bbox 2289 982 2413 1011; x_wconf 92' lang='lat' dir='ltr'>bonum</span> <span class='ocrx_word' id='word_1_290' title='bbox 2436 989 2494 1021; x_wconf 95' lang='lat' dir='ltr'>per</span> <span class='ocrx_word' id='word_1_291' title='bbox 2517 989 2615 1023; x_wconf 85' lang='lat' dir='ltr'>opera</span> 
     </span>
     <span class='ocr_line' id='line_1_19' title="bbox 427 1024 2614 1067; baseline -0.005 -3"><span class='ocrx_word' id='word_1_292' title='bbox 427 1039 580 1064; x_wconf 90' lang='lat' dir='ltr'>racterem</span> <span class='ocrx_word' id='word_1_293' title='bbox 603 1034 636 1062; x_wconf 92' lang='lat' dir='ltr'>in</span> <span class='ocrx_word' id='word_1_294' title='bbox 659 1033 774 1067; x_wconf 90' lang='lat' dir='ltr'>anima,</span> <span class='ocrx_word' id='word_1_295' title='bbox 798 1041 866 1061; x_wconf 91' lang='lat' dir='ltr'>non</span> <span class='ocrx_word' id='word_1_296' title='bbox 890 1037 997 1061; x_wconf 87' lang='lat' dir='ltr'>autem</span> <span class='ocrx_word' id='word_1_297' title='bbox 1025 1029 1206 1060; x_wconf 80' lang='lat' dir='ltr'>satisfactio.</span> <span class='ocrx_word' id='word_1_298' title='bbox 1238 1029 1279 1058; x_wconf 93' lang='lat' dir='ltr'>Et</span> <span class='ocrx_word' id='word_1_299' title='bbox 1301 1028 1375 1058; x_wconf 91' lang='lat' dir='ltr'>ideo</span> <span class='ocrx_word' id='word_1_300' title='bbox 1399 1027 1492 1057; x_wconf 89' lang='lat' dir='ltr'>adve-</span> <span class='ocrx_word' id='word_1_301' title='bbox 1547 1027 1633 1057; x_wconf 90' lang='lat' dir='ltr'>bona</span> <span class='ocrx_word' id='word_1_302' title='bbox 1656 1032 1742 1056; x_wconf 88' lang='lat' dir='ltr'>extra</span> <span class='ocrx_word' id='word_1_303' title='bbox 1765 1027 1926 1056; x_wconf 90' lang='lat' dir='ltr'>caritatem</span> <span class='ocrx_word' id='word_1_304' title='bbox 1949 1026 2040 1056; x_wconf 81' lang='lat' dir='ltr'>facta.</span> <span class='ocrx_word' id='word_1_305' title='bbox 2071 1026 2111 1056; x_wconf 92' lang='lat' dir='ltr'>Et</span> <span class='ocrx_word' id='word_1_306' title='bbox 2134 1025 2313 1056; x_wconf 88' lang='lat' dir='ltr'>secundum</span> <span class='ocrx_word' id='word_1_307' title='bbox 2336 1026 2409 1061; x_wconf 91' lang='lat' dir='ltr'>hoc,</span> <span class='ocrx_word' id='word_1_308' title='bbox 2435 1034 2534 1064; x_wconf 89' lang='lat' dir='ltr'>opera</span> <span class='ocrx_word' id='word_1_309' title='bbox 2555 1024 2614 1054; x_wconf 88' lang='lat' dir='ltr'>ista</span> 
     </span>
     <span class='ocr_line' id='line_1_20' title="bbox 426 1069 2615 1115; baseline -0.004 -8"><span class='ocrx_word' id='word_1_310' title='bbox 426 1079 518 1108; x_wconf 89' lang='lat' dir='ltr'>niens</span> <span class='ocrx_word' id='word_1_311' title='bbox 541 1077 660 1111; x_wconf 90' lang='lat' dir='ltr'>caritas,</span> <span class='ocrx_word' id='word_1_312' title='bbox 677 1085 760 1115; x_wconf 91' lang='lat' dir='ltr'>quae</span> <span class='ocrx_word' id='word_1_313' title='bbox 782 1074 948 1105; x_wconf 88' lang='lat' dir='ltr'>fictionem</span> <span class='ocrx_word' id='word_1_314' title='bbox 971 1074 1054 1104; x_wconf 91' lang='lat' dir='ltr'>tollit</span> <span class='ocrx_word' id='word_1_315' title='bbox 1071 1079 1101 1103; x_wconf 92' lang='lat' dir='ltr'>et</span> <span class='ocrx_word' id='word_1_316' title='bbox 1116 1078 1295 1112; x_wconf 92' lang='lat' dir='ltr'>peccatum,</span> <span class='ocrx_word' id='word_1_317' title='bbox 1313 1071 1388 1101; x_wconf 87' lang='lat' dir='ltr'>facit</span> <span class='ocrx_word' id='word_1_318' title='bbox 1404 1070 1493 1110; x_wconf 92' lang='lat' dir='ltr'>quod</span> <span class='ocrx_word' id='word_1_319' title='bbox 1548 1070 1588 1101; x_wconf 86' lang='lat' dir='ltr'>ad</span> <span class='ocrx_word' id='word_1_320' title='bbox 1610 1071 1724 1110; x_wconf 84' lang='lat' dir='ltr'>tn&#39;plex</span> <span class='ocrx_word' id='word_1_321' title='bbox 1747 1071 1871 1100; x_wconf 91' lang='lat' dir='ltr'>bonum</span> <span class='ocrx_word' id='word_1_322' title='bbox 1894 1070 2017 1100; x_wconf 87' lang='lat' dir='ltr'>valent:</span> <span class='ocrx_word' id='word_1_323' title='bbox 2045 1070 2165 1100; x_wconf 91' lang='lat' dir='ltr'>scilicet</span> <span class='ocrx_word' id='word_1_324' title='bbox 2189 1069 2228 1100; x_wconf 86' lang='lat' dir='ltr'>ad</span> <span class='ocrx_word' id='word_1_325' title='bbox 2250 1069 2477 1110; x_wconf 87' lang='lat' dir='ltr'>temporalium</span> <span class='ocrx_word' id='word_1_326' title='bbox 2501 1077 2615 1101; x_wconf 83' lang='lat' dir='ltr'>conse-</span> 
     </span>
     <span class='ocr_line' id='line_1_21' title="bbox 427 1112 2614 1160; baseline -0.004 -9"><span class='ocrx_word' id='word_1_327' title='bbox 427 1122 601 1160; x_wconf 89' lang='lat' dir='ltr'>baptismus</span> <span class='ocrx_word' id='word_1_328' title='bbox 618 1119 767 1150; x_wconf 83' lang='lat' dir='ltr'>effectum</span> <span class='ocrx_word' id='word_1_329' title='bbox 791 1128 886 1149; x_wconf 89' lang='lat' dir='ltr'>suum</span> <span class='ocrx_word' id='word_1_330' title='bbox 909 1118 1039 1153; x_wconf 87' lang='lat' dir='ltr'>habeat;</span> <span class='ocrx_word' id='word_1_331' title='bbox 1064 1126 1132 1147; x_wconf 94' lang='lat' dir='ltr'>non</span> <span class='ocrx_word' id='word_1_332' title='bbox 1153 1121 1260 1146; x_wconf 88' lang='lat' dir='ltr'>autem</span> <span class='ocrx_word' id='word_1_333' title='bbox 1284 1115 1358 1145; x_wconf 89' lang='lat' dir='ltr'>facit</span> <span class='ocrx_word' id='word_1_334' title='bbox 1373 1115 1436 1144; x_wconf 93' lang='lat' dir='ltr'>hoc</span> <span class='ocrx_word' id='word_1_335' title='bbox 1453 1114 1492 1144; x_wconf 91' lang='lat' dir='ltr'>de</span> <span class='ocrx_word' id='word_1_336' title='bbox 1507 1125 1534 1139; x_wconf 66' lang='grc' dir='ltr'>πο</span> <span class='ocrx_word' id='word_1_337' title='bbox 1548 1114 1730 1150; x_wconf 85' lang='lat' dir='ltr'>cutionern;</span> <span class='ocrx_word' id='word_1_338' title='bbox 1754 1114 1794 1144; x_wconf 89' lang='lat' dir='ltr'>ad</span> <span class='ocrx_word' id='word_1_339' title='bbox 1817 1113 2060 1154; x_wconf 89' lang='lat' dir='ltr'>dispositionem</span> <span class='ocrx_word' id='word_1_340' title='bbox 2084 1113 2124 1144; x_wconf 90' lang='lat' dir='ltr'>ad</span> <span class='ocrx_word' id='word_1_341' title='bbox 2146 1114 2297 1153; x_wconf 86' lang='lat' dir='ltr'>gratiam;</span> <span class='ocrx_word' id='word_1_342' title='bbox 2323 1119 2353 1144; x_wconf 89' lang='lat' dir='ltr'>et</span> <span class='ocrx_word' id='word_1_343' title='bbox 2376 1113 2416 1144; x_wconf 92' lang='lat' dir='ltr'>ad</span> <span class='ocrx_word' id='word_1_344' title='bbox 2439 1112 2614 1146; x_wconf 80' lang='lat' dir='ltr'>assuetudi-</span> 
     </span>
     <span class='ocr_line' id='line_1_22' title="bbox 427 1158 1980 1202; baseline -0.005 -7"><span class='ocrx_word' id='word_1_345' title='bbox 427 1164 649 1195; x_wconf 89' lang='lat' dir='ltr'>satisfactione.</span> <span class='ocrx_word' id='word_1_346' title='bbox 673 1181 696 1185; x_wconf 82' lang='lat'>—</span> <span class='ocrx_word' id='word_1_347' title='bbox 718 1163 759 1193; x_wconf 91' lang='lat' dir='ltr'>Et</span> <span class='ocrx_word' id='word_1_348' title='bbox 774 1167 936 1202; x_wconf 89' lang='lat' dir='ltr'>praeterea</span> <span class='ocrx_word' id='word_1_349' title='bbox 958 1162 1134 1201; x_wconf 87' lang='lat' dir='ltr'>baptismus</span> <span class='ocrx_word' id='word_1_350' title='bbox 1151 1170 1188 1190; x_wconf 88' lang='lat' dir='ltr'>ex</span> <span class='ocrx_word' id='word_1_351' title='bbox 1204 1161 1275 1199; x_wconf 91' lang='lat' dir='ltr'>ipso</span> <span class='ocrx_word' id='word_1_352' title='bbox 1299 1167 1398 1198; x_wconf 91' lang='lat' dir='ltr'>opere</span> <span class='ocrx_word' id='word_1_353' title='bbox 1414 1167 1492 1197; x_wconf 91' lang='lat' dir='ltr'>ope·</span> <span class='ocrx_word' id='word_1_354' title='bbox 1546 1167 1623 1188; x_wconf 88' lang='lat' dir='ltr'>nem</span> <span class='ocrx_word' id='word_1_355' title='bbox 1647 1158 1809 1188; x_wconf 87' lang='lat' dir='ltr'>bonorum</span> <span class='ocrx_word' id='word_1_356' title='bbox 1833 1167 1980 1197; x_wconf 86' lang='lat' dir='ltr'>operum.</span> 
     </span>
    </p>
   </div>
   <div class='ocr_carea' id='block_1_5' title="bbox 427 1201 2616 1337">
    <p class='ocr_par' dir='ltr' id='par_1_7' title="bbox 427 1201 2616 1337">
     <span class='ocr_line' id='line_1_23' title="bbox 427 1201 2614 1246; baseline -0.003 -7"><span class='ocrx_word' id='word_1_357' title='bbox 427 1214 494 1239; x_wconf 91' lang='lat' dir='ltr'>rato</span> <span class='ocrx_word' id='word_1_358' title='bbox 518 1207 682 1242; x_wconf 89' lang='lat' dir='ltr'>iustificat,</span> <span class='ocrx_word' id='word_1_359' title='bbox 708 1205 797 1246; x_wconf 94' lang='lat' dir='ltr'>quod</span> <span class='ocrx_word' id='word_1_360' title='bbox 824 1215 892 1236; x_wconf 91' lang='lat' dir='ltr'>non</span> <span class='ocrx_word' id='word_1_361' title='bbox 921 1210 967 1235; x_wconf 90' lang='lat' dir='ltr'>est</span> <span class='ocrx_word' id='word_1_362' title='bbox 994 1205 1150 1240; x_wconf 91' lang='lat' dir='ltr'>hominis,</span> <span class='ocrx_word' id='word_1_363' title='bbox 1175 1203 1230 1234; x_wconf 91' lang='lat' dir='ltr'>sed</span> <span class='ocrx_word' id='word_1_364' title='bbox 1253 1203 1323 1233; x_wconf 88' lang='lat' dir='ltr'>Dei.</span> <span class='ocrx_word' id='word_1_365' title='bbox 1355 1202 1396 1232; x_wconf 90' lang='lat' dir='ltr'>Et</span> <span class='ocrx_word' id='word_1_366' title='bbox 1418 1201 1492 1231; x_wconf 90' lang='lat' dir='ltr'>ideo</span> <span class='ocrx_word' id='word_1_367' title='bbox 1603 1201 1688 1239; x_wconf 90' lang='lat' dir='ltr'>Quia</span> <span class='ocrx_word' id='word_1_368' title='bbox 1710 1207 1818 1231; x_wconf 90' lang='lat' dir='ltr'>tamen</span> <span class='ocrx_word' id='word_1_369' title='bbox 1833 1201 1898 1231; x_wconf 92' lang='lat' dir='ltr'>hoc</span> <span class='ocrx_word' id='word_1_370' title='bbox 1913 1202 2063 1232; x_wconf 86' lang='lat' dir='ltr'>meritum</span> <span class='ocrx_word' id='word_1_371' title='bbox 2078 1210 2146 1231; x_wconf 91' lang='lat' dir='ltr'>non</span> <span class='ocrx_word' id='word_1_372' title='bbox 2162 1202 2292 1241; x_wconf 78' lang='lat' dir='ltr'>proprie</span> <span class='ocrx_word' id='word_1_373' title='bbox 2315 1201 2431 1231; x_wconf 89' lang='lat' dir='ltr'>dicitur</span> <span class='ocrx_word' id='word_1_374' title='bbox 2452 1202 2614 1237; x_wconf 87' lang='lat' dir='ltr'>meritum,</span> 
     </span>
     <span class='ocr_line' id='line_1_24' title="bbox 427 1244 2616 1285; baseline -0.004 -2"><span class='ocrx_word' id='word_1_375' title='bbox 427 1262 494 1283; x_wconf 92' lang='lat' dir='ltr'>non</span> <span class='ocrx_word' id='word_1_376' title='bbox 518 1251 633 1282; x_wconf 90' lang='lat' dir='ltr'>eodem</span> <span class='ocrx_word' id='word_1_377' title='bbox 656 1250 756 1280; x_wconf 92' lang='lat' dir='ltr'>modo</span> <span class='ocrx_word' id='word_1_378' title='bbox 780 1249 990 1280; x_wconf 82' lang='lat' dir='ltr'>mortificatur</span> <span class='ocrx_word' id='word_1_379' title='bbox 1006 1249 1088 1279; x_wconf 90' lang='lat' dir='ltr'>sicut</span> <span class='ocrx_word' id='word_1_380' title='bbox 1103 1253 1134 1278; x_wconf 91' lang='lat' dir='ltr'>et</span> <span class='ocrx_word' id='word_1_381' title='bbox 1149 1246 1330 1282; x_wconf 86' lang='lat' dir='ltr'>satisfactio,</span> <span class='ocrx_word' id='word_1_382' title='bbox 1348 1255 1430 1285; x_wconf 88' lang='lat' dir='ltr'>quae</span> <span class='ocrx_word' id='word_1_383' title='bbox 1447 1250 1493 1275; x_wconf 86' lang='lat' dir='ltr'>est</span> <span class='ocrx_word' id='word_1_384' title='bbox 1547 1244 1621 1275; x_wconf 91' lang='lat' dir='ltr'>ideo</span> <span class='ocrx_word' id='word_1_385' title='bbox 1643 1245 1746 1284; x_wconf 79' lang='lat' dir='ltr'>magis</span> <span class='ocrx_word' id='word_1_386' title='bbox 1769 1244 2015 1275; x_wconf 89' lang='lat' dir='ltr'>concedendum</span> <span class='ocrx_word' id='word_1_387' title='bbox 2039 1250 2086 1275; x_wconf 88' lang='lat' dir='ltr'>est</span> <span class='ocrx_word' id='word_1_388' title='bbox 2108 1245 2198 1285; x_wconf 92' lang='lat' dir='ltr'>quod</span> <span class='ocrx_word' id='word_1_389' title='bbox 2221 1244 2408 1275; x_wconf 90' lang='lat' dir='ltr'>huiusmodi</span> <span class='ocrx_word' id='word_1_390' title='bbox 2431 1254 2530 1285; x_wconf 89' lang='lat' dir='ltr'>opera</span> <span class='ocrx_word' id='word_1_391' title='bbox 2547 1255 2616 1277; x_wconf 90' lang='lat' dir='ltr'>non</span> 
     </span>
     <span class='ocr_line' id='line_1_25' title="bbox 428 1288 2294 1337; baseline -0.004 -11"><span class='ocrx_word' id='word_1_392' title='bbox 428 1306 510 1337; x_wconf 91' lang='lat' dir='ltr'>opus</span> <span class='ocrx_word' id='word_1_393' title='bbox 532 1295 682 1326; x_wconf 85' lang='lat' dir='ltr'>hominis.</span> <span class='ocrx_word' id='word_1_394' title='bbox 1547 1290 1610 1319; x_wconf 90' lang='lat' dir='ltr'>sint</span> <span class='ocrx_word' id='word_1_395' title='bbox 1633 1289 1766 1319; x_wconf 90' lang='lat' dir='ltr'>alicuius</span> <span class='ocrx_word' id='word_1_396' title='bbox 1789 1289 1961 1325; x_wconf 89' lang='lat' dir='ltr'>meritoria,</span> <span class='ocrx_word' id='word_1_397' title='bbox 1986 1298 2084 1329; x_wconf 89' lang='lat' dir='ltr'>quam</span> <span class='ocrx_word' id='word_1_398' title='bbox 2109 1288 2199 1329; x_wconf 92' lang='lat' dir='ltr'>quod</span> <span class='ocrx_word' id='word_1_399' title='bbox 2221 1290 2294 1319; x_wconf 88' lang='lat' dir='ltr'>sint.</span> 
     </span>
    </p>
   </div>
   <div class='ocr_carea' id='block_1_6' title="bbox 195 1332 2867 2307">
    <p class='ocr_par' dir='ltr' id='par_1_8' title="bbox 482 1332 2616 1377">
     <span class='ocr_line' id='line_1_26' title="bbox 482 1332 2616 1377; baseline -0.003 -7"><span class='ocrx_word' id='word_1_400' title='bbox 482 1340 532 1370; x_wconf 85' lang='lat' dir='ltr'>An</span> <span class='ocrx_word' id='word_1_401' title='bbox 556 1349 689 1369; x_wconf 74' lang='lat' dir='ltr'>TERTTUM</span> <span class='ocrx_word' id='word_1_402' title='bbox 712 1348 871 1368; x_wconf 72' lang='lat' dir='ltr'>mmmmm</span> <span class='ocrx_word' id='word_1_403' title='bbox 895 1337 984 1377; x_wconf 91' lang='lat' dir='ltr'>quod</span> <span class='ocrx_word' id='word_1_404' title='bbox 1011 1337 1136 1376; x_wconf 86' lang='lat' dir='ltr'>aliquae</span> <span class='ocrx_word' id='word_1_405' title='bbox 1167 1334 1396 1365; x_wconf 88' lang='lat' dir='ltr'>satisfactiones</span> <span class='ocrx_word' id='word_1_406' title='bbox 1419 1339 1493 1364; x_wconf 88' lang='lat' dir='ltr'>sunt</span> <span class='ocrx_word' id='word_1_407' title='bbox 1507 1346 1531 1366; x_wconf 84' lang='lat'>25</span> <span class='ocrx_word' id='word_1_408' title='bbox 1602 1333 1653 1363; x_wconf 84' lang='lat' dir='ltr'>An</span> <span class='ocrx_word' id='word_1_409' title='bbox 1672 1343 1789 1363; x_wconf 81' lang='lat' dir='ltr'>PRIMUM</span> <span class='ocrx_word' id='word_1_410' title='bbox 1804 1343 1887 1363; x_wconf 75' lang='lat' dir='ltr'>ERGO</span> <span class='ocrx_word' id='word_1_411' title='bbox 1907 1343 2067 1363; x_wconf 64' lang='lat' dir='ltr'>monimum</span> <span class='ocrx_word' id='word_1_412' title='bbox 2083 1332 2182 1373; x_wconf 89' lang='lat' dir='ltr'>quod,</span> <span class='ocrx_word' id='word_1_413' title='bbox 2199 1333 2280 1363; x_wconf 88' lang='lat' dir='ltr'>sicut</span> <span class='ocrx_word' id='word_1_414' title='bbox 2298 1333 2514 1372; x_wconf 88' lang='lat' dir='ltr'>Philosophus</span> <span class='ocrx_word' id='word_1_415' title='bbox 2530 1332 2616 1369; x_wconf 79' lang='lat' dir='ltr'>dicit,</span> 
     </span>
    </p>

    <p class='ocr_par' dir='ltr' id='par_1_9' title="bbox 429 1376 2859 1424">
     <span class='ocr_line' id='line_1_27' title="bbox 429 1376 2859 1424; baseline -0.002 -10"><span class='ocrx_word' id='word_1_416' title='bbox 429 1395 466 1415; x_wconf 87' lang='lat' dir='ltr'>ex</span> <span class='ocrx_word' id='word_1_417' title='bbox 489 1384 605 1424; x_wconf 91' lang='lat' dir='ltr'>quibus</span> <span class='ocrx_word' id='word_1_418' title='bbox 627 1387 735 1413; x_wconf 88' lang='lat' dir='ltr'>manet</span> <span class='ocrx_word' id='word_1_419' title='bbox 763 1382 876 1422; x_wconf 89' lang='lat' dir='ltr'>aliquis</span> <span class='ocrx_word' id='word_1_420' title='bbox 905 1381 1035 1412; x_wconf 85' lang='lat' dir='ltr'>effectus</span> <span class='ocrx_word' id='word_1_421' title='bbox 1058 1381 1092 1411; x_wconf 89' lang='lat' dir='ltr'>in</span> <span class='ocrx_word' id='word_1_422' title='bbox 1115 1379 1378 1410; x_wconf 86' lang='lat' dir='ltr'>satisfacientibus</span> <span class='ocrx_word' id='word_1_423' title='bbox 1397 1378 1492 1408; x_wconf 88' lang='lat' dir='ltr'>etiam</span> <span class='ocrx_word' id='word_1_424' title='bbox 1547 1377 1620 1407; x_wconf 87' lang='lat' dir='ltr'>VIII</span> <span class='ocrx_word' id='word_1_425' title='bbox 1642 1377 1746 1407; x_wconf 82' lang='lat' dir='ltr'>Ethic.</span> <span class='ocrx_word' id='word_1_426' title='bbox 1763 1378 1796 1413; x_wconf 70' lang='lat'>*‚</span> <span class='ocrx_word' id='word_1_427' title='bbox 1822 1378 1898 1417; x_wconf 91' lang='lat' dir='ltr'>quia</span> <span class='ocrx_word' id='word_1_428' title='bbox 1920 1377 2005 1408; x_wconf 91' lang='lat' dir='ltr'>filius</span> <span class='ocrx_word' id='word_1_429' title='bbox 2034 1387 2092 1417; x_wconf 89' lang='lat' dir='ltr'>per</span> <span class='ocrx_word' id='word_1_430' title='bbox 2115 1378 2224 1408; x_wconf 90' lang='lat' dir='ltr'>omnia</span> <span class='ocrx_word' id='word_1_431' title='bbox 2254 1386 2337 1417; x_wconf 87' lang='lat' dir='ltr'>quae</span> <span class='ocrx_word' id='word_1_432' title='bbox 2364 1376 2468 1407; x_wconf 89' lang='lat' dir='ltr'>facere</span> <span class='ocrx_word' id='word_1_433' title='bbox 2491 1381 2615 1417; x_wconf 81' lang='lat' dir='ltr'>potest,</span> <span class='ocrx_word' id='word_1_434' title='bbox 2643 1380 2696 1403; x_wconf 78' lang='lat' dir='ltr'>‘C-</span> <span class='ocrx_word' id='word_1_435' title='bbox 2713 1386 2859 1408; x_wconf 55' lang='lat' dir='ltr'>amn-4&gt;-</span> 
     </span>
    </p>

    <p class='ocr_par' dir='ltr' id='par_1_10' title="bbox 427 1407 2861 1993">
     <span class='ocr_line' id='line_1_28' title="bbox 427 1407 2861 1469; baseline -0.003 -11"><span class='ocrx_word' id='word_1_436' title='bbox 427 1434 599 1469; x_wconf 91' lang='lat' dir='ltr'>postquam</span> <span class='ocrx_word' id='word_1_437' title='bbox 623 1433 711 1457; x_wconf 87' lang='lat' dir='ltr'>actus</span> <span class='ocrx_word' id='word_1_438' title='bbox 734 1426 954 1456; x_wconf 85' lang='lat' dir='ltr'>satisfactionis</span> <span class='ocrx_word' id='word_1_439' title='bbox 976 1425 1104 1455; x_wconf 86' lang='lat' dir='ltr'>transit:</span> <span class='ocrx_word' id='word_1_440' title='bbox 1130 1425 1212 1454; x_wconf 85' lang='lat' dir='ltr'>sicut</span> <span class='ocrx_word' id='word_1_441' title='bbox 1235 1433 1274 1453; x_wconf 85' lang='lat' dir='ltr'>ex</span> <span class='ocrx_word' id='word_1_442' title='bbox 1289 1423 1409 1453; x_wconf 91' lang='lat' dir='ltr'>ieiunio</span> <span class='ocrx_word' id='word_1_443' title='bbox 1426 1431 1493 1452; x_wconf 90' lang='lat' dir='ltr'>ma—</span> <span class='ocrx_word' id='word_1_444' title='bbox 1547 1421 1627 1452; x_wconf 83' lang='lat' dir='ltr'>nihil</span> <span class='ocrx_word' id='word_1_445' title='bbox 1650 1421 1783 1461; x_wconf 86' lang='lat' dir='ltr'>aequale</span> <span class='ocrx_word' id='word_1_446' title='bbox 1807 1420 1939 1452; x_wconf 89' lang='lat' dir='ltr'>reddere</span> <span class='ocrx_word' id='word_1_447' title='bbox 1961 1422 2041 1461; x_wconf 90' lang='lat' dir='ltr'>patri</span> <span class='ocrx_word' id='word_1_448' title='bbox 2060 1427 2167 1461; x_wconf 90' lang='lat' dir='ltr'>potest</span> <span class='ocrx_word' id='word_1_449' title='bbox 2181 1422 2230 1452; x_wconf 91' lang='lat' dir='ltr'>his</span> <span class='ocrx_word' id='word_1_450' title='bbox 2247 1430 2330 1462; x_wconf 89' lang='lat' dir='ltr'>quae</span> <span class='ocrx_word' id='word_1_451' title='bbox 2346 1431 2364 1451; x_wconf 92' lang='lat' dir='ltr'>a</span> <span class='ocrx_word' id='word_1_452' title='bbox 2379 1426 2469 1461; x_wconf 87' lang='lat' dir='ltr'>patre</span> <span class='ocrx_word' id='word_1_453' title='bbox 2487 1421 2616 1463; x_wconf 79' lang='lat' dir='ltr'>recipit3</span> <span class='ocrx_word' id='word_1_454' title='bbox 2644 1407 2668 1430; x_wconf 77' lang='lat' dir='ltr'>s·</span> <span class='ocrx_word' id='word_1_455' title='bbox 2742 1407 2796 1431; x_wconf 67' lang='lat'><strong>¹⁶⁶⁸·</strong></span> <span class='ocrx_word' id='word_1_456' title='bbox 2809 1414 2861 1430; x_wconf 58' lang='grc' dir='ltr'>ω’</span> 
     </span>
     <span class='ocr_line' id='line_1_29' title="bbox 427 1465 2618 1512; baseline -0.003 -10"><span class='ocrx_word' id='word_1_457' title='bbox 427 1478 482 1503; x_wconf 90' lang='lat' dir='ltr'>net</span> <span class='ocrx_word' id='word_1_458' title='bbox 505 1472 647 1512; x_wconf 91' lang='lat' dir='ltr'>corporis</span> <span class='ocrx_word' id='word_1_459' title='bbox 671 1470 855 1506; x_wconf 89' lang='lat' dir='ltr'>debilitatio,</span> <span class='ocrx_word' id='word_1_460' title='bbox 873 1479 911 1500; x_wconf 87' lang='lat' dir='ltr'>ex</span> <span class='ocrx_word' id='word_1_461' title='bbox 928 1470 1205 1510; x_wconf 89' lang='lat' dir='ltr'>eleemosynarum</span> <span class='ocrx_word' id='word_1_462' title='bbox 1228 1467 1396 1507; x_wconf 90' lang='lat' dir='ltr'>largitione</span> <span class='ocrx_word' id='word_1_463' title='bbox 1419 1467 1492 1496; x_wconf 91' lang='lat' dir='ltr'>sub·</span> <span class='ocrx_word' id='word_1_464' title='bbox 1547 1465 1622 1496; x_wconf 91' lang='lat' dir='ltr'>ideo</span> <span class='ocrx_word' id='word_1_465' title='bbox 1637 1475 1806 1506; x_wconf 83' lang='lat' dir='ltr'>nunquam</span> <span class='ocrx_word' id='word_1_466' title='bbox 1825 1471 1914 1505; x_wconf 91' lang='lat' dir='ltr'>pater</span> <span class='ocrx_word' id='word_1_467' title='bbox 1931 1465 2054 1496; x_wconf 91' lang='lat' dir='ltr'>debitor</span> <span class='ocrx_word' id='word_1_468' title='bbox 2077 1465 2134 1496; x_wconf 88' lang='lat' dir='ltr'>filii</span> <span class='ocrx_word' id='word_1_469' title='bbox 2151 1465 2294 1496; x_wconf 84' lang='lat' dir='ltr'>efficitur.</span> <span class='ocrx_word' id='word_1_470' title='bbox 2326 1466 2367 1495; x_wconf 89' lang='lat' dir='ltr'>Et</span> <span class='ocrx_word' id='word_1_471' title='bbox 2389 1465 2494 1495; x_wconf 92' lang='lat' dir='ltr'>multo</span> <span class='ocrx_word' id='word_1_472' title='bbox 2510 1466 2618 1498; x_wconf 83' lang='lat' dir='ltr'>minus</span> 
     </span>
     <span class='ocr_line' id='line_1_30' title="bbox 427 1509 2618 1550; baseline -0.003 -3"><span class='ocrx_word' id='word_1_473' title='bbox 427 1517 558 1547; x_wconf 76' lang='lat' dir='ltr'>stantiae</span> <span class='ocrx_word' id='word_1_474' title='bbox 581 1515 762 1550; x_wconf 73' lang='lat' dir='ltr'>diminutio,</span> <span class='ocrx_word' id='word_1_475' title='bbox 781 1519 811 1544; x_wconf 92' lang='lat' dir='ltr'>et</span> <span class='ocrx_word' id='word_1_476' title='bbox 830 1515 874 1544; x_wconf 92' lang='lat' dir='ltr'>sic</span> <span class='ocrx_word' id='word_1_477' title='bbox 898 1513 937 1544; x_wconf 89' lang='lat' dir='ltr'>de</span> <span class='ocrx_word' id='word_1_478' title='bbox 961 1514 1126 1544; x_wconf 90' lang='lat' dir='ltr'>similibus.</span> <span class='ocrx_word' id='word_1_479' title='bbox 1151 1512 1192 1542; x_wconf 89' lang='lat' dir='ltr'>Et</span> <span class='ocrx_word' id='word_1_480' title='bbox 1206 1511 1284 1542; x_wconf 91' lang='lat' dir='ltr'>tales</span> <span class='ocrx_word' id='word_1_481' title='bbox 1308 1510 1494 1541; x_wconf 88' lang='lat' dir='ltr'>satisfactio·</span> <span class='ocrx_word' id='word_1_482' title='bbox 1548 1510 1650 1540; x_wconf 92' lang='lat' dir='ltr'>homo</span> <span class='ocrx_word' id='word_1_483' title='bbox 1665 1515 1773 1550; x_wconf 90' lang='lat' dir='ltr'>potest</span> <span class='ocrx_word' id='word_1_484' title='bbox 1795 1515 1926 1550; x_wconf 92' lang='lat' dir='ltr'>propter</span> <span class='ocrx_word' id='word_1_485' title='bbox 1949 1510 2215 1550; x_wconf 89' lang='lat' dir='ltr'>aequivalentiam</span> <span class='ocrx_word' id='word_1_486' title='bbox 2239 1510 2345 1550; x_wconf 89' lang='lat' dir='ltr'>operis</span> <span class='ocrx_word' id='word_1_487' title='bbox 2360 1509 2540 1543; x_wconf 84' lang='lat' dir='ltr'>Dominum</span> <span class='ocrx_word' id='word_1_488' title='bbox 2559 1510 2618 1540; x_wconf 82' lang='lat' dir='ltr'>sibi</span> 
     </span>
     <span class='ocr_line' id='line_1_31' title="bbox 427 1553 2618 1600; baseline -0.003 -10"><span class='ocrx_word' id='word_1_489' title='bbox 427 1570 483 1591; x_wconf 89' lang='lat' dir='ltr'>nes</span> <span class='ocrx_word' id='word_1_490' title='bbox 506 1561 539 1590; x_wconf 92' lang='lat' dir='ltr'>in</span> <span class='ocrx_word' id='word_1_491' title='bbox 562 1560 700 1600; x_wconf 88' lang='lat' dir='ltr'>peccatis</span> <span class='ocrx_word' id='word_1_492' title='bbox 723 1558 824 1589; x_wconf 89' lang='lat' dir='ltr'>factae</span> <span class='ocrx_word' id='word_1_493' title='bbox 847 1567 915 1588; x_wconf 89' lang='lat' dir='ltr'>non</span> <span class='ocrx_word' id='word_1_494' title='bbox 939 1563 1067 1598; x_wconf 90' lang='lat' dir='ltr'>oportet</span> <span class='ocrx_word' id='word_1_495' title='bbox 1098 1556 1188 1597; x_wconf 93' lang='lat' dir='ltr'>quod</span> <span class='ocrx_word' id='word_1_496' title='bbox 1217 1556 1387 1586; x_wconf 85' lang='lat' dir='ltr'>iterentur:</span> <span class='ocrx_word' id='word_1_497' title='bbox 1420 1555 1495 1595; x_wconf 90' lang='lat' dir='ltr'>quia</span> <span class='ocrx_word' id='word_1_498' title='bbox 1510 1567 1535 1587; x_wconf 66' lang='grc' dir='ltr'>ιο</span> <span class='ocrx_word' id='word_1_499' title='bbox 1550 1555 1744 1584; x_wconf 89' lang='lat' dir='ltr'>constituere</span> <span class='ocrx_word' id='word_1_500' title='bbox 1771 1553 1959 1585; x_wconf 88' lang='lat' dir='ltr'>debitorem.</span> <span class='ocrx_word' id='word_1_501' title='bbox 1991 1555 2032 1584; x_wconf 91' lang='lat' dir='ltr'>Et</span> <span class='ocrx_word' id='word_1_502' title='bbox 2054 1553 2129 1585; x_wconf 90' lang='lat' dir='ltr'>ideo</span> <span class='ocrx_word' id='word_1_503' title='bbox 2152 1554 2279 1585; x_wconf 90' lang='lat' dir='ltr'>nullum</span> <span class='ocrx_word' id='word_1_504' title='bbox 2303 1563 2386 1594; x_wconf 88' lang='lat' dir='ltr'>opus</span> <span class='ocrx_word' id='word_1_505' title='bbox 2409 1559 2556 1589; x_wconf 72' lang='lat' dir='ltr'>nostrum</span> <span class='ocrx_word' id='word_1_506' title='bbox 2579 1563 2618 1584; x_wconf 85' lang='lat' dir='ltr'>ex</span> 
     </span>
     <span class='ocr_line' id='line_1_32' title="bbox 429 1597 2619 1645; baseline -0.003 -11"><span class='ocrx_word' id='word_1_507' title='bbox 429 1609 585 1645; x_wconf 88' lang='lat' dir='ltr'>quantum</span> <span class='ocrx_word' id='word_1_508' title='bbox 608 1603 647 1633; x_wconf 92' lang='lat' dir='ltr'>ad</span> <span class='ocrx_word' id='word_1_509' title='bbox 670 1604 733 1633; x_wconf 93' lang='lat' dir='ltr'>hoc</span> <span class='ocrx_word' id='word_1_510' title='bbox 764 1602 853 1642; x_wconf 92' lang='lat' dir='ltr'>quod</span> <span class='ocrx_word' id='word_1_511' title='bbox 884 1602 923 1632; x_wconf 92' lang='lat' dir='ltr'>de</span> <span class='ocrx_word' id='word_1_512' title='bbox 955 1602 999 1632; x_wconf 91' lang='lat' dir='ltr'>eis</span> <span class='ocrx_word' id='word_1_513' title='bbox 1028 1606 1152 1637; x_wconf 89' lang='lat' dir='ltr'>manet,</span> <span class='ocrx_word' id='word_1_514' title='bbox 1177 1610 1234 1640; x_wconf 90' lang='lat' dir='ltr'>per</span> <span class='ocrx_word' id='word_1_515' title='bbox 1262 1600 1495 1640; x_wconf 89' lang='lat' dir='ltr'>poenitentiam</span> <span class='ocrx_word' id='word_1_516' title='bbox 1550 1599 1726 1639; x_wconf 89' lang='lat' dir='ltr'>quantitate</span> <span class='ocrx_word' id='word_1_517' title='bbox 1742 1608 1818 1629; x_wconf 89' lang='lat' dir='ltr'>suae</span> <span class='ocrx_word' id='word_1_518' title='bbox 1834 1599 1985 1629; x_wconf 90' lang='lat' dir='ltr'>bonitatis</span> <span class='ocrx_word' id='word_1_519' title='bbox 2003 1599 2099 1628; x_wconf 90' lang='lat' dir='ltr'>habet</span> <span class='ocrx_word' id='word_1_520' title='bbox 2115 1598 2204 1639; x_wconf 93' lang='lat' dir='ltr'>quod</span> <span class='ocrx_word' id='word_1_521' title='bbox 2220 1598 2340 1638; x_wconf 91' lang='lat' dir='ltr'>aliquid</span> <span class='ocrx_word' id='word_1_522' title='bbox 2363 1603 2538 1629; x_wconf 85' lang='lat' dir='ltr'>mereatur:</span> <span class='ocrx_word' id='word_1_523' title='bbox 2562 1597 2619 1629; x_wconf 82' lang='lat' dir='ltr'>sed</span> 
     </span>
     <span class='ocr_line' id='line_1_33' title="bbox 428 1642 2619 1688; baseline -0.003 -9"><span class='ocrx_word' id='word_1_524' title='bbox 428 1650 498 1679; x_wconf 91' lang='lat' dir='ltr'>Deo</span> <span class='ocrx_word' id='word_1_525' title='bbox 523 1654 671 1688; x_wconf 88' lang='lat' dir='ltr'>acceptae</span> <span class='ocrx_word' id='word_1_526' title='bbox 695 1652 778 1677; x_wconf 89' lang='lat' dir='ltr'>sunt.</span> <span class='ocrx_word' id='word_1_527' title='bbox 807 1646 1044 1677; x_wconf 89' lang='lat' dir='ltr'>Satisfactiones</span> <span class='ocrx_word' id='word_1_528' title='bbox 1072 1651 1180 1676; x_wconf 92' lang='lat' dir='ltr'>autem</span> <span class='ocrx_word' id='word_1_529' title='bbox 1204 1654 1287 1685; x_wconf 90' lang='lat' dir='ltr'>quae</span> <span class='ocrx_word' id='word_1_530' title='bbox 1309 1653 1377 1674; x_wconf 92' lang='lat' dir='ltr'>non</span> <span class='ocrx_word' id='word_1_531' title='bbox 1400 1644 1495 1674; x_wconf 88' lang='lat' dir='ltr'>relin-</span> <span class='ocrx_word' id='word_1_532' title='bbox 1550 1652 1588 1673; x_wconf 90' lang='lat' dir='ltr'>ex</span> <span class='ocrx_word' id='word_1_533' title='bbox 1610 1643 1643 1672; x_wconf 89' lang='lat' dir='ltr'>vi</span> <span class='ocrx_word' id='word_1_534' title='bbox 1666 1643 1818 1678; x_wconf 88' lang='lat' dir='ltr'>caritatis,</span> <span class='ocrx_word' id='word_1_535' title='bbox 1843 1652 1926 1683; x_wconf 89' lang='lat' dir='ltr'>quae</span> <span class='ocrx_word' id='word_1_536' title='bbox 1958 1642 2033 1673; x_wconf 85' lang='lat' dir='ltr'>facit</span> <span class='ocrx_word' id='word_1_537' title='bbox 2063 1652 2101 1673; x_wconf 90' lang='lat' dir='ltr'>ea</span> <span class='ocrx_word' id='word_1_538' title='bbox 2124 1651 2207 1683; x_wconf 91' lang='lat' dir='ltr'>quae</span> <span class='ocrx_word' id='word_1_539' title='bbox 2236 1648 2311 1673; x_wconf 90' lang='lat' dir='ltr'>sunt</span> <span class='ocrx_word' id='word_1_540' title='bbox 2341 1643 2520 1676; x_wconf 85' lang='lat' dir='ltr'>amicorum</span> <span class='ocrx_word' id='word_1_541' title='bbox 2550 1651 2619 1673; x_wconf 88' lang='lat' dir='ltr'>esse</span> 
     </span>
     <span class='ocr_line' id='line_1_34' title="bbox 429 1687 2620 1733; baseline -0.003 -10"><span class='ocrx_word' id='word_1_542' title='bbox 429 1698 532 1733; x_wconf 90' lang='lat' dir='ltr'>quunt</span> <span class='ocrx_word' id='word_1_543' title='bbox 556 1692 695 1732; x_wconf 90' lang='lat' dir='ltr'>aliquem</span> <span class='ocrx_word' id='word_1_544' title='bbox 726 1690 875 1721; x_wconf 86' lang='lat' dir='ltr'>effectum</span> <span class='ocrx_word' id='word_1_545' title='bbox 906 1691 940 1721; x_wconf 95' lang='lat' dir='ltr'>in</span> <span class='ocrx_word' id='word_1_546' title='bbox 964 1689 1174 1721; x_wconf 87' lang='lat' dir='ltr'>satisfaciente</span> <span class='ocrx_word' id='word_1_547' title='bbox 1203 1694 1377 1729; x_wconf 87' lang='lat' dir='ltr'>postquam</span> <span class='ocrx_word' id='word_1_548' title='bbox 1407 1693 1495 1718; x_wconf 87' lang='lat' dir='ltr'>actus</span> <span class='ocrx_word' id='word_1_549' title='bbox 1551 1688 1747 1718; x_wconf 85' lang='lat' dir='ltr'>communia.</span> <span class='ocrx_word' id='word_1_550' title='bbox 1772 1687 1876 1724; x_wconf 90' lang='lat' dir='ltr'>Unde,</span> <span class='ocrx_word' id='word_1_551' title='bbox 1894 1692 2194 1728; x_wconf 85' lang='lat' dir='ltr'>quantumcumque</span> <span class='ocrx_word' id='word_1_552' title='bbox 2218 1688 2258 1717; x_wconf 90' lang='lat' dir='ltr'>sit</span> <span class='ocrx_word' id='word_1_553' title='bbox 2281 1696 2364 1727; x_wconf 89' lang='lat' dir='ltr'>opus</span> <span class='ocrx_word' id='word_1_554' title='bbox 2387 1687 2512 1718; x_wconf 87' lang='lat' dir='ltr'>bonum</span> <span class='ocrx_word' id='word_1_555' title='bbox 2533 1691 2620 1718; x_wconf 78' lang='lat' dir='ltr'>extra</span> 
     </span>
     <span class='ocr_line' id='line_1_35' title="bbox 428 1730 2619 1777; baseline -0.003 -10"><span class='ocrx_word' id='word_1_556' title='bbox 428 1737 553 1773; x_wconf 91' lang='lat' dir='ltr'>transit,</span> <span class='ocrx_word' id='word_1_557' title='bbox 579 1741 706 1777; x_wconf 91' lang='lat' dir='ltr'>oportet</span> <span class='ocrx_word' id='word_1_558' title='bbox 736 1735 825 1775; x_wconf 91' lang='lat' dir='ltr'>quod</span> <span class='ocrx_word' id='word_1_559' title='bbox 856 1736 1027 1765; x_wconf 89' lang='lat' dir='ltr'>iterentur:</span> <span class='ocrx_word' id='word_1_560' title='bbox 1059 1734 1142 1764; x_wconf 90' lang='lat' dir='ltr'>sicut</span> <span class='ocrx_word' id='word_1_561' title='bbox 1164 1739 1211 1764; x_wconf 92' lang='lat' dir='ltr'>est</span> <span class='ocrx_word' id='word_1_562' title='bbox 1233 1732 1273 1764; x_wconf 94' lang='lat' dir='ltr'>de</span> <span class='ocrx_word' id='word_1_563' title='bbox 1297 1733 1441 1763; x_wconf 86' lang='lat' dir='ltr'>oratione</span> <span class='ocrx_word' id='word_1_564' title='bbox 1465 1738 1497 1762; x_wconf 89' lang='lat' dir='ltr'>et</span> <span class='ocrx_word' id='word_1_565' title='bbox 1551 1732 1713 1762; x_wconf 87' lang='lat' dir='ltr'>caritatem</span> <span class='ocrx_word' id='word_1_566' title='bbox 1736 1731 1867 1768; x_wconf 89' lang='lat' dir='ltr'>facturn,</span> <span class='ocrx_word' id='word_1_567' title='bbox 1891 1741 1959 1762; x_wconf 92' lang='lat' dir='ltr'>non</span> <span class='ocrx_word' id='word_1_568' title='bbox 1982 1731 2066 1768; x_wconf 83' lang='lat' dir='ltr'>facit,</span> <span class='ocrx_word' id='word_1_569' title='bbox 2090 1732 2220 1772; x_wconf 90' lang='lat' dir='ltr'>proprie</span> <span class='ocrx_word' id='word_1_570' title='bbox 2243 1730 2426 1771; x_wconf 92' lang='lat' dir='ltr'>loquendo,</span> <span class='ocrx_word' id='word_1_571' title='bbox 2451 1730 2541 1771; x_wconf 85' lang='lat' dir='ltr'>quod</span> <span class='ocrx_word' id='word_1_572' title='bbox 2563 1731 2619 1761; x_wconf 84' lang='lat' dir='ltr'>ali—</span> 
     </span>
     <span class='ocr_line' id='line_1_36' title="bbox 429 1775 2620 1819; baseline -0.003 -7"><span class='ocrx_word' id='word_1_573' title='bbox 429 1781 592 1812; x_wconf 89' lang='lat' dir='ltr'>similibus.</span> <span class='ocrx_word' id='word_1_574' title='bbox 617 1781 717 1811; x_wconf 90' lang='lat' dir='ltr'>Actus</span> <span class='ocrx_word' id='word_1_575' title='bbox 741 1785 848 1810; x_wconf 89' lang='lat' dir='ltr'>autem</span> <span class='ocrx_word' id='word_1_576' title='bbox 867 1779 1008 1815; x_wconf 90' lang='lat' dir='ltr'>interior,</span> <span class='ocrx_word' id='word_1_577' title='bbox 1026 1779 1101 1819; x_wconf 93' lang='lat' dir='ltr'>quia</span> <span class='ocrx_word' id='word_1_578' title='bbox 1116 1778 1254 1808; x_wconf 84' lang='lat' dir='ltr'>totaliter</span> <span class='ocrx_word' id='word_1_579' title='bbox 1269 1778 1388 1813; x_wconf 87' lang='lat' dir='ltr'>transit,</span> <span class='ocrx_word' id='word_1_580' title='bbox 1404 1776 1495 1807; x_wconf 92' lang='lat' dir='ltr'>nullo</span> <span class='ocrx_word' id='word_1_581' title='bbox 1512 1788 1534 1809; x_wconf 81' lang='lat'>35</span> <span class='ocrx_word' id='word_1_582' title='bbox 1551 1776 1630 1816; x_wconf 94' lang='lat' dir='ltr'>quid</span> <span class='ocrx_word' id='word_1_583' title='bbox 1652 1775 1827 1816; x_wconf 91' lang='lat' dir='ltr'>recipiendi</span> <span class='ocrx_word' id='word_1_584' title='bbox 1850 1786 1868 1806; x_wconf 92' lang='lat' dir='ltr'>a</span> <span class='ocrx_word' id='word_1_585' title='bbox 1891 1775 1962 1806; x_wconf 91' lang='lat' dir='ltr'>Deo</span> <span class='ocrx_word' id='word_1_586' title='bbox 1986 1775 2106 1806; x_wconf 84' lang='lat' dir='ltr'>faciens</span> <span class='ocrx_word' id='word_1_587' title='bbox 2129 1775 2273 1806; x_wconf 91' lang='lat' dir='ltr'>debitum</span> <span class='ocrx_word' id='word_1_588' title='bbox 2295 1775 2419 1806; x_wconf 85' lang='lat' dir='ltr'>habeat.</span> <span class='ocrx_word' id='word_1_589' title='bbox 2449 1775 2512 1808; x_wconf 91' lang='lat' dir='ltr'>Sed</span> <span class='ocrx_word' id='word_1_590' title='bbox 2535 1782 2620 1815; x_wconf 81' lang='lat' dir='ltr'>opus</span> 
     </span>
     <span class='ocr_line' id='line_1_37' title="bbox 430 1819 2619 1864; baseline -0.003 -8"><span class='ocrx_word' id='word_1_591' title='bbox 430 1825 529 1856; x_wconf 92' lang='lat' dir='ltr'>modo</span> <span class='ocrx_word' id='word_1_592' title='bbox 552 1824 739 1860; x_wconf 90' lang='lat' dir='ltr'>vivificatur,</span> <span class='ocrx_word' id='word_1_593' title='bbox 763 1823 819 1854; x_wconf 92' lang='lat' dir='ltr'>sed</span> <span class='ocrx_word' id='word_1_594' title='bbox 842 1828 971 1864; x_wconf 91' lang='lat' dir='ltr'>oportet</span> <span class='ocrx_word' id='word_1_595' title='bbox 995 1822 1084 1863; x_wconf 93' lang='lat' dir='ltr'>quod</span> <span class='ocrx_word' id='word_1_596' title='bbox 1106 1823 1246 1853; x_wconf 90' lang='lat' dir='ltr'>iteretur.</span> <span class='ocrx_word' id='word_1_597' title='bbox 1549 1820 1673 1851; x_wconf 91' lang='lat' dir='ltr'>malum</span> <span class='ocrx_word' id='word_1_598' title='bbox 1696 1829 1735 1850; x_wconf 87' lang='lat' dir='ltr'>ex</span> <span class='ocrx_word' id='word_1_599' title='bbox 1758 1821 1934 1860; x_wconf 87' lang='lat' dir='ltr'>quantitate</span> <span class='ocrx_word' id='word_1_600' title='bbox 1957 1829 2033 1850; x_wconf 89' lang='lat' dir='ltr'>suae</span> <span class='ocrx_word' id='word_1_601' title='bbox 2055 1820 2194 1851; x_wconf 83' lang='lat' dir='ltr'>malitiae</span> <span class='ocrx_word' id='word_1_602' title='bbox 2217 1819 2396 1850; x_wconf 88' lang='lat' dir='ltr'>secundum</span> <span class='ocrx_word' id='word_1_603' title='bbox 2415 1819 2619 1859; x_wconf 77' lang='lat' dir='ltr'>aequivalen—</span> 
     </span>
     <span class='ocr_line' id='line_1_38' title="bbox 1550 1863 2620 1904; baseline -0.001 -9"><span class='ocrx_word' id='word_1_604' title='bbox 1550 1865 1628 1895; x_wconf 89' lang='lat' dir='ltr'>tiam</span> <span class='ocrx_word' id='word_1_605' title='bbox 1650 1873 1791 1904; x_wconf 88' lang='lat' dir='ltr'>poenam</span> <span class='ocrx_word' id='word_1_606' title='bbox 1814 1870 1972 1895; x_wconf 89' lang='lat' dir='ltr'>meretur:</span> <span class='ocrx_word' id='word_1_607' title='bbox 1997 1865 2073 1904; x_wconf 89' lang='lat' dir='ltr'>quia</span> <span class='ocrx_word' id='word_1_608' title='bbox 2096 1874 2134 1894; x_wconf 86' lang='lat' dir='ltr'>ex</span> <span class='ocrx_word' id='word_1_609' title='bbox 2157 1869 2247 1904; x_wconf 90' lang='lat' dir='ltr'>parte</span> <span class='ocrx_word' id='word_1_610' title='bbox 2269 1864 2331 1894; x_wconf 90' lang='lat' dir='ltr'>Dei</span> <span class='ocrx_word' id='word_1_611' title='bbox 2345 1872 2414 1894; x_wconf 89' lang='lat' dir='ltr'>non</span> <span class='ocrx_word' id='word_1_612' title='bbox 2429 1868 2504 1895; x_wconf 88' lang='lat' dir='ltr'>sunt</span> <span class='ocrx_word' id='word_1_613' title='bbox 2525 1863 2620 1894; x_wconf 84' lang='lat' dir='ltr'>nobis</span> 
     </span>
     <span class='ocr_line' id='line_1_39' title="bbox 1551 1908 2619 1949; baseline -0.002 -10"><span class='ocrx_word' id='word_1_614' title='bbox 1551 1909 1659 1949; x_wconf 90' lang='lat' dir='ltr'>aliqua</span> <span class='ocrx_word' id='word_1_615' title='bbox 1681 1909 1764 1939; x_wconf 88' lang='lat' dir='ltr'>mala</span> <span class='ocrx_word' id='word_1_616' title='bbox 1787 1908 1879 1944; x_wconf 87' lang='lat' dir='ltr'>facta,</span> <span class='ocrx_word' id='word_1_617' title='bbox 1896 1909 1979 1939; x_wconf 87' lang='lat' dir='ltr'>sicut</span> <span class='ocrx_word' id='word_1_618' title='bbox 2001 1909 2096 1939; x_wconf 91' lang='lat' dir='ltr'>bona.</span> <span class='ocrx_word' id='word_1_619' title='bbox 2121 1909 2162 1938; x_wconf 91' lang='lat' dir='ltr'>Et</span> <span class='ocrx_word' id='word_1_620' title='bbox 2180 1908 2266 1942; x_wconf 76' lang='lat' dir='ltr'>ideo,</span> <span class='ocrx_word' id='word_1_621' title='bbox 2283 1908 2429 1948; x_wconf 89' lang='lat' dir='ltr'>quamvis</span> <span class='ocrx_word' id='word_1_622' title='bbox 2453 1916 2537 1949; x_wconf 85' lang='lat' dir='ltr'>opus</span> <span class='ocrx_word' id='word_1_623' title='bbox 2551 1916 2619 1938; x_wconf 87' lang='lat' dir='ltr'>ma-</span> 
     </span>
     <span class='ocr_line' id='line_1_40' title="bbox 1550 1952 2620 1993; baseline -0.001 -10"><span class='ocrx_word' id='word_1_624' title='bbox 1550 1954 1620 1983; x_wconf 90' lang='lat' dir='ltr'>lum</span> <span class='ocrx_word' id='word_1_625' title='bbox 1642 1959 1801 1984; x_wconf 90' lang='lat' dir='ltr'>mereatur</span> <span class='ocrx_word' id='word_1_626' title='bbox 1823 1962 1964 1993; x_wconf 91' lang='lat' dir='ltr'>poenam</span> <span class='ocrx_word' id='word_1_627' title='bbox 1988 1962 2026 1983; x_wconf 84' lang='lat' dir='ltr'>ex</span> <span class='ocrx_word' id='word_1_628' title='bbox 2050 1952 2223 1992; x_wconf 87' lang='lat' dir='ltr'>condigno,</span> <span class='ocrx_word' id='word_1_629' title='bbox 2239 1961 2307 1983; x_wconf 92' lang='lat' dir='ltr'>non</span> <span class='ocrx_word' id='word_1_630' title='bbox 2331 1957 2439 1982; x_wconf 86' lang='lat' dir='ltr'>tamen</span> <span class='ocrx_word' id='word_1_631' title='bbox 2462 1961 2546 1992; x_wconf 88' lang='lat' dir='ltr'>opus</span> <span class='ocrx_word' id='word_1_632' title='bbox 2561 1952 2620 1982; x_wconf 90' lang='lat' dir='ltr'>bo-</span> 
     </span>
    </p>

    <p class='ocr_par' dir='ltr' id='par_1_11' title="bbox 548 1996 2497 2040">
     <span class='ocr_line' id='line_1_41' title="bbox 548 1996 2497 2040; baseline -0.004 -15"><span class='ocrx_word' id='word_1_633' title='bbox 548 2003 661 2035; x_wconf 30' lang='lat' dir='ltr'>Part-111,</span> <span class='ocrx_word' id='word_1_634' title='bbox 676 2009 715 2030; x_wconf 86' lang='lat' dir='ltr'>qu.</span> <span class='ocrx_word' id='word_1_635' title='bbox 730 2008 824 2028; x_wconf 69' lang='grc' dir='ltr'>ιιιιιικ,</span> <span class='ocrx_word' id='word_1_636' title='bbox 840 2005 881 2024; x_wconf 82' lang='lat' dir='ltr'>art.</span> <span class='ocrx_word' id='word_1_637' title='bbox 897 2001 920 2028; x_wconf 91' lang='lat'>6,</span> <span class='ocrx_word' id='word_1_638' title='bbox 935 2001 964 2023; x_wconf 77' lang='lat' dir='ltr'>nd</span> <span class='ocrx_word' id='word_1_639' title='bbox 978 2007 1006 2040; x_wconf 53' lang='grc' dir='ltr'>3ςί</span> <span class='ocrx_word' id='word_1_640' title='bbox 1017 2001 1038 2023; x_wconf 88' lang='lat'>11</span> <span class='ocrx_word' id='word_1_641' title='bbox 1053 2001 1126 2027; x_wconf 72' lang='lat' dir='ltr'>Seni„</span> <span class='ocrx_word' id='word_1_642' title='bbox 1137 2000 1191 2022; x_wconf 84' lang='lat' dir='ltr'>dist.</span> <span class='ocrx_word' id='word_1_643' title='bbox 1206 2006 1277 2026; x_wconf 78' lang='lat' dir='ltr'>xxvii,</span> <span class='ocrx_word' id='word_1_644' title='bbox 1292 2003 1334 2022; x_wconf 79' lang='lat' dir='ltr'>art.</span> <span class='ocrx_word' id='word_1_645' title='bbox 1348 2007 1376 2027; x_wconf 84' lang='lat'>4;</span> <span class='ocrx_word' id='word_1_646' title='bbox 1511 2010 1538 2030; x_wconf 74' lang='lat'>4⁰</span> <span class='ocrx_word' id='word_1_647' title='bbox 1550 2006 1631 2028; x_wconf 79' lang='lat' dir='ltr'>num</span> <span class='ocrx_word' id='word_1_648' title='bbox 1654 1997 1722 2028; x_wconf 80' lang='lat' dir='ltr'>sine</span> <span class='ocrx_word' id='word_1_649' title='bbox 1746 1998 1873 2028; x_wconf 75' lang='lat' dir='ltr'>caritate</span> <span class='ocrx_word' id='word_1_650' title='bbox 1895 2002 2036 2027; x_wconf 72' lang='lat' dir='ltr'>meretur</span> <span class='ocrx_word' id='word_1_651' title='bbox 2059 2006 2097 2027; x_wconf 72' lang='lat' dir='ltr'>ex</span> <span class='ocrx_word' id='word_1_652' title='bbox 2120 1996 2283 2037; x_wconf 77' lang='lat' dir='ltr'>condigno</span> <span class='ocrx_word' id='word_1_653' title='bbox 2307 1996 2497 2037; x_wconf 64' lang='lat' dir='ltr'>praemium,</span> 
     </span>
    </p>

    <p class='ocr_par' dir='ltr' id='par_1_12' title="bbox 523 2027 2620 2082">
     <span class='ocr_line' id='line_1_42' title="bbox 523 2027 2620 2082; baseline -0.002 -7"><span class='ocrx_word' id='word_1_654' title='bbox 523 2031 566 2058; x_wconf 83' lang='lat' dir='ltr'>Qq.</span> <span class='ocrx_word' id='word_1_655' title='bbox 582 2030 672 2057; x_wconf 63' lang='lat' dir='ltr'>⁰¹⁸¹&#39;p&#39;’</span> <span class='ocrx_word' id='word_1_656' title='bbox 702 2029 730 2051; x_wconf 48' lang='grc' dir='ltr'>αθ</span> <span class='ocrx_word' id='word_1_657' title='bbox 743 2029 804 2055; x_wconf 62' lang='lat' dir='ltr'>P⁰&#39;&#39;’</span> <span class='ocrx_word' id='word_1_658' title='bbox 819 2035 858 2057; x_wconf 50' lang='lat' dir='ltr'>qm</span> <span class='ocrx_word' id='word_1_659' title='bbox 872 2034 904 2055; x_wconf 58' lang='grc' dir='ltr'>ἠ’</span> <span class='ocrx_word' id='word_1_660' title='bbox 919 2032 961 2050; x_wconf 61' lang='lat' dir='ltr'>‘n&#39;</span> <span class='ocrx_word' id='word_1_661' title='bbox 978 2034 1006 2056; x_wconf 68' lang='lat'>9,</span> <span class='ocrx_word' id='word_1_662' title='bbox 1021 2028 1051 2050; x_wconf 55' lang='grc' dir='ltr'>α’</span> <span class='ocrx_word' id='word_1_663' title='bbox 1063 2027 1139 2054; x_wconf 82' lang='lat' dir='ltr'>Malo,</span> <span class='ocrx_word' id='word_1_664' title='bbox 1154 2033 1194 2054; x_wconf 72' lang='lat'>‘¹⁰‘</span> <span class='ocrx_word' id='word_1_665' title='bbox 1209 2033 1232 2054; x_wconf 81' lang='lat'>¹¹’</span> <span class='ocrx_word' id='word_1_666' title='bbox 1248 2030 1289 2048; x_wconf 52' lang='grc' dir='ltr'>ω’</span> <span class='ocrx_word' id='word_1_667' title='bbox 1303 2033 1323 2055; x_wconf 77' lang='lat'>⁵¹</span> <span class='ocrx_word' id='word_1_668' title='bbox 1338 2027 1367 2048; x_wconf 53' lang='grc' dir='ltr'>’Δ</span> <span class='ocrx_word' id='word_1_669' title='bbox 1382 2033 1402 2053; x_wconf 83' lang='lat'>7&#39;</span> <span class='ocrx_word' id='word_1_670' title='bbox 1606 2040 1658 2072; x_wconf 90' lang='lat' dir='ltr'>Ad</span> <span class='ocrx_word' id='word_1_671' title='bbox 1681 2051 1843 2072; x_wconf 72' lang='lat' dir='ltr'>sncrmnmr</span> <span class='ocrx_word' id='word_1_672' title='bbox 1867 2046 1898 2072; x_wconf 93' lang='lat' dir='ltr'>et</span> <span class='ocrx_word' id='word_1_673' title='bbox 1921 2051 1962 2071; x_wconf 74' lang='lat' dir='ltr'>At&gt;</span> <span class='ocrx_word' id='word_1_674' title='bbox 1986 2051 2120 2071; x_wconf 70' lang='lat' dir='ltr'>Tam-nm</span> <span class='ocrx_word' id='word_1_675' title='bbox 2143 2050 2303 2071; x_wconf 66' lang='lat' dir='ltr'>monimum</span> <span class='ocrx_word' id='word_1_676' title='bbox 2327 2039 2417 2081; x_wconf 90' lang='lat' dir='ltr'>quod</span> <span class='ocrx_word' id='word_1_677' title='bbox 2439 2039 2620 2082; x_wconf 84' lang='lat' dir='ltr'>procedunt</span> 
     </span>
    </p>

    <p class='ocr_par' dir='ltr' id='par_1_13' title="bbox 494 2086 2867 2132">
     <span class='ocr_line' id='line_1_43' title="bbox 494 2086 2867 2132; baseline -0.003 -12"><span class='ocrx_word' id='word_1_678' title='bbox 494 2101 514 2121; x_wconf 82' lang='lat' dir='ltr'>n</span> <span class='ocrx_word' id='word_1_679' title='bbox 539 2100 687 2120; x_wconf 76' lang='lat' dir='ltr'>QUARTUM</span> <span class='ocrx_word' id='word_1_680' title='bbox 709 2099 755 2119; x_wconf 80' lang='lat' dir='ltr'>sxc</span> <span class='ocrx_word' id='word_1_681' title='bbox 782 2098 987 2119; x_wconf 65' lang='lat' dir='ltr'>rnommrrmz.</span> <span class='ocrx_word' id='word_1_682' title='bbox 1020 2087 1154 2118; x_wconf 88' lang='lat' dir='ltr'>Videtur</span> <span class='ocrx_word' id='word_1_683' title='bbox 1177 2086 1267 2127; x_wconf 93' lang='lat' dir='ltr'>quod</span> <span class='ocrx_word' id='word_1_684' title='bbox 1290 2096 1388 2127; x_wconf 91' lang='lat' dir='ltr'>opera</span> <span class='ocrx_word' id='word_1_685' title='bbox 1412 2093 1497 2117; x_wconf 89' lang='lat' dir='ltr'>extra</span> <span class='ocrx_word' id='word_1_686' title='bbox 1552 2086 1591 2116; x_wconf 92' lang='lat' dir='ltr'>de</span> <span class='ocrx_word' id='word_1_687' title='bbox 1615 2086 1730 2116; x_wconf 91' lang='lat' dir='ltr'>merito</span> <span class='ocrx_word' id='word_1_688' title='bbox 1754 2086 1899 2126; x_wconf 87' lang='lat' dir='ltr'>congrui.</span> <span class='ocrx_word' id='word_1_689' title='bbox 2647 2110 2658 2122; x_wconf 74' lang='grc'>,</span> <span class='ocrx_word' id='word_1_690' title='bbox 2748 2109 2769 2132; x_wconf 87' lang='lat' dir='ltr'><em>S</em></span> <span class='ocrx_word' id='word_1_691' title='bbox 2768 2109 2798 2132; x_wconf 76' lang='lat' dir='ltr'>ed</span> <span class='ocrx_word' id='word_1_692' title='bbox 2806 2115 2867 2131; x_wconf 76' lang='lat' dir='ltr'>con-</span> 
     </span>
    </p>

    <p class='ocr_par' dir='ltr' id='par_1_14' title="bbox 433 2103 2740 2170">
     <span class='ocr_line' id='line_1_44' title="bbox 433 2103 2740 2170; baseline -0.002 -6"><span class='ocrx_word' id='word_1_693' title='bbox 433 2103 656 2166; x_wconf 78' lang='lat' dir='ltr'>Acaritatem</span> <span class='ocrx_word' id='word_1_694' title='bbox 690 2133 772 2164; x_wconf 92' lang='lat' dir='ltr'>facta</span> <span class='ocrx_word' id='word_1_695' title='bbox 802 2133 864 2163; x_wconf 91' lang='lat' dir='ltr'>sint</span> <span class='ocrx_word' id='word_1_696' title='bbox 900 2132 1033 2163; x_wconf 90' lang='lat' dir='ltr'>alicuius</span> <span class='ocrx_word' id='word_1_697' title='bbox 1069 2132 1147 2162; x_wconf 90' lang='lat' dir='ltr'>boni</span> <span class='ocrx_word' id='word_1_698' title='bbox 1177 2131 1355 2167; x_wconf 90' lang='lat' dir='ltr'>meritoria,</span> <span class='ocrx_word' id='word_1_699' title='bbox 1386 2131 1497 2161; x_wconf 85' lang='lat' dir='ltr'>saltem</span> <span class='ocrx_word' id='word_1_700' title='bbox 1607 2129 1698 2160; x_wconf 86' lang='lat' dir='ltr'>Aliae</span> <span class='ocrx_word' id='word_1_701' title='bbox 1721 2135 1830 2160; x_wconf 90' lang='lat' dir='ltr'>autem</span> <span class='ocrx_word' id='word_1_702' title='bbox 1852 2130 1991 2160; x_wconf 88' lang='lat' dir='ltr'>rationes</span> <span class='ocrx_word' id='word_1_703' title='bbox 2006 2131 2023 2147; x_wconf 72' lang='lat'>¹*</span> <span class='ocrx_word' id='word_1_704' title='bbox 2046 2129 2227 2170; x_wconf 90' lang='lat' dir='ltr'>procedunt</span> <span class='ocrx_word' id='word_1_705' title='bbox 2251 2128 2291 2160; x_wconf 91' lang='lat' dir='ltr'>de</span> <span class='ocrx_word' id='word_1_706' title='bbox 2313 2129 2428 2160; x_wconf 87' lang='lat' dir='ltr'>merito</span> <span class='ocrx_word' id='word_1_707' title='bbox 2457 2128 2619 2169; x_wconf 81' lang='lat' dir='ltr'>condigni.</span> <span class='ocrx_word' id='word_1_708' title='bbox 2647 2115 2740 2159; x_wconf 51' lang='grc' dir='ltr'>καί</span> 
     </span>
    </p>

    <p class='ocr_par' dir='ltr' id='par_1_15' title="bbox 195 2175 1536 2307">
     <span class='ocr_line' id='line_1_45' title="bbox 430 2175 1496 2219; baseline -0.005 -9"><span class='ocrx_word' id='word_1_709' title='bbox 430 2179 622 2219; x_wconf 72' lang='lat' dir='ltr'>temporalis</span> <span class='ocrx_word' id='word_1_710' title='bbox 654 2178 739 2216; x_wconf 89' lang='lat' dir='ltr'>Quia</span> <span class='ocrx_word' id='word_1_711' title='bbox 762 2177 844 2208; x_wconf 91' lang='lat' dir='ltr'>sicut</span> <span class='ocrx_word' id='word_1_712' title='bbox 867 2186 900 2207; x_wconf 92' lang='lat' dir='ltr'>se</span> <span class='ocrx_word' id='word_1_713' title='bbox 923 2177 1019 2207; x_wconf 83' lang='lat' dir='ltr'>habet</span> <span class='ocrx_word' id='word_1_714' title='bbox 1041 2185 1148 2217; x_wconf 92' lang='lat' dir='ltr'>poena</span> <span class='ocrx_word' id='word_1_715' title='bbox 1171 2175 1211 2206; x_wconf 92' lang='lat' dir='ltr'>ad</span> <span class='ocrx_word' id='word_1_716' title='bbox 1233 2175 1356 2206; x_wconf 89' lang='lat' dir='ltr'>malum</span> <span class='ocrx_word' id='word_1_717' title='bbox 1379 2181 1496 2211; x_wconf 89' lang='lat' dir='ltr'>actum,</span> 
     </span>
     <span class='ocr_line' id='line_1_46' title="bbox 431 2219 1536 2263; baseline -0.004 -9"><span class='ocrx_word' id='word_1_718' title='bbox 431 2224 473 2254; x_wconf 87' lang='lat' dir='ltr'>ita</span> <span class='ocrx_word' id='word_1_719' title='bbox 495 2233 528 2254; x_wconf 91' lang='lat' dir='ltr'>se</span> <span class='ocrx_word' id='word_1_720' title='bbox 556 2224 650 2253; x_wconf 84' lang='lat' dir='ltr'>habet</span> <span class='ocrx_word' id='word_1_721' title='bbox 679 2222 858 2263; x_wconf 89' lang='lat' dir='ltr'>praemium</span> <span class='ocrx_word' id='word_1_722' title='bbox 888 2221 928 2251; x_wconf 92' lang='lat' dir='ltr'>ad</span> <span class='ocrx_word' id='word_1_723' title='bbox 959 2221 1094 2251; x_wconf 86' lang='lat' dir='ltr'>bonum.</span> <span class='ocrx_word' id='word_1_724' title='bbox 1127 2219 1190 2251; x_wconf 87' lang='lat' dir='ltr'>Sed</span> <span class='ocrx_word' id='word_1_725' title='bbox 1219 2220 1346 2250; x_wconf 91' lang='lat' dir='ltr'>nullum</span> <span class='ocrx_word' id='word_1_726' title='bbox 1376 2220 1498 2250; x_wconf 87' lang='lat' dir='ltr'>malum</span> <span class='ocrx_word' id='word_1_727' title='bbox 1512 2231 1536 2251; x_wconf 61' lang='grc' dir='ltr'>ις</span> 
     </span>
     <span class='ocr_line' id='line_1_47' title="bbox 195 2265 1497 2307; baseline -0.004 -8"><span class='ocrx_word' id='word_1_728' title='bbox 195 2273 403 2300; x_wconf 64' lang='grc' dir='ltr'>ἯαᾱΤὺη-,οεμ</span> <span class='ocrx_word' id='word_1_729' title='bbox 431 2267 550 2298; x_wconf 84' lang='lat' dir='ltr'>factum</span> <span class='ocrx_word' id='word_1_730' title='bbox 583 2266 669 2307; x_wconf 91' lang='lat' dir='ltr'>apud</span> <span class='ocrx_word' id='word_1_731' title='bbox 699 2267 822 2302; x_wconf 90' lang='lat' dir='ltr'>Deum,</span> <span class='ocrx_word' id='word_1_732' title='bbox 848 2266 965 2296; x_wconf 83' lang='lat' dir='ltr'>iustum</span> <span class='ocrx_word' id='word_1_733' title='bbox 999 2265 1135 2295; x_wconf 84' lang='lat' dir='ltr'>iudicem</span> <span class='ocrx_word' id='word_1_734' title='bbox 1150 2266 1184 2300; x_wconf 49' lang='grc' dir='ltr'><em>Ἣ</em></span> <span class='ocrx_word' id='word_1_735' title='bbox 1214 2270 1261 2294; x_wconf 89' lang='lat' dir='ltr'>est</span> <span class='ocrx_word' id='word_1_736' title='bbox 1290 2265 1497 2304; x_wconf 91' lang='lat' dir='ltr'>impunitum.</span> 
     </span>
    </p>
   </div>
   <div class='ocr_carea' id='block_1_7' title="bbox 481 1900 1445 1978">
    <p class='ocr_par' dir='ltr' id='par_1_16' title="bbox 481 1900 1445 1978">
     <span class='ocr_line' id='line_1_48' title="bbox 481 1900 1445 1931; baseline -0.004 -1"><span class='ocrx_word' id='word_1_737' title='bbox 481 1900 579 1931; x_wconf 87' lang='lat' dir='ltr'><strong>ART.</strong></span> <span class='ocrx_word' id='word_1_738' title='bbox 605 1900 656 1930; x_wconf 90' lang='lat' dir='ltr'>IV.</span> <span class='ocrx_word' id='word_1_739' title='bbox 680 1909 786 1929; x_wconf 78' lang='lat' dir='ltr'>UTRUM</span> <span class='ocrx_word' id='word_1_740' title='bbox 810 1908 911 1929; x_wconf 71' lang='lat' dir='ltr'>OPERA</span> <span class='ocrx_word' id='word_1_741' title='bbox 933 1908 1034 1928; x_wconf 74' lang='lat' dir='ltr'>nxTRA</span> <span class='ocrx_word' id='word_1_742' title='bbox 1058 1907 1232 1928; x_wconf 64' lang='lat' dir='ltr'>camurana</span> <span class='ocrx_word' id='word_1_743' title='bbox 1256 1906 1355 1927; x_wconf 78' lang='lat' dir='ltr'>FACTA</span> <span class='ocrx_word' id='word_1_744' title='bbox 1378 1906 1445 1927; x_wconf 76' lang='lat' dir='ltr'>smr</span> 
     </span>
     <span class='ocr_line' id='line_1_49' title="bbox 562 1951 1364 1978; baseline -0.004 -4"><span class='ocrx_word' id='word_1_745' title='bbox 562 1954 701 1974; x_wconf 62' lang='lat' dir='ltr'>amemus</span> <span class='ocrx_word' id='word_1_746' title='bbox 724 1953 799 1973; x_wconf 77' lang='grc' dir='ltr'>ΒοΝι</span> <span class='ocrx_word' id='word_1_747' title='bbox 822 1951 1007 1978; x_wconf 76' lang='lat' dir='ltr'>MERITORIA,</span> <span class='ocrx_word' id='word_1_748' title='bbox 1031 1951 1150 1972; x_wconf 73' lang='lat' dir='ltr'>SALTEM</span> <span class='ocrx_word' id='word_1_749' title='bbox 1173 1951 1364 1971; x_wconf 62' lang='lat' dir='ltr'>Tumonurs</span> 
     </span>
    </p>
   </div>
   <div class='ocr_carea' id='block_1_8' title="bbox 1701 2195 2478 2270">
    <p class='ocr_par' dir='ltr' id='par_1_17' title="bbox 1701 2195 2478 2270">
     <span class='ocr_line' id='line_1_50' title="bbox 1701 2195 2478 2230; baseline -0.003 -4"><span class='ocrx_word' id='word_1_750' title='bbox 1701 2195 1800 2226; x_wconf 85' lang='lat' dir='ltr'><strong>ART.</strong></span> <span class='ocrx_word' id='word_1_751' title='bbox 1825 2195 1864 2226; x_wconf 90' lang='lat' dir='ltr'>V.</span> <span class='ocrx_word' id='word_1_752' title='bbox 1887 2205 1992 2226; x_wconf 75' lang='lat' dir='ltr'>UTRUM</span> <span class='ocrx_word' id='word_1_753' title='bbox 2016 2205 2117 2226; x_wconf 73' lang='lat' dir='ltr'>OPERA</span> <span class='ocrx_word' id='word_1_754' title='bbox 2139 2204 2313 2225; x_wconf 73' lang='lat' dir='ltr'>PRAnchA</span> <span class='ocrx_word' id='word_1_755' title='bbox 2335 2204 2478 2230; x_wconf 58' lang='lat' dir='ltr'>vunnu·</span> 
     </span>
     <span class='ocr_line' id='line_1_51' title="bbox 1767 2248 2408 2270; baseline -0.002 0"><span class='ocrx_word' id='word_1_756' title='bbox 1767 2250 1808 2270; x_wconf 79' lang='lat' dir='ltr'>AD</span> <span class='ocrx_word' id='word_1_757' title='bbox 1833 2249 1954 2270; x_wconf 66' lang='lat' dir='ltr'>poznan</span> <span class='ocrx_word' id='word_1_758' title='bbox 1977 2249 2157 2270; x_wconf 65' lang='lat' dir='ltr'>muamus</span> <span class='ocrx_word' id='word_1_759' title='bbox 2181 2248 2408 2270; x_wconf 61' lang='lat' dir='ltr'>mrroauomm</span> 
     </span>
    </p>
   </div>
   <div class='ocr_carea' id='block_1_9' title="bbox 194 2293 2623 2437">
    <p class='ocr_par' dir='ltr' id='par_1_18' title="bbox 194 2293 2623 2437">
     <span class='ocr_line' id='line_1_52' title="bbox 194 2293 2313 2352; baseline -0.003 -9"><span class='ocrx_word' id='word_1_760' title='bbox 194 2300 325 2327; x_wconf 73' lang='lat' dir='ltr'>1v‚vers.8.</span> <span class='ocrx_word' id='word_1_761' title='bbox 432 2312 516 2352; x_wconf 87' lang='lat' dir='ltr'>Ergo</span> <span class='ocrx_word' id='word_1_762' title='bbox 539 2321 599 2342; x_wconf 93' lang='lat' dir='ltr'>nec</span> <span class='ocrx_word' id='word_1_763' title='bbox 622 2310 755 2351; x_wconf 90' lang='lat' dir='ltr'>aliquod</span> <span class='ocrx_word' id='word_1_764' title='bbox 777 2311 902 2340; x_wconf 91' lang='lat' dir='ltr'>bonum</span> <span class='ocrx_word' id='word_1_765' title='bbox 924 2308 1201 2340; x_wconf 87' lang='lat' dir='ltr'>irremuneratum.</span> <span class='ocrx_word' id='word_1_766' title='bbox 1226 2308 1267 2338; x_wconf 92' lang='lat' dir='ltr'>Et</span> <span class='ocrx_word' id='word_1_767' title='bbox 1282 2309 1326 2339; x_wconf 94' lang='lat' dir='ltr'>sic</span> <span class='ocrx_word' id='word_1_768' title='bbox 1347 2318 1404 2348; x_wconf 91' lang='lat' dir='ltr'>per</span> <span class='ocrx_word' id='word_1_769' title='bbox 1419 2308 1499 2339; x_wconf 91' lang='lat' dir='ltr'>illud</span> <span class='ocrx_word' id='word_1_770' title='bbox 1860 2295 1920 2316; x_wconf 63' lang='lat' dir='ltr'>pm·</span> <span class='ocrx_word' id='word_1_771' title='bbox 1935 2294 1975 2321; x_wconf 62' lang='grc' dir='ltr'>ω’</span> <span class='ocrx_word' id='word_1_772' title='bbox 1990 2300 2030 2322; x_wconf 75' lang='lat'>‘¹¹¹’</span> <span class='ocrx_word' id='word_1_773' title='bbox 2044 2300 2139 2320; x_wconf 61' lang='lat'>²¹¹¹¹¹’</span> <span class='ocrx_word' id='word_1_774' title='bbox 2155 2297 2197 2316; x_wconf 65' lang='lat' dir='ltr'>m·</span> <span class='ocrx_word' id='word_1_775' title='bbox 2213 2293 2236 2320; x_wconf 83' lang='lat'>⁶’</span> <span class='ocrx_word' id='word_1_776' title='bbox 2250 2293 2279 2315; x_wconf 63' lang='grc' dir='ltr'>’ἀ</span> <span class='ocrx_word' id='word_1_777' title='bbox 2293 2300 2313 2322; x_wconf 79' lang='lat'>³·</span> 
     </span>
     <span class='ocr_line' id='line_1_53' title="bbox 431 2349 2623 2396; baseline -0.003 -10"><span class='ocrx_word' id='word_1_778' title='bbox 431 2357 554 2386; x_wconf 91' lang='lat' dir='ltr'>bonum</span> <span class='ocrx_word' id='word_1_779' title='bbox 578 2354 699 2396; x_wconf 92' lang='lat' dir='ltr'>aliquid</span> <span class='ocrx_word' id='word_1_780' title='bbox 720 2359 870 2385; x_wconf 90' lang='lat' dir='ltr'>meretur.</span> <span class='ocrx_word' id='word_1_781' title='bbox 1618 2362 1639 2382; x_wconf 79' lang='grc' dir='ltr'>ο</span> <span class='ocrx_word' id='word_1_782' title='bbox 1664 2361 1814 2381; x_wconf 64' lang='lat' dir='ltr'>omn-run.</span> <span class='ocrx_word' id='word_1_783' title='bbox 1827 2361 1873 2381; x_wconf 80' lang='lat' dir='ltr'>src</span> <span class='ocrx_word' id='word_1_784' title='bbox 1900 2359 2103 2381; x_wconf 72' lang='lat' dir='ltr'>pnomzmrun.</span> <span class='ocrx_word' id='word_1_785' title='bbox 2135 2349 2270 2381; x_wconf 89' lang='lat' dir='ltr'>Videtur</span> <span class='ocrx_word' id='word_1_786' title='bbox 2298 2349 2388 2390; x_wconf 85' lang='lat' dir='ltr'>quod</span> <span class='ocrx_word' id='word_1_787' title='bbox 2412 2360 2510 2391; x_wconf 91' lang='lat' dir='ltr'>opera</span> <span class='ocrx_word' id='word_1_788' title='bbox 2533 2359 2623 2391; x_wconf 85' lang='lat' dir='ltr'>prae—</span> 
     </span>
     <span class='ocr_line' id='line_1_54' title="bbox 488 2393 2622 2437; baseline -0.002 -7"><span class='ocrx_word' id='word_1_789' title='bbox 488 2410 517 2430; x_wconf 87' lang='lat'>2.</span> <span class='ocrx_word' id='word_1_790' title='bbox 541 2400 736 2434; x_wconf 61' lang='lat' dir='ltr'>Pmmrnmza,</span> <span class='ocrx_word' id='word_1_791' title='bbox 753 2408 875 2429; x_wconf 91' lang='lat' dir='ltr'>merces</span> <span class='ocrx_word' id='word_1_792' title='bbox 898 2408 966 2429; x_wconf 93' lang='lat' dir='ltr'>non</span> <span class='ocrx_word' id='word_1_793' title='bbox 990 2397 1081 2428; x_wconf 91' lang='lat' dir='ltr'>datur</span> <span class='ocrx_word' id='word_1_794' title='bbox 1103 2398 1164 2428; x_wconf 89' lang='lat' dir='ltr'>nisi</span> <span class='ocrx_word' id='word_1_795' title='bbox 1187 2397 1312 2427; x_wconf 90' lang='lat' dir='ltr'>merito.</span> <span class='ocrx_word' id='word_1_796' title='bbox 1337 2396 1400 2428; x_wconf 91' lang='lat' dir='ltr'>Sed</span> <span class='ocrx_word' id='word_1_797' title='bbox 1421 2406 1499 2437; x_wconf 85' lang='lat' dir='ltr'>ope·</span> <span class='ocrx_word' id='word_1_798' title='bbox 1619 2395 1703 2426; x_wconf 90' lang='lat' dir='ltr'>dicta</span> <span class='ocrx_word' id='word_1_799' title='bbox 1730 2405 1798 2425; x_wconf 93' lang='lat' dir='ltr'>non</span> <span class='ocrx_word' id='word_1_800' title='bbox 1825 2395 1931 2425; x_wconf 90' lang='lat' dir='ltr'>valent</span> <span class='ocrx_word' id='word_1_801' title='bbox 1959 2394 1998 2424; x_wconf 91' lang='lat' dir='ltr'>ad</span> <span class='ocrx_word' id='word_1_802' title='bbox 2027 2404 2153 2434; x_wconf 91' lang='lat' dir='ltr'>poenae</span> <span class='ocrx_word' id='word_1_803' title='bbox 2184 2393 2344 2425; x_wconf 86' lang='lat' dir='ltr'>infernalis</span> <span class='ocrx_word' id='word_1_804' title='bbox 2378 2395 2622 2434; x_wconf 87' lang='lat' dir='ltr'>mitigationem.</span> 
     </span>
    </p>
   </div>
   <div class='ocr_carea' id='block_1_10' title="bbox 197 2439 2789 3014">
    <p class='ocr_par' dir='ltr' id='par_1_19' title="bbox 197 2439 2789 3014">
     <span class='ocr_line' id='line_1_55' title="bbox 432 2439 2623 2479; baseline -0.002 -4"><span class='ocrx_word' id='word_1_805' title='bbox 432 2445 518 2475; x_wconf 88' lang='lat' dir='ltr'>ribus</span> <span class='ocrx_word' id='word_1_806' title='bbox 552 2450 637 2474; x_wconf 87' lang='lat' dir='ltr'>extra</span> <span class='ocrx_word' id='word_1_807' title='bbox 671 2444 833 2474; x_wconf 89' lang='lat' dir='ltr'>caritatem</span> <span class='ocrx_word' id='word_1_808' title='bbox 867 2442 958 2473; x_wconf 86' lang='lat' dir='ltr'>factis</span> <span class='ocrx_word' id='word_1_809' title='bbox 991 2451 1114 2472; x_wconf 90' lang='lat' dir='ltr'>merces</span> <span class='ocrx_word' id='word_1_810' title='bbox 1148 2441 1259 2472; x_wconf 89' lang='lat' dir='ltr'>datur:</span> <span class='ocrx_word' id='word_1_811' title='bbox 1295 2447 1332 2471; x_wconf 93' lang='lat' dir='ltr'>ut</span> <span class='ocrx_word' id='word_1_812' title='bbox 1366 2441 1498 2477; x_wconf 88' lang='lat' dir='ltr'>dicitur,</span> <span class='ocrx_word' id='word_1_813' title='bbox 1515 2451 1540 2471; x_wconf 81' lang='lat'>⁵⁰</span> <span class='ocrx_word' id='word_1_814' title='bbox 1554 2440 1639 2478; x_wconf 87' lang='lat' dir='ltr'>Quia</span> <span class='ocrx_word' id='word_1_815' title='bbox 1663 2439 1842 2470; x_wconf 90' lang='lat' dir='ltr'>secundum</span> <span class='ocrx_word' id='word_1_816' title='bbox 1866 2439 2076 2479; x_wconf 86' lang='lat' dir='ltr'>quantitatem</span> <span class='ocrx_word' id='word_1_817' title='bbox 2099 2439 2213 2478; x_wconf 91' lang='lat' dir='ltr'>culpae</span> <span class='ocrx_word' id='word_1_818' title='bbox 2237 2439 2295 2469; x_wconf 86' lang='lat' dir='ltr'>erit</span> <span class='ocrx_word' id='word_1_819' title='bbox 2314 2439 2473 2479; x_wconf 78' lang='lat' dir='ltr'>quantitas</span> <span class='ocrx_word' id='word_1_820' title='bbox 2496 2448 2623 2479; x_wconf 86' lang='lat' dir='ltr'>poenae</span> 
     </span>
     <span class='ocr_line' id='line_1_56' title="bbox 197 2483 2624 2527; baseline -0.002 -7"><span class='ocrx_word' id='word_1_821' title='bbox 197 2493 207 2504; x_wconf 83' lang='lat'><strong>·</strong></span> <span class='ocrx_word' id='word_1_822' title='bbox 221 2492 286 2514; x_wconf 71' lang='lat' dir='ltr'>Vei-s.</span> <span class='ocrx_word' id='word_1_823' title='bbox 301 2498 320 2519; x_wconf 74' lang='lat'>².</span> <span class='ocrx_word' id='word_1_824' title='bbox 336 2499 354 2520; x_wconf 84' lang='lat'>5,</span> <span class='ocrx_word' id='word_1_825' title='bbox 372 2493 405 2515; x_wconf 74' lang='lat'>16.</span> <span class='ocrx_word' id='word_1_826' title='bbox 433 2489 543 2519; x_wconf 89' lang='lat' dir='ltr'>Matth.</span> <span class='ocrx_word' id='word_1_827' title='bbox 567 2498 599 2518; x_wconf 85' lang='lat' dir='ltr'>VI</span> <span class='ocrx_word' id='word_1_828' title='bbox 614 2489 642 2524; x_wconf 66' lang='grc'>“,</span> <span class='ocrx_word' id='word_1_829' title='bbox 666 2487 706 2518; x_wconf 91' lang='lat' dir='ltr'>de</span> <span class='ocrx_word' id='word_1_830' title='bbox 728 2487 789 2518; x_wconf 86' lang='lat' dir='ltr'>illis</span> <span class='ocrx_word' id='word_1_831' title='bbox 812 2487 869 2527; x_wconf 91' lang='lat' dir='ltr'>qui</span> <span class='ocrx_word' id='word_1_832' title='bbox 892 2491 1023 2527; x_wconf 90' lang='lat' dir='ltr'>propter</span> <span class='ocrx_word' id='word_1_833' title='bbox 1045 2486 1180 2526; x_wconf 84' lang='lat' dir='ltr'>gloriam</span> <span class='ocrx_word' id='word_1_834' title='bbox 1203 2486 1378 2516; x_wconf 91' lang='lat' dir='ltr'>humanam</span> <span class='ocrx_word' id='word_1_835' title='bbox 1402 2494 1500 2526; x_wconf 91' lang='lat' dir='ltr'>opera</span> <span class='ocrx_word' id='word_1_836' title='bbox 1554 2485 1587 2515; x_wconf 93' lang='lat' dir='ltr'>in</span> <span class='ocrx_word' id='word_1_837' title='bbox 1603 2484 1740 2515; x_wconf 82' lang='lat' dir='ltr'>inferno.</span> <span class='ocrx_word' id='word_1_838' title='bbox 1764 2483 1827 2514; x_wconf 91' lang='lat' dir='ltr'>Sed</span> <span class='ocrx_word' id='word_1_839' title='bbox 1851 2493 1949 2523; x_wconf 90' lang='lat' dir='ltr'>opera</span> <span class='ocrx_word' id='word_1_840' title='bbox 1972 2488 2059 2513; x_wconf 90' lang='lat' dir='ltr'>extra</span> <span class='ocrx_word' id='word_1_841' title='bbox 2082 2484 2243 2513; x_wconf 88' lang='lat' dir='ltr'>caritatem</span> <span class='ocrx_word' id='word_1_842' title='bbox 2266 2492 2335 2513; x_wconf 92' lang='lat' dir='ltr'>non</span> <span class='ocrx_word' id='word_1_843' title='bbox 2353 2483 2506 2515; x_wconf 90' lang='lat' dir='ltr'>minuunt</span> <span class='ocrx_word' id='word_1_844' title='bbox 2521 2492 2624 2524; x_wconf 79' lang='lat' dir='ltr'>quan-</span> 
     </span>
     <span class='ocr_line' id='line_1_57' title="bbox 433 2526 2371 2572; baseline -0.003 -9"><span class='ocrx_word' id='word_1_845' title='bbox 433 2534 518 2563; x_wconf 91' lang='lat' dir='ltr'>bona</span> <span class='ocrx_word' id='word_1_846' title='bbox 540 2532 670 2568; x_wconf 87' lang='lat' dir='ltr'>faciunt,</span> <span class='ocrx_word' id='word_1_847' title='bbox 695 2531 786 2572; x_wconf 93' lang='lat' dir='ltr'>quod</span> <span class='ocrx_word' id='word_1_848' title='bbox 809 2536 998 2572; x_wconf 82' lang='lat' dir='ltr'>receperunt</span> <span class='ocrx_word' id='word_1_849' title='bbox 1019 2530 1195 2562; x_wconf 84' lang='lat' dir='ltr'>mercedem</span> <span class='ocrx_word' id='word_1_850' title='bbox 1219 2539 1321 2560; x_wconf 89' lang='lat' dir='ltr'>suam.</span> <span class='ocrx_word' id='word_1_851' title='bbox 1346 2530 1432 2570; x_wconf 88' lang='lat' dir='ltr'>Ergo</span> <span class='ocrx_word' id='word_1_852' title='bbox 1447 2530 1500 2560; x_wconf 91' lang='lat' dir='ltr'>illa</span> <span class='ocrx_word' id='word_1_853' title='bbox 1554 2530 1677 2559; x_wconf 88' lang='lat' dir='ltr'>titatem</span> <span class='ocrx_word' id='word_1_854' title='bbox 1700 2528 1833 2568; x_wconf 88' lang='lat' dir='ltr'>peccati.</span> <span class='ocrx_word' id='word_1_855' title='bbox 1858 2528 1944 2568; x_wconf 90' lang='lat' dir='ltr'>Ergo</span> <span class='ocrx_word' id='word_1_856' title='bbox 1967 2537 2028 2558; x_wconf 91' lang='lat' dir='ltr'>nec</span> <span class='ocrx_word' id='word_1_857' title='bbox 2051 2526 2212 2557; x_wconf 90' lang='lat' dir='ltr'>infernalis</span> <span class='ocrx_word' id='word_1_858' title='bbox 2236 2536 2371 2567; x_wconf 78' lang='lat' dir='ltr'>poenae.</span> 
     </span>
     <span class='ocr_line' id='line_1_58' title="bbox 433 2567 2624 2612; baseline -0.002 -5"><span class='ocrx_word' id='word_1_859' title='bbox 433 2576 561 2607; x_wconf 89' lang='lat' dir='ltr'>fuerunt</span> <span class='ocrx_word' id='word_1_860' title='bbox 585 2576 717 2606; x_wconf 90' lang='lat' dir='ltr'>alicuius</span> <span class='ocrx_word' id='word_1_861' title='bbox 740 2576 818 2606; x_wconf 91' lang='lat' dir='ltr'>boni</span> <span class='ocrx_word' id='word_1_862' title='bbox 841 2575 1011 2606; x_wconf 88' lang='lat' dir='ltr'>meritoria.</span> <span class='ocrx_word' id='word_1_863' title='bbox 1611 2583 1640 2603; x_wconf 90' lang='lat'>2.</span> <span class='ocrx_word' id='word_1_864' title='bbox 1664 2573 1866 2608; x_wconf 60' lang='lat' dir='ltr'>Proxumum,</span> <span class='ocrx_word' id='word_1_865' title='bbox 1890 2581 1997 2612; x_wconf 92' lang='lat' dir='ltr'>poena</span> <span class='ocrx_word' id='word_1_866' title='bbox 2019 2570 2199 2607; x_wconf 86' lang='lat' dir='ltr'>infernalis,</span> <span class='ocrx_word' id='word_1_867' title='bbox 2224 2567 2370 2611; x_wconf 82' lang='lat' dir='ltr'>quamvis</span> <span class='ocrx_word' id='word_1_868' title='bbox 2393 2572 2432 2602; x_wconf 91' lang='lat' dir='ltr'>sit</span> <span class='ocrx_word' id='word_1_869' title='bbox 2455 2571 2624 2603; x_wconf 87' lang='lat' dir='ltr'>duratione</span> 
     </span>
     <span class='ocr_line' id='line_1_59' title="bbox 490 2615 2624 2659; baseline -0.002 -8"><span class='ocrx_word' id='word_1_870' title='bbox 490 2621 518 2651; x_wconf 83' lang='lat'>3.</span> <span class='ocrx_word' id='word_1_871' title='bbox 542 2621 737 2656; x_wconf 62' lang='lat' dir='ltr'>Prummu,</span> <span class='ocrx_word' id='word_1_872' title='bbox 755 2619 821 2650; x_wconf 92' lang='lat' dir='ltr'>duo</span> <span class='ocrx_word' id='word_1_873' title='bbox 846 2620 1014 2650; x_wconf 89' lang='lat' dir='ltr'>existentes</span> <span class='ocrx_word' id='word_1_874' title='bbox 1036 2620 1070 2649; x_wconf 90' lang='lat' dir='ltr'>in</span> <span class='ocrx_word' id='word_1_875' title='bbox 1094 2624 1228 2659; x_wconf 90' lang='lat' dir='ltr'>peccato</span> <span class='ocrx_word' id='word_1_876' title='bbox 1253 2627 1393 2658; x_wconf 92' lang='lat' dir='ltr'>quorum</span> <span class='ocrx_word' id='word_1_877' title='bbox 1416 2627 1500 2648; x_wconf 91' lang='lat' dir='ltr'>unus</span> <span class='ocrx_word' id='word_1_878' title='bbox 1554 2616 1688 2653; x_wconf 91' lang='lat' dir='ltr'>infinita,</span> <span class='ocrx_word' id='word_1_879' title='bbox 1705 2622 1813 2647; x_wconf 90' lang='lat' dir='ltr'>tamen</span> <span class='ocrx_word' id='word_1_880' title='bbox 1835 2617 2017 2647; x_wconf 85' lang='lat' dir='ltr'>intensione</span> <span class='ocrx_word' id='word_1_881' title='bbox 2040 2615 2130 2646; x_wconf 88' lang='lat' dir='ltr'>finita</span> <span class='ocrx_word' id='word_1_882' title='bbox 2153 2621 2208 2646; x_wconf 87' lang='lat' dir='ltr'>est.</span> <span class='ocrx_word' id='word_1_883' title='bbox 2234 2615 2297 2647; x_wconf 92' lang='lat' dir='ltr'>Sed</span> <span class='ocrx_word' id='word_1_884' title='bbox 2313 2615 2481 2656; x_wconf 89' lang='lat' dir='ltr'>quodlibet</span> <span class='ocrx_word' id='word_1_885' title='bbox 2496 2615 2624 2646; x_wconf 87' lang='lat' dir='ltr'>finitum</span> 
     </span>
     <span class='ocr_line' id='line_1_60' title="bbox 433 2659 2624 2704; baseline -0.002 -9"><span class='ocrx_word' id='word_1_886' title='bbox 433 2665 533 2695; x_wconf 88' lang='lat' dir='ltr'>multa</span> <span class='ocrx_word' id='word_1_887' title='bbox 556 2666 641 2695; x_wconf 93' lang='lat' dir='ltr'>bona</span> <span class='ocrx_word' id='word_1_888' title='bbox 663 2664 738 2695; x_wconf 89' lang='lat' dir='ltr'>facit</span> <span class='ocrx_word' id='word_1_889' title='bbox 761 2674 799 2694; x_wconf 88' lang='lat' dir='ltr'>ex</span> <span class='ocrx_word' id='word_1_890' title='bbox 822 2673 938 2704; x_wconf 87' lang='lat' dir='ltr'>genere</span> <span class='ocrx_word' id='word_1_891' title='bbox 962 2668 993 2694; x_wconf 94' lang='lat' dir='ltr'>et</span> <span class='ocrx_word' id='word_1_892' title='bbox 1016 2663 1262 2699; x_wconf 88' lang='lat' dir='ltr'>circumstantia,</span> <span class='ocrx_word' id='word_1_893' title='bbox 1287 2662 1366 2702; x_wconf 86' lang='lat' dir='ltr'>alius</span> <span class='ocrx_word' id='word_1_894' title='bbox 1393 2667 1501 2693; x_wconf 87' lang='lat' dir='ltr'>autem</span> <span class='ocrx_word' id='word_1_895' title='bbox 1516 2672 1538 2693; x_wconf 85' lang='lat'>55</span> <span class='ocrx_word' id='word_1_896' title='bbox 1555 2662 1756 2692; x_wconf 90' lang='lat' dir='ltr'>consumitur</span> <span class='ocrx_word' id='word_1_897' title='bbox 1779 2661 1886 2700; x_wconf 87' lang='lat' dir='ltr'>aliqua</span> <span class='ocrx_word' id='word_1_898' title='bbox 1908 2659 1997 2691; x_wconf 88' lang='lat' dir='ltr'>finita</span> <span class='ocrx_word' id='word_1_899' title='bbox 2020 2661 2236 2691; x_wconf 90' lang='lat' dir='ltr'>subtractione</span> <span class='ocrx_word' id='word_1_900' title='bbox 2259 2659 2350 2692; x_wconf 85' lang='lat' dir='ltr'>facta.</span> <span class='ocrx_word' id='word_1_901' title='bbox 2376 2659 2408 2691; x_wconf 92' lang='lat' dir='ltr'>Si</span> <span class='ocrx_word' id='word_1_902' title='bbox 2425 2669 2501 2700; x_wconf 89' lang='lat' dir='ltr'>ergo</span> <span class='ocrx_word' id='word_1_903' title='bbox 2525 2669 2624 2700; x_wconf 85' lang='lat' dir='ltr'>opera</span> 
     </span>
     <span class='ocr_line' id='line_1_61' title="bbox 434 2703 2624 2749; baseline -0.002 -10"><span class='ocrx_word' id='word_1_904' title='bbox 434 2709 530 2745; x_wconf 90' lang='lat' dir='ltr'>nulla,</span> <span class='ocrx_word' id='word_1_905' title='bbox 546 2719 614 2739; x_wconf 91' lang='lat' dir='ltr'>non</span> <span class='ocrx_word' id='word_1_906' title='bbox 630 2709 803 2749; x_wconf 86' lang='lat' dir='ltr'>aequaliter</span> <span class='ocrx_word' id='word_1_907' title='bbox 825 2708 1009 2749; x_wconf 88' lang='lat' dir='ltr'>propinque</span> <span class='ocrx_word' id='word_1_908' title='bbox 1025 2717 1058 2738; x_wconf 92' lang='lat' dir='ltr'>se</span> <span class='ocrx_word' id='word_1_909' title='bbox 1074 2708 1192 2738; x_wconf 89' lang='lat' dir='ltr'>habent</span> <span class='ocrx_word' id='word_1_910' title='bbox 1215 2707 1254 2738; x_wconf 87' lang='lat' dir='ltr'>ad</span> <span class='ocrx_word' id='word_1_911' title='bbox 1277 2706 1500 2747; x_wconf 90' lang='lat' dir='ltr'>accipiendum</span> <span class='ocrx_word' id='word_1_912' title='bbox 1556 2711 1641 2737; x_wconf 86' lang='lat' dir='ltr'>extra</span> <span class='ocrx_word' id='word_1_913' title='bbox 1665 2706 1826 2736; x_wconf 83' lang='lat' dir='ltr'>caritatem</span> <span class='ocrx_word' id='word_1_914' title='bbox 1851 2704 1932 2735; x_wconf 89' lang='lat' dir='ltr'>facta</span> <span class='ocrx_word' id='word_1_915' title='bbox 1955 2703 2075 2744; x_wconf 91' lang='lat' dir='ltr'>aliquid</span> <span class='ocrx_word' id='word_1_916' title='bbox 2098 2704 2318 2738; x_wconf 78' lang='lat' dir='ltr'>subtraherent</span> <span class='ocrx_word' id='word_1_917' title='bbox 2334 2704 2373 2735; x_wconf 92' lang='lat' dir='ltr'>de</span> <span class='ocrx_word' id='word_1_918' title='bbox 2389 2713 2496 2744; x_wconf 84' lang='lat' dir='ltr'>poena</span> <span class='ocrx_word' id='word_1_919' title='bbox 2518 2703 2624 2735; x_wconf 76' lang='lat' dir='ltr'>debita</span> 
     </span>
     <span class='ocr_line' id='line_1_62' title="bbox 434 2748 2623 2791; baseline -0.002 -8"><span class='ocrx_word' id='word_1_920' title='bbox 434 2754 519 2783; x_wconf 90' lang='lat' dir='ltr'>bona</span> <span class='ocrx_word' id='word_1_921' title='bbox 542 2763 560 2783; x_wconf 92' lang='lat' dir='ltr'>a</span> <span class='ocrx_word' id='word_1_922' title='bbox 582 2753 671 2783; x_wconf 89' lang='lat' dir='ltr'>Deo:</span> <span class='ocrx_word' id='word_1_923' title='bbox 703 2753 777 2783; x_wconf 89' lang='lat' dir='ltr'>alias</span> <span class='ocrx_word' id='word_1_924' title='bbox 806 2762 875 2783; x_wconf 91' lang='lat' dir='ltr'>non</span> <span class='ocrx_word' id='word_1_925' title='bbox 906 2757 988 2782; x_wconf 88' lang='lat' dir='ltr'>esset</span> <span class='ocrx_word' id='word_1_926' title='bbox 1011 2752 1040 2782; x_wconf 92' lang='lat' dir='ltr'>ei</span> <span class='ocrx_word' id='word_1_927' title='bbox 1063 2751 1299 2783; x_wconf 90' lang='lat' dir='ltr'>consulendum</span> <span class='ocrx_word' id='word_1_928' title='bbox 1322 2756 1358 2781; x_wconf 89' lang='lat' dir='ltr'>ut</span> <span class='ocrx_word' id='word_1_929' title='bbox 1381 2751 1501 2791; x_wconf 85' lang='lat' dir='ltr'>aliquid</span> <span class='ocrx_word' id='word_1_930' title='bbox 1554 2760 1614 2791; x_wconf 91' lang='lat' dir='ltr'>pro</span> <span class='ocrx_word' id='word_1_931' title='bbox 1645 2751 1800 2790; x_wconf 85' lang='lat' dir='ltr'>peccatis,</span> <span class='ocrx_word' id='word_1_932' title='bbox 1826 2750 2024 2789; x_wconf 84' lang='lat' dir='ltr'>contingeret</span> <span class='ocrx_word' id='word_1_933' title='bbox 2053 2754 2178 2779; x_wconf 87' lang='lat' dir='ltr'>tanturn</span> <span class='ocrx_word' id='word_1_934' title='bbox 2207 2749 2412 2789; x_wconf 85' lang='lat' dir='ltr'>multiplicari</span> <span class='ocrx_word' id='word_1_935' title='bbox 2441 2748 2495 2779; x_wconf 90' lang='lat' dir='ltr'>illa</span> <span class='ocrx_word' id='word_1_936' title='bbox 2524 2757 2623 2788; x_wconf 86' lang='lat' dir='ltr'>opera</span> 
     </span>
     <span class='ocr_line' id='line_1_63' title="bbox 435 2792 2620 2837; baseline -0.002 -10"><span class='ocrx_word' id='word_1_937' title='bbox 435 2797 512 2827; x_wconf 86' lang='lat' dir='ltr'>boni</span> <span class='ocrx_word' id='word_1_938' title='bbox 534 2797 659 2827; x_wconf 88' lang='lat' dir='ltr'>faceret.</span> <span class='ocrx_word' id='word_1_939' title='bbox 684 2796 747 2827; x_wconf 91' lang='lat' dir='ltr'>Sed</span> <span class='ocrx_word' id='word_1_940' title='bbox 770 2797 827 2837; x_wconf 93' lang='lat' dir='ltr'>qui</span> <span class='ocrx_word' id='word_1_941' title='bbox 850 2797 950 2836; x_wconf 88' lang='lat' dir='ltr'>magis</span> <span class='ocrx_word' id='word_1_942' title='bbox 974 2797 1212 2837; x_wconf 89' lang='lat' dir='ltr'>appropinquat</span> <span class='ocrx_word' id='word_1_943' title='bbox 1236 2796 1318 2830; x_wconf 77' lang='lat' dir='ltr'>Deo.</span> <span class='ocrx_word' id='word_1_944' title='bbox 1337 2796 1437 2835; x_wconf 86' lang='lat' dir='ltr'>magis</span> <span class='ocrx_word' id='word_1_945' title='bbox 1460 2794 1500 2826; x_wconf 90' lang='lat' dir='ltr'>de</span> <span class='ocrx_word' id='word_1_946' title='bbox 1555 2793 1645 2835; x_wconf 90' lang='lat' dir='ltr'>quod</span> <span class='ocrx_word' id='word_1_947' title='bbox 1667 2794 1806 2824; x_wconf 88' lang='lat' dir='ltr'>totaliter</span> <span class='ocrx_word' id='word_1_948' title='bbox 1828 2793 1993 2824; x_wconf 90' lang='lat' dir='ltr'>tolleretur</span> <span class='ocrx_word' id='word_1_949' title='bbox 2014 2802 2121 2833; x_wconf 88' lang='lat' dir='ltr'>poena</span> <span class='ocrx_word' id='word_1_950' title='bbox 2143 2792 2269 2825; x_wconf 88' lang='lat' dir='ltr'>inferni.</span> <span class='ocrx_word' id='word_1_951' title='bbox 2299 2793 2399 2831; x_wconf 91' lang='lat' dir='ltr'>Quod</span> <span class='ocrx_word' id='word_1_952' title='bbox 2425 2792 2541 2823; x_wconf 85' lang='lat' dir='ltr'>falsum</span> <span class='ocrx_word' id='word_1_953' title='bbox 2563 2797 2620 2823; x_wconf 89' lang='lat' dir='ltr'>est.</span> 
     </span>
     <span class='ocr_line' id='line_1_64' title="bbox 435 2835 2623 2881; baseline -0.002 -10"><span class='ocrx_word' id='word_1_954' title='bbox 435 2842 527 2871; x_wconf 92' lang='lat' dir='ltr'>bonis</span> <span class='ocrx_word' id='word_1_955' title='bbox 551 2842 618 2871; x_wconf 90' lang='lat' dir='ltr'>eius</span> <span class='ocrx_word' id='word_1_956' title='bbox 641 2842 784 2881; x_wconf 90' lang='lat' dir='ltr'>percipit.</span> <span class='ocrx_word' id='word_1_957' title='bbox 808 2841 894 2881; x_wconf 89' lang='lat' dir='ltr'>Ergo</span> <span class='ocrx_word' id='word_1_958' title='bbox 918 2841 977 2871; x_wconf 92' lang='lat' dir='ltr'>iste</span> <span class='ocrx_word' id='word_1_959' title='bbox 999 2849 1057 2880; x_wconf 89' lang='lat' dir='ltr'>per</span> <span class='ocrx_word' id='word_1_960' title='bbox 1081 2850 1179 2881; x_wconf 92' lang='lat' dir='ltr'>opera</span> <span class='ocrx_word' id='word_1_961' title='bbox 1202 2840 1287 2870; x_wconf 91' lang='lat' dir='ltr'>bona</span> <span class='ocrx_word' id='word_1_962' title='bbox 1311 2848 1394 2879; x_wconf 86' lang='lat' dir='ltr'>quae</span> <span class='ocrx_word' id='word_1_963' title='bbox 1414 2839 1499 2875; x_wconf 82' lang='lat' dir='ltr'>facit,</span> <span class='ocrx_word' id='word_1_964' title='bbox 1611 2839 1640 2869; x_wconf 87' lang='lat'>3.</span> <span class='ocrx_word' id='word_1_965' title='bbox 1664 2839 1867 2874; x_wconf 61' lang='lat' dir='ltr'>Pium-raam,</span> <span class='ocrx_word' id='word_1_966' title='bbox 1892 2836 2038 2877; x_wconf 82' lang='lat' dir='ltr'>suffragia</span> <span class='ocrx_word' id='word_1_967' title='bbox 2067 2837 2229 2868; x_wconf 88' lang='lat' dir='ltr'>Ecclesiae</span> <span class='ocrx_word' id='word_1_968' title='bbox 2257 2843 2331 2868; x_wconf 91' lang='lat' dir='ltr'>sunt</span> <span class='ocrx_word' id='word_1_969' title='bbox 2353 2837 2454 2877; x_wconf 85' lang='lat' dir='ltr'>magis</span> <span class='ocrx_word' id='word_1_970' title='bbox 2484 2835 2623 2867; x_wconf 86' lang='lat' dir='ltr'>efficacia</span> 
     </span>
     <span class='ocr_line' id='line_1_65' title="bbox 437 2881 2621 2925; baseline -0.002 -10"><span class='ocrx_word' id='word_1_971' title='bbox 437 2885 555 2925; x_wconf 91' lang='lat' dir='ltr'>aliquid</span> <span class='ocrx_word' id='word_1_972' title='bbox 578 2895 595 2915; x_wconf 89' lang='lat' dir='ltr'>a</span> <span class='ocrx_word' id='word_1_973' title='bbox 618 2885 689 2915; x_wconf 93' lang='lat' dir='ltr'>Deo</span> <span class='ocrx_word' id='word_1_974' title='bbox 712 2890 862 2915; x_wconf 90' lang='lat' dir='ltr'>meretur.</span> <span class='ocrx_word' id='word_1_975' title='bbox 1514 2892 1541 2912; x_wconf 85' lang='lat'>60</span> <span class='ocrx_word' id='word_1_976' title='bbox 1555 2893 1654 2924; x_wconf 89' lang='lat' dir='ltr'>quam</span> <span class='ocrx_word' id='word_1_977' title='bbox 1669 2892 1768 2923; x_wconf 93' lang='lat' dir='ltr'>opera</span> <span class='ocrx_word' id='word_1_978' title='bbox 1783 2888 1868 2913; x_wconf 85' lang='lat' dir='ltr'>extra</span> <span class='ocrx_word' id='word_1_979' title='bbox 1884 2882 2046 2912; x_wconf 90' lang='lat' dir='ltr'>caritatem</span> <span class='ocrx_word' id='word_1_980' title='bbox 2062 2881 2154 2912; x_wconf 83' lang='lat' dir='ltr'>facta.</span> <span class='ocrx_word' id='word_1_981' title='bbox 2175 2881 2248 2918; x_wconf 87' lang='lat' dir='ltr'>Sed,</span> <span class='ocrx_word' id='word_1_982' title='bbox 2260 2882 2342 2912; x_wconf 90' lang='lat' dir='ltr'>sicut</span> <span class='ocrx_word' id='word_1_983' title='bbox 2358 2882 2400 2911; x_wconf 91' lang='lat' dir='ltr'>ait</span> <span class='ocrx_word' id='word_1_984' title='bbox 2411 2881 2621 2921; x_wconf 86' lang='lat' dir='ltr'>Augustinus,</span> 
     </span>
     <span class='ocr_line' id='line_1_66' title="bbox 491 2924 2789 2970; baseline -0.002 -11"><span class='ocrx_word' id='word_1_985' title='bbox 491 2929 552 2959; x_wconf 69' lang='lat' dir='ltr'>San</span> <span class='ocrx_word' id='word_1_986' title='bbox 577 2939 699 2959; x_wconf 66' lang='lat' dir='ltr'>com-Ra</span> <span class='ocrx_word' id='word_1_987' title='bbox 723 2935 769 2960; x_wconf 90' lang='lat' dir='ltr'>est</span> <span class='ocrx_word' id='word_1_988' title='bbox 792 2928 881 2970; x_wconf 92' lang='lat' dir='ltr'>quod</span> <span class='ocrx_word' id='word_1_989' title='bbox 904 2929 1104 2969; x_wconf 88' lang='lat' dir='ltr'>Augustinus</span> <span class='ocrx_word' id='word_1_990' title='bbox 1128 2928 1213 2964; x_wconf 91' lang='lat' dir='ltr'>dicit,</span> <span class='ocrx_word' id='word_1_991' title='bbox 1238 2927 1327 2969; x_wconf 89' lang='lat' dir='ltr'>quod</span> <span class='ocrx_word' id='word_1_992' title='bbox 1345 2933 1501 2968; x_wconf 80' lang='lat' dir='ltr'>peccator</span> <span class='ocrx_word' id='word_1_993' title='bbox 1554 2929 1588 2958; x_wconf 90' lang='lat' dir='ltr'>in</span> <span class='ocrx_word' id='word_1_994' title='bbox 1610 2926 1778 2958; x_wconf 83' lang='lat' dir='ltr'>Enchirid.</span> <span class='ocrx_word' id='word_1_995' title='bbox 1794 2927 1821 2962; x_wconf 71' lang='lat'>*,</span> <span class='ocrx_word' id='word_1_996' title='bbox 1846 2925 2000 2957; x_wconf 88' lang='lat' dir='ltr'>damnatis</span> <span class='ocrx_word' id='word_1_997' title='bbox 2023 2927 2057 2956; x_wconf 92' lang='lat' dir='ltr'>in</span> <span class='ocrx_word' id='word_1_998' title='bbox 2079 2925 2206 2957; x_wconf 88' lang='lat' dir='ltr'>inferno</span> <span class='ocrx_word' id='word_1_999' title='bbox 2229 2935 2297 2956; x_wconf 87' lang='lat' dir='ltr'>non</span> <span class='ocrx_word' id='word_1_1000' title='bbox 2319 2930 2455 2965; x_wconf 89' lang='lat' dir='ltr'>prosunt</span> <span class='ocrx_word' id='word_1_1001' title='bbox 2475 2924 2622 2965; x_wconf 79' lang='lat' dir='ltr'>suffragia</span> <span class='ocrx_word' id='word_1_1002' title='bbox 2649 2928 2660 2939; x_wconf 82' lang='lat'><strong>·</strong></span> <span class='ocrx_word' id='word_1_1003' title='bbox 2674 2926 2732 2955; x_wconf 67' lang='lat'>&lt;2⁸9-</span> <span class='ocrx_word' id='word_1_1004' title='bbox 2746 2931 2789 2949; x_wconf 70' lang='lat'>⁰¹-</span> 
     </span>
     <span class='ocr_line' id='line_1_67' title="bbox 438 2970 2622 3014; baseline -0.002 -10"><span class='ocrx_word' id='word_1_1005' title='bbox 438 2982 502 3003; x_wconf 89' lang='lat' dir='ltr'>non</span> <span class='ocrx_word' id='word_1_1006' title='bbox 526 2978 573 3003; x_wconf 84' lang='lat' dir='ltr'>est</span> <span class='ocrx_word' id='word_1_1007' title='bbox 595 2973 713 3014; x_wconf 84' lang='lat' dir='ltr'>dignus</span> <span class='ocrx_word' id='word_1_1008' title='bbox 730 2983 819 3013; x_wconf 84' lang='lat' dir='ltr'>pane</span> <span class='ocrx_word' id='word_1_1009' title='bbox 842 2983 905 3014; x_wconf 89' lang='lat' dir='ltr'>quo</span> <span class='ocrx_word' id='word_1_1010' title='bbox 934 2972 1082 3004; x_wconf 82' lang='lat' dir='ltr'>vescitur.</span> <span class='ocrx_word' id='word_1_1011' title='bbox 1115 2973 1200 3012; x_wconf 90' lang='lat' dir='ltr'>Ergo</span> <span class='ocrx_word' id='word_1_1012' title='bbox 1224 2982 1293 3003; x_wconf 92' lang='lat' dir='ltr'>non</span> <span class='ocrx_word' id='word_1_1013' title='bbox 1315 2978 1422 3012; x_wconf 89' lang='lat' dir='ltr'>potest</span> <span class='ocrx_word' id='word_1_1014' title='bbox 1445 2973 1500 3002; x_wconf 87' lang='lat' dir='ltr'>ali·</span> <span class='ocrx_word' id='word_1_1015' title='bbox 1555 2972 1727 3003; x_wconf 91' lang='lat' dir='ltr'>Ecclesiae.</span> <span class='ocrx_word' id='word_1_1016' title='bbox 1751 2971 1879 3001; x_wconf 90' lang='lat' dir='ltr'>Poenae</span> <span class='ocrx_word' id='word_1_1017' title='bbox 1903 2979 1978 3010; x_wconf 88' lang='lat' dir='ltr'>ergo</span> <span class='ocrx_word' id='word_1_1018' title='bbox 2002 2970 2106 3000; x_wconf 89' lang='lat' dir='ltr'>multo</span> <span class='ocrx_word' id='word_1_1019' title='bbox 2130 2970 2237 3003; x_wconf 88' lang='lat' dir='ltr'>minus</span> <span class='ocrx_word' id='word_1_1020' title='bbox 2259 2978 2317 3010; x_wconf 88' lang='lat' dir='ltr'>per</span> <span class='ocrx_word' id='word_1_1021' title='bbox 2339 2978 2438 3010; x_wconf 88' lang='lat' dir='ltr'>opera</span> <span class='ocrx_word' id='word_1_1022' title='bbox 2461 2974 2548 2999; x_wconf 83' lang='lat' dir='ltr'>extra</span> <span class='ocrx_word' id='word_1_1023' title='bbox 2570 2978 2622 2999; x_wconf 85' lang='lat' dir='ltr'>ca·</span> 
     </span>
    </p>
   </div>
   <div class='ocr_carea' id='block_1_11' title="bbox 203 3008 2732 3232">
    <p class='ocr_par' dir='ltr' id='par_1_20' title="bbox 203 3008 2732 3232">
     <span class='ocr_line' id='line_1_68' title="bbox 439 3008 2003 3056; baseline -0.002 -9"><span class='ocrx_word' id='word_1_1024' title='bbox 439 3016 516 3056; x_wconf 92' lang='lat' dir='ltr'>quid</span> <span class='ocrx_word' id='word_1_1025' title='bbox 539 3027 556 3047; x_wconf 87' lang='lat' dir='ltr'>a</span> <span class='ocrx_word' id='word_1_1026' title='bbox 580 3017 650 3047; x_wconf 91' lang='lat' dir='ltr'>Deo</span> <span class='ocrx_word' id='word_1_1027' title='bbox 674 3018 798 3048; x_wconf 89' lang='lat' dir='ltr'>mereri.</span> <span class='ocrx_word' id='word_1_1028' title='bbox 1556 3017 1680 3047; x_wconf 90' lang='lat' dir='ltr'>ritatem</span> <span class='ocrx_word' id='word_1_1029' title='bbox 1703 3015 1786 3046; x_wconf 80' lang='lat' dir='ltr'>facta</span> <span class='ocrx_word' id='word_1_1030' title='bbox 1809 3008 2003 3055; x_wconf 86' lang='lat' dir='ltr'>mitigantur.</span> 
     </span>
     <span class='ocr_line' id='line_1_69' title="bbox 496 3056 2732 3102; baseline -0.001 -12"><span class='ocrx_word' id='word_1_1031' title='bbox 496 3070 524 3090; x_wconf 91' lang='lat'>2.</span> <span class='ocrx_word' id='word_1_1032' title='bbox 547 3061 742 3098; x_wconf 70' lang='lat' dir='ltr'>PRAnrsiuzA,</span> <span class='ocrx_word' id='word_1_1033' title='bbox 766 3062 822 3102; x_wconf 92' lang='lat' dir='ltr'>qui</span> <span class='ocrx_word' id='word_1_1034' title='bbox 844 3061 923 3092; x_wconf 92' lang='lat' dir='ltr'>nihil</span> <span class='ocrx_word' id='word_1_1035' title='bbox 947 3066 1003 3097; x_wconf 90' lang='lat' dir='ltr'>est,</span> <span class='ocrx_word' id='word_1_1036' title='bbox 1019 3071 1088 3092; x_wconf 94' lang='lat' dir='ltr'>non</span> <span class='ocrx_word' id='word_1_1037' title='bbox 1103 3066 1210 3102; x_wconf 91' lang='lat' dir='ltr'>potest</span> <span class='ocrx_word' id='word_1_1038' title='bbox 1233 3060 1353 3101; x_wconf 90' lang='lat' dir='ltr'>aliquid</span> <span class='ocrx_word' id='word_1_1039' title='bbox 1375 3061 1500 3091; x_wconf 89' lang='lat' dir='ltr'>mereri.</span> <span class='ocrx_word' id='word_1_1040' title='bbox 1612 3060 1674 3091; x_wconf 70' lang='lat' dir='ltr'>Sur&gt;</span> <span class='ocrx_word' id='word_1_1041' title='bbox 1699 3069 1822 3090; x_wconf 79' lang='lat' dir='ltr'>CONTRA</span> <span class='ocrx_word' id='word_1_1042' title='bbox 1845 3068 1899 3089; x_wconf 74' lang='lat' dir='ltr'>zs‘r</span> <span class='ocrx_word' id='word_1_1043' title='bbox 1923 3058 2012 3098; x_wconf 91' lang='lat' dir='ltr'>quod</span> <span class='ocrx_word' id='word_1_1044' title='bbox 2035 3058 2234 3098; x_wconf 86' lang='lat' dir='ltr'>Augustinus</span> <span class='ocrx_word' id='word_1_1045' title='bbox 2253 3057 2339 3094; x_wconf 88' lang='lat' dir='ltr'>dicit,</span> <span class='ocrx_word' id='word_1_1046' title='bbox 2354 3057 2388 3087; x_wconf 91' lang='lat' dir='ltr'>in</span> <span class='ocrx_word' id='word_1_1047' title='bbox 2403 3056 2570 3088; x_wconf 81' lang='lat' dir='ltr'>Enchirid.</span> <span class='ocrx_word' id='word_1_1048' title='bbox 2587 3058 2620 3093; x_wconf 76' lang='lat'>*‚</span> <span class='ocrx_word' id='word_1_1049' title='bbox 2648 3060 2658 3070; x_wconf 93' lang='grc'>·</span> <span class='ocrx_word' id='word_1_1050' title='bbox 2671 3057 2732 3080; x_wconf 73' lang='lat' dir='ltr'>Ibld·</span> 
     </span>
     <span class='ocr_line' id='line_1_70' title="bbox 441 3101 2622 3145; baseline -0.001 -11"><span class='ocrx_word' id='word_1_1051' title='bbox 441 3104 502 3135; x_wconf 91' lang='lat' dir='ltr'>Sed</span> <span class='ocrx_word' id='word_1_1052' title='bbox 525 3110 689 3144; x_wconf 90' lang='lat' dir='ltr'>peccator,</span> <span class='ocrx_word' id='word_1_1053' title='bbox 713 3115 779 3135; x_wconf 90' lang='lat' dir='ltr'>non</span> <span class='ocrx_word' id='word_1_1054' title='bbox 802 3106 922 3136; x_wconf 92' lang='lat' dir='ltr'>habens</span> <span class='ocrx_word' id='word_1_1055' title='bbox 949 3106 1127 3141; x_wconf 88' lang='lat' dir='ltr'>caritatem,</span> <span class='ocrx_word' id='word_1_1056' title='bbox 1153 3105 1233 3135; x_wconf 82' lang='lat' dir='ltr'>nihil</span> <span class='ocrx_word' id='word_1_1057' title='bbox 1255 3110 1302 3135; x_wconf 87' lang='lat' dir='ltr'>est</span> <span class='ocrx_word' id='word_1_1058' title='bbox 1323 3104 1501 3135; x_wconf 88' lang='lat' dir='ltr'>secundum</span> <span class='ocrx_word' id='word_1_1059' title='bbox 1515 3112 1540 3138; x_wconf 85' lang='lat'>65</span> <span class='ocrx_word' id='word_1_1060' title='bbox 1556 3105 1632 3145; x_wconf 82' lang='lat' dir='ltr'>quia</span> <span class='ocrx_word' id='word_1_1061' title='bbox 1662 3104 1706 3135; x_wconf 85' lang='lat' dir='ltr'>ad</span> <span class='ocrx_word' id='word_1_1062' title='bbox 1727 3104 1788 3134; x_wconf 84' lang='lat' dir='ltr'>hoc</span> <span class='ocrx_word' id='word_1_1063' title='bbox 1811 3108 1954 3143; x_wconf 85' lang='lat' dir='ltr'>prosunt</span> <span class='ocrx_word' id='word_1_1064' title='bbox 1977 3107 2012 3133; x_wconf 83' lang='lat' dir='ltr'>ut</span> <span class='ocrx_word' id='word_1_1065' title='bbox 2033 3102 2076 3133; x_wconf 89' lang='lat' dir='ltr'>sit</span> <span class='ocrx_word' id='word_1_1066' title='bbox 2094 3102 2196 3142; x_wconf 75' lang='lat' dir='ltr'>plena</span> <span class='ocrx_word' id='word_1_1067' title='bbox 2226 3101 2387 3137; x_wconf 79' lang='lat' dir='ltr'>remissie,</span> <span class='ocrx_word' id='word_1_1068' title='bbox 2413 3101 2463 3132; x_wconf 81' lang='lat' dir='ltr'>vel</span> <span class='ocrx_word' id='word_1_1069' title='bbox 2486 3105 2522 3132; x_wconf 82' lang='lat' dir='ltr'>ut</span> <span class='ocrx_word' id='word_1_1070' title='bbox 2543 3101 2622 3132; x_wconf 84' lang='lat' dir='ltr'>tole-</span> 
     </span>
     <span class='ocr_line' id='line_1_71' title="bbox 203 3147 1974 3190; baseline -0.001 -12"><span class='ocrx_word' id='word_1_1071' title='bbox 203 3150 212 3159; x_wconf 90' lang='grc'><em>·</em></span> <span class='ocrx_word' id='word_1_1072' title='bbox 227 3147 293 3169; x_wconf 65' lang='lat' dir='ltr'>Vera.</span> <span class='ocrx_word' id='word_1_1073' title='bbox 307 3153 327 3169; x_wconf 87' lang='lat'>2·</span> <span class='ocrx_word' id='word_1_1074' title='bbox 442 3157 508 3178; x_wconf 91' lang='lat' dir='ltr'>esse</span> <span class='ocrx_word' id='word_1_1075' title='bbox 538 3149 715 3188; x_wconf 87' lang='lat' dir='ltr'>spirituale:</span> <span class='ocrx_word' id='word_1_1076' title='bbox 746 3155 782 3179; x_wconf 93' lang='lat' dir='ltr'>ut</span> <span class='ocrx_word' id='word_1_1077' title='bbox 805 3155 891 3190; x_wconf 86' lang='lat' dir='ltr'>patet</span> <span class='ocrx_word' id='word_1_1078' title='bbox 914 3150 925 3179; x_wconf 96' lang='lat'>1</span> <span class='ocrx_word' id='word_1_1079' title='bbox 953 3150 1029 3180; x_wconf 88' lang='lat' dir='ltr'>Cor.</span> <span class='ocrx_word' id='word_1_1080' title='bbox 1053 3160 1107 3180; x_wconf 87' lang='lat' dir='ltr'>xm</span> <span class='ocrx_word' id='word_1_1081' title='bbox 1122 3151 1149 3179; x_wconf 51' lang='grc' dir='ltr'>’ἢ</span> <span class='ocrx_word' id='word_1_1082' title='bbox 1183 3150 1268 3189; x_wconf 85' lang='lat' dir='ltr'>Ergo</span> <span class='ocrx_word' id='word_1_1083' title='bbox 1299 3158 1368 3179; x_wconf 88' lang='lat' dir='ltr'>non</span> <span class='ocrx_word' id='word_1_1084' title='bbox 1397 3154 1503 3189; x_wconf 90' lang='lat' dir='ltr'>potest</span> <span class='ocrx_word' id='word_1_1085' title='bbox 1558 3148 1695 3179; x_wconf 84' lang='lat' dir='ltr'>rabilior</span> <span class='ocrx_word' id='word_1_1086' title='bbox 1706 3148 1776 3189; x_wconf 85' lang='lat' dir='ltr'>fiat</span> <span class='ocrx_word' id='word_1_1087' title='bbox 1797 3147 1974 3178; x_wconf 85' lang='lat' dir='ltr'>damnatio.</span> 
     </span>
     <span class='ocr_line' id='line_1_72' title="bbox 443 3188 2622 3232; baseline -0 -11"><span class='ocrx_word' id='word_1_1088' title='bbox 443 3192 559 3232; x_wconf 87' lang='lat' dir='ltr'>aliquid</span> <span class='ocrx_word' id='word_1_1089' title='bbox 582 3194 705 3223; x_wconf 87' lang='lat' dir='ltr'>mereri.</span> <span class='ocrx_word' id='word_1_1090' title='bbox 1614 3202 1642 3222; x_wconf 91' lang='lat'>2.</span> <span class='ocrx_word' id='word_1_1091' title='bbox 1666 3192 1862 3227; x_wconf 52' lang='lat' dir='ltr'>Pallanum,</span> <span class='ocrx_word' id='word_1_1092' title='bbox 1879 3191 1981 3221; x_wconf 89' lang='lat' dir='ltr'>maius</span> <span class='ocrx_word' id='word_1_1093' title='bbox 2006 3196 2052 3220; x_wconf 89' lang='lat' dir='ltr'>est</span> <span class='ocrx_word' id='word_1_1094' title='bbox 2067 3189 2171 3222; x_wconf 87' lang='lat' dir='ltr'>facere</span> <span class='ocrx_word' id='word_1_1095' title='bbox 2194 3190 2319 3220; x_wconf 89' lang='lat' dir='ltr'>bonum</span> <span class='ocrx_word' id='word_1_1096' title='bbox 2343 3198 2441 3229; x_wconf 88' lang='lat' dir='ltr'>quam</span> <span class='ocrx_word' id='word_1_1097' title='bbox 2465 3188 2622 3220; x_wconf 85' lang='lat' dir='ltr'>dimittere</span> 
     </span>
    </p>
   </div>
   <div class='ocr_carea' id='block_1_12' title="bbox 206 3234 2624 3585">
    <p class='ocr_par' dir='ltr' id='par_1_21' title="bbox 443 3234 2624 3496">
     <span class='ocr_line' id='line_1_73' title="bbox 496 3234 2624 3278; baseline -0.001 -12"><span class='ocrx_word' id='word_1_1098' title='bbox 496 3236 683 3267; x_wconf 67' lang='lat' dir='ltr'>Rnspommo</span> <span class='ocrx_word' id='word_1_1099' title='bbox 699 3247 858 3267; x_wconf 69' lang='lat' dir='ltr'>mmmmm</span> <span class='ocrx_word' id='word_1_1100' title='bbox 874 3237 963 3278; x_wconf 92' lang='lat' dir='ltr'>quod</span> <span class='ocrx_word' id='word_1_1101' title='bbox 979 3239 1128 3268; x_wconf 88' lang='lat' dir='ltr'>meritum</span> <span class='ocrx_word' id='word_1_1102' title='bbox 1143 3238 1273 3278; x_wconf 91' lang='lat' dir='ltr'>proprie</span> <span class='ocrx_word' id='word_1_1103' title='bbox 1289 3236 1404 3267; x_wconf 91' lang='lat' dir='ltr'>dicitur</span> <span class='ocrx_word' id='word_1_1104' title='bbox 1419 3237 1502 3267; x_wconf 80' lang='lat' dir='ltr'>actio</span> <span class='ocrx_word' id='word_1_1105' title='bbox 1557 3237 1688 3267; x_wconf 89' lang='lat' dir='ltr'>malum.</span> <span class='ocrx_word' id='word_1_1106' title='bbox 1713 3235 1776 3266; x_wconf 90' lang='lat' dir='ltr'>Sed</span> <span class='ocrx_word' id='word_1_1107' title='bbox 1799 3235 1956 3265; x_wconf 91' lang='lat' dir='ltr'>dimittere</span> <span class='ocrx_word' id='word_1_1108' title='bbox 1980 3234 2102 3267; x_wconf 84' lang='lat' dir='ltr'>malum</span> <span class='ocrx_word' id='word_1_1109' title='bbox 2124 3243 2251 3274; x_wconf 89' lang='lat' dir='ltr'>semper</span> <span class='ocrx_word' id='word_1_1110' title='bbox 2265 3234 2343 3264; x_wconf 86' lang='lat' dir='ltr'>vitat</span> <span class='ocrx_word' id='word_1_1111' title='bbox 2361 3243 2511 3274; x_wconf 89' lang='lat' dir='ltr'>poenam,</span> <span class='ocrx_word' id='word_1_1112' title='bbox 2528 3234 2624 3264; x_wconf 90' lang='lat' dir='ltr'>etiam</span> 
     </span>
     <span class='ocr_line' id='line_1_74' title="bbox 443 3277 2622 3321; baseline -0 -12"><span class='ocrx_word' id='word_1_1113' title='bbox 443 3288 507 3318; x_wconf 91' lang='lat' dir='ltr'>qua</span> <span class='ocrx_word' id='word_1_1114' title='bbox 536 3279 668 3310; x_wconf 87' lang='lat' dir='ltr'>efficitur</span> <span class='ocrx_word' id='word_1_1115' title='bbox 690 3286 726 3310; x_wconf 90' lang='lat' dir='ltr'>ut</span> <span class='ocrx_word' id='word_1_1116' title='bbox 749 3282 778 3311; x_wconf 90' lang='lat' dir='ltr'>ei</span> <span class='ocrx_word' id='word_1_1117' title='bbox 802 3282 857 3320; x_wconf 93' lang='lat' dir='ltr'>qui</span> <span class='ocrx_word' id='word_1_1118' title='bbox 886 3282 949 3321; x_wconf 90' lang='lat' dir='ltr'>agit</span> <span class='ocrx_word' id='word_1_1119' title='bbox 975 3282 1014 3312; x_wconf 88' lang='lat' dir='ltr'>sit</span> <span class='ocrx_word' id='word_1_1120' title='bbox 1036 3283 1156 3312; x_wconf 90' lang='lat' dir='ltr'>iustum</span> <span class='ocrx_word' id='word_1_1121' title='bbox 1184 3281 1305 3321; x_wconf 90' lang='lat' dir='ltr'>aliquid</span> <span class='ocrx_word' id='word_1_1122' title='bbox 1334 3280 1409 3311; x_wconf 89' lang='lat' dir='ltr'>dari.</span> <span class='ocrx_word' id='word_1_1123' title='bbox 1440 3279 1503 3311; x_wconf 90' lang='lat' dir='ltr'>Sed</span> <span class='ocrx_word' id='word_1_1124' title='bbox 1557 3281 1591 3311; x_wconf 89' lang='lat' dir='ltr'>in</span> <span class='ocrx_word' id='word_1_1125' title='bbox 1607 3290 1647 3310; x_wconf 90' lang='lat' dir='ltr'>eo</span> <span class='ocrx_word' id='word_1_1126' title='bbox 1663 3280 1720 3320; x_wconf 90' lang='lat' dir='ltr'>qui</span> <span class='ocrx_word' id='word_1_1127' title='bbox 1736 3280 1863 3310; x_wconf 87' lang='lat' dir='ltr'>caritate</span> <span class='ocrx_word' id='word_1_1128' title='bbox 1880 3284 1974 3309; x_wconf 82' lang='lat' dir='ltr'>caret.</span> <span class='ocrx_word' id='word_1_1129' title='bbox 1998 3278 2084 3318; x_wconf 90' lang='lat' dir='ltr'>Ergo</span> <span class='ocrx_word' id='word_1_1130' title='bbox 2102 3278 2207 3308; x_wconf 91' lang='lat' dir='ltr'>multo</span> <span class='ocrx_word' id='word_1_1131' title='bbox 2223 3277 2337 3308; x_wconf 86' lang='lat' dir='ltr'>fortius</span> <span class='ocrx_word' id='word_1_1132' title='bbox 2361 3277 2464 3308; x_wconf 88' lang='lat' dir='ltr'>facere</span> <span class='ocrx_word' id='word_1_1133' title='bbox 2487 3278 2622 3308; x_wconf 90' lang='lat' dir='ltr'>bonum.</span> 
     </span>
     <span class='ocr_line' id='line_1_75' title="bbox 443 3321 2624 3366; baseline 0 -14"><span class='ocrx_word' id='word_1_1134' title='bbox 443 3323 559 3353; x_wconf 89' lang='lat' dir='ltr'>iustitia</span> <span class='ocrx_word' id='word_1_1135' title='bbox 582 3323 748 3363; x_wconf 87' lang='lat' dir='ltr'>dupliciter</span> <span class='ocrx_word' id='word_1_1136' title='bbox 771 3324 894 3355; x_wconf 87' lang='lat' dir='ltr'>dicitur.</span> <span class='ocrx_word' id='word_1_1137' title='bbox 927 3325 1001 3356; x_wconf 91' lang='lat' dir='ltr'>Uno</span> <span class='ocrx_word' id='word_1_1138' title='bbox 1025 3325 1136 3362; x_wconf 86' lang='lat' dir='ltr'>modo,</span> <span class='ocrx_word' id='word_1_1139' title='bbox 1159 3326 1305 3366; x_wconf 90' lang='lat' dir='ltr'>proprie:</span> <span class='ocrx_word' id='word_1_1140' title='bbox 1338 3334 1420 3365; x_wconf 85' lang='lat' dir='ltr'>quae</span> <span class='ocrx_word' id='word_1_1141' title='bbox 1444 3325 1503 3355; x_wconf 90' lang='lat' dir='ltr'>sci·</span> <span class='ocrx_word' id='word_1_1142' title='bbox 1517 3337 1544 3358; x_wconf 84' lang='lat'>⁷0</span> <span class='ocrx_word' id='word_1_1143' title='bbox 1606 3324 1802 3355; x_wconf 66' lang='lat' dir='ltr'>Rusponnno</span> <span class='ocrx_word' id='word_1_1144' title='bbox 1825 3333 1985 3353; x_wconf 61' lang='lat' dir='ltr'>mensuum</span> <span class='ocrx_word' id='word_1_1145' title='bbox 2008 3321 2097 3362; x_wconf 90' lang='lat' dir='ltr'>quod</span> <span class='ocrx_word' id='word_1_1146' title='bbox 2121 3321 2298 3352; x_wconf 89' lang='lat' dir='ltr'>diminuere</span> <span class='ocrx_word' id='word_1_1147' title='bbox 2322 3331 2463 3362; x_wconf 90' lang='lat' dir='ltr'>poenam</span> <span class='ocrx_word' id='word_1_1148' title='bbox 2485 3321 2624 3352; x_wconf 87' lang='lat' dir='ltr'>inferna-</span> 
     </span>
     <span class='ocr_line' id='line_1_76' title="bbox 443 3365 2624 3410; baseline 0 -14"><span class='ocrx_word' id='word_1_1149' title='bbox 443 3366 516 3396; x_wconf 90' lang='lat' dir='ltr'>licet</span> <span class='ocrx_word' id='word_1_1150' title='bbox 531 3367 656 3406; x_wconf 90' lang='lat' dir='ltr'>respicit</span> <span class='ocrx_word' id='word_1_1151' title='bbox 672 3367 814 3398; x_wconf 90' lang='lat' dir='ltr'>debitum</span> <span class='ocrx_word' id='word_1_1152' title='bbox 831 3378 868 3398; x_wconf 86' lang='lat' dir='ltr'>ex</span> <span class='ocrx_word' id='word_1_1153' title='bbox 883 3374 971 3408; x_wconf 88' lang='lat' dir='ltr'>parte</span> <span class='ocrx_word' id='word_1_1154' title='bbox 986 3370 1177 3409; x_wconf 89' lang='lat' dir='ltr'>recipientis.</span> <span class='ocrx_word' id='word_1_1155' title='bbox 1194 3370 1268 3400; x_wconf 90' lang='lat' dir='ltr'>Alio</span> <span class='ocrx_word' id='word_1_1156' title='bbox 1284 3368 1396 3406; x_wconf 88' lang='lat' dir='ltr'>modo,</span> <span class='ocrx_word' id='word_1_1157' title='bbox 1413 3369 1503 3410; x_wconf 90' lang='lat' dir='ltr'>quasi</span> <span class='ocrx_word' id='word_1_1158' title='bbox 1557 3369 1622 3399; x_wconf 88' lang='lat' dir='ltr'>lern</span> <span class='ocrx_word' id='word_1_1159' title='bbox 1645 3373 1750 3408; x_wconf 86' lang='lat' dir='ltr'>potest</span> <span class='ocrx_word' id='word_1_1160' title='bbox 1772 3366 1905 3407; x_wconf 89' lang='lat' dir='ltr'>intelligi</span> <span class='ocrx_word' id='word_1_1161' title='bbox 1929 3366 2105 3407; x_wconf 86' lang='lat' dir='ltr'>dupliciter.</span> <span class='ocrx_word' id='word_1_1162' title='bbox 2137 3366 2212 3397; x_wconf 91' lang='lat' dir='ltr'>Uno</span> <span class='ocrx_word' id='word_1_1163' title='bbox 2235 3365 2353 3402; x_wconf 90' lang='lat' dir='ltr'>mod0‚</span> <span class='ocrx_word' id='word_1_1164' title='bbox 2379 3366 2469 3406; x_wconf 91' lang='lat' dir='ltr'>quod</span> <span class='ocrx_word' id='word_1_1165' title='bbox 2492 3366 2564 3406; x_wconf 88' lang='lat' dir='ltr'>quis</span> <span class='ocrx_word' id='word_1_1166' title='bbox 2586 3366 2624 3396; x_wconf 90' lang='lat' dir='ltr'>li-</span> 
     </span>
     <span class='ocr_line' id='line_1_77' title="bbox 444 3410 2624 3454; baseline 0 -14"><span class='ocrx_word' id='word_1_1167' title='bbox 444 3410 702 3446; x_wconf 83' lang='lat' dir='ltr'>similitudinarie,</span> <span class='ocrx_word' id='word_1_1168' title='bbox 727 3421 810 3451; x_wconf 87' lang='lat' dir='ltr'>quae</span> <span class='ocrx_word' id='word_1_1169' title='bbox 832 3413 958 3452; x_wconf 89' lang='lat' dir='ltr'>respicit</span> <span class='ocrx_word' id='word_1_1170' title='bbox 981 3412 1124 3444; x_wconf 90' lang='lat' dir='ltr'>debitum</span> <span class='ocrx_word' id='word_1_1171' title='bbox 1140 3423 1178 3444; x_wconf 90' lang='lat' dir='ltr'>ex</span> <span class='ocrx_word' id='word_1_1172' title='bbox 1193 3419 1282 3454; x_wconf 89' lang='lat' dir='ltr'>parte</span> <span class='ocrx_word' id='word_1_1173' title='bbox 1305 3413 1423 3444; x_wconf 85' lang='lat' dir='ltr'>dantis:</span> <span class='ocrx_word' id='word_1_1174' title='bbox 1449 3413 1503 3443; x_wconf 90' lang='lat' dir='ltr'>ali-</span> <span class='ocrx_word' id='word_1_1175' title='bbox 1558 3413 1686 3443; x_wconf 89' lang='lat' dir='ltr'>beretur</span> <span class='ocrx_word' id='word_1_1176' title='bbox 1708 3422 1726 3442; x_wconf 90' lang='lat' dir='ltr'>a</span> <span class='ocrx_word' id='word_1_1177' title='bbox 1748 3420 1855 3452; x_wconf 87' lang='lat' dir='ltr'>poena</span> <span class='ocrx_word' id='word_1_1178' title='bbox 1884 3420 1982 3451; x_wconf 86' lang='lat' dir='ltr'>quam</span> <span class='ocrx_word' id='word_1_1179' title='bbox 2010 3411 2076 3442; x_wconf 85' lang='lat' dir='ltr'>iam</span> <span class='ocrx_word' id='word_1_1180' title='bbox 2104 3411 2230 3441; x_wconf 89' lang='lat' dir='ltr'>meruit.</span> <span class='ocrx_word' id='word_1_1181' title='bbox 2261 3410 2302 3441; x_wconf 91' lang='lat' dir='ltr'>Et</span> <span class='ocrx_word' id='word_1_1182' title='bbox 2325 3411 2387 3446; x_wconf 91' lang='lat' dir='ltr'>sic,</span> <span class='ocrx_word' id='word_1_1183' title='bbox 2411 3419 2487 3441; x_wconf 92' lang='lat' dir='ltr'>cum</span> <span class='ocrx_word' id='word_1_1184' title='bbox 2517 3410 2624 3440; x_wconf 91' lang='lat' dir='ltr'>nullus</span> 
     </span>
     <span class='ocr_line' id='line_1_78' title="bbox 445 3453 2624 3496; baseline 0.001 -13"><span class='ocrx_word' id='word_1_1185' title='bbox 445 3453 522 3493; x_wconf 89' lang='lat' dir='ltr'>quid</span> <span class='ocrx_word' id='word_1_1186' title='bbox 546 3454 631 3484; x_wconf 89' lang='lat' dir='ltr'>enim</span> <span class='ocrx_word' id='word_1_1187' title='bbox 654 3454 744 3484; x_wconf 90' lang='lat' dir='ltr'>decet</span> <span class='ocrx_word' id='word_1_1188' title='bbox 767 3454 894 3486; x_wconf 88' lang='lat' dir='ltr'>dantem</span> <span class='ocrx_word' id='word_1_1189' title='bbox 917 3455 990 3486; x_wconf 89' lang='lat' dir='ltr'>dare</span> <span class='ocrx_word' id='word_1_1190' title='bbox 1014 3457 1103 3496; x_wconf 92' lang='lat' dir='ltr'>quod</span> <span class='ocrx_word' id='word_1_1191' title='bbox 1126 3463 1233 3488; x_wconf 88' lang='lat' dir='ltr'>tamen</span> <span class='ocrx_word' id='word_1_1192' title='bbox 1255 3467 1323 3488; x_wconf 92' lang='lat' dir='ltr'>non</span> <span class='ocrx_word' id='word_1_1193' title='bbox 1346 3457 1441 3488; x_wconf 89' lang='lat' dir='ltr'>habet</span> <span class='ocrx_word' id='word_1_1194' title='bbox 1455 3466 1504 3487; x_wconf 89' lang='lat' dir='ltr'>re·</span> <span class='ocrx_word' id='word_1_1195' title='bbox 1558 3457 1707 3487; x_wconf 88' lang='lat' dir='ltr'>liberetur</span> <span class='ocrx_word' id='word_1_1196' title='bbox 1730 3465 1748 3486; x_wconf 92' lang='lat' dir='ltr'>a</span> <span class='ocrx_word' id='word_1_1197' title='bbox 1770 3464 1877 3495; x_wconf 88' lang='lat' dir='ltr'>poena</span> <span class='ocrx_word' id='word_1_1198' title='bbox 1899 3455 1959 3485; x_wconf 89' lang='lat' dir='ltr'>nisi</span> <span class='ocrx_word' id='word_1_1199' title='bbox 1982 3455 2021 3486; x_wconf 85' lang='lat' dir='ltr'>sit</span> <span class='ocrx_word' id='word_1_1200' title='bbox 2044 3455 2209 3485; x_wconf 87' lang='lat' dir='ltr'>absolutus</span> <span class='ocrx_word' id='word_1_1201' title='bbox 2227 3464 2245 3485; x_wconf 88' lang='lat' dir='ltr'>a</span> <span class='ocrx_word' id='word_1_1202' title='bbox 2264 3455 2368 3495; x_wconf 87' lang='lat' dir='ltr'>culpa,</span> <span class='ocrx_word' id='word_1_1203' title='bbox 2394 3455 2470 3495; x_wconf 87' lang='lat' dir='ltr'>quia</span> <span class='ocrx_word' id='word_1_1204' title='bbox 2492 3453 2624 3485; x_wconf 84' lang='lat' dir='ltr'>effectus</span> 
     </span>
    </p>

    <p class='ocr_par' dir='ltr' id='par_1_22' title="bbox 206 3497 2624 3585">
     <span class='ocr_line' id='line_1_79' title="bbox 207 3497 2624 3550; baseline 0.001 -24"><span class='ocrx_word' id='word_1_1205' title='bbox 207 3522 351 3550; x_wconf 69' lang='lat' dir='ltr'>¹1²rosolog.</span> <span class='ocrx_word' id='word_1_1206' title='bbox 367 3528 418 3550; x_wconf 78' lang='lat' dir='ltr'>cap.</span> <span class='ocrx_word' id='word_1_1207' title='bbox 446 3497 565 3546; x_wconf 78' lang='lat' dir='ltr'>cipiens</span> <span class='ocrx_word' id='word_1_1208' title='bbox 589 3497 731 3527; x_wconf 89' lang='lat' dir='ltr'>debiturn</span> <span class='ocrx_word' id='word_1_1209' title='bbox 753 3499 934 3538; x_wconf 90' lang='lat' dir='ltr'>recipiendi.</span> <span class='ocrx_word' id='word_1_1210' title='bbox 959 3500 999 3529; x_wconf 92' lang='lat' dir='ltr'>Et</span> <span class='ocrx_word' id='word_1_1211' title='bbox 1017 3501 1061 3530; x_wconf 88' lang='lat' dir='ltr'>sic</span> <span class='ocrx_word' id='word_1_1212' title='bbox 1084 3501 1201 3531; x_wconf 87' lang='lat' dir='ltr'>iustitia</span> <span class='ocrx_word' id='word_1_1213' title='bbox 1224 3501 1338 3532; x_wconf 92' lang='lat' dir='ltr'>dicitur</span> <span class='ocrx_word' id='word_1_1214' title='bbox 1360 3501 1504 3532; x_wconf 85' lang='lat' dir='ltr'>decentia</span> <span class='ocrx_word' id='word_1_1215' title='bbox 1558 3510 1627 3531; x_wconf 92' lang='lat' dir='ltr'>non</span> <span class='ocrx_word' id='word_1_1216' title='bbox 1647 3499 1869 3531; x_wconf 89' lang='lat' dir='ltr'>diminuuntur</span> <span class='ocrx_word' id='word_1_1217' title='bbox 1890 3508 1998 3540; x_wconf 88' lang='lat' dir='ltr'>neque</span> <span class='ocrx_word' id='word_1_1218' title='bbox 2021 3498 2177 3529; x_wconf 90' lang='lat' dir='ltr'>tolluntur</span> <span class='ocrx_word' id='word_1_1219' title='bbox 2199 3499 2260 3529; x_wconf 91' lang='lat' dir='ltr'>nisi</span> <span class='ocrx_word' id='word_1_1220' title='bbox 2284 3498 2440 3530; x_wconf 90' lang='lat' dir='ltr'>diminuta</span> <span class='ocrx_word' id='word_1_1221' title='bbox 2454 3498 2506 3529; x_wconf 90' lang='lat' dir='ltr'>vel</span> <span class='ocrx_word' id='word_1_1222' title='bbox 2522 3498 2624 3528; x_wconf 87' lang='lat' dir='ltr'>ablata</span> 
     </span>
     <span class='ocr_line' id='line_1_80' title="bbox 206 3540 2624 3585; baseline 0.001 -15"><span class='ocrx_word' id='word_1_1223' title='bbox 206 3555 231 3571; x_wconf 80' lang='lat' dir='ltr'>x.</span> <span class='ocrx_word' id='word_1_1224' title='bbox 446 3540 574 3571; x_wconf 81' lang='lat' dir='ltr'>dzvmae</span> <span class='ocrx_word' id='word_1_1225' title='bbox 588 3541 758 3572; x_wconf 81' lang='lat' dir='ltr'>bonitatis:</span> <span class='ocrx_word' id='word_1_1226' title='bbox 781 3543 862 3572; x_wconf 89' lang='lat' dir='ltr'>sicut</span> <span class='ocrx_word' id='word_1_1227' title='bbox 877 3543 1046 3574; x_wconf 89' lang='lat' dir='ltr'>Anselmus</span> <span class='ocrx_word' id='word_1_1228' title='bbox 1066 3544 1140 3575; x_wconf 89' lang='lat' dir='ltr'>dicit</span> <span class='ocrx_word' id='word_1_1229' title='bbox 1154 3546 1170 3561; x_wconf 47' lang='grc' dir='ltr'>ὓ</span> <span class='ocrx_word' id='word_1_1230' title='bbox 1195 3545 1283 3585; x_wconf 93' lang='lat' dir='ltr'>quod</span> <span class='ocrx_word' id='word_1_1231' title='bbox 1298 3545 1387 3576; x_wconf 89' lang='lat' dir='ltr'>Deus</span> <span class='ocrx_word' id='word_1_1232' title='bbox 1403 3545 1505 3576; x_wconf 82' lang='lat' dir='ltr'>iustus</span> <span class='ocrx_word' id='word_1_1233' title='bbox 1519 3557 1542 3578; x_wconf 81' lang='lat'>75</span> <span class='ocrx_word' id='word_1_1234' title='bbox 1559 3554 1670 3581; x_wconf 84' lang='lat' dir='ltr'>causa;</span> <span class='ocrx_word' id='word_1_1235' title='bbox 1695 3553 1752 3584; x_wconf 90' lang='lat' dir='ltr'>per</span> <span class='ocrx_word' id='word_1_1236' title='bbox 1768 3553 1865 3584; x_wconf 84' lang='lat' dir='ltr'>opera</span> <span class='ocrx_word' id='word_1_1237' title='bbox 1889 3548 1974 3574; x_wconf 84' lang='lat' dir='ltr'>extra</span> <span class='ocrx_word' id='word_1_1238' title='bbox 1990 3543 2151 3574; x_wconf 90' lang='lat' dir='ltr'>caritatem</span> <span class='ocrx_word' id='word_1_1239' title='bbox 2167 3542 2258 3580; x_wconf 87' lang='lat' dir='ltr'>facta,</span> <span class='ocrx_word' id='word_1_1240' title='bbox 2277 3543 2351 3584; x_wconf 88' lang='lat' dir='ltr'>quia</span> <span class='ocrx_word' id='word_1_1241' title='bbox 2366 3552 2474 3583; x_wconf 90' lang='lat' dir='ltr'>neque</span> <span class='ocrx_word' id='word_1_1242' title='bbox 2495 3542 2624 3583; x_wconf 80' lang='lat' dir='ltr'>culpam</span> 
     </span>
    </p>
   </div>
  </div>
 </body>
</html>
