2878 4088
164 247 172 256 ·
188 245 257 270 1bid..
272 245 281 271 5
296 250 315 266 2.

165 287 174 296 ·
191 285 255 307 νει-ι.
273 285 307 307 ι6.

159 1397 168 1405 ·
176 1395 228 1421 Dig.
238 1394 321 1421 XXIV,
333 1400 368 1421 ιιι,

158 1421 240 1443 Soluto
246 1423 359 1443 mamete.
366 1438 371 1448 ‚

160 1455 178 1475 1,
194 1454 213 1469 2.

157 1750 167 1759 ’
177 1748 213 1770 Cf.
226 1749 285 1770 Part.
299 1749 317 1775 Ι,
329 1755 367 1776 qu.

157 1781 229 1801 xxxxi,
240 1779 282 1797 art.
294 1783 317 1802 ις
328 1782 369 1803 qu.

157 1808 209 1829 nv,
225 1806 265 1823 art.
284 1802 306 1824 6.

157 2242 166 2251 ·
174 2239 225 2262 Cf.1
234 2239 306 2266 Sent„
315 2239 369 2261 dist.

155 2270 268 2292 xvunart.
278 2272 301 2293 3;
310 2266 369 2288 Part.

156 2294 242 2342 {dt-qap.
267 2299 353 2314 xxxvm
363 2310 369 2320 ‚

157 2909 165 2917 ·
182 2907 248 2930 Vers.
264 2908 285 2930 6.

159 3125 168 3134 ·
179 3123 217 3145 Pa.
233 3129 294 3151 niv,
309 3130 368 3146 vers.

160 3157 194 3177 14.

406 162 480 198 228
1058 162 1322 210 QUAESTIO
1352 160 1474 207 XCV,
1495 161 1789 201 ARTICULUS
1817 165 1858 211 11,
1880 165 1926 202 III

396 245 535 281 propter
557 241 686 280 nuptias
701 242 727 270 *.
759 241 800 271 Et
830 240 1010 272 secundum
1039 242 1126 272 hunc
1149 241 1286 272 modum
1317 241 1470 280 accipitur
1526 240 1609 271 dicta
1625 243 1642 258 *
1664 247 1761 282 patet,
1786 242 1845 273 dos
1868 247 1916 274 est
1939 248 2075 275 ornatus
2098 245 2282 276 animaeet
2302 246 2450 286 corporis
2473 246 2507 277 in
2538 255 2591 277 ae-
2619 260 2629 271 ·
2643 260 2694 282 Ast.
2709 261 2815 288 praeced.

403 284 461 315 dos
486 285 527 314 111
551 285 631 326 Reg.
649 295 680 315 rx
696 286 723 320 ’ζ
747 285 803 315 ubi
827 285 943 316 dicitur
966 285 1056 326 quod
1071 286 1212 322 Pharao,
1229 286 1301 316 Rex
1316 284 1468 326 Aegypti,
1524 290 1617 315 terna
1641 286 1837 317 beatitudine
1861 287 1982 328 iugiter
1998 297 2225 328 perseverans.
2258 289 2323 320 Sed
2349 290 2514 322 beatitudo
2545 296 2597 322 eatv

402 329 485 368 cepit
516 329 637 370 Gazer,
663 334 694 359 et
723 329 811 359 dedit
833 330 865 359 in
890 330 996 360 dotem
1009 330 1108 371 filiae
1136 340 1215 361 suae
1249 329 1347 360 uxori
1376 329 1469 359 Salo·
1524 330 1649 360 animae
1674 330 1805 370 quidam
1829 336 1960 361 ornatus
1984 333 2061 362 eius.
2087 332 2172 372 Ergo
2196 333 2360 364 beatitudo
2382 339 2431 365 est
2452 334 2522 373 dos.

403 373 517 403 monis.
541 390 564 395 -
587 373 655 404 Nec
685 379 796 404 contra
824 374 890 404 hoc
922 374 1043 406 faciunt
1075 375 1278 405 auctoritates
1308 373 1466 404 inductae.
1581 383 1610 404 2.
1635 374 1831 410 Primnum,
1856 374 1915 405 dos
1939 375 2054 406 dicitur
2076 376 2156 407 illud
2178 386 2235 417 per
2259 377 2349 418 quod
2372 387 2490 418 sponsa
2505 377 2590 409 dele-

402 417 558 455 Quamvis
582 418 668 448 enim
692 417 783 448 dotes
807 428 825 448 a
846 424 978 459 parente
1001 419 1128 459 puellae
1152 423 1389 449 consueverunt
1421 426 1468 448 as-
1491 424 1500 444 ⁵
1524 418 1678 448 ctabiliter
1700 427 1821 459 sponso
1846 420 2051 460 coniungitur
2065 422 2093 450 θ.
2117 420 2180 452 Sed
2195 421 2230 451 in
2249 421 2404 462 spirituali
2425 423 2590 453 matrimo-
2618 432 2628 442 ·
2642 431 2694 453 Ari.
2713 431 2830 459 praeced,

402 462 536 501 signari,
561 467 668 492 tamen
699 462 897 503 quandoque
930 464 1086 503 contingit
1117 462 1206 503 quod
1236 471 1393 502 sponsuS‚
1418 461 1468 491 vel
1522 463 1578 492 nio
1603 462 1768 493 beatitudo
1793 468 1840 493 est
1862 463 2059 495 huiusmodi.
2084 465 2170 505 Ergo
2194 465 2359 496 beatitudo
2384 471 2431 497 est
2454 466 2522 497 dos.
2617 457 2646 479 ⁸⁴¹
2660 463 2680 486 ³·

401 511 490 545 pater
513 507 633 546 sponsi,
651 507 788 547 assignet
804 506 895 538 dotes
910 508 980 538 vice
996 508 1092 547 patris
1108 507 1244 547 puellae.
1269 505 1369 544 Quod
1390 515 1468 535 con·
1579 507 1609 537 3.
1633 507 1830 544 Parui-amu,
1849 508 1941 544 visio,
1965 508 2146 540 secundum
2167 509 2388 550 Augustinum
2402 511 2430 546 *‚
2453 516 2501 541 est
2521 515 2591 540 tota
2618 522 2830 550 ·1n1>2a1m.xcn,

401 550 494 590 tingit
518 550 696 591 dupliciter.
720 551 780 581 Vel
803 561 863 591 pro
887 553 989 582 nimio
1006 551 1121 581 affectu
1137 551 1176 581 ad
1195 560 1361 591 sponsam:
1386 550 1468 580 sicut
1522 551 1697 582 substantia
1727 551 1941 583 beatitudinis.
1972 552 2036 583 Sed
2064 553 2146 584 visio
2175 555 2309 594 ponitur
2340 564 2405 585 una
2436 554 2478 586 de
2506 553 2590 585 doti-
2617 555 2758 577 ’Μ’-’ΒΨ
2774 556 2807 579 ¹³·

402 593 462 624 fuit
486 594 526 625 de
548 595 682 632 Hemor,
706 596 763 636 qui
786 596 890 626 voluit
906 597 1063 636 assignare
1080 595 1200 631 dotem,
1218 604 1316 635 quam
1333 594 1468 625 debebat
1522 596 1582 626 bus
1598 596 1624 625 “.
1650 596 1735 635 Ergo
1758 596 1924 627 beatitudo
1947 602 1995 627 est
2017 596 2086 628 dos.
2618 611 2628 622 ·
2642 611 2694 633 Αη,
2708 617 2728 639 5-

402 639 556 679 accipere‚
581 645 713 680 propter
736 640 960 671 vehementem
984 649 1129 670 amorem
1151 639 1206 670 filii
1232 640 1281 670 sui
1305 638 1344 669 ad
1376 638 1467 679 puel·
1483 649 1508 663 1⁰
1577 649 1609 678 4.
1633 640 1831 677 Pium-mma,
1854 640 1963 671 fruitio
1987 641 2118 672 beatum
2142 641 2226 672 facit.
2259 643 2388 674 Fruitio
2412 648 2521 674 autem
2543 647 2591 673 est

401 683 476 713 lam.
500 683 560 714 Vel
582 684 647 714 hoc
670 683 706 714 fit
729 685 762 715 in
784 694 926 724 poenam
949 685 1078 724 sponsi,
1103 689 1139 714 ut
1161 684 1275 724 virgini
1298 693 1316 714 a
1339 693 1373 714 se
1397 692 1467 713 cor·
1522 683 1581 714 dos
1597 685 1623 714 ’ἦ
1649 684 1735 725 Ergo
1759 684 1819 715 dos
1842 685 1972 716 beatum
1995 685 2080 716 facit.
2105 686 2214 716 Et'sic
2229 687 2394 718 beatitudo
2411 692 2459 718 est
2472 686 2543 718 dos.
2617 698 2628 709 ·
2642 697 2702 720 naid.

400 733 514 767 ruptae
538 727 648 758 dotem
679 728 718 759 de
749 738 808 759 suo
841 730 994 769 assignet,
1020 738 1117 769 quam
1141 734 1230 768 pater
1253 727 1380 768 puellae
1413 727 1467 758 de·
1579 728 1608 759 5.
1625 728 1822 765 Pium-uana,
1846 729 2026 760 secundum
2048 730 2215 767 Boetium,
2239 731 2274 762 in
2295 731 2378 762 libro
2401 731 2441 762 de
2465 731 2589 762 Conso-

401 772 513 802 buerat
535 773 703 812 assignare.
729 773 770 803 Et
793 774 827 803 in
849 774 912 804 hoc
937 783 1012 803 casu
1035 773 1180 813 loquitur
1204 773 1333 813 Moyses
1356 773 1390 802 in
1411 781 1467 802 au·
1522 773 1645 803 latione
1659 774 1685 810 *‚
1711 773 1875 805 beatitudo
1899 780 1946 805 est
1968 779 2072 805 status
2095 775 2239 806 omnium
2262 776 2422 806 bonorum
2451 785 2589 818 congre-
2617 776 2830 817 ·1„ib.m,pm.1i.

402 817 546 846 ctoritate
570 816 709 846 inducta.
1520 818 1656 858 gatione
1672 819 1850 860 perfectus.
1875 818 1938 850 Sed
1961 824 2060 850 status
2083 819 2251 850 beatorum
2274 819 2439 860 perficitur
2463 829 2502 851 ex
2531 819 2589 850 do-

467 860 508 890 Et
530 860 615 896 ideo,
640 860 820 891 secundum
844 861 933 897 alios,
959 860 1133 892 dicendum
1157 867 1204 892 est
1227 860 1316 901 quod
1347 860 1407 891 dos
1433 861 1466 890 in
1483 869 1505 890 ις
1521 862 1615 892 tibus.
1636 862 1722 902 Ergo
1747 863 1838 894 dotes
1861 868 1936 894 sunt
1958 863 2162 894 beatitudinis
2185 870 2300 905 partes.

399 905 606 934 matrimonio
631 905 790 944 corporali
813 906 943 944 proprie
967 905 1082 935 dicitur
1104 905 1235 945 quando
1257 905 1348 935 datur
1364 905 1402 935 ab
1418 905 1467 934 his
1577 906 1639 936 San
1664 916 1798 943 CONTRA,
1823 907 1881 938 dos
1905 907 1996 938 datur
2019 909 2088 939 sine
2106 909 2236 939 meritis.
2261 908 2325 940 Sed
2340 907 2505 939 beatitudo
2520 918 2589 940 non

400 949 455 988 qui
479 953 553 978 sunt
572 957 610 978 ex
633 953 722 988 parte
745 948 887 979 mulieris
910 949 959 978 his
983 950 1037 988 qui
1062 954 1137 979 sunt
1161 958 1199 979 ex
1222 954 1310 989 parte
1333 949 1402 985 viri,
1427 948 1467 978 ad
1521 949 1623 986 datm,
1648 950 1704 981 sed
1726 951 1877 982 redditur.
1902 952 1987 992 Ergo
2011 952 2176 983 beatitudo
2199 962 2268 984 non
2292 958 2340 984 est
2362 953 2431 984 dos.

399 991 604 1022 sustentanda
628 1001 726 1023 onera
748 993 956 1028 matrimonii,
981 998 1016 1022 ut
1040 991 1163 1023 dictum
1186 998 1242 1022 est.
1578 1003 1606 1024 2.
1631 994 1827 1032 Pmmnm,
1853 996 2018 1027 beatitudo
2050 1002 2097 1027 est
2125 1007 2191 1028 una
2213 1003 2350 1028 tantum.
2381 998 2482 1028 Dotes
2509 1007 2588 1028 vero

454 1035 518 1066 Sed
532 1041 610 1066 tunc
633 1042 777 1067 remanet
800 1036 978 1072 difficultas,
996 1036 1166 1076 quomodo
1190 1037 1269 1067 haec
1294 1037 1464 1076 assignatio
1520 1043 1595 1067 sunt
1618 1038 1726 1077 plures
1742 1040 1769 1069 ὓ.
1794 1040 1880 1080 Ergo
1904 1040 2069 1071 beatitudo
2093 1051 2162 1072 non
2185 1047 2232 1072 est
2255 1041 2326 1072 dos.
2617 1051 2739 1080 sam-5.-

398 1081 499 1120 possit
523 1080 622 1120 aptari
646 1080 686 1111 ad
715 1081 939 1121 propositum:
972 1090 1048 1111 cum
1083 1086 1213 1111 ornatus
1246 1080 1302 1121 qui
1335 1081 1466 1111 suntin
1480 1088 1507 1103 ²⁰
1577 1081 1607 1111 3.
1635 1081 1840 1119 Pani-nam,
1874 1084 2039 1115 beatitudo
2073 1086 2157 1116 inest
2189 1086 2316 1116 homini
2348 1086 2529 1117 secundum
2554 1086 2589 1117 id

398 1124 603 1160 beatitudine,
621 1124 735 1155 dentur
751 1134 888 1165 sponsae
911 1125 1067 1165 spirituali
1083 1135 1101 1155 a
1116 1130 1205 1165 parte
1222 1125 1342 1165 sponsi.
1366 1124 1467 1162 Quod
1521 1125 1612 1165 quod
1635 1131 1682 1156 est
1704 1128 1910 1167 potissimum
1933 1129 1967 1158 in
1991 1138 2041 1164 eo,
2065 1134 2102 1159 ut
2125 1129 2240 1160 dicitur
2262 1130 2395 1161 IEthic.
2411 1131 2428 1148 ⁴*
2451 1130 2516 1162 Sed
2529 1130 2589 1161 dos
2617 1138 2688 1161 ·ub.-
2709 1132 2829 1166 «σιμνίι,
2874 1137 2876 1140 ’

397 1168 650 1199 manifestabitur
673 1169 899 1209 respondendo
924 1169 964 1200 ad
988 1175 1185 1210 argumenta.
1521 1170 1618 1200 etiam
1640 1171 1674 1201 in
1698 1180 1835 1212 corpore
1858 1173 1999 1212 ponitur.
2024 1173 2110 1213 Ergo
2127 1173 2186 1204 dos
2205 1179 2237 1204 et
2251 1174 2416 1205 beatitudo
2431 1184 2501 1206 non
2515 1180 2590 1206 sunt
2616 1165 2828 1218 ssjlbfi‘ffi,i‚¹⁰⁰¹1

453 1213 503 1243 An
532 1223 649 1243 panum
677 1224 760 1244 aizoo
789 1224 949 1244 mmmmm
972 1213 1063 1254 quod
1086 1213 1194 1250 dotes,
1220 1213 1367 1254 quamvis
1390 1213 1465 1243 assi·
1520 1213 1617 1245 idem.
2616 1223 2743 1267 &⁸2¹5
2757 1224 2776 1240 ⁸-

397 1263 535 1298 gnentur
558 1267 679 1298 sponso
710 1259 743 1288 in
775 1259 891 1288 carnali
923 1259 1130 1289 matrimonio
1156 1258 1196 1289 ad
1218 1267 1333 1294 usum,
1357 1263 1466 1288 tamen
1575 1259 1768 1290 stpomsao
1798 1270 1960 1292 metuntur
1982 1261 2072 1302 quod
2095 1262 2179 1292 circa
2201 1262 2266 1292 hoc
2293 1268 2340 1293 est
2369 1262 2489 1303 duplex
2518 1264 2590 1304 opi·

396 1303 573 1342 proprietas
597 1307 628 1333 et
652 1302 834 1333 dominium
857 1304 995 1343 pertinet
1018 1302 1058 1333 ad
1081 1312 1249 1343 sponsam:
1274 1302 1364 1343 quod
1379 1307 1467 1343 patet
1481 1313 1505 1333 ις
1520 1303 1587 1334 nio.
1612 1303 1755 1341 Quidam
1785 1306 1872 1335 enim
1905 1305 2017 1337 dicunt
2047 1305 2138 1346 quod
2166 1306 2332 1338 beatitudo
2365 1312 2398 1337 et
2426 1306 2486 1338 dos
2514 1313 2591 1339 sunt

398 1356 436 1376 ex
458 1347 522 1377 hoc
546 1346 651 1387 quod,
676 1347 784 1378 soluto
807 1348 1034 1384 matrimonio,
1059 1347 1118 1378 dos
1142 1353 1285 1378 remanet
1312 1356 1465 1387 sponsae,
1520 1347 1607 1378 idem
1629 1357 1674 1385 re,
1697 1348 1754 1379 sed
1777 1348 1928 1380 differunt
1949 1351 2090 1381 ran'one:
2115 1351 2191 1391 quia
2206 1350 2266 1382 dos
2284 1351 2412 1391 respicit
2426 1351 2590 1392 spirituale

396 1391 576 1422 secundum
598 1392 667 1422 iura
683 1393 709 1422 *.
741 1392 782 1422 Et
812 1393 858 1422 sic
890 1393 987 1422 etiam
1016 1393 1049 1422 in
1081 1392 1288 1422 matrimonio
1312 1391 1466 1432 spirituali
1520 1393 1764 1424 matrimonium
1787 1393 1878 1434 quod
1908 1399 1955 1424 est
1984 1395 2067 1425 inter
2090 1394 2255 1426 Christum
2279 1401 2310 1426 et
2337 1396 2497 1433 animam,
2520 1405 2590 1428 non

396 1436 457 1476 ipsi
481 1442 611 1466 ornatus
635 1437 690 1476 qui
715 1446 852 1476 sponsae
875 1437 1031 1476 spirituali
1054 1436 1178 1473 dantur,
1203 1437 1324 1467 scilicet
1354 1435 1466 1466 Eccle-
1520 1442 1629 1468 autem
1652 1437 1828 1469 beatitudo.
1853 1457 1875 1461 -
1897 1438 1961 1469 Sed
1983 1439 2047 1470 hoc
2070 1449 2139 1470 non
2162 1445 2270 1480 potest
2292 1449 2371 1476 esse,
2390 1440 2588 1472 ut-videtutz

397 1481 461 1510 siae
483 1481 517 1510 in
541 1481 692 1511 membris
716 1481 791 1517 suis,
815 1486 890 1511 sunt
913 1480 1045 1521 quidem
1068 1481 1168 1521 ipsius
1191 1481 1302 1521 sponsi
1329 1481 1466 1520 inquan-
1521 1491 1598 1512 cum
1620 1482 1786 1513 beatitudo
1808 1483 1844 1513 in
1867 1484 2056 1524 operatione
2075 1485 2242 1521 consistat3
2268 1484 2327 1515 dos
2343 1490 2451 1516 autem
2465 1494 2534 1516 non
2547 1485 2590 1519 sit

397 1530 467 1555 tum
491 1524 531 1555 ad
554 1526 622 1556 eius
644 1525 780 1565 gloriam
804 1531 835 1556 et
857 1526 1017 1556 honorem
1041 1525 1169 1562 cedunt,
1187 1525 1243 1556 sed
1266 1534 1402 1566 sponsae
1418 1525 1466 1555 in-
1481 1535 1507 1556 ³⁰
1521 1527 1677 1567 operatio,
1702 1526 1758 1557 sed
1780 1527 1882 1568 magis
1904 1528 1944 1558 sit
1967 1528 2102 1568 qualitas
2117 1529 2169 1559 vel
2185 1528 2352 1569 dispositio
2374 1529 2544 1570 quaedam.

398 1575 555 1610 quantum
578 1579 635 1610 per
660 1579 711 1600 eas
736 1575 876 1600 ornatur.
1576 1571 1618 1601 Et
1639 1570 1725 1608 ideo,
1749 1571 1930 1602 secundum
1954 1573 2042 1609 alios,
2068 1572 2241 1604 dicendum
2265 1573 2355 1614 quod
2377 1573 2590 1606 beatitudoet

451 1614 502 1644 Ab
520 1624 682 1645 sacrmmm
697 1624 858 1645 DICENDUM
874 1614 965 1655 quod
979 1615 1071 1645 Pater
1087 1614 1215 1654 Sponsi,
1233 1614 1352 1645 scilicet
1373 1613 1466 1644 Chri·
1519 1614 1580 1646 dos
1603 1616 1700 1646 etiam
1722 1616 1847 1647 realiter
1862 1615 2030 1648 differunt:
2055 1622 2091 1648 ut
2106 1617 2271 1648 beatitudo
2287 1617 2411 1649 dicatur
2425 1619 2495 1659 ipsa
2509 1627 2589 1660 upa

396 1659 446 1695 sti,
471 1664 518 1689 est
541 1659 609 1689 sola
632 1668 770 1699 persona
792 1659 908 1689 Patris:
934 1665 1023 1699 pater
1047 1664 1155 1690 autem
1179 1668 1315 1699 sponsae
1332 1664 1379 1689 est
1398 1663 1466 1688 tota
1519 1661 1599 1690 ratio
1615 1660 1757 1700 perfecta
1773 1670 1837 1701 qua
1853 1661 1959 1691 anima
1973 1662 2065 1692 beata
2081 1662 2152 1692 Deo
2177 1662 2400 1702 coniungitur;
2425 1662 2481 1694 sed
2496 1662 2589 1695 dotet

397 1703 544 1733 Trinitas.
570 1703 711 1734 Effectus
735 1709 844 1734 autem
867 1704 900 1734 in
924 1704 1074 1734 creaturis
1098 1703 1138 1734 ad
1157 1709 1259 1734 totam
1275 1703 1465 1733 Trinitatem
1519 1703 1670 1735 dicuntur
1692 1705 1818 1735 habitus
1841 1705 1893 1735 vel
1916 1705 2151 1746 dispositiones,
2175 1706 2227 1736 vel
2250 1716 2478 1748 quaecumque
2507 1707 2588 1739 aliae

396 1748 556 1787 pertinent
568 1748 594 1778 ’ἢ
613 1747 707 1779 Unde
722 1747 910 1778 huiusmodi
926 1748 1017 1778 dotes
1029 1749 1062 1779 in
1075 1748 1231 1788 spirituali
1246 1747 1463 1783 matrimonio,
1481 1760 1503 1780 ³5
1519 1749 1697 1788 qualitates,
1721 1758 1805 1789 quae
1829 1749 2016 1780 ordinantur
2038 1750 2079 1780 ad
2101 1750 2287 1781 huiusmodi
2310 1751 2486 1791 perfectam
2508 1761 2588 1793 ope·

397 1793 526 1832 proprie
549 1792 731 1832 loquendo,
754 1793 855 1832 magis
879 1792 993 1823 dantur
1016 1802 1034 1822 a
1057 1798 1146 1833 patre
1169 1801 1306 1833 sponsae
1330 1801 1428 1832 quam
1448 1801 1465 1822 a
1518 1794 1693 1830 rationem;
1718 1798 1754 1824 ut
1785 1794 1831 1824 sic
1860 1793 1952 1824 dotes
1983 1794 2171 1825 ordinentur
2198 1794 2238 1825 ad
2262 1795 2494 1827 beatitudinem
2518 1805 2588 1828 ma·

397 1837 488 1867 Patre
512 1836 639 1876 Sponsi.
1518 1838 1566 1877 gis
1590 1847 1688 1878 quam
1712 1838 1774 1868 sint
1795 1838 1830 1868 in
1853 1838 2049 1869 beatitudine
2071 1845 2109 1869 ut
2130 1844 2235 1879 partes
2259 1840 2337 1870 eius.

451 1880 514 1912 Sed
537 1886 645 1912 tamen
668 1881 747 1911 haec
764 1880 904 1917 collatio,
922 1881 1069 1921 quamvis
1085 1881 1124 1911 ab
1146 1881 1298 1911 omnibus
1313 1881 1463 1911 Personis
1573 1882 1625 1912 An
1648 1892 1766 1912 numm
1788 1892 1871 1912 ERGO
1896 1891 2055 1915 mmmmm
2087 1883 2178 1923 quod
2200 1883 2376 1920 beatitudo,
2391 1885 2586 1925 proprielo·

396 1925 460 1962 fiat,
485 1925 617 1965 singulis
640 1925 788 1955 Personis
811 1930 919 1965 potest
942 1925 1140 1965 appropriari
1163 1935 1220 1965 per
1236 1925 1378 1965 aliquem
1393 1934 1464 1955 mo·
1519 1926 1662 1966 quendo,
1685 1936 1754 1956 non
1777 1931 1824 1957 est
1847 1927 1973 1957 animae
1996 1933 2137 1963 ornatus,
2162 1927 2219 1958 sed
2242 1933 2289 1958 est
2300 1928 2426 1968 aliquid
2441 1929 2532 1969 quod
2547 1939 2587 1962 ex

396 1970 484 2000 dum.
509 1970 668 2000 Personae
692 1969 825 2009 quidem
848 1969 947 1999 Patris
971 1975 1007 1999 ut
1031 1969 1135 2000 danti:
1161 1970 1237 2010 quia
1259 1969 1292 1999 in
1316 1970 1387 2009 ipso
1418 1974 1465 2000 est
1478 1981 1505 2001 ⁴⁰
1519 1975 1635 2001 ornatu
1658 1971 1783 2001 animae
1806 1972 1972 2011 provenit:
1998 1981 2074 2002 cum
2095 1973 2136 2002 sit
2159 1973 2304 2012 operatio
2332 1972 2510 2013 quaedam,
2534 1983 2587 2005 or-

396 2014 583 2050 auctoritas3
610 2014 639 2044 ei
662 2014 758 2044 etiam
781 2014 952 2054 paternitas
975 2019 1124 2053 respectu
1154 2018 1316 2044 creaturae
1347 2022 1464 2054 appro-
1518 2020 1611 2045 natus
1634 2024 1711 2045 vero
1735 2014 1852 2045 dicitur
1875 2015 1989 2056 aliquis
2013 2015 2111 2046 decor
2132 2017 2234 2056 ipsius
2255 2017 2349 2048 beati.

396 2059 532 2099 priatur;
564 2064 600 2089 ut
628 2058 672 2088 sic
703 2057 790 2088 idem
814 2058 853 2088 sit
876 2058 968 2088 Pater
998 2057 1117 2098 Sponsi
1141 2064 1172 2088 et
1195 2067 1342 2098 sponsae.
1379 2057 1462 2088 Filio
1573 2060 1624 2089 An
1649 2069 1812 2089 sacunnun
1838 2069 1999 2090 nrcannuu
2029 2060 2119 2100 quod
2142 2060 2307 2091 beatitudo
2329 2071 2399 2092 non
2422 2061 2587 2094 ordinatur

395 2113 472 2133 vero
497 2103 720 2143 appropriatur
742 2103 936 2142 inquantum
960 2108 1092 2143 propter
1114 2103 1222 2143 ipsum
1239 2108 1270 2132 et
1285 2112 1342 2142 per
1357 2103 1464 2142 ipsum
1519 2103 1558 2134 ad
1582 2104 1863 2140 coniunctionem,
1888 2104 1944 2134 sed
1968 2109 2014 2134 est
2043 2105 2113 2144 ipsa
2145 2105 2332 2136 coniunctio
2362 2106 2488 2138 animae
2510 2116 2586 2138 cum

397 2148 520 2178 dantur.
545 2147 608 2178 Sed
633 2147 763 2188 Spiritui
788 2147 905 2178 Sancto
930 2148 1123 2187 inquantum
1147 2148 1180 2178 in
1203 2147 1275 2187 ipso
1300 2152 1331 2177 et
1350 2156 1464 2177 secun·
1519 2148 1658 2185 Christo,
1683 2158 1767 2188 quae
1790 2153 1838 2178 est
1860 2157 1918 2188 per
1941 2150 2174 2189 operationem.
2199 2149 2262 2180 Sed
2285 2149 2377 2181 dotes
2399 2156 2474 2182 sunt
2501 2150 2587 2183 dona

397 2192 476 2223 dum
508 2193 617 2232 ipsum
651 2191 784 2223 dantur:
821 2201 911 2222 amor
944 2192 1031 2222 enim
1063 2197 1110 2222 est
1144 2192 1250 2222 omnis
1281 2191 1464 2222 donationis
1478 2203 1502 2223 ις
1519 2192 1723 2233 disponentia
1745 2192 1786 2223 ad
1809 2192 1996 2224 huiusmodi
2020 2194 2296 2224 coniunctionem.

396 2238 476 2268 ratio
494 2238 520 2267 ’ἦ
1573 2238 1624 2268 An
1649 2247 1783 2268 ”tuarum
1806 2247 1967 2268 memnon
1991 2237 2081 2278 quod
2103 2238 2184 2269 visio
2209 2237 2379 2279 dupliciter
2404 2244 2512 2280 potest
2532 2249 2587 2272 ae·

452 2282 502 2312 An
534 2291 668 2312 ram-nm
701 2290 860 2311 memnon
891 2280 980 2321 quod
1013 2280 1142 2311 dotibus
1171 2290 1228 2321 per
1255 2290 1289 2311 se
1313 2280 1465 2311 convenit
1519 2282 1594 2322 cipi.
1618 2282 1694 2313 Uno
1717 2281 1838 2318 modo,
1863 2282 2040 2318 actualiter,
2064 2282 2146 2313 idest
2167 2292 2228 2322 pro
2251 2283 2323 2323 ipso
2346 2288 2420 2314 actu
2443 2285 2586 2316 visionis.

396 2325 476 2357 illud
499 2325 590 2366 quod
613 2335 670 2366 per
694 2325 784 2356 dotes
809 2325 954 2362 efficitur,
979 2325 1099 2356 scilicet
1122 2326 1272 2356 solatium
1301 2326 1464 2356 matrimo-
1518 2326 1560 2357 Et
1583 2327 1628 2357 sic
1650 2327 1732 2357 visio
1755 2336 1823 2357 non
1847 2332 1894 2357 est
1918 2326 1993 2363 dos,
2018 2326 2075 2357 sed
2097 2332 2144 2357 est
2166 2327 2236 2367 ipsa
2266 2327 2442 2359 beatitudo.
2465 2346 2489 2352 -
2510 2329 2586 2361 Alio

396 2371 459 2401 nii:
484 2371 540 2401 sed
563 2380 620 2411 per
643 2369 791 2400 accidens
814 2369 894 2400 illud
918 2370 1008 2410 quod
1031 2379 1088 2410 per
1111 2379 1164 2400 eas
1187 2375 1380 2406 removetur,
1404 2370 1464 2400 sci·
1518 2370 1620 2402 modo
1643 2376 1751 2412 potest
1774 2371 1876 2411 accipi
1898 2371 2116 2408 habitualiter,
2139 2370 2223 2402 idest
2243 2380 2304 2412 pro
2326 2372 2438 2403 habitu
2467 2382 2486 2404 a
2517 2382 2586 2414 quo

396 2415 470 2446 licet
493 2425 576 2446 onus
604 2415 817 2451 matrimonii,
842 2414 932 2455 quod
961 2424 1019 2455 per
1049 2414 1140 2445 dotes
1171 2414 1354 2451 alleviatur3
1383 2415 1466 2445 sicut
1479 2425 1505 2446 ςο
1517 2415 1588 2446 talis
1612 2416 1758 2456 operatio
1782 2415 1916 2452 elicitur,
1940 2415 2022 2446 idest
2043 2425 2103 2456 pro
2126 2416 2196 2456 ipsa
2217 2416 2339 2456 gloriae
2355 2417 2505 2454 claritate,
2521 2426 2587 2459 qua

395 2461 512 2500 gratiae
537 2460 688 2490 convenit
709 2469 768 2499 per
791 2469 824 2490 se
847 2458 952 2489 facere
985 2460 1124 2496 iustum,
1147 2458 1204 2489 sed
1232 2468 1291 2499 per
1317 2459 1464 2490 accidens
1519 2461 1625 2490 anima
1648 2460 1800 2491 divinitus
1822 2460 1997 2491 illustratur
2020 2460 2060 2491 ad
2083 2461 2191 2491 Deum
2211 2460 2398 2492 videndum.
2422 2461 2464 2492 Et
2478 2462 2524 2493 sic
2539 2467 2587 2494 est

397 2503 487 2545 quod
503 2503 542 2534 de
558 2505 660 2544 impio
681 2503 774 2534 faciat
790 2504 920 2534 iustum.
942 2503 1098 2541 Quamvis
1115 2513 1191 2543 ergo
1207 2504 1241 2534 in
1257 2504 1463 2534 matrimonio
1518 2504 1588 2541 dos,
1613 2510 1644 2535 et
1667 2505 1862 2545 principium
1885 2505 2103 2542 beatitudinis3
2126 2515 2196 2536 non
2218 2511 2328 2536 autem
2351 2511 2399 2537 ωε
2419 2507 2489 2547 ipsa
2511 2507 2586 2538 bn-

396 2548 551 2589 spirituali
573 2558 642 2579 non
665 2549 728 2579 sint
751 2548 858 2588 aliqua
881 2557 989 2584 onera,
1015 2554 1062 2578 est
1084 2553 1193 2578 tamen
1215 2549 1259 2578 ibi
1275 2557 1400 2578 summa
1416 2549 1464 2578 iu-
1517 2549 1632 2580 titudo.

397 2592 552 2624 cunditas.
569 2593 611 2623 Et
623 2592 663 2623 ad
677 2593 761 2623 hanc
773 2591 1002 2632 perficiendam
1014 2592 1246 2623 iucunditatem
1259 2592 1350 2623 dotes
1366 2602 1464 2633 spon·
1574 2594 1615 2624 Et
1638 2594 1782 2624 similiter
1805 2593 1980 2625 dicendum
2003 2593 2043 2624 ad
2066 2599 2218 2634 quartum
2241 2594 2282 2625 de
2305 2595 2467 2626 fruitione.

397 2647 449 2668 sae
473 2636 693 2673 conferuntur,
716 2642 753 2667 ut
775 2637 896 2667 scilicet
919 2637 1146 2668 delectabiliter
1173 2647 1230 2678 per
1260 2647 1312 2667 eas
1342 2647 1463 2678 sponso
1479 2651 1502 2672 ςς
1574 2639 1624 2668 An
1650 2648 1790 2669 amm-tm
1820 2648 1981 2668 mmmmm
2012 2638 2102 2678 quod
2129 2638 2294 2670 beatitudo
2325 2639 2447 2680 colligit
2476 2640 2586 2671 omnia

398 2682 620 2721 coniungatur.
1518 2683 1604 2713 bona
1627 2692 1695 2713 non
1726 2683 1816 2723 quasi
1847 2688 1951 2723 partes
1983 2684 2138 2714 essentiae
2167 2683 2390 2720 beatitudinis,
2414 2683 2471 2715 sed
2494 2684 2586 2725 quasi

451 2726 502 2756 An
528 2735 676 2756 austrum
699 2735 859 2755 nrcaNmm
890 2725 980 2765 quod
1007 2725 1099 2756 dotes
1128 2735 1196 2756 non
1227 2731 1465 2757 consueverunt
1519 2728 1628 2768 aliquo
1652 2727 1752 2758 modo
1776 2727 1815 2758 ad
1839 2727 2071 2758 beatitudinem
2095 2727 2250 2759 ordinata.

397 2771 548 2810 assignari
571 2779 708 2810 sponsae
732 2769 863 2810 quando
888 2770 1109 2810 desponsatur,
1134 2769 1190 2801 sed
1210 2771 1340 2810 quando
1355 2772 1389 2801 in
1406 2771 1464 2802 do-

397 2825 488 2845 mum
511 2815 621 2855 sponsi
644 2813 819 2845 traducitur
843 2820 879 2844 ut
901 2815 1150 2855 praesentialiter
1166 2824 1322 2855 sponsum
1338 2816 1462 2846 habeat.

397 2859 550 2897 Quandiu
574 2864 682 2890 autem
705 2859 738 2889 in
762 2859 821 2889 hac
844 2859 909 2889 vita
931 2869 1053 2895 sumus,
1072 2860 1330 2901 peregrinamur
1351 2870 1372 2891 a
1394 2860 1464 2891 Do·
1477 2867 1504 2887 60
1583 2870 1603 2890 D
1625 2869 1760 2890 Taarnm
1780 2870 1825 2890 s1c
1845 2869 2051 2890 Paocanrrtm.
2077 2859 2212 2890 Videtur
2235 2859 2325 2900 quod
2345 2859 2474 2891 Christo
2492 2868 2584 2891 com-

397 2904 495 2939 mino,
520 2903 547 2934 11
566 2904 642 2934 Cor.
660 2914 679 2933 v
695 2904 721 2934 *.
747 2903 788 2934 Et
810 2903 884 2934 ideo
909 2903 995 2934 dona
1019 2913 1102 2944 quae
1126 2905 1241 2934 sanctis
1265 2905 1298 2935 in
1321 2905 1380 2935 hac
1401 2905 1463 2935 vita
1519 2871 1670 2945 Apetat
1693 2905 1810 2935 habere
1838 2904 1939 2935 dotes.
1968 2904 2076 2935 Sancti
2099 2905 2186 2935 enim
2214 2904 2343 2935 Christo
2366 2913 2424 2945 per
2448 2903 2584 2944 gloriam

397 2948 616 2984 conferuntur,
632 2957 700 2978 non
716 2947 867 2978 dicuntur
883 2948 990 2979 dotes:
1015 2948 1071 2979 sed
1086 2948 1139 2979 illa
1155 2958 1238 2989 quae
1255 2949 1464 2980 conferuntur
1518 2949 1822 2979 conformabuntur:
1847 2948 1934 2980 unde
1951 2948 2066 2979 dicitur
2080 2949 2196 2989 Philip.
2211 2959 2247 2979 m
2262 2950 2296 2979 *t
2315 2948 2381 2985 Qui
2392 2947 2585 2990 reformabit
2612 2952 2622 2963 ·
2637 2950 2704 2974 Vm.
2719 2956 2756 2974 ²¹·

397 2994 441 3023 eis
465 2992 595 3032 quando
618 2991 850 3023 transferuntur
874 2992 914 3023 ad
936 2993 1081 3033 gloriam,
1099 2994 1132 3023 in
1149 3003 1213 3034 qua
1229 2993 1357 3034 Sponso
1373 3003 1464 3034 prae·
1518 3003 1637 3034 corpus
1658 2994 1850 3024 humilitatis
1873 2998 2005 3024 nostrae
2019 2993 2262 3035 configuratum
2277 2993 2410 3033 corpori
2424 2992 2584 3023 claritatis

397 3037 568 3068 sentialiter
591 3036 808 3077 perfruuntur.
1517 3047 1606 3069 suae.
1631 3038 1717 3078 Ergo
1742 3037 1888 3069 Christus
1911 3038 2007 3068 etiarn
2030 3037 2122 3068 dotes
2145 3038 2250 3068 habet.

451 3082 502 3112 Ar>
528 3091 667 3111 oum‘run
689 3091 850 3111 mcanntm
866 3081 956 3122 quod
971 3083 1004 3112 in
1021 3082 1176 3121 spirituali
1192 3083 1399 3114 matrimonio
1414 3083 1464 3114 in-
1477 3088 1502 3114 6ς
1575 3092 1604 3113 2.
1622 3083 1819 3118 Pium-amu,
1835 3083 1868 3113 in
1885 3082 2040 3123 spirituali
2054 3081 2261 3112 matrimonio
2277 3080 2476 3120 assignantur
2491 3080 2583 3112 dotes

396 3126 493 3156 terior
523 3125 620 3156 decor
651 3126 838 3166 requiritur:
869 3131 905 3156 ut
935 3127 969 3156 in
1000 3126 1127 3157 Psalmo
1143 3127 1178 3162 ³,
1210 3126 1324 3158 Omnis
1351 3128 1464 3169 gloria
1519 3126 1558 3158 ad
1581 3126 1823 3157 similitudinem
1853 3126 2049 3157 matrimonii
2079 3125 2262 3166 corporalis.
2295 3124 2359 3155 Sed
2389 3125 2423 3155 in
2454 3124 2583 3156 Christo

397 3170 465 3200 eius
482 3170 581 3211 filiae
607 3170 707 3211 Regis
730 3170 770 3200 ab
794 3170 894 3206 intus,
920 3176 979 3201 etc.
1015 3170 1079 3201 Sed
1101 3171 1135 3201 in
1158 3172 1365 3202 matrimonio
1393 3182 1464 3203 cor-
1518 3172 1680 3202 invenitur
1703 3170 1868 3212 quoddam
1891 3170 2054 3211 spirituale
2076 3169 2318 3200 matrimonium
2341 3169 2432 3209 quod
2454 3174 2502 3200 est
2523 3169 2583 3201 sibi

396 3214 498 3254 porali
521 3215 692 3254 requiritur
716 3214 813 3245 decor
837 3215 982 3245 exterior.
1008 3214 1103 3246 Unde
1126 3224 1194 3246 non
1218 3221 1348 3256 oportet
1375 3216 1464 3257 quod
1518 3215 1687 3256 singulare,
1712 3215 1832 3246 scilicet
1855 3214 1991 3246 duarum
2012 3218 2197 3244 naturarum
2220 3213 2254 3243 in
2276 3222 2342 3244 una
2356 3223 2510 3254 persona:
2534 3222 2583 3245 se-

397 3258 488 3288 dotes
511 3258 697 3289 huiusmodi
721 3259 919 3299 assignentur
934 3259 968 3290 in
984 3260 1191 3291 matrimonio
1211 3260 1365 3300 spirituali
1383 3262 1465 3292 sicut
1519 3259 1663 3291 cundum
1687 3259 1778 3300 quod
1799 3259 1916 3290 dicitur
1937 3258 2205 3289 nanim-humana
2219 3257 2253 3288 in
2269 3258 2339 3298 ipso
2356 3267 2425 3288 esse
2444 3257 2583 3298 despon-
2731 3270 2734 3274 ’
2766 3299 2768 3302 y

398 3303 595 3342 assignantur
617 3303 651 3333 in
675 3303 843 3343 corporali.
1478 3314 1506 3334 70
1518 3310 1585 3335 sata
1607 3314 1625 3334 a
1647 3304 1766 3340 Verbo,
1790 3308 1827 3334 ut
1848 3307 1936 3343 patet
1959 3311 1997 3333 ex
2021 3300 2163 3332 Glossa·
2186 3311 2283 3342 super
2305 3301 2385 3333 illud
2408 3302 2525 3334 Psalmi
2536 3302 2581 3339 ’ἡ
2610 3302 2722 3327 ‘ord-⁸¹
2735 3303 2823 3329 Loub-

1596 2794 1695 2824 ART.
1713 2794 1764 2824 111.
1789 2804 1894 2824 urium
1919 2803 2048 2825 cumsro
2073 2803 2236 2825 comm-AT
2258 2804 2380 2826 mam:
2403 2804 2504 2827 noras
2560 2792 2562 2795 '

1519 3348 1559 3379 In
1582 3348 1651 3379 sole
1672 3347 1787 3388 posuit
1813 3346 2056 3378 tabernaculum
2079 3350 2158 3382 etc.;
2190 3351 2222 3376 et
2245 3347 2343 3387 Apoc.
2367 3356 2420 3377 xxi
2435 3348 2471 3383 ⁹,
2498 3346 2583 3379 Eoee
2610 3331 2821 3385 ffi'ssu'umu.

508 3378 607 3408 ΛΚΤ·
625 3378 662 3408 H·
686 3388 791 3433 UTRUJ‘
814 3388 873 3409 1³0⁵
897 3388 942 3408 ⁵¹T
966 3389 1042 3409 ¹⁰3⁸
1066 3389 1153 3410 QUOD
1177 3389 1353 3411 sannone
1519 3392 1763 3423 tabernaculum
1786 3391 1849 3422 Dei
1871 3400 1943 3421 cum
1966 3389 2157 3421 hominibus.
2181 3390 2267 3431 Ergo
2292 3395 2324 3421 et
2346 3390 2475 3422 Christo
2492 3399 2583 3422 com-
2609 3382 2703 3435 5⁸17„
2716 3405 2750 3441 2}-
2787 3399 2788 3402 ’
2808 3392 2810 3396 ’

610 3427 642 3449 lv
656 3428 734 3455 Sent„
751 3428 805 3450 dut.
820 3434 885 3454 xux,
901 3434 939 3456 qu.
955 3434 985 3455 w,
1001 3432 1044 3450 art.
1059 3435 1078 3456 5,
1094 3429 1138 3457 qu*
1155 3436 1174 3456 ι,
1189 3429 1218 3451 nd
1231 3436 1250 3457 5.
1518 3437 1598 3477 Petit
1620 3436 1737 3466 habere
1759 3434 1860 3465 ἀοῒθε·
2712 3471 2715 3474 .

463 3487 483 3507 n
508 3487 669 3508 secunaum
685 3488 730 3509 s1c
745 3488 950 3509 nocam-run.
974 3479 1109 3510 Videtur
1130 3479 1220 3520 quod
1240 3479 1299 3510 dos
1319 3481 1359 3510 sit
1378 3479 1482 3521 idem(
1576 3480 1605 3510 3.
1629 3480 1824 3515 Pam-man,
1839 3483 1878 3509 ut
1901 3478 1976 3509 dicit
1991 3479 2200 3520 Augustinus,
2216 3479 2250 3510 in
2265 3479 2347 3510 libro
2367 3479 2408 3511 de
2421 3479 2583 3510 Doctrina
2609 3511 2621 3522 .
2730 3480 2732 3482 ’
2803 3481 2806 3485 ’

401 3490 554 3562 Aquod
580 3521 756 3552 beatitudo.
791 3522 834 3553 Ut
865 3523 951 3553 enirn
982 3532 1020 3553 ex
1048 3523 1235 3554 definitione
1263 3523 1346 3554 dotis
1373 3533 1464 3564 prae·
1478 3532 1502 3553 ⁷5
1522 3523 1638 3554 Christ.
1656 3524 1689 3559 '‚
1714 3522 1876 3559 Christus,
1901 3523 2080 3554 secundum
2104 3523 2247 3564 regulam
2270 3523 2427 3565 Tyconii,
2450 3529 2584 3565 propter
2609 3506 2751 3559 affib‘m'
2769 3514 2822 3548 ’Ψ
