2918 4088
226 1573 236 1582 “
257 1571 348 1593 Comm.
370 1577 432 1593 num.

225 1603 256 1625 vr,
271 1603 312 1619 vn.

229 2298 238 2307 ·
253 2297 302 2319 Art.
314 2297 335 2324 S,
350 2298 378 2319 ad
392 2305 410 2320 ι.

228 2931 238 2941 ·
245 2929 309 2951 Vers.
315 2936 350 2958 μς
357 2930 436 2952 matth.

229 2962 278 2984 cap.
289 2962 320 2983 vr,
335 2962 392 2978 vers.
403 2962 435 2985 ²3·

228 3133 237 3141 ·
245 3131 282 3152 ΑΙ.
292 3131 357 3152 Cant.
368 3131 439 3152 Litte-

227 3157 391 3184 rasPetffian„
397 3158 437 3179 lib.

228 3183 257 3210 11,
273 3189 338 3211 capp.
358 3189 429 3205 xxxix

227 3215 288 3233 xuv.
299 3215 368 3231 xrvn.
379 3221 389 3226 -
401 3199 437 3231 ci.

230 3235 318 3257 Contra
341 3236 438 3257 Parme-

227 3262 293 3283 m'an.
304 3262 342 3284 lib.
350 3263 379 3289 11,
388 3268 437 3289 cap.

228 3294 279 3310 xm.

467 223 515 268 54

468 351 700 400 Cyprianum
711 378 722 395 ,
752 350 815 398 qui
840 347 940 397 apud
965 347 1165 383 haereticos
1191 344 1249 382 vel
1274 340 1520 399 schismaticos

464 403 590 439 datum
608 403 828 452 baptismum
848 400 991 437 nolebat
1014 408 1249 447 cognoscere,
1261 399 1362 431 tanta
1376 396 1518 449 merita,

465 467 578 504 usque
595 455 646 492 ad
666 455 892 503 triumphum
910 452 1095 499 martyrii,
1114 454 1236 486 secuta
1253 451 1347 491 sunt,
1369 450 1405 480 ut
1423 455 1519 479 carz-

463 509 545 545 tatis
563 506 576 532 ἶ
604 520 676 557 qua
702 506 901 544 excellebat
928 505 1009 540 luce
1035 501 1266 539 obumbratio
1285 498 1348 534 illa
1363 497 1519 556 fugare-

464 566 538 606 tur,
568 566 616 606 et,
643 561 677 596 si
703 559 790 608 quid
820 556 1059 607 purgandum
1087 558 1186 598 erat,
1209 551 1392 601 passionis
1414 547 1521 595 falce

464 613 661 649 tolleretur.
1324 653 1331 660 ι
1365 652 1371 659 Π
1509 650 1516 657 ·

517 666 574 702 AD
593 675 750 701 TERTmM
769 673 948 699 DICENDUM
967 659 1073 708 quod
1092 663 1257 706 potestas
1280 651 1519 690 m1n1strand1

466 724 699 754 sacramenta
725 714 886 764 pertinet
913 713 961 749 ad
989 710 1222 760 spiritualem
1248 707 1517 751 characterem,

517 829 542 864 ζ)
561 830 692 855 caritatis.
714 842 735 848 -
758 828 845 857 PEFI;
870 826 978 852 caritas.
1003 825 1053 849 Pro
1078 825 1142 853 luce,
1167 822 1233 847 lucis
1257 822 1328 850 BDa,
1353 822 1402 847 luc‘
1415 821 1444 852 C,
1468 820 1521 845 vite

465 866 538 891 GHb.
556 880 574 884 —
586 866 734 899 fugaretur
753 863 867 893 PFGsC;
883 862 1061 895 figuraretur.

1138 212 1399 262 QUAESTIO
1428 209 1566 253 LXIV,
1601 204 1893 243 ARTICULUS
1921 206 1957 242 X

227 307 287 328 'De
311 306 372 327 Unsc·
387 305 435 327 Ba·
464 309 544 334 non
563 304 722 334 tenetur.
751 295 863 333 Unde
882 293 1117 342 Augustinus
1136 291 1224 329 dicit
1242 291 1278 327 *z
1303 291 1519 336 *Martyrem
1544 288 1547 327 Ι
1573 284 1640 333 qui
1667 282 1879 320 indelebilis
1908 289 1974 329 est,
1995 289 2038 319 ut
2056 294 2103 319 ex
2131 293 2248 331 supra
2265 282 2285 305 ’¹‘
2312 282 2420 320 dictis
2445 290 2558 333 patet.
2587 283 2636 320 Et
2662 282 2871 312 'Qu-“¹¹¹¹m·³·

223 334 311 360 plisni„
323 334 381 354 cont.
392 331 435 352 Pe-

227 359 311 386 tilian„
327 364 375 385 cap.
391 363 435 378 xm.

1572 336 1659 372 ideo
1687 347 1758 384 per
1784 336 1860 372 hoc
1888 334 1996 383 quod
2031 334 2166 384 aliquis
2194 335 2242 372 ab
2270 335 2440 373 Ecclesia
2476 347 2634 385 suspen-

1573 388 1674 425 ditur
1691 389 1754 424 vel
1773 387 2141 435 excommunicatur,
2162 389 2224 424 vel
2252 387 2367 426 etiam
2394 388 2634 437 degradatur,

1572 452 1653 477 non
1681 439 1816 477 amittit
1843 447 2070 490 potestatem
2098 440 2320 478 conferendi
2338 448 2634 488 sacramentum,

1573 493 1641 529 sed
1667 492 1860 530 licentiam
1887 493 2020 530 utendi
2047 494 2120 530 hac
2147 500 2343 542 potestate.
2381 494 2430 531 Et
2457 493 2545 531 ideo
2577 505 2635 530 sa-

1573 553 1814 583 cramentum
1852 546 2011 595 quidem
2048 545 2209 591 confert,
2239 546 2306 583 sed
2337 553 2468 583 tamen
2503 553 2637 595 peccat

1573 598 1818 636 conferendo.
1856 600 1905 636 Et
1942 598 2111 636 similiter
2147 598 2207 636 ille
2240 598 2308 648 qui
2343 598 2392 635 ab
2425 611 2472 636 eo
2501 598 2636 648 accipit

1573 659 1876 689 sacramentum:
1917 660 1952 689 et
1972 658 1990 680 η
2019 651 2072 689 sic
2099 663 2180 690 non
2207 650 2367 700 percipit
2398 663 2482 688 rem
2515 657 2635 688 sacra-

1572 704 1703 752 menti,
1732 704 1805 741 nisi
1831 704 1926 742 forte
1953 717 2023 754 per
2050 704 2305 753 ignorantiam
2332 710 2545 741 excusetur.

1628 819 1655 854 η)
1674 823 1708 846 et.
1726 834 1745 839 -
1763 821 1843 846 ettam
1862 821 1938 846 ΑΒΕ.
1954 834 1974 839 -
1991 820 2029 846 sic
2046 828 2099 845 orn.
2118 819 2150 845 D.

1130 944 1469 978 Commentario.
1491 943 1744 977 Cardinalis
1766 943 1967 977 Caietam

523 1054 630 1075 nurus
650 1044 759 1074 clarus.
782 1060 806 1065 -
828 1042 863 1071 In
887 1048 1022 1080 corpore
1050 1048 1116 1069 una
1145 1038 1328 1074 conclusio,
1353 1047 1428 1069 cum
1451 1047 1519 1069 uno

465 1057 700 1119 Tcorollario.
743 1085 918 1117 Conclusio
959 1088 1020 1114 est:
1055 1082 1106 1113 Aa
1138 1082 1371 1124 perfectionem
1407 1091 1519 1113 sacra-

462 1132 560 1163 menti
582 1141 646 1162 non
670 1130 814 1171 exigitur
824 1128 912 1170 fides
934 1127 1082 1157 ministri.
1115 1126 1281 1157 Probatur.
1320 1126 1464 1157 Minister
1486 1127 1519 1157 in

462 1175 663 1206 sacramentis
679 1179 827 1214 operatur
842 1182 909 1203 non
924 1171 1062 1212 propria,
1075 1170 1131 1201 sed
1147 1170 1265 1201 Christi
1279 1170 1404 1201 virtute.
1421 1171 1518 1211 Ergo,

462 1220 544 1250 sicut
565 1228 633 1249 non
655 1218 824 1257 requiritur
854 1215 893 1246 ad
915 1214 1146 1256 perfectionem
1169 1215 1357 1245 sacramenti
1385 1215 1520 1245 ministri

462 1263 581 1299 caritas,
605 1263 648 1292 ita
665 1271 726 1292 nec
745 1262 812 1291 eius
827 1259 915 1290 fides.
938 1277 961 1281 —
984 1258 1225 1299 Consequentia
1246 1258 1409 1298 probatur.
1434 1259 1520 1297 Quia

460 1306 539 1337 fides
567 1306 704 1346 pertinet
735 1305 775 1335 ad
800 1303 1031 1345 perfectionem
1053 1303 1203 1338 ministri,
1235 1303 1317 1332 sicut
1344 1307 1375 1332 et
1398 1303 1518 1333 caritas.

461 1351 568 1389 Quam
596 1359 664 1380 non
693 1349 811 1389 requiri
837 1348 990 1388 probatur
1020 1357 1057 1377 ex
1081 1356 1121 1377 eo
1152 1345 1242 1386 quod
1273 1346 1349 1376 mali
1371 1346 1520 1377 homines

461 1399 596 1435 possunt
617 1393 792 1424 ministrare
815 1396 1018 1423 sacramenta.

517 1438 729 1469 corollarium
753 1442 815 1468 est:
847 1435 991 1478 Infidelis
1013 1439 1122 1476 potest
1144 1443 1211 1465 esse
1237 1433 1383 1464 minister
1408 1443 1519 1465 sacra-

461 1483 568 1513 menti.

516 1526 553 1557 11.
578 1525 613 1556 In
636 1525 898 1565 responsionibus
921 1528 1193 1564 argumentorum,
1217 1527 1382 1553 memento
1407 1532 1520 1553 eorum

462 1579 544 1610 quae
567 1570 703 1600 diximus
724 1570 758 1599 in
782 1569 914 1599 articulo
939 1574 1027 1599 sexto
1042 1568 1064 1584 ‘⁴‘
1087 1567 1126 1598 de
1149 1567 1395 1607 suscipientibus
1418 1576 1519 1597 sacra-

461 1620 568 1645 menta
591 1614 629 1644 ab
652 1613 798 1654 indignis,
823 1613 952 1653 quando
974 1617 1118 1653 peccant.
1142 1611 1184 1642 Et
1201 1611 1288 1641 iuxta
1302 1611 1356 1641 illa
1378 1611 1520 1651 intellige

1573 1047 1656 1078 quae
1674 1038 1726 1068 hic
1742 1037 1901 1074 dicuntur,
1919 1036 2066 1068 addendo
2083 1035 2173 1077 quod
2187 1037 2322 1077 praecisi
2337 1036 2504 1067 manifeste
2520 1036 2559 1067 ab
2574 1035 2637 1067 Ec-

1573 1082 1676 1118 clesia,
1697 1082 1723 1112 si
1738 1082 1772 1112 in
1787 1081 1921 1112 articulo
1936 1081 2130 1112 necessitatis
2145 1086 2379 1111 sacramentum
2394 1080 2544 1121 baptismi
2559 1089 2637 1112 con-

1572 1126 1699 1162 ferrent,
1723 1135 1791 1156 non
1813 1131 2000 1166 peccarent:
2025 1126 2126 1156 immo
2150 1130 2300 1156 tenentur
2316 1125 2351 1155 in
2366 1124 2421 1155 tali
2437 1134 2512 1156 casu
2534 1125 2637 1165 bapti·

1572 1180 1679 1201 smum
1702 1169 1857 1206 conferre,
1874 1170 1995 1210 absque
2017 1169 2218 1200 solemnitate
2237 1175 2355 1200 tamen.
2378 1168 2448 1200 Nec
2467 1173 2638 1209 propterea

1572 1214 1752 1246 sacerdotes
1775 1213 1975 1244 efficerentur
1996 1211 2198 1254 irregulares:
2227 1214 2351 1243 ratione
2374 1213 2520 1254 superius
2543 1212 2637 1249 dicta,

1573 1260 1648 1299 quia
1670 1268 1739 1289 non
1754 1258 1889 1288 ministri
1912 1267 1951 1288 ex
1974 1257 2082 1288 officio
2105 1267 2278 1297 personam
2301 1262 2439 1297 agerent,
2464 1256 2520 1288 sed
2541 1257 2637 1287 mini·-

1572 1303 1736 1333 sterialiter
1758 1302 1975 1332 subvenientis
1997 1302 2220 1332 necessitatem
2241 1302 2385 1341 patienti.

1628 1346 1679 1376 111.
1704 1346 1740 1376 In
1770 1346 1981 1386 responsione
2012 1344 2052 1375 ad
2081 1344 2277 1381 secundum,
2309 1344 2436 1375 adverte
2461 1343 2639 1374 incidenter

1573 1390 1663 1431 quod
1685 1390 1833 1430 purgatio
1857 1389 2011 1430 Cypriani
2033 1388 2189 1430 Martyris,
2213 1388 2254 1419 de
2277 1397 2342 1428 qua
2364 1388 2564 1428 Augustinus
2589 1387 2638 1418 lo-

1573 1435 1691 1475 quitur,
1714 1443 1783 1464 non
1805 1434 1867 1464 nisi
1889 1433 2021 1464 venialis
2042 1433 2168 1473 peccati
2189 1431 2260 1463 fuit.
2284 1432 2373 1463 Tum
2396 1432 2472 1473 quia
2495 1441 2571 1463 cum
2587 1441 2638 1463 ca-

1571 1479 1663 1509 ritate
1691 1478 1791 1508 stabat
1819 1487 1906 1508 error
1929 1477 1996 1508 ille:
2027 1482 2064 1507 ut
2087 1477 2260 1517 Augustini
2281 1477 2378 1507 verba
2400 1481 2525 1507 sonant.
2549 1475 2638 1508 Tum

1574 1523 1650 1563 quia
1672 1528 1818 1563 tempore
1841 1522 1898 1552 illo
1920 1531 1989 1552 non
2013 1526 2078 1552 erat
2099 1530 2158 1562 per
2175 1520 2353 1551 Ecclesiam
2369 1520 2578 1551 determinata
2593 1519 2639 1551 ef-

1573 1566 1684 1598 ficacia
1706 1571 1979 1597 sacramentorum
2001 1575 2058 1606 per
2080 1565 2242 1596 ministros
2265 1570 2351 1596 extra
2372 1565 2560 1596 Ecclesiam.

1247 1783 1565 1826 ARTICULUS
1599 1782 1850 1825 DECIMUS

638 1879 794 1911 UTRUM
817 1877 1025 1909 INTENTIO
1049 1877 1197 1908 RECTA
1220 1876 1411 1908 MINISTRI
1433 1876 1719 1915 REQUIRATUR
1740 1877 1800 1907 AD
1824 1858 2165 1907 PERFECTIONEM
2180 1875 2463 1907 SACRAMENTI

639 1957 712 1987 Infra,
733 1964 777 1989 qu.
795 1964 878 1987 LmV,
896 1961 942 1981 art.
964 1963 987 1986 2,
1007 1956 1038 1980 ad
1059 1962 1088 1986 25
1107 1955 1141 1979 IV
1161 1955 1243 1985 Sent.,
1264 1955 1322 1980 dist.
1340 1962 1375 1984 vr,
1394 1962 1438 1987 qu.
1457 1961 1475 1985 1,
1495 1959 1543 1979 art.
1562 1961 1586 1985 2,
1604 1954 1654 1987 qu*
1675 1961 1705 1985 2;
1724 1954 1820 1987 Expos.
1839 1955 1899 1985 litt.;
1919 1954 1977 1979 dist.
1995 1961 2029 1983 xi,
2048 1961 2093 1987 qu.
2112 1961 2140 1985 11,
2159 1959 2205 1980 art.
2224 1960 2248 1984 1.
2266 1954 2315 1987 qu⁸
2336 1953 2360 1986 3,
2379 1954 2411 1979 ad
2432 1961 2462 1986 1;

1333 1990 1390 2016 dist.
1408 1997 1464 2022 xxx,
1484 1997 1529 2022 qu.
1548 1997 1566 2021 1,
1585 1995 1632 2014 art.
1653 1989 1676 2019 3.
1695 1990 1727 2014 ad
1747 1989 1771 2015 3.

503 2112 514 2123 s
533 2097 557 2138 :¹
583 2103 635 2161 ἐς(
673 2094 695 2118 ι)
714 2092 874 2118 DECIMUM
895 2091 947 2116 SIC
969 2090 1203 2116 PROCEDITUR.
1227 2077 1389 2115 Videtur
1414 2077 1522 2127 quod

601 2163 630 2194 x,
673 2133 830 2171 intentio
845 2140 946 2170 recta
964 2131 1126 2169 ministri
1145 2131 1360 2180 requiratur
1373 2131 1422 2167 ad
1435 2142 1521 2180 per-

482 2187 485 2193 '
501 2184 601 2233 ,sva
616 2176 876 2224 sectionem
895 2184 1131 2223 sacramenti.
1152 2183 1312 2221 Intentio
1327 2183 1431 2220 enim
1451 2183 1521 2220 mi-

520 2214 616 2272 »ζ’-’ΨΒ
631 2231 779 2276 Χῐιίεῖῑί
807 2239 920 2276 debet
956 2236 1187 2275 conformari
1221 2235 1422 2274 intentioni
1449 2237 1521 2273 Ec-

465 2292 611 2340 clesiae,
631 2299 674 2329 ut
692 2305 738 2328 ex
757 2291 864 2328 dictis
877 2291 897 2313 ’¹‘
915 2298 1028 2340 patet.
1057 2291 1134 2328 Sed
1152 2290 1310 2327 intentio
1329 2289 1521 2326 Ecclesiae

465 2357 617 2394 semper
644 2353 698 2381 est
725 2352 836 2381 recta.
866 2345 968 2392 Ergo
996 2344 1044 2381 de
1071 2342 1291 2380 necessitate
1323 2342 1371 2379 ad
1400 2354 1521 2379 sacra-

465 2397 585 2434 menti
611 2397 883 2447 perfectionem
911 2395 1116 2445 requiritur
1142 2395 1300 2432 intentio
1329 2401 1429 2431 recta
1451 2393 1522 2430 mi-

466 2449 582 2486 nistri.

521 2513 555 2538 2.
585 2503 823 2549 PRAETEREA,
851 2512 1031 2550 perversa
1062 2500 1220 2538 intentio
1253 2498 1418 2537 deterior
1441 2511 1523 2536 esse

465 2554 618 2591 videtur
635 2566 754 2603 quam
773 2553 930 2591 intentio
949 2553 1090 2590 iocosa.
1121 2554 1198 2591 Sed
1216 2551 1374 2589 intentio
1393 2551 1523 2589 iocosa

465 2606 559 2643 tollit
595 2614 897 2644 sacramentum:
935 2613 1028 2655 puta
1063 2605 1094 2642 si
1130 2605 1266 2655 aliquis
1294 2617 1374 2642 non
1402 2604 1521 2651 serio,

466 2659 534 2695 sed
561 2659 653 2696 ludo
681 2659 849 2708 aliquem
871 2658 1086 2707 baptizaret.
1116 2659 1217 2706 Ergo
1245 2659 1368 2695 multo
1401 2657 1522 2706 magis

465 2723 645 2761 perversa
680 2711 838 2749 intentio
875 2712 995 2749 aufert
1026 2718 1328 2748 sacramentum:
1367 2718 1460 2760 puta
1492 2709 1523 2747 si

465 2764 600 2814 aliquis
636 2764 804 2814 aliquem
837 2764 1042 2814 baptizaret
1073 2771 1115 2801 ut
1146 2763 1399 2813 postmodum
1431 2774 1522 2800 eum

465 2817 663 2854 occideret.

520 2870 554 2906 3.
590 2871 827 2914 Proxumum,
864 2881 1044 2918 perversa
1081 2868 1239 2906 intentio
1275 2868 1361 2906 facit
1396 2877 1522 2906 totum

465 2934 564 2971 opus
583 2922 782 2959 vitiosum:
812 2922 1028 2959 secundum
1046 2921 1139 2959 illud
1157 2923 1252 2959 Luc.
1268 2934 1302 2959 xl
1316 2921 1356 2958 *z
1377 2923 1418 2959 Si
1435 2934 1520 2959 ocu-

463 2976 520 3012 lus
546 2981 627 3012 tuus
649 2976 764 3022 suerit
791 2987 962 3024 nequam,
990 2980 1103 3012 totum
1132 2986 1267 3024 corpus
1293 2980 1396 3011 tuum
1424 2980 1520 3011 tene—

464 3030 613 3065 brosum
633 3029 710 3065 erit.
740 3028 816 3065 Sed
836 3035 1072 3065 sacramenta
1092 3027 1231 3064 Christi
1258 3039 1339 3064 non
1357 3035 1520 3077 possunt

464 3080 654 3129 inquinari
681 3093 750 3130 per
775 3081 898 3117 malos
926 3080 1123 3117 homines:
1160 3080 1256 3117 sicut
1283 3080 1520 3129 Augustinus

464 3132 563 3179 dicit,
592 3139 720 3170 contra
747 3134 966 3170 Petilianum
984 3133 1015 3169 ²¹⁸.
1045 3133 1147 3180 Ergo
1174 3132 1326 3170 videtur
1348 3133 1467 3183 quod,
1488 3133 1519 3171 si

465 3185 510 3221 sit
536 3197 715 3234 perversa
732 3185 888 3222 intentio
916 3185 1088 3234 ministri,
1117 3198 1197 3223 non
1225 3185 1270 3222 sit
1301 3185 1354 3222 ibi
1380 3198 1519 3223 verum

465 3245 758 3275 sacramentum.

519 3290 592 3327 SED
612 3301 755 3328 CONTRA
773 3302 838 3327 EST
857 3291 963 3339 quod
981 3302 1161 3339 perversa
1182 3290 1340 3327 intentio
1358 3290 1520 3340 pertinet

465 3342 514 3379 ad
541 3342 724 3379 malitiam
751 3342 920 3379 ministri.
958 3343 1034 3380 Sed
1071 3343 1213 3380 malitia
1246 3343 1407 3380 ministri
1439 3355 1520 3380 non

464 3394 558 3432 tollit
585 3402 877 3432 sacramentum.
911 3396 1013 3443 Ergo
1040 3407 1112 3432 nec
1138 3407 1318 3445 perversa
1349 3395 1518 3433 intentio.

519 3506 547 3541 α)
568 3507 706 3533 delusorie.
723 3497 741 3526 L
761 3508 889 3533 derisorie
909 3508 1041 3534 editiones.

1629 2079 1853 2115 Responnso
1873 2090 2054 2115 monimum
2074 2077 2182 2127 quod
2200 2077 2360 2115 intentio
2379 2077 2542 2115 ministri
2554 2085 2639 2128 pot-

1576 2138 1632 2167 est
1649 2130 1814 2180 perverti
1834 2130 2044 2180 dupliciter.
2065 2131 2153 2168 Uno
2172 2131 2306 2178 modo,
2325 2138 2501 2181 respectu
2519 2130 2640 2181 ipsius

1576 2183 1823 2221 sacramenti:
1861 2191 1956 2233 puta
1983 2195 2075 2221 cum
2111 2183 2247 2233 aliquis
2274 2195 2356 2221 non
2393 2183 2554 2221 intendit
2581 2197 2639 2222 sa-

1575 2244 1818 2274 cramentum
1837 2237 2021 2284 conferre,
2042 2237 2110 2274 sed
2133 2236 2324 2274 delusorie
2345 2242 2363 2258 ²
2390 2236 2535 2286 aliquid
2553 2248 2638 2286 age·

1576 2301 1627 2326 re.
1650 2291 1699 2327 Et
1717 2289 1799 2327 talis
1817 2289 2044 2339 perversitas
2062 2289 2157 2326 tollit
2174 2289 2374 2327 veritatem
2392 2289 2637 2327 sacramenti:

1575 2342 1781 2392 praecipue
1796 2342 1954 2391 quando
1973 2354 2086 2379 suam
2104 2341 2356 2379 intentionem
2375 2342 2539 2380 exterius
2557 2355 2639 2380 ma-

1576 2394 1734 2432 nifestat.

1629 2447 1716 2484 Alio
1752 2447 1873 2484 modo
1913 2454 2038 2496 potest
2072 2447 2238 2496 perverti
2278 2447 2437 2485 intentio
2478 2447 2640 2486 ministri

1576 2507 1767 2549 quantum
1786 2500 1834 2537 ad
1854 2500 1893 2537 id
1907 2500 2015 2549 quod
2034 2499 2206 2549 sequitur
2225 2508 2525 2538 sacramentum:
2545 2508 2640 2551 puta

1577 2552 1608 2589 si
1635 2553 1813 2590 sacerdos
1840 2552 2010 2589 intendat
2037 2552 2207 2602 aliquam
2234 2553 2419 2591 feminam
2446 2553 2639 2603 baptizare

1576 2613 1619 2642 ut
1646 2606 1824 2643 abutatur
1851 2618 1916 2652 ea;
1945 2607 2007 2642 vel
2026 2605 2057 2642 si
2083 2605 2254 2643 intendat
2281 2606 2472 2644 conficere
2497 2618 2640 2656 corpus

1578 2658 1717 2696 Christi
1744 2666 1786 2695 ut
1814 2670 1861 2695 eo
1889 2659 1938 2695 ad
1957 2658 2145 2695 veneficia
2172 2666 2311 2696 utatur.
2341 2660 2390 2696 Et
2413 2658 2505 2708 quia
2531 2659 2639 2709 prius

1577 2723 1657 2748 non
1692 2711 1884 2760 dependet
1911 2723 1934 2748 a
1960 2711 2180 2760 posteriori,
2209 2711 2299 2748 inde
2331 2719 2387 2749 est
2414 2712 2523 2761 quod
2555 2711 2639 2750 talis

1575 2764 1793 2801 intentionis
1820 2764 2046 2813 perversitas
2073 2763 2272 2801 veritatem
2300 2764 2526 2802 sacramenti
2557 2776 2638 2803 non

1575 2817 1682 2854 tollit:
1713 2817 1780 2854 sed
1807 2816 1888 2866 ipse
1907 2816 2078 2854 minister
2097 2829 2143 2854 ex
2161 2817 2225 2855 tali
2244 2817 2454 2855 intentione
2472 2817 2638 2866 graviter

1574 2877 1717 2919 peccat.

1627 2923 1684 2959 Ao
1718 2934 1853 2959 PRIMUM
1881 2934 1979 2960 ERGO
2007 2934 2190 2961 montinum
2224 2923 2332 2972 quod
2359 2922 2551 2961 Ecclesiae
2578 2923 2637 2961 in-

1573 2975 1690 3012 tentio
1719 2982 1820 3012 recta
1848 2982 1903 3012 est
1930 2983 1967 3012 et
1994 2983 2185 3025 quantum
2212 2976 2262 3013 ad
2289 2975 2516 3013 sacramenti
2552 2988 2636 3026 per-

1573 3028 1789 3076 fectionem,
1810 3035 1847 3065 et
1865 3035 2055 3077 quantum
2083 3029 2132 3066 ad
2155 3028 2382 3066 sacramenti
2399 3041 2537 3066 usum:
2567 3029 2636 3066 sed

1573 3080 1698 3130 prima
1732 3080 1918 3118 rectitudo
1951 3080 2101 3131 perficit
2137 3088 2437 3129 sacramentum,
2466 3082 2636 3120 secunda

1574 3141 1756 3183 operatur
1782 3134 1831 3171 ad
1859 3133 2051 3171 meritum.
2081 3134 2130 3171 Et
2147 3133 2235 3171 ideo
2254 3133 2426 3171 minister
2452 3134 2519 3184 qui
2543 3146 2635 3172 con-

1573 3187 1712 3223 format
1739 3186 1991 3224 intentionem
2018 3198 2128 3224 suam
2158 3186 2350 3224 Ecclesiae
2369 3194 2560 3236 quantum
2585 3188 2636 3226 ad

1574 3238 1740 3288 primam
1768 3239 2056 3286 rectitudinem,
2084 3251 2165 3276 non
2194 3247 2324 3277 autem
2361 3247 2552 3289 quantum
2585 3241 2635 3278 ad

1574 3291 1795 3339 secundam,
1811 3292 1959 3341 perficit
1977 3291 2136 3342 quidem
2155 3300 2451 3341 sacramentum,
2467 3293 2534 3330 sed
2553 3305 2635 3331 non

1575 3351 1630 3381 est
1649 3343 1719 3381 sibi
1747 3345 1795 3382 ad
1823 3344 2016 3382 meritum.

1627 3398 1684 3434 An
1710 3409 1899 3435 SECUNDUM
1935 3409 2116 3436 mensuum
2153 3398 2261 3448 quod
2295 3397 2454 3436 intentio
2489 3398 2636 3437 ludicra
