2918 4088
970 202 1233 248 QUAESTIO
1262 204 1470 252 Lxxvin,
1499 206 1790 246 ARTlcULUs
1819 211 1853 246 v

319 280 543 318 exercitam:
573 279 664 329 quia
691 286 770 316 tota
797 279 867 316 ista
894 278 1035 316 locutio
1065 280 1229 317 sumitur
1263 288 1381 317 mate-

2417 214 2491 251 213

1436 284 1697 321 conversionis
1732 287 1841 334 panis
1878 288 1917 324 in
1952 301 2091 338 corpus
2130 292 2279 329 Christi.
2324 294 2371 330 Et
2404 293 2491 331 ideo

319 333 477 379 daliter,
507 345 598 370 cum
633 331 824 369 recitative
858 331 1090 381 proferatur;
1120 332 1250 369 recitat
1277 332 1381 370 enirn
1436 344 1681 384 comparatur
1708 338 1757 374 ad
1785 338 1875 375 alias
1903 339 2125 389 locutiones,
2154 357 2252 392 quae
2273 346 2413 383 habent
2432 359 2492 384 so-

318 386 496 424 sacerdos
516 385 713 423 Christum
732 385 881 432 dixisse,
901 386 990 422 Hoc
1018 391 1068 422 est
1091 397 1226 434 corpus
1244 397 1379 422 meum.

1437 388 1518 424 lum
1546 388 1627 424 vim
1660 389 1948 437 significativam
1983 401 2019 429 et
2051 406 2130 431 non
2163 397 2358 444 factivam,
2397 399 2493 437 sicut

372 439 450 477 Sed
486 439 563 476 hoc
598 445 696 475 stare
733 450 814 475 non
845 445 981 487 potest.
1024 437 1128 485 Quia
1163 438 1381 496 secundum
1436 449 1682 488 comparatur
1715 443 1915 492 conceptio
1953 444 2160 483 intellectus
2187 449 2358 497 practici,
2392 464 2491 500 quae

315 492 406 539 hoc,
434 491 553 529 verba
580 503 661 528 non
688 490 969 541 applicarentur
995 490 1044 527 ad
1072 497 1271 527 materiam
1301 502 1380 527 cor·
1436 499 1491 528 est
1517 492 1653 530 factiva
1681 493 1746 540 rei,
1775 496 2017 544 conceptioni
2045 498 2251 537 intellectus
2271 503 2387 539 nostri
2409 516 2491 552 spe-

312 545 492 595 poralem
516 551 772 594 praesentem,
802 551 838 581 et
866 543 917 581 ita
942 555 1026 580 non
1049 542 1299 593 perficeretur
1326 555 1380 580 sa-

79 610 90 620 ·
102 607 180 630 ‘ru-het·
198 607 290 635 mxx,
317 605 576 638 eramentum:
597 596 687 634 dicit
706 596 811 634 enim
829 596 1078 645 Augustinus,
1096 608 1208 646 super
1225 596 1378 633 Ioan.*:

79 640 103 656 n.
116 641 137 663 3.

54 1342 265 1374 &aquam

63 1371 233 1402 ῑκιξιάφ

70 2083 287 2114 ‘Qu-unarm-

60 2879 271 2915 empnam.

311 650 468 688 *Accedit
502 652 657 688 verbum
693 650 745 687 ad
778 650 998 686 elementum
1034 654 1068 686 et
1090 650 1142 697 fit
1167 661 1381 686 sacramen-

314 709 405 741 tum.
434 725 460 730 -
488 704 537 740 Et
555 701 571 732 β
595 714 645 740 ex
672 703 750 740 hoc
779 702 943 739 totaliter
976 714 1056 739 non
1089 701 1252 739 evitatur
1283 701 1381 739 diffi-

317 757 436 794 cultas
464 755 581 793 huius
609 754 861 806 quaestionis:
897 754 990 804 quia
1023 754 1182 792 eaedem
1217 753 1381 792 rationes

317 815 476 846 manent
502 808 603 845 circa
624 808 797 859 primam
823 807 1082 858 prolationem
1109 820 1187 857 qua
1207 807 1381 845 Christus

311 862 412 900 haec
434 861 556 898 verba
577 860 751 910 protulit;
781 860 872 910 quia
885 865 901 888 Υ
924 860 1171 898 manifestum
1194 867 1251 897 est
1273 861 1380 910 quod

315 926 398 952 non
431 913 693 960 materialiter,
729 913 797 950 sed
831 913 1078 961 significative
1115 913 1378 950 sumebantur.

314 967 366 1004 Et
392 966 481 1003 ideo
509 966 721 1004 dicendum
742 973 798 1003 est
822 966 934 1015 vquod
962 965 1077 1003 etiam
1105 966 1264 1016 quando
1292 978 1381 1015 pro-

313 1019 489 1057 feruntur
515 1031 538 1056 a
559 1019 768 1067 sacerdote,
798 1018 1056 1068 significative,
1077 1026 1118 1056 et'
1132 1031 1212 1056 non
1230 1027 1381 1056 tantum

311 1072 558 1111 materialiter
584 1071 834 1122 accipiuntur.
863 1094 889 1098 —
916 1073 1001 1109 Nec
1029 1072 1153 1109 obstat
1187 1072 1296 1122 quod
1323 1085 1380 1109 sa-

307 1125 451 1164 ·cerdos
478 1124 593 1163 etiam
611 1123 625 1147 δ
653 1124 844 1163 recitative
872 1125 1015 1175 profert
1042 1125 1152 1175 quasi
1180 1138 1203 1163 a
1227 1125 1380 1163 Christo

307 1178 425 1217 dicta.
461 1178 566 1226 Quia
596 1186 754 1228 propter
787 1177 978 1216 infinitam
1010 1178 1188 1215 virtutem
1225 1178 1378 1227 Christi,

314 1231 411 1270 sicut
445 1244 493 1269 ex
520 1239 699 1269 contactu
726 1231 849 1273 carnis
877 1243 970 1268 suae
993 1236 1006 1252 ²
1033 1231 1092 1268 vis
1119 1232 1381 1280 regenerativa

308 1284 490 1336 pervenit
509 1296 590 1322 non
609 1286 737 1322 solum
755 1284 805 1322 ad
823 1284 904 1322 illas
923 1296 1044 1334 aquas
1062 1297 1162 1334 quae
1183 1284 1380 1322 Christum

306 1337 528 1387 tetigerunt,
550 1335 621 1375 “sed
649 1338 698 1375 ad
727 1350 864 1388 omnes
892 1337 1038 1387 ubique
1065 1346 1255 1376 terrarum
1273 1338 1294 1360 ³⁸
1311 1351 1382 1388 per

311 1390 449 1430 omnia
481 1391 609 1428 futura
643 1392 812 1437 saecula;
848 1390 899 1428 ita
936 1390 1050 1428 etiam
1088 1403 1135 1428 ex
1166 1391 1380 1441 prolatione

314 1443 436 1495 ipsius
455 1443 596 1481 Christi
622 1444 720 1481 haec
737 1443 857 1481 verba
874 1443 1057 1482 virtutem
1078 1444 1381 1482 consecrativam

306 1504 404 1535 ‘sunt
430 1504 638 1534 consecuta
665 1509 687 1534 a
706 1509 958 1546 quocumque
977 1497 1173 1535 sacerdote
1193 1496 1394 1544 dicantur,

315 1561 361 1588 ac
386 1549 420 1587 si
448 1549 623 1588 Christus
649 1561 696 1587 ea
719 1549 1021 1600 praesentialiter
1045 1550 1241 1600 proferret.

365 1603 417 1642 Et
433 1602 523 1640 ideo
541 1602 604 1640 alii
621 1602 642 1624 *
659 1602 838 1640 dixerunt
862 1603 970 1652 quod
992 1603 1089 1640 haec
1107 1603 1222 1641 dictio
1241 1605 1313 1641 hoc
1338 1603 1380 1642 in

197 1702 205 1714 ¹
245 1648 262 1686 ’ἶ
306 1655 389 1694 :hac
411 1655 605 1693 locutione
623 1655 710 1702 facit
729 1655 1108 1703 demonstrationem,
1129 1668 1210 1694 non
1229 1657 1278 1694 ad
1297 1669 1379 1694 sen-

306 1720 416 1755 -sum,
445 1708 514 1746 sed
540 1708 590 1746 ad
617 1708 868 1746 intellectum:
897 1716 940 1746 ut
967 1708 1013 1746 sit
1040 1721 1188 1757 sensus,
1217 1711 1307 1747 Hoc
1329 1716 1380 1747 est

310 1772 448 1813 corpus
478 1773 625 1808 meum,
661 1761 778 1810 idest,
807 1763 1067 1812 Significatum
1093 1774 1167 1812 per
1199 1762 1301 1800 hoc<
1329 1769 1380 1800 est

313 1825 450 1865 corpus
476 1827 612 1852 meum.

360 1867 447 1906 Sed
472 1879 546 1905 nec
572 1868 651 1906 hoc
670 1875 767 1906 stare
785 1875 921 1918 potest.
952 1868 1066 1916 Quia,
1086 1880 1178 1907 cum
1196 1868 1237 1906 in
1255 1881 1378 1907 sacra-

311 1919 454 1961 mentis
468 1921 545 1958 hoc
553 1921 746 1960 efficiatur
763 1922 871 1971 quod
891 1921 1124 1970 significatur
1133 1927 1163 1970 η,
1174 1934 1256 1959 non
1270 1921 1379 1959 fieret

313 1985 384 2026 per
402 1974 503 2012 hanc
520 1974 688 2012 formam
706 1982 749 2011 ut
774 1986 915 2024 corpus
935 1974 1075 2012 Christi
1094 1974 1140 2012 sit
1166 1974 1206 2012 in
1225 1975 1302 2012 hoc
1320 1988 1377 2013 sa-

310 2034 511 2065 cramento
531 2027 748 2065 secundum
762 2027 973 2075 veritatem,
989 2028 1055 2065 sed
1075 2029 1204 2066 solum
1223 2027 1320 2066 sicut
1338 2028 1378 2065 in

309 2079 434 2129 signo.
452 2080 577 2128 Quod
591 2088 646 2118 est
661 2080 909 2128 haereticum,
925 2088 968 2118 ut
981 2093 1099 2131 supra
1111 2081 1132 2103 *
1146 2081 1292 2119 dictum
1310 2089 1375 2119 est.

363 2133 416 2171 Et
443 2132 536 2172 ideo
573 2133 635 2171 alii
672 2133 851 2172 dixerunt
886 2134 995 2184 quod
1026 2135 1123 2172 haec
1159 2134 1273 2172 dictio
1307 2136 1379 2173 hoc

311 2185 399 2225 facit
426 2186 796 2224 demonstrationem
814 2187 868 2225 vrad
886 2199 1056 2235 sensum,
1077 2187 1145 2225 sed
1163 2187 1379 2237 intelligitur

312 2240 410 2277 haec
428 2239 703 2277 demonstratio
731 2252 812 2278 non
829 2252 902 2290 pro
921 2240 984 2278 illo
1003 2240 1156 2278 instanti
1174 2241 1378 2279 locutionis

307 2303 394 2342 quo
409 2293 603 2342 profertur
620 2293 717 2330 haec
735 2293 861 2340 dictio,
884 2293 952 2331 sed
977 2306 1050 2344 pro
1069 2293 1205 2331 ultimo
1226 2294 1378 2332 instanti

312 2345 534 2383 locutionis:
564 2346 672 2392 sicut,
701 2358 793 2384 cum
820 2346 957 2397 aliquis
984 2346 1089 2395 dicit,
1118 2348 1234 2385 Nunc
1260 2353 1376 2395 taceo,

309 2398 390 2437 hnc
416 2398 647 2445 adverbium
674 2412 776 2437 nunc
800 2399 887 2437 facit
907 2399 1278 2438 demonstrationem
1305 2413 1377 2450 pro

312 2447 466 2491 metanti
480 2451 700 2490 immediate
720 2452 894 2502 sequenti
913 2453 1168 2500 locutionem3
1197 2461 1254 2492 est
1272 2453 1378 2493 enim

306 2516 460 2552 sensus,
489 2506 618 2543 Statim
645 2506 748 2543 dictate
774 2507 831 2543 his
856 2508 989 2552 verbis,
1018 2512 1134 2545 taceo.

367 2558 444 2596 Sed
462 2569 535 2595 nec
553 2558 630 2596 hoc
648 2566 746 2596 stare
764 2566 900 2609 potest.
930 2559 1034 2607 Quia
1046 2560 1270 2597 secundum
1289 2561 1376 2608 hoc,

312 2610 429 2648 huius
463 2611 668 2649 locutionis
703 2620 759 2649 est
793 2624 947 2660 sensus,
987 2614 1131 2662 Corpus
1167 2625 1292 2651 meum
1327 2620 1378 2651 est

310 2675 447 2724 corpus
474 2677 611 2702 meum.
641 2665 761 2714 Quod
783 2665 977 2715 praedicta
1000 2666 1145 2704 locutio
1173 2678 1254 2704 non
1272 2667 1375 2705 facit:

305 2729 406 2767 qula
431 2718 509 2756 hoc
534 2718 604 2756 fuit
627 2718 743 2757 etiam
770 2726 858 2756 ante
876 2719 1134 2768 prolationem
1152 2720 1376 2759 verborum.

310 2770 426 2808 Unde
453 2782 581 2820 neque
609 2772 687 2808 hoc
712 2771 905 2821 praedicta
929 2772 1074 2810 locutio
1102 2772 1300 2822 significat.

364 2823 416 2860 Et
441 2823 531 2861 ideo
559 2824 666 2862 aliter
693 2824 902 2862 dicendum
927 2832 986 2863 'est
1009 2826 1131 2876 quod,
1152 2826 1249 2864 sicut
1271 2838 1378 2877 prae-

305 2874 459 2914 ¹dictum
473 2884 530 2914 est
541 2876 573 2926 ¹¹¹,
593 2877 690 2915 haec
707 2877 849 2916 locutio
863 2878 984 2916 ‘habet
1001 2879 1182 2917 virtutem
1195 2879 1378 2918 factivam

367 3006 393 3043 β)
413 3009 456 3034 Β.
473 3023 493 3028 -
506 3013 651 3042 praeterea
669 3008 828 3044 (propterea
846 3010 888 3044 bc)
907 3012 976 3037 addit
994 3013 1076 3038 tertia.

365 3047 394 3086 γ)
407 3045 516 3078 φάει..-
533 3045 571 3075 Βς
584 3053 682 3078 quan.
693 3060 712 3066 -
732 3047 782 3071 Pro
799 3047 974 3081 sfgniflcative
987 3049 1174 3078 sumebantur,
1192 3049 1272 3074 etiam
1291 3049 1375 3083 signi-

366 3114 391 3149 δ)
401 3081 641 3150 εειῗὲἶιιῗῖωεῖίῑῖη,
653 3124 685 3142 ea
704 3125 772 3150 quae
791 3118 819 3143 F.
834 3118 866 3144 ,ἰη
885 3119 1065 3152 (recitatione)
1079 3120 1118 3151 Η,
1131 3127 1167 3146 αι
1179 3121 1226 3146 ΡΙ.

366 3150 389 3185 ε)
406 3152 497 3177 carnis
514 3160 587 3179 suae.
600 3168 620 3172 -
632 3153 722 3184 Psi-“13
740 3161 804 3178 suae
818 3154 893 3185 ΑΒΕ,
906 3162 954 3180 suo
963 3154 998 3186 D,
1010 3162 1075 3180 suae
1091 3156 1182 3181 carrn's
1195 3157 1236 3181 ed.
1248 3164 1274 3185 a,
1288 3157 1378 3181 carnis

304 3191 379 3212 ‘uae
396 3187 586 3214 mundissimae
604 3189 693 3214 Gflbc.
705 3203 724 3208 -
742 3190 1008 3222 regenenm'vu‘EFa
1027 3196 1053 3215 et
1070 3192 1158 3222 tertia3
1176 3192 1344 3225 generativa.

1435 545 1607 591 culativi,
1645 558 1745 595 quae
1778 555 1833 584 est
1865 557 2019 598 accepta
2049 563 2071 587 a
2099 552 2232 589 rebus:
2268 565 2359 591 nam
2387 568 2492 593 voces

1433 603 1517 634 sunt
1533 599 1644 647 signa
1663 599 1919 646 intellectuum,
1937 603 2153 640 secundum
2172 604 2490 654 Philosophum*.

1436 650 1484 686 Et
1511 649 1611 697 ideo,
1641 650 1737 688 sicut
1764 653 1964 702 conceptio
1993 654 2201 693 intellectus
2233 659 2386 705 practici
2413 672 2493 697 non

1434 703 1712 752 praesupponit
1740 716 1822 741 rem
1849 714 2086 755 conceptam,
2116 709 2182 745 sed
2211 709 2294 746 facit
2317 723 2415 757 eam,
2444 713 2494 750 ita

1434 755 1572 792 veritas
1610 756 1726 793 huius
1760 757 1962 795 locutionis
1999 771 2078 796 non
2106 764 2380 811 praesupponit
2412 777 2494 802 rem

1435 807 1705 856 significatam,
1742 810 1808 846 sed
1835 810 1922 847 facit
1949 823 2055 849 eam:
2095 813 2147 850 sic
2175 814 2278 851 enim
2313 828 2352 852 se
2380 817 2494 854 habet

1435 861 1597 898 verbum
1632 861 1705 898 Dei
1742 862 1791 899 ad
1825 875 1884 900 res
1917 864 2034 901 factas
2070 878 2139 914 per
2170 867 2346 905 verbum.
2389 870 2495 907 Haec

1435 921 1566 951 autem
1601 914 1803 952 conversio
1836 927 1916 952 non
1943 916 1986 953 fit
2013 918 2244 966 successive,
2281 921 2348 957 sed
2376 921 2414 958 in
2440 922 2494 959 in-

2518 613 2592 635 'Peri
2600 614 2729 636 Hemdib.

2519 639 2537 663 1,
2552 646 2577 660 ca
2597 657 2601 661 .
2618 647 2632 663 ι,
2648 647 2670 662 n.
2685 647 2706 662 2.
2718 653 2728 658 -

2519 665 2543 687 S.
2558 646 2601 687 ΤΚ.
2617 667 2668 688 lect.
2684 673 2708 688 11.

1436 967 1566 1014 stanti,
1597 967 1693 1004 sicut
1720 967 1864 1005 dictum
1895 977 1950 1005 est
1967 969 1998 1006 ²¹².
2041 971 2089 1007 Et
2116 970 2202 1008 ideo
2232 981 2380 1022 oportet
2412 975 2494 1024 qui·
2521 983 2531 992 ·
2564 988 2577 1003 u
2591 989 2650 1004 mv
2665 989 2678 1004 a

1436 1020 1526 1057 dem
1545 1019 1749 1069 intelligere
1768 1021 2003 1070 praedictam
2023 1023 2256 1061 locutionem
2280 1027 2495 1065 secundum

1435 1073 1616 1110 ultimum
1648 1073 1791 1110 instans
1823 1074 2044 1123 prolationis
2072 1077 2296 1115 verborum:
2334 1092 2414 1117 non
2442 1088 2494 1118 ta-

1436 1138 1528 1163 men
1556 1126 1606 1164 ita
1633 1127 1742 1176 quod
1769 1136 2103 1176 praesupponatur
2130 1142 2176 1166 ex
2204 1139 2308 1180 parte
2337 1132 2495 1170 subiecti

1435 1179 1475 1216 id
1502 1179 1610 1229 quod
1638 1187 1694 1216 est
1720 1179 1907 1217 terminus
1926 1182 2198 1230 conversionis,
2223 1184 2361 1222 scilicet
2382 1187 2494 1235 «quod

1435 1244 1577 1283 corpus
1606 1232 1747 1270 Christi
1781 1232 1827 1269 sit
1854 1245 1995 1282 corpus
2024 1234 2180 1282 Christi;
2219 1249 2345 1286 neque
2376 1238 2494 1276 ‘etiam

1435 1285 1528 1323 illud
1556 1286 1664 1335 quod
1691 1285 1760 1323 fuit
1778 1293 1865 1323 ante
1884 1287 2188 1336 conversionem,
2211 1289 2347 1327 scilicet
2364 1291 2493 1340 panis3

1435 1339 1504 1376 sed
1531 1339 1570 1376 id
1598 1339 1707 1388 quod
1734 1339 1993 1376 communiter
2020 1352 2059 1377 se
2088 1341 2202 1379 habet
2229 1352 2418 1391 quantum
2445 1345 2494 1382 ad

1434 1399 1656 1442 utrumque,
1686 1391 1825 1430 scilicet
1843 1400 2068 1430 contentum
2087 1393 2126 1430 in
2144 1396 2307 1442 generali
2327 1397 2398 1434 sub
2418 1397 2494 1434 istis

1434 1444 1646 1495 speciebus.
1688 1446 1781 1482 Non
1809 1445 1915 1482 enim
1950 1445 2091 1482 faciunt
2118 1448 2213 1485 haec
2238 1449 2356 1486 verba
2387 1451 2494 1499 quod

1433 1510 1575 1548 corpus
1610 1497 1751 1535 Christi
1784 1497 1830 1534 sit
1864 1510 2005 1547 corpus
2034 1499 2189 1546 Christi;
2228 1513 2354 1551 neque
2387 1503 2494 1552 quod

1433 1551 1543 1600 panis
1576 1550 1622 1588 sit
1654 1563 1796 1600 corpus
1830 1550 1990 1598 Christi;
2029 1552 2095 1589 sed
2129 1554 2236 1602 quod
2271 1562 2494 1593 contentum

1433 1604 1506 1642 sub
1534 1604 1594 1642 his
1617 1603 1829 1653 speciebus,
1859 1605 1967 1654 quod
1985 1605 2092 1654 prius
2110 1614 2189 1643 erat
2207 1607 2328 1656 panis,
2348 1608 2394 1644 sit
2412 1620 2493 1645 cor-

1432 1670 1507 1707 pus
1536 1657 1687 1695 Christi.
1729 1658 1779 1694 Et
1805 1654 1905 1694 ideo'
1922 1657 2112 1706 signanter
2138 1671 2219 1697 non
2246 1660 2335 1697 dicit
2361 1661 2494 1699 Domi-

1433 1722 1519 1758 nus,
1547 1712 1626 1748 fflc
1647 1712 1760 1760 panis
1787 1716 1838 1747 est
1863 1723 2001 1760 corpus
2021 1724 2157 1758 meum,
2186 1713 2293 1761 quod
2315 1721 2411 1750 esset
2438 1727 2494 1751 se-

1433 1764 1608 1801 cundum
1635 1763 1870 1800 intellectum
1897 1765 2089 1801 secundae
2114 1764 2325 1814 opinionis3
2355 1779 2493 1817 neque,

1432 1817 1522 1854 Hoc
1548 1829 1684 1867 corpus
1710 1829 1835 1853 meum
1863 1823 1914 1854 est
1941 1829 2075 1868 corpus
2099 1830 2234 1865 meum,
2263 1819 2370 1868 quod
2399 1828 2495 1857 esset

1433 1870 1650 1907 secundum
1668 1869 1902 1907 intellectum
1916 1869 2063 1917 tertiae3
2084 1871 2152 1908 sed
2166 1870 2206 1908 in
2219 1872 2395 1920 generali,
2407 1874 2495 1911 Hoc

1432 1929 1483 1960 est
1510 1935 1645 1973 corpus
1667 1935 1805 1969 meum,
1825 1924 1931 1961 nullo
1952 1923 2110 1961 nomine
2129 1924 2304 1974 apposito
2318 1937 2370 1962 ex
2388 1934 2494 1975 parte

1432 1975 1611 2024 subiecti,
1653 1976 1722 2013 sed
1758 1977 1842 2014 solo
1878 1977 2129 2026 pronomine,
2166 1978 2274 2027 quod
2311 1978 2495 2027 significat

1432 2029 1684 2067 substantiam
1721 2028 1760 2066 in
1798 2029 1999 2067 communi
2041 2030 2121 2067 sine
2159 2030 2357 2080 qualitate,
2399 2031 2495 2069 idest

1431 2083 1557 2120 forma
1584 2082 1846 2120 determinata.
2220 2114 2234 2124 .

1484 2137 1542 2173 AD
1561 2148 1698 2174 Palmum
1717 2147 1816 2174 ERGO
1835 2147 2017 2174 mCENDUM
2036 2137 2149 2186 *quod
2176 2137 2272 2174 haec
2290 2137 2404 2175 dictio
2422 2139 2494 2176 hoc

1432 2189 1669 2227 demonstrat
1696 2188 1968 2237 substantiam,
1998 2189 2066 2227 sed
2093 2190 2238 2239 absque
2266 2190 2492 2229 determina-

1431 2242 1536 2280 tione
1563 2241 1742 2292 propriae
1769 2249 1940 2290 naturae,
1969 2242 2066 2279 sicut
2093 2242 2238 2280 dictum
2265 2251 2320 2279 est
2338 2243 2368 2280 *.

1484 2297 1542 2332 An
1577 2307 1767 2333 SECUNDUM
1802 2307 1984 2333 memnon
2022 2296 2128 2345 quod
2164 2296 2241 2333 hoc
2275 2307 2493 2346 pronomen

1430 2349 1502 2386 hoc
1528 2359 1609 2386 non
1629 2348 1865 2386 demonstrat
1892 2348 1975 2398 ipsa
1993 2348 2212 2397 accidentia,
2232 2349 2300 2386 sed
2319 2349 2492 2386 substan-

1430 2401 1524 2440 tiam
1561 2402 1633 2439 sub
1669 2401 1928 2440 accidentibus
1960 2409 2198 2449 contentam,
2235 2414 2335 2451 quae
2362 2401 2492 2452 primo

1430 2454 1500 2493 fuit
1526 2454 1658 2504 panis,
1691 2462 1728 2492 et
1761 2462 1895 2504 postea
1927 2463 1982 2492 est
2009 2467 2150 2504 corpus
2172 2454 2336 2492 -Christiz
2372 2456 2492 2504 quod,

1431 2508 1516 2545 licet
1543 2520 1624 2545 non
1643 2507 1870 2545 informetur
1888 2507 1947 2546 his
1966 2508 2235 2556 accidentibus,
2262 2515 2392 2546 tamen
2414 2509 2492 2546 *sub

1431 2561 1486 2598 eis
1514 2561 1741 2599 continetur.

1485 2615 1542 2652 AD
1569 2626 1729 2652 TER-mnu
1761 2627 1943 2653 DICENDUM
1980 2615 2087 2664 quod
2120 2613 2342 2663 significatio
2377 2614 2492 2652 huius

1431 2667 1635 2707 locutionis
1660 2667 1978 2718 praehueuigitur
2011 2668 2064 2705 rei
2097 2667 2324 2716 significatae
2357 2667 2491 2705 ordine

1431 2729 1604 2769 naturae,
1632 2720 1731 2758 sicut
1744 2733 1866 2759 *causa
1883 2721 2102 2759 naturaliter
2125 2728 2184 2758 ‚est
2210 2720 2316 2769 prior
2334 2720 2488 2758 effectu:

1432 2786 1513 2811 non
1537 2781 1671 2811 tamen
1699 2774 1832 2811 ordine
1859 2774 2064 2823 temporis,
2099 2773 2190 2822 quia
2221 2774 2318 2810 haec
2335 2771 2348 2794 θ
2376 2785 2491 2810 causa

1432 2827 1548 2865 simul
1570 2827 1691 2865 'habet
1712 2839 1851 2864 secum
1879 2839 1996 2864 suum
2015 2827 2206 2864 effectum.
2237 2826 2285 2862 Et
2308 2826 2387 2863 ‘hoc
2414 2826 2488 2863 suf-

1431 2880 1511 2918 ficit
1538 2881 1587 2917 ad
1614 2879 1814 2918 veritatem
1838 2879 2054 2917 locutionis.

1480 3012 1508 3046 ζ)
1529 3013 1714 3045 Significatum
1729 3019 1781 3044 per
1799 3012 1855 3036 hoc.
1868 3025 1887 3029 -
1905 3011 2006 3040 PBF1c3
2023 3017 2075 3042 per
2093 3010 2141 3035 hoc
2165 3009 2344 3042 significatum
2365 3016 2418 3041 per
2439 3009 2489 3034 hoc

1426 3049 1481 3079 CE,
1492 3055 1545 3080 per·
1557 3049 1608 3072 hoc
1625 3047 1698 3079 quod
1715 3047 1893 3080 significatum
1908 3053 1961 3078 per
1979 3046 2027 3070 hoc
2039 3047 2070 3076 A,
2079 3053 2131 3077 per
2143 3045 2326 3078 ,significatum
2346 3044 2395 3069 hoc
2409 3044 2450 3069 ed.
2461 3052 2487 3072 a,

1426 3091 1479 3116 per
1495 3084 1544 3109 hoc
1562 3083 1740 3116 significatum
1758 3083 1808 3107 hnc
1823 3082 1894 3114 ,Ηρῦ
1913 3086 1937 3106 et
1956 3082 1978 3109 b,
1997 3081 2175 3114 significatum
2190 3087 2242 3112 per
2259 3080 2308 3104 hoc
2326 3080 2375 3104 hoc
2393 3079 2440 3104 οῦ.

1483 3119 1510 3150 η)
1528 3119 1706 3151 significatur.
1723 3131 1743 3136 -
1760 3117 1803 3143 EF
1822 3123 1847 3141 et
1865 3116 1952 3146 tertia;
1971 3116 2115 3149 significat.

1484 3152 1508 3188 Θ)
1528 3154 1600 3179 haec.
1617 3167 1635 3172 -
1653 3153 1696 3178 hic
1714 3152 1764 3183 BC,
1784 3160 1838 3177 om.
1858 3152 1875 3176 1.

2518 2245 2530 2256 ·
2543 2244 2568 2265 In
2583 2249 2687 2271 corpore.
