2878 4088
136 356 144 364 ·
161 353 248 374 Eodem
265 358 327 373 num.

135 538 142 545 ·
160 535 217 555 Part.
235 539 267 560 ιιι,
283 534 290 557 5
305 539 325 560 7.

134 624 143 633 ·
174 622 197 644 S.
231 621 345 643 Maximus

135 649 200 671 Mart.
210 660 220 664 -
234 648 269 670 Cf.
277 648 346 669 b.Al-

136 676 191 697 bert.
212 675 244 696 IV
265 675 345 700 Sent.,

134 702 187 723 dist.
204 708 254 728 xiv,
271 705 312 722 art.
325 707 344 729 3.

134 800 143 809 '¹
164 798 220 829 Cap.
241 804 293 822 xix.
316 799 345 819 al.

136 831 183 850 xvu
200 831 223 846 in
237 828 281 846 vet.
294 830 345 852 cap.

136 858 185 873 xm.

135 1238 144 1246 ·
155 1237 210 1258 Dist.
227 1242 278 1261 xiv,
295 1241 344 1263 cap.

135 1262 214 1290 Neque
249 1268 327 1290 negan
335 1273 344 1277 -

134 1289 346 1342 ei·¹⁴s⁷3e‘}m.C1.xxn,

134 1342 193 1363 ahde
200 1341 345 1369 Verb.Apost.

136 1368 228 1394 XXXII,
240 1374 312 1396 capu.

119 1530 123 1534 ,
135 1511 142 1519 ·
159 1508 312 1538 Praepositin.
325 1512 345 1529 et

135 1535 264 1557 Autissiod.
288 1535 345 1556 locis

136 1562 173 1583 cit.
197 1561 261 1583 infra.
278 1573 288 1578 -
309 1561 344 1583 Cf.

136 1589 159 1609 b.
175 1589 296 1610 Albenum
313 1588 345 1609 iv

135 1614 211 1641 Sent„
224 1615 276 1636 dist.
288 1621 344 1639 ην,

134 1645 175 1662 art.
192 1648 211 1670 3.

137 1864 145 1871 “
170 1861 204 1882 Cr.
230 1864 287 1882 orat.
316 1860 344 1882 ad

137 1887 207 1915 Vesp.
218 1887 287 1909 feriae
294 1891 344 1909 tert.

135 1917 194 1944 ppst'
207 1914 276 1936 Dom.
291 1914 343 1936 Pas-

136 1946 218 1962 sionis.

138 2257 147 2267 ·
165 2255 219 2276 Peri
243 2255 344 2281 Archon,

137 2282 175 2303 lib.
195 2282 212 2309 1,
229 2288 279 2309 cap.
294 2288 324 2303 vi.
335 2293 345 2298 —

138 2309 173 2330 Cf.
185 2315 203 2330 s.
215 2308 286 2336 Greg.
298 2309 346 2330 Mo·

138 2335 181 2357 raI.
192 2335 232 2356 lib.
240 2335 286 2361 cit.⁷
295 2341 345 2366 cap.

137 2368 189 2388 xix,
204 2362 232 2383 al.
252 2368 303 2388 xv1;
323 2368 345 2383 ιιι

138 2392 182 2409 vet.
210 2394 276 2416 capp.
301 2394 331 2410 ιιι
341 2405 346 2415 ,

137 2421 191 2442 χιιι,

138 2443 147 2452 ·
154 2441 188 2463 Cf.
195 2441 289 2468 Summ„
296 2447 346 2469 cap.

138 2467 167 2489 de
180 2468 236 2496 Igne
247 2468 346 2496 Pur-gat.

139 2499 183 2516 etc.

144 2877 227 2904 'Apud
234 2877 256 2898 b.
263 2877 351 2907 Alben.

144 2903 354 2956 {ilviftanril'zdmh

379 187 450 234 154

373 274 486 295 vocem
511 265 569 294 sibi
593 264 743 295 divinitus
766 265 902 295 illatam:
933 264 1046 295 Vocem
1070 270 1159 295 tuam
1183 265 1310 300 audivi,
1336 269 1367 295 et
1389 274 1440 295 ve-

373 310 459 339 niam
481 309 624 339 Traiano
648 308 700 339 do.
718 307 820 339 Cuius
843 309 899 345 rei,
916 314 952 339 ut
968 309 1186 339 Damascenus
1210 309 1285 339 dicit
1303 309 1337 339 in
1353 307 1439 339 dicto

373 353 527 384 Sermone
543 354 570 389 ξ
588 353 675 384 testis
697 357 744 383 est
759 353 868 384 oriens
884 353 988 384 omnis
1004 358 1035 383 et
1050 353 1206 384 occidens.
1231 352 1295 383 Sed
1317 358 1440 383 constat

373 397 547 427 Traianum
570 398 604 427 in
619 397 744 428 inferno
769 396 876 434 fuisse,
894 398 970 438 quia
986 398 1161 428 multorum
1185 402 1369 437 martyrum
1386 405 1439 426 ne-

373 451 439 472 cem
455 451 602 472 amaram
630 441 776 478 instituit,
801 447 836 472 ut
859 441 979 473 ibidem
1002 442 1219 472 Damascenus
1243 440 1328 471 dicit.
1353 440 1438 480 Ergo

373 485 519 526 suffragia
541 486 704 517 Ecclesiae
728 486 834 516 valent
854 487 950 517 etiam
972 487 1006 516 in
1028 485 1154 516 inferno
1179 486 1393 516 existentibus.

428 530 490 561 San
515 540 638 561 com-im
661 540 715 561 τιεί·
740 530 829 570 quod
853 530 928 561 dicit
944 530 1128 571 DionysiuS,
1146 540 1188 559 vn
1201 539 1269 569 cap.
1283 530 1299 546 ⁴*
1315 528 1437 559 Eccles.

372 574 466 605 Hier.
481 583 490 605 .·
514 574 663 605 Summus
677 575 830 605 sacerdos
839 585 904 615 pro
923 574 1094 605 immundis
1114 583 1178 604 non
1196 578 1290 604 orat:
1312 573 1389 613 quia
1405 573 1438 602 in

373 619 433 649 hoc
455 624 657 650 averteretur
679 628 700 649 a
723 619 832 650 divino
857 619 980 649 ordine.
1015 618 1056 649 Et
1086 623 1321 648 commentator
1341 618 1357 634 ⁴*
1381 617 1439 647 ibi-

373 663 446 694 dem
470 663 545 694 dicit
561 663 650 704 quod
667 663 892 704 peccatoribus
916 673 980 693 non
998 668 1073 693 orat
1095 662 1335 693 remissionem:
1363 661 1439 702 quia

373 717 438 738 non
462 707 633 738 audiretur
649 717 714 748 pro
740 708 813 738 illis.
838 708 923 748 Ergo
948 706 1095 747 suffragia
1119 707 1324 737 existentibus
1342 706 1376 736 in
1391 706 1439 736 in-

374 751 464 782 ferno
488 761 556 782 non
579 752 694 782 valent.

429 806 458 826 2.
484 797 679 832 Paanraasa,
701 795 874 836 Gregorius
898 795 983 832 dicit,
1001 796 1034 826 in
1049 795 1183 825 XXXIV
1198 794 1251 825 lib.
1270 794 1391 824 Moral.
1405 794 1438 824 *z

372 840 495 871 Eadem
519 850 619 870 causa
643 845 689 870 est
711 849 771 870 cur
794 850 859 870 non
884 845 997 870 oretur
1020 845 1105 876 tunc,
1123 839 1243 869 scilicet
1265 844 1339 879 post
1355 838 1440 869 diem

373 884 490 920 iudicii,
502 894 567 924 pro
590 884 771 914 hominibus
794 889 926 914 aeterno
954 884 1030 925 igne
1053 883 1224 919 damnatis,
1249 892 1331 923 quae
1355 891 1440 913 nunc

373 938 471 959 causa
488 933 535 959 est
550 933 585 958 ut
600 938 664 958 non
682 933 795 958 oretur
804 938 869 968 pro
887 928 1016 958 diabolo
1033 933 1064 958 et
1078 927 1206 969 angelis
1222 927 1291 957 eius
1306 932 1439 957 aeterno

373 973 528 1013 supplicio
553 972 719 1012 deputatis.
748 971 840 1007 Quae
863 972 957 1001 etiam
982 981 1068 1002 nunc
1091 981 1190 1002 causa
1215 976 1262 1001 est
1285 976 1320 1001 ut
1336 970 1441 1001 sancti

374 1026 437 1046 non
463 1021 557 1046 orent
573 1025 637 1055 pro
661 1016 842 1045 hominibus
866 1015 1046 1056 infidelibus
1070 1015 1237 1055 impiisque
1259 1014 1441 1056 defunctis:

373 1061 447 1100 quia
472 1060 511 1090 de
534 1060 579 1089 eis
603 1059 711 1099 utique
734 1069 814 1099 quos
837 1064 970 1089 aeterno
995 1059 1166 1089 damnatos
1193 1058 1351 1098 supplicio
1376 1058 1440 1088 iam

374 1104 529 1139 noverint,
543 1108 618 1133 ante
635 1103 726 1133 illum
743 1103 858 1133 iudicis
875 1103 950 1133 iusti
966 1108 1170 1143 conspectum
1186 1102 1347 1132 orationis
1361 1111 1441 1132 suae

372 1148 520 1178 meritum
544 1147 667 1178 cassari
691 1147 871 1188 refugiunt.
896 1147 982 1186 Ergo
1007 1146 1154 1186 suffragia
1176 1147 1210 1176 in
1232 1145 1358 1176 inferno
1380 1155 1440 1186 po-

373 1193 437 1222 sitis
460 1201 528 1222 non
550 1192 665 1221 valent.

428 1236 457 1266 3.
474 1236 669 1271 Pium-anna,
682 1236 716 1265 in
731 1235 833 1265 littera
846 1236 862 1251 ³*
878 1235 1013 1265 habetur
1029 1244 1066 1265 ex
1082 1234 1186 1265 verbis
1201 1234 1373 1274 Augustini
1384 1235 1437 1263 ”z

375 1280 439 1316 Qui
454 1280 523 1310 sine
525 1279 596 1321 fide
609 1285 762 1320 operante
768 1289 832 1319 per
847 1279 1059 1315 dilectionem,
1073 1278 1203 1319 eiusque
1218 1278 1439 1314 sacramentis,

372 1324 411 1355 de
433 1334 571 1364 corpore
597 1329 724 1359 exeunt,
740 1324 876 1365 frustra
900 1323 966 1354 illis
989 1333 1009 1354 a
1031 1323 1099 1354 suis
1121 1322 1307 1353 huiusmodi
1330 1322 1441 1363 officia

374 1369 609 1409 impenduntur.
640 1368 702 1399 Sed
726 1377 838 1398 omnes
867 1367 1007 1398 damnati
1031 1373 1105 1398 sunt
1128 1366 1324 1397 huiusmodi.
1354 1366 1440 1407 Ergo

374 1414 417 1443 eis
441 1412 587 1452 suffragia
610 1422 677 1442 non
699 1417 844 1452 prosunt.

426 1458 615 1487 Rasrounao
646 1466 805 1486 DICENDUM
834 1455 923 1496 quod
952 1457 1034 1486 circa
1062 1455 1229 1486 damnatos
1258 1456 1291 1486 in
1314 1455 1440 1486 inferno

373 1501 431 1531 fuit
455 1501 572 1541 duplex
596 1501 717 1541 opinio.
743 1499 884 1538 Quidam
900 1501 916 1516 ⁴*
936 1501 1023 1530 enim
1039 1499 1187 1530 dixerunt
1202 1500 1236 1530 in
1251 1500 1315 1530 hoc
1331 1499 1441 1530 distin-

372 1545 536 1585 guendum
557 1555 624 1575 esse
641 1544 818 1584 dupliciter.
844 1545 918 1575 Uno
935 1544 1047 1580 modo,
1065 1550 1223 1584 quantum
1239 1543 1279 1574 ad
1294 1549 1439 1584 tempus:

373 1590 511 1620 dicentes
536 1589 625 1629 quod
648 1594 722 1629 post
746 1588 831 1619 diem
854 1588 965 1619 iudicii
988 1588 1096 1619 nullus
1111 1589 1145 1618 in
1160 1588 1287 1619 inferno
1305 1589 1440 1619 existens

372 1634 480 1674 aliquo
497 1633 645 1673 suffragio
665 1633 806 1669 iuvatur;
824 1632 879 1663 sed
895 1638 969 1663 ante
985 1632 1071 1664 diem
1086 1632 1197 1663 iudicii
1213 1633 1313 1673 aliqui
1328 1633 1440 1663 iuvan-

371 1685 421 1708 tur
437 1677 590 1718 suffragiis
607 1677 776 1708 Ecclesiae.
790 1677 896 1708 —Alio
912 1677 1013 1708 modo
1031 1676 1267 1717 distinguebant
1283 1683 1441 1717 quantum

372 1722 410 1753 ad
433 1732 584 1762 personas
608 1722 641 1752 in
664 1721 789 1751 inferno
814 1721 967 1752 detentas.
993 1721 1077 1752 Inter
1100 1731 1183 1762 quos
1207 1721 1333 1762 aliquos
1355 1720 1440 1752 dice-

371 1768 447 1797 bant
470 1776 537 1796 esse
553 1765 643 1796 valde
667 1766 778 1802 malos,
797 1767 852 1806 qui
876 1766 996 1796 scilicet
1019 1766 1086 1796 sine
1110 1765 1174 1796 fide
1191 1771 1222 1796 et
1237 1766 1441 1796 sacramentis

372 1811 532 1841 Ecclesiae
563 1810 783 1841 decesserunt:
818 1816 848 1841 et
871 1810 1004 1846 talibus,
1030 1811 1106 1851 quia
1136 1810 1175 1841 de
1203 1810 1347 1841 Ecclesia
1373 1820 1442 1841 non

372 1855 500 1886 fuerunt
519 1865 579 1885 nec
597 1855 710 1885 merito
727 1864 787 1885 nec
804 1865 940 1886 numero
956 1856 983 1891 ’ἢ
1001 1854 1149 1895 suffragia
1164 1854 1327 1885 Ecclesiae
1343 1854 1440 1895 prod-

373 1909 439 1930 esse
472 1909 539 1930 non
571 1905 715 1939 possunt.
750 1899 813 1930 Alii
841 1909 918 1930 vero
949 1904 1023 1930 sunt
1050 1909 1118 1929 non
1145 1898 1237 1929 valde
1267 1899 1359 1935 mali,
1385 1899 1442 1940 qui

372 1944 490 1974 scilicet
514 1943 551 1974 de
575 1943 717 1974 Ecclesia
741 1943 871 1974 fuerunt
894 1953 1041 1979 numero,
1059 1949 1090 1974 et
1106 1942 1204 1974 fidem
1227 1944 1391 1980 habentes,
1409 1949 1440 1974 et

1067 186 1330 232 QUAESTIO
1359 186 1494 233 LXXI,
1515 184 1808 222 ARTICULUS
1836 185 1871 220 V

1495 265 1584 303 gium
1607 264 1714 294 minus
1738 262 1777 293 de
1800 272 1908 303 poena
1931 261 2088 293 diminuat
2111 271 2210 302 quam
2232 263 2384 303 primum,
2402 264 2428 293 si
2451 264 2491 294 sit
2513 273 2565 294 ae-

1496 308 1598 347 qualis
1621 307 1746 337 valoris.
1770 325 1792 329 —
1816 306 1944 343 Tertio,
1969 306 2045 346 quia
2070 315 2178 346 poena
2208 306 2345 338 diminui
2367 317 2436 338 non
2458 313 2566 348 potest

1494 352 1555 382 nisi
1580 351 1775 382 diminuatur
1791 355 1822 381 et
1838 350 1951 391 culpa:
1976 351 2059 380 sicut
2073 359 2135 381 nec
2151 350 2267 381 auferri
2289 352 2350 382 nisi
2366 361 2404 382 ea
2419 351 2530 382 ablata.
2542 370 2566 374 -

1495 395 1629 434 Quarto,
1647 396 1722 436 quia
1738 395 1771 425 in
1788 394 1944 425 divisione
1967 394 2071 425 lineae
2093 393 2224 425 tandem
2246 396 2431 435 pervenitur
2446 395 2486 426 ad
2501 396 2565 426 hoc

1462 452 1470 472 ς
1494 439 1584 480 quod
1606 449 1675 470 non
1698 444 1745 470 est
1767 439 1929 469 sensibile:
1955 448 2072 479 corpus
2096 439 2184 469 enim
2199 439 2347 470 sensibile
2369 449 2438 470 non
2462 445 2509 470 est
2531 441 2565 470 in

1494 483 1656 514 infinitum
1687 483 1851 514 divisibile.
1883 482 1924 513 Et
1947 483 1993 513 sie
2023 488 2210 522 sequeretur
2241 482 2330 523 quod
2360 489 2435 523 post
2464 483 2566 514 multa

1494 527 1640 568 suffragia
1663 537 1770 568 poena
1792 537 1960 558 remanens
1983 532 2115 567 propter
2138 527 2187 557 sui
2206 527 2395 567 parvitatem
2410 537 2479 558 non
2494 537 2566 558 sen-

1493 573 1613 608 tiretur,
1638 578 1670 603 et
1691 582 1760 602 non
1783 577 1864 602 esset
1886 581 2003 611 poena.

1549 617 1590 647 Et
1608 616 1682 647 ideo
1699 617 1752 647 alii
1767 616 1866 646 alium
1882 616 2074 646 invenerunt
2089 614 2236 646 modum.
2250 614 2565 647 Autissiodorensis*
2593 621 2604 632 ·

1455 672 1480 687 ιο
1494 662 1581 692 enim
1604 660 1682 691 dixit
1704 660 1795 701 quod
1821 659 1969 700 suffragia
1996 664 2143 700 prosunt.
2161 659 2318 690 damnatis
2341 669 2408 690 non
2433 660 2565 700 quidem

1494 715 1551 747 per
1574 704 1823 736 diminutionem
1845 714 1971 745 poenae
1987 704 2039 735 vel
2061 713 2118 744 per
2141 704 2420 744 interruptionem,
2437 703 2493 735 sed
2508 714 2566 745 per

1494 750 1766 781 confortationem
1797 749 1964 789 patientis:
1999 749 2082 779 sicut
2107 749 2134 779 si
2164 748 2265 779 homo
2298 753 2440 789 portaret
2470 758 2566 789 grave

1495 804 1588 831 onus,
1606 799 1637 824 et
1659 793 1756 824 facies
1779 803 1837 824 sua
1854 792 2100 834 perfunderetur
2123 802 2226 833 aqua;
2256 793 2300 823 sic
2325 793 2412 823 enim
2435 792 2565 824 confor-

1494 844 1612 869 taretur
1636 838 1676 869 ad
1698 838 1812 868 melius
1836 837 2046 878 portandum,
2072 847 2147 868 cum
2174 842 2282 868 tamen
2306 847 2389 868 onus
2412 846 2509 868 suum
2531 838 2565 868 in

1456 893 1478 913 15
1494 883 1585 914 nullo
1610 883 1711 913 levius
1734 882 1834 913 fieret.

1550 926 1613 958 Sed
1636 927 1699 957 hoc
1723 927 1840 957 iterum
1863 936 1932 957 esse
1954 936 2023 957 non
2045 931 2162 966 potest.
2187 925 2273 964 Quia
2296 926 2410 966 aliquis
2426 926 2499 967 plus
2514 926 2566 956 vel

1494 972 1601 1002 minus
1625 976 1755 1001 aeterno
1779 971 1852 1011 igne
1875 976 2031 1011 gravatur,
2050 976 2086 1001 ut
2110 969 2285 1010 Gregorius
2309 969 2385 1001 dicit
2400 971 2426 1007 *,
2451 979 2566 1001 secun-

1494 1015 1571 1045 dum
1595 1015 1746 1045 meritum
1770 1015 1894 1055 culpae.
1919 1015 1960 1045 Et
1982 1014 2057 1045 inde
2080 1020 2127 1045 est
2150 1014 2241 1055 quod
2264 1014 2381 1045 eodem
2404 1015 2478 1055 igne
2494 1015 2566 1055 qui-

1495 1059 1569 1089 dam
1592 1059 1681 1098 plus,
1707 1058 1839 1098 quidam
1867 1059 1975 1089 minus
2003 1059 2195 1089 cruciantur.
2230 1058 2341 1095 Unde,
2366 1069 2442 1090 cum
2470 1059 2567 1100 culpa

1468 1117 1481 1130 ο
1495 1102 1636 1133 damnati
1658 1103 1827 1133 immutata
1850 1108 2022 1139 remaneat,
2038 1112 2107 1133 non
2130 1108 2237 1142 potest
2260 1113 2328 1134 esse
2352 1103 2442 1143 quod
2463 1103 2566 1134 levius

1494 1156 1636 1186 poenam
1658 1145 1746 1176 ferat.
2526 1173 2529 1175 .

1550 1190 1607 1220 Est
1629 1190 1840 1220 nihilominus
1863 1195 1895 1220 et
1918 1190 2079 1230 praedicta
2101 1191 2214 1230 opinio
2239 1196 2270 1221 et
2288 1197 2565 1231 praesumptuosa,

1494 1239 1609 1274 utpote
1636 1233 1828 1265 Sanctorum
1851 1233 1943 1264 dictis
1967 1235 2143 1271 contraria3
2175 1239 2206 1264 et
2228 1244 2320 1271 vana,
2343 1235 2433 1265 nulla
2455 1241 2566 1266 aucto-

1494 1279 1584 1309 ritate
1600 1277 1724 1315 fulcita;
1742 1283 1773 1308 et
1787 1278 1998 1308 nihilominus
2013 1278 2211 1309 irrationalis.
2229 1278 2317 1309 Tum
2334 1279 2410 1319 quia
2426 1278 2567 1310 damnati

1455 1335 1478 1356 ις
1494 1323 1528 1353 in
1550 1322 1678 1353 inferno
1702 1327 1777 1353 sunt
1800 1327 1886 1352 extra
1908 1322 2076 1353 vinculum
2099 1323 2245 1359 caritatis,
2265 1322 2445 1353 secundum
2469 1332 2567 1364 quam

1495 1376 1593 1407 opera
1616 1367 1765 1397 vivorum
1789 1367 2018 1397 continuantur
2041 1366 2210 1398 defunctis.
2233 1385 2256 1389 -
2275 1367 2363 1398 Tum
2386 1368 2463 1408 quia
2485 1373 2567 1398 tota-

1494 1411 1565 1442 liter
1588 1411 1628 1442 ad
1651 1412 1721 1442 viae
1744 1411 1918 1441 terminum
1945 1417 2177 1451 pervenerunt,
2200 1411 2390 1452 recipientes
2420 1412 2568 1443 ultimam

1494 1465 1554 1496 pro
1578 1456 1698 1486 meritis
1720 1455 1975 1492 retributionem,
2000 1455 2083 1486 sicut
2106 1461 2137 1486 et
2160 1456 2261 1486 sancti
2284 1456 2342 1496 qui
2364 1461 2439 1487 sunt
2458 1456 2492 1486 in
2510 1465 2568 1497 pa-

1494 1501 1562 1531 tn'a.
1587 1499 1688 1538 Quod
1711 1500 1798 1530 enim
1819 1499 1924 1531 adhuc
1940 1505 2035 1530 restat
2051 1499 2091 1531 de
2106 1509 2213 1540 poena
2227 1500 2279 1531 vel
2294 1500 2395 1540 gloria
2411 1500 2566 1541 corporis,

1456 1556 1482 1576 ³0
1495 1545 1559 1575 hoc
1583 1544 1628 1575 eis
1651 1544 1810 1575 rationem
1832 1544 1962 1575 viatoris
1983 1554 2052 1575 non
2074 1545 2224 1585 praebet:
2250 1554 2327 1575 curn
2344 1544 2446 1585 gloria
2461 1554 2568 1576 essen-

1494 1589 1610 1619 tialiter
1633 1594 1664 1619 et
1687 1588 1864 1619 radicaliter
1890 1589 2001 1619 existat
2023 1589 2057 1619 in
2080 1589 2196 1625 anima,
2220 1594 2253 1619 et
2275 1589 2419 1620 similiter
2441 1589 2569 1620 miseria

1495 1632 1731 1664 damnatorum.
1762 1633 1804 1663 Et
1826 1632 1901 1663 ideo
1925 1643 1993 1664 non
2016 1638 2124 1674 potest
2147 1633 2262 1664 eoru'm
2284 1643 2392 1674 poena
2419 1632 2566 1670 diminui,

1494 1678 1577 1708 sicut
1600 1687 1661 1708 nec
1683 1677 1787 1718 gloria
1808 1682 1994 1708 sanctorum
2017 1678 2126 1718 augeri
2150 1683 2308 1718 quantum
2331 1677 2372 1708 ad
2386 1678 2568 1718 praemium

1495 1722 1671 1753 essentiale.
2160 1751 2163 1754 ,

1551 1765 1614 1797 Sed
1629 1771 1737 1797 tamen
1751 1765 1870 1796 modus
1887 1766 1944 1807 qui
1960 1776 1978 1797 a
1994 1765 2188 1806 quibusdam
2203 1766 2335 1807 ponitur
2351 1765 2442 1807 quod
2456 1765 2568 1797 suffra-

1494 1811 1546 1851 gia
1561 1816 1696 1851 prosunt
1720 1810 1886 1847 damnatis,
1909 1816 2020 1851 posset
2042 1810 2151 1851 aliquo
2175 1809 2276 1841 modo
2300 1811 2464 1842 susn'neri:
2489 1815 2526 1842 ut
2541 1810 2568 1841 si

1495 1854 1618 1886 dicatur
1641 1854 1731 1896 quod
1760 1864 1829 1885 non
1858 1860 1995 1897 prosunt
2023 1864 2131 1896 neque
2161 1859 2321 1896 quantum
2354 1854 2395 1886 ad
2426 1854 2567 1886 diminu-

1494 1900 1619 1930 tionem
1642 1909 1767 1940 poenae
1791 1899 1842 1930 vel
1864 1899 2142 1940 interruptionem,
2157 1899 2210 1930 vel
2229 1904 2387 1940 quantum
2411 1898 2451 1930 ad
2473 1898 2567 1930 dimi—

1494 1944 1665 1974 nutionem
1689 1953 1800 1974 sensus
1829 1953 1975 1983 poenae;
2006 1943 2063 1974 sed
2085 1944 2162 1984 quia
2185 1953 2224 1974 ex
2246 1942 2434 1974 huiusmodi
2456 1941 2567 1974 suffra-

373 1989 573 2018 sacramentis
601 1988 732 2024 imbuti,
758 1994 789 2018 et
812 1988 919 2028 aliqua
947 1997 1046 2029 opera
1069 1987 1108 2019 de
1131 1997 1247 2028 genere
1278 1988 1441 2018 bonorum
1456 2002 1482 2022 φ
1494 1989 1554 2029 giis
1578 1989 1622 2018 eis
1645 1988 1753 2028 aliqua
1780 1988 1911 2018 materia
1938 1987 2058 2018 doloris
2089 1988 2298 2024 subtrahitur,
2323 1997 2406 2028 quae
2430 1988 2475 2018 eis
2498 1996 2567 2018 esse

373 2033 531 2063 facientes.
556 2032 596 2062 Et
620 2032 734 2063 talibus
766 2031 913 2073 suffragia
943 2032 1107 2063 Ecclesiae
1137 2031 1289 2072 prodesse
1313 2031 1440 2063 debent.

428 2076 489 2107 Sed
514 2077 700 2107 occurrebat
723 2077 767 2107 eis
792 2076 951 2117 quaedam
975 2076 1132 2107 dubitatio
1157 2086 1212 2107 eos
1241 2077 1440 2117 perturbans.

372 2122 456 2159 Quia
479 2121 597 2151 scilicet
620 2120 786 2151 videbatur
809 2130 847 2151 ex
870 2122 934 2152 hoc
962 2122 1070 2162 sequi,
1095 2130 1171 2152 cum
1194 2130 1302 2161 poena
1324 2119 1440 2152 inferni

372 2167 410 2196 sit
426 2165 513 2196 finita
529 2165 708 2196 secundum
724 2166 950 2202 intensionem,
968 2166 1114 2206 quamvis
1134 2164 1302 2196 duratione
1318 2164 1443 2196 infinita

1494 2038 1604 2073 posset
1621 2033 1647 2063 si
1661 2033 1704 2062 ita
1720 2041 1753 2062 se
1769 2032 1910 2063 abiectos
1934 2032 2158 2072 conspicerent
2181 2031 2271 2072 quod
2293 2041 2353 2072 pro
2377 2032 2422 2062 eis
2444 2031 2568 2062 nullam

1496 2087 1606 2108 curam
1633 2077 1806 2114 haberent;
1837 2086 1921 2117 quae
1950 2077 2083 2107 materia
2114 2075 2237 2107 doloris
2265 2076 2459 2107 subtrahitur
2488 2075 2568 2107 dum

1495 2121 1644 2162 suffragia
1666 2130 1727 2161 pro
1752 2121 1796 2151 eis
1818 2119 1911 2152 fiunt.

1552 2165 1616 2197 Sed
1638 2165 1718 2196 illud
1741 2166 1838 2196 etiam
1853 2175 1921 2196 non
1936 2170 2044 2206 potest
2066 2174 2135 2196 esse
2158 2164 2338 2196 secundum
2356 2165 2462 2205 legem
2476 2173 2568 2196 com·

373 2211 497 2246 existat,
523 2209 628 2250 quod,
652 2210 869 2250 multiplicatis
897 2209 1070 2250 suffragiis,
1095 2219 1202 2250 poena
1228 2210 1282 2240 illa
1304 2210 1442 2241 totaliter
1456 2223 1480 2243 ις
1496 2220 1639 2241 munem.
1665 2209 1760 2248 Quia,
1785 2216 1821 2240 ut
1843 2209 2044 2250 Augustinus
2067 2209 2153 2246 dicit,
2176 2210 2211 2240 in
2233 2209 2314 2240 libro
2333 2209 2374 2240 de
2394 2209 2484 2240 Cura
2500 2218 2568 2250 pro

373 2253 546 2285 auferetur:
572 2253 662 2294 quod
686 2260 732 2285 est
756 2264 843 2285 error
867 2254 1014 2295 Origenis
1030 2255 1057 2284 ἦ
1081 2254 1123 2285 Et
1143 2253 1217 2285 ideo
1241 2254 1305 2284 hoc
1329 2255 1442 2286 incon-

372 2299 502 2329 veniens
527 2298 658 2329 evadere
682 2299 900 2339 multipliciter
923 2299 1105 2330 voluerunt.

427 2343 664 2383 Praepositinus
677 2344 763 2374 enim
780 2343 857 2373 dixit
867 2345 883 2360 *
902 2343 991 2383 quod
1007 2349 1132 2374 tantum
1144 2349 1281 2384 possunt
1296 2342 1443 2383 suffragia

374 2397 432 2428 pro
460 2387 614 2418 damnatis
643 2388 848 2428 multiplicari
878 2387 968 2428 quod
991 2398 1009 2418 a
1032 2393 1100 2418 tota
1130 2397 1237 2428 poena
1267 2387 1444 2418 redduntur

1496 2255 1635 2286 mortuis
1658 2253 1788 2296 agenda
1803 2254 1830 2290 *,
1849 2253 1939 2294 quod
1954 2254 2127 2295 praecipue
2143 2253 2183 2285 de
2200 2253 2356 2285 damnatis
2374 2263 2488 2285 verum
2503 2259 2566 2285 est:
2595 2257 2606 2268 '

1497 2299 1548 2330 Ibi
1565 2304 1641 2330 sunt
1663 2298 1795 2340 spiritus
1818 2298 2048 2340 defunctorum
2068 2298 2122 2329 ubi
2138 2297 2330 2329 nonwident
2351 2307 2571 2339 quaecumque

1497 2349 1645 2386 aguntur
1667 2348 1726 2374 aut
1747 2343 1899 2374 eveniunt
1922 2343 1954 2373 in
1979 2343 2040 2374 ista
2065 2343 2130 2374 vita
2153 2342 2345 2374 hominibus.
2371 2342 2414 2373 Et
2435 2343 2480 2373 ita
2500 2351 2570 2374 non

1498 2393 1700 2429 cognoscunt
1732 2387 1864 2428 quando
1897 2397 1957 2428 pro
1990 2388 2035 2418 eis
2067 2387 2216 2428 suffragia
2246 2386 2347 2418 fiunt:
2381 2387 2442 2417 nisi
2472 2395 2569 2427 supra

374 2433 542 2467 immunes
567 2441 634 2462 non
658 2431 790 2472 quidem
813 2433 1008 2472 simpliciter,
1026 2437 1061 2462 ut
1078 2431 1233 2472 Origenes
1249 2432 1367 2473 posuit,
1388 2431 1444 2463 sed
1459 2445 1484 2465 ςο
1498 2442 1709 2464 communem
1724 2432 1828 2472 legem
1844 2431 1908 2462 hoc
1924 2431 2104 2462 remedium
2127 2431 2278 2462 divinitus
2302 2431 2394 2462 datur
2409 2431 2569 2471 aliquibus

375 2476 414 2506 ad
437 2482 573 2516 tempus,
591 2476 710 2507 scilicet
734 2486 838 2517 usque
854 2476 893 2507 ad
909 2476 995 2507 diem
1019 2475 1147 2507 iudicii:
1172 2482 1250 2507 tunc
1274 2477 1362 2507 enim
1377 2477 1444 2507 ani-

375 2530 455 2557 mae,
480 2521 591 2551 iterato
616 2521 805 2561 corporibus
829 2521 1032 2558 coniunctae,
1053 2521 1087 2551 in
1103 2530 1225 2562 poenas
1243 2520 1359 2551 inferni
1375 2521 1444 2552 sine

376 2575 431 2605 spe
454 2565 565 2595 veniae
588 2565 799 2596 retrudentur.

431 2608 493 2640 Sed
507 2610 566 2639 ista
585 2610 696 2650 opinio
713 2609 838 2640 videtur
862 2609 987 2640 divinae
1010 2609 1230 2650 providentiae
1254 2619 1443 2650 repugnare,

378 2662 459 2693 quae
483 2653 561 2684 nihil
583 2654 615 2684 in
639 2655 733 2684 rebus
762 2653 980 2684 inordinatum
1010 2653 1171 2694 relinquit.
1207 2653 1313 2694 Culpa
1336 2659 1444 2685 autem
1460 2666 1481 2686 ςς

378 2707 444 2727 non
467 2703 572 2737 potest
602 2698 739 2728 ordinari
767 2699 828 2729 nisi
854 2708 912 2739 per
935 2707 1085 2739 poenam.
1118 2697 1212 2729 Unde
1241 2708 1309 2729 non
1338 2704 1446 2739 potest

378 2751 445 2772 esse
469 2747 504 2772 ut
527 2752 633 2782 poena
655 2743 784 2773 tollatur
807 2743 868 2773 nisi
892 2743 979 2783 prius
1004 2742 1099 2782 culpa
1123 2743 1276 2784 expietur.
1301 2742 1343 2773 Et
1358 2742 1443 2779 ideo,

379 2795 453 2816 cum
482 2786 575 2826 culpa
606 2787 758 2817 continue
788 2792 916 2818 maneat
939 2787 972 2818 in
996 2786 1169 2824 damnatis,
1195 2796 1308 2818 eorum
1338 2796 1446 2828 poena

379 2830 558 2861 nullatenus
581 2831 838 2872 interrumpetur.

1498 2477 1734 2508 damnatorum.
1759 2475 1859 2514 Quod
1883 2481 1930 2506 est
1951 2476 2087 2506 verbum
2110 2476 2246 2506 omnino
2269 2475 2438 2506 incertum.

1553 2521 1647 2553 Unde
1670 2521 1770 2551 tutius
1794 2525 1840 2551 est
1864 2520 2049 2561 simpliciter
2078 2519 2183 2551 dicere
2211 2519 2301 2560 quod
2332 2519 2480 2560 suffragia
2501 2529 2571 2551 non

1498 2571 1634 2607 prosunt
1650 2564 1816 2602 damnatis,
1832 2574 1893 2596 nec
1908 2574 1968 2605 pro
1986 2565 2030 2595 eis
2046 2564 2190 2595 Ecclesia
2212 2573 2302 2595 orare
2325 2563 2471 2600 intendit,
2488 2564 2571 2595 sicut

1498 2620 1537 2642 ex
1559 2609 1698 2641 inductis
1721 2609 1961 2640 auctoritatibus
1976 2610 1993 2626 ¹*
2017 2614 2157 2650 apparet.

1553 2654 1604 2685 An
1628 2663 1746 2685 rmum«
1768 2663 1851 2684 aizoo
1875 2663 2036 2684 nxcaunuu
2059 2653 2150 2694 quod
2173 2652 2305 2684 donaria
2323 2652 2487 2684 idolorum
2501 2661 2571 2684 non

1499 2698 1629 2729 fuerunt
1652 2699 1781 2729 inventa
1804 2697 1891 2738 apud
1905 2697 1977 2728 illos
1992 2703 2140 2728 mortuos
2156 2703 2192 2728 ut
2209 2707 2247 2728 ex
2263 2697 2308 2728 eis
2323 2697 2453 2738 signum
2469 2697 2572 2738 accipi

1499 2749 1608 2784 posset
1631 2742 1722 2783 quod
1745 2743 1778 2773 in
1801 2742 2012 2773 reverentiam
2041 2741 2206 2773 idolorum
2234 2742 2279 2773 eis
2307 2741 2483 2772 deferrent:
2514 2740 2572 2772 sed

1500 2797 1537 2818 ea
1560 2792 1754 2828 acceperunt
1777 2792 1812 2818 ut
1830 2787 1977 2824 victores,
2003 2787 2079 2827 quia
2102 2787 2147 2818 eis
2170 2786 2239 2817 iure
2262 2785 2339 2817 belli
2362 2785 2569 2817 debebantur.

1499 2832 1541 2862 Et
1563 2837 1671 2862 tamen
1694 2841 1752 2872 per
1775 2831 1937 2862 avaritiam
1961 2831 2125 2862 venialiter
2140 2835 2364 2871 peccaverunt.
2389 2828 2483 2861 Unde
2502 2839 2571 2861 non

434 2874 474 2904 Et
497 2874 570 2905 ideo
586 2875 749 2906 Porretani
764 2877 781 2892 ³*
805 2876 904 2906 alium
927 2875 1064 2907 modum
1086 2876 1287 2912 invenerunt,
1304 2875 1446 2907 dicentes
1459 2885 1487 2905 6ο
1500 2875 1630 2907 fuerunt
1652 2876 1687 2906 in
1709 2875 1836 2907 inferno
1860 2875 2011 2906 damnati.
2044 2875 2086 2906 Et
2108 2875 2154 2906 sic
2177 2874 2325 2915 suffragia
2352 2874 2396 2905 eis
2419 2872 2571 2915 prodesse

381 2918 469 2958 quod
491 2919 554 2949 hoc
577 2919 677 2950 modo
701 2919 884 2960 proceditur
904 2921 938 2951 in
957 2919 1171 2951 diminutione
1195 2929 1374 2960 poenarum
1390 2929 1447 2961 per

381 2962 525 3002 suffragia
541 2964 622 2994 sicut
637 2963 820 3003 proceditur
836 2965 868 2995 in
885 2963 1041 2995 divisione
1060 2965 1236 3001 linearum;
1261 2974 1354 3005 quae,
1371 2974 1447 2996 cum

382 3007 442 3036 sint
461 3006 578 3043 finitae,
594 3013 701 3038 tamen
717 3009 750 3038 in
765 3008 927 3039 infinitum
948 3008 1045 3040 dividi
1068 3015 1214 3049 possunt,
1232 3014 1263 3039 et
1278 3018 1447 3050 nunquam

383 3059 438 3090 per
462 3050 649 3082 divisionem
673 3058 924 3089 consumuntur,
949 3052 1027 3084 dum
1051 3052 1087 3084 fit
1110 3053 1283 3084 subtractio
1307 3063 1376 3084 non
1398 3063 1447 3084 se-

1500 2926 1814 3000 posssre‘lndicendum,
1830 2963 2010 2995 secundum
2026 2963 2196 3005 quosdam,
2213 2962 2304 3004 quod
2318 2964 2352 2994 in
2367 2963 2436 3004 ipsa
2449 2971 2569 3003 pugna,

1500 3009 1644 3040 videntes
1660 3009 1719 3040 sibi
1735 3008 1916 3049 periculum
1931 3009 2110 3045 imminere,
2123 3007 2164 3039 de
2175 3013 2309 3048 peccato
2324 3007 2569 3048 poenituerunt:

1501 3052 1680 3085 secundum
1704 3052 1783 3084 illud
1805 3053 1921 3084 Psalmi
1938 3053 1971 3083 ἐ
1998 3053 2080 3084 Cum
2104 3051 2263 3084 occideret
2285 3061 2350 3087 eos,
2373 3050 2572 3092 quaerebant
2597 3054 2608 3066 ·

384 3094 524 3125 eundum
549 3095 682 3126 eandem
706 3098 925 3136 quantitatem,
943 3097 998 3128 sed
1017 3097 1197 3128 secundum
1220 3097 1356 3128 eandem
1372 3107 1447 3138 pro·
1461 3106 1485 3132 ⁶5
1501 3108 1583 3130 eum.
1608 3098 1650 3128 Et
1665 3098 1729 3128 hoc
1752 3097 1958 3138 probabiliter
1981 3102 2088 3138 potest
2111 3096 2278 3128 aestimari.
2302 3095 2344 3126 Et
2358 3094 2433 3126 ideo
2449 3104 2508 3136 pro
2525 3095 2570 3126 eis

384 3139 582 3178 portionem;
607 3140 694 3170 velut
709 3141 734 3170 si
750 3141 855 3181 primo
879 3140 1040 3172 auferatur
1062 3151 1134 3182 pars
1158 3147 1269 3182 quarta
1291 3143 1399 3178 totius,
1417 3147 1448 3173 et

385 3182 525 3213 secundo
549 3193 619 3223 pars
643 3190 753 3224 quarta
776 3185 859 3216 illius
883 3191 1022 3225 quartae,
1041 3191 1071 3216 et
1089 3186 1206 3217 iterum
1230 3191 1342 3227 quarta
1364 3186 1448 3219 illius

386 3232 530 3266 quartae,
555 3233 586 3258 et
609 3228 653 3258 sic
676 3227 826 3268 deinceps
849 3230 882 3259 in
906 3229 1077 3261 infinitum.
1107 3230 1148 3261 Et
1171 3230 1314 3262 similiter
1337 3230 1449 3262 dicunt

387 3270 474 3309 quod
490 3280 546 3310 per
561 3272 701 3311 primum
718 3271 901 3312 suffragium
921 3273 1108 3305 diminuitur
1124 3274 1267 3315 aliquota
1282 3284 1354 3315 pars
1369 3284 1449 3315 poe—

1501 3142 1562 3174 fuit
1585 3142 1706 3173 oblatio
1730 3141 1821 3172 facta.

1556 3187 1607 3217 An
1635 3196 1798 3217 SECUNDUM
1828 3195 1988 3216 mcuumm
2019 3183 2109 3226 quod
2131 3185 2165 3215 in
2187 3184 2291 3215 verbis
2318 3183 2379 3214 illis
2406 3183 2570 3214 damnatio

1502 3231 1587 3271 large
1611 3230 1765 3271 accipitur
1787 3239 1848 3271 pro
1872 3238 2078 3271 quacumque
2101 3228 2281 3270 punitione.
2305 3227 2346 3258 Et
2369 3228 2414 3259 sic
2435 3227 2572 3259 includit

1503 3275 1599 3306 etiam
1625 3284 1767 3316 poenam
1796 3274 1988 3315 purgatorii,
2013 3282 2096 3314 quae
2126 3272 2324 3313 quandoque
2353 3272 2492 3303 totaliter
2514 3281 2571 3313 per

387 3323 462 3349 nae,
487 3320 518 3344 et
541 3324 596 3354 per
620 3316 797 3346 secundum
820 3326 891 3356 pars
915 3318 1021 3358 aliqua
1048 3320 1240 3350 remanentis
1270 3318 1450 3350 secundum
1463 3332 1490 3353 70
1503 3318 1651 3360 suffragia
1675 3319 1828 3360 expiatur,
1845 3318 2043 3359 quandoque
2066 3322 2174 3348 autem
2197 3326 2275 3354 non,
2293 3316 2350 3347 sed
2372 3315 2570 3348 diminuitur.

389 3357 521 3388 eandem
544 3360 797 3399 proportionem.

443 3401 505 3431 Sed
520 3402 578 3432 iste
594 3402 710 3433 modus
726 3404 942 3444 multipliciter
958 3405 1132 3437 defectivus
1147 3407 1317 3438 invenitur.
1330 3407 1449 3444 Primo,

391 3445 465 3484 quia
487 3445 609 3476 infinita
631 3446 754 3483 divisio,
779 3457 861 3487 quae
892 3450 1039 3489 congruit
1069 3451 1241 3482 continuae
1271 3452 1449 3491 quantitati,

1558 3364 1609 3394 An
1637 3373 1773 3394 marrim
1804 3372 1965 3393 metuntur
1996 3361 2086 3402 quod
2117 3366 2276 3402 quantum
2306 3360 2346 3392 ad
2375 3361 2440 3392 hoc
2471 3361 2572 3401 magis

1504 3413 1687 3448 acceptatur
1709 3406 1895 3447 suffragium
1917 3415 1977 3446 pro
2000 3410 2132 3436 mortuo
2163 3414 2261 3446 quam
2291 3414 2350 3446 pro
2380 3405 2472 3442 vivo,
2497 3405 2573 3445 quia

1503 3453 1604 3492 magis
1627 3451 1765 3492 indiget:
1797 3460 1874 3482 cum
1896 3459 1965 3481 non
1986 3450 2088 3491 possit
2111 3450 2170 3480 sibi
2193 3449 2336 3481 auxiliari
2365 3450 2447 3480 sicut
2469 3450 2571 3480 vivus.

390 3497 457 3518 non
472 3488 595 3519 videtur
618 3499 712 3529 posse
736 3490 775 3520 ad
799 3493 1007 3530 quantitatem
1030 3494 1225 3533 spiritualem
1248 3495 1416 3527 transferri.
1429 3514 1452 3519 —
1505 3495 1568 3527 Sed
1591 3500 1749 3536 quantum
1771 3493 1812 3525 ad
1833 3494 1898 3525 hoc
1921 3495 2012 3525 vivus
2035 3499 2082 3525 est
2104 3494 2246 3525 melioris
2270 3492 2474 3530 conditionis,
2498 3493 2573 3534 quia

391 3531 551 3567 Secundo,
568 3534 643 3573 quia
657 3543 725 3563 non
741 3539 787 3564 est
803 3535 907 3575 aliqua
923 3537 1001 3567 ratio
1027 3546 1124 3577 quare
1148 3539 1326 3570 secundum
1341 3539 1451 3571 suffra-
1465 3553 1489 3573 75
1505 3545 1612 3581 potest
1635 3538 1794 3570 transferri
1810 3537 1849 3569 de
1865 3543 1948 3569 statu
1967 3538 2081 3579 culpae
2104 3538 2246 3569 mortalis
2261 3539 2295 3570 in
2311 3543 2429 3569 statum
2443 3537 2571 3578 gratiae,

2627 619 2690 642 Vide
2718 619 2804 642 Sumn.

2592 646 2650 668 Aur.
2665 646 2705 668 lib.
2721 646 2762 674 lv,
2777 646 2807 668 de

2592 673 2752 695 Damnatione
2765 678 2805 695 re-

2588 699 2726 727 proborum.

2593 976 2603 985 ·
2614 973 2703 995 Moral-
2714 973 2754 996 lib.
2765 973 2806 1001 lx,

2593 1006 2739 1053 agimuivn’
2760 1001 2806 1049 vti.
2854 1026 2855 1030 ’

2593 1059 2645 1082 σιμ.
2660 1058 2728 1075 nvn.

2597 2610 2740 2660 zarv-
2761 2609 2813 2632 w

2635 3053 2674 3076 Ρι.
2701 3059 2780 3076 mvu
2789 3069 2796 3082 ,
